  <div class='ocr_page' id='page_1' title='image "/cluster/home/n/w/nwhite01/storage/ocr_20150623/3/uva.x000669812/280.png"; bbox 0 0 3774 6270; ppageno 0'>
   <div class='ocr_carea' id='block_1_1' title="bbox 198 320 287 376">
    <p class='ocr_par' dir='ltr' id='par_1_1' title="bbox 198 320 287 376">
     <span class='ocr_line' id='line_1_1' title="bbox 198 320 287 376; baseline 0 0"><span class='ocrx_word' id='word_1_1' title='bbox 198 320 287 376; x_wconf 66' lang='grc'><strong><em>457</em></strong></span> 
     </span>
    </p>
   </div>
   <div class='ocr_carea' id='block_1_2' title="bbox 718 462 1118 508">
    <p class='ocr_par' dir='ltr' id='par_1_2' title="bbox 718 462 1118 508">
     <span class='ocr_line' id='line_1_2' title="bbox 718 462 1118 508; baseline -0.01 -1"><span class='ocrx_word' id='word_1_2' title='bbox 718 462 1007 508; x_wconf 74' lang='grc' dir='ltr'>Αιιτιοιιιυε</span> <span class='ocrx_word' id='word_1_3' title='bbox 1043 465 1118 505; x_wconf 75' lang='grc' dir='ltr'><strong><em>ιγ.</em></strong></span> 
     </span>
    </p>
   </div>
   <div class='ocr_carea' id='block_1_3' title="bbox 204 610 1701 692">
    <p class='ocr_par' dir='ltr' id='par_1_3' title="bbox 204 610 1701 692">
     <span class='ocr_line' id='line_1_3' title="bbox 204 610 1701 692; baseline -0.008 -15"><span class='ocrx_word' id='word_1_4' title='bbox 204 620 430 692; x_wconf 70' lang='lat' dir='ltr'><strong><em>Quomodo</em></strong></span> <span class='ocrx_word' id='word_1_5' title='bbox 457 619 659 674; x_wconf 69' lang='lat' dir='ltr'><strong><em>Octauius</em></strong></span> <span class='ocrx_word' id='word_1_6' title='bbox 683 616 887 673; x_wconf 83' lang='lat' dir='ltr'><strong><em>diluerit</em></strong></span> <span class='ocrx_word' id='word_1_7' title='bbox 914 615 1177 670; x_wconf 64' lang='lat' dir='ltr'><strong><em>deductam</em></strong></span> <span class='ocrx_word' id='word_1_8' title='bbox 1198 629 1230 667; x_wconf 93' lang='lat' dir='ltr'><strong><em>a</em></strong></span> <span class='ocrx_word' id='word_1_9' title='bbox 1249 610 1455 669; x_wconf 74' lang='grc' dir='ltr'><strong><em>ϐωεὶιὶο</em></strong></span> <span class='ocrx_word' id='word_1_10' title='bbox 1480 627 1543 666; x_wconf 74' lang='lat' dir='ltr'><strong><em>ex</em></strong></span> <span class='ocrx_word' id='word_1_11' title='bbox 1559 627 1701 665; x_wconf 87' lang='lat' dir='ltr'><strong><em>mar-</em></strong></span> 
     </span>
    </p>
   </div>
   <div class='ocr_carea' id='block_1_4' title="bbox 272 703 1705 787">
    <p class='ocr_par' dir='ltr' id='par_1_4' title="bbox 272 703 1705 787">
     <span class='ocr_line' id='line_1_4' title="bbox 272 703 1705 787; baseline -0.01 -17"><span class='ocrx_word' id='word_1_12' title='bbox 272 728 416 787; x_wconf 67' lang='lat' dir='ltr'><strong><em>tyrant</em></strong></span> <span class='ocrx_word' id='word_1_13' title='bbox 453 710 675 783; x_wconf 75' lang='lat' dir='ltr'><strong><em>suppliciis</em></strong></span> <span class='ocrx_word' id='word_1_14' title='bbox 723 719 772 763; x_wconf 92' lang='lat' dir='ltr'><strong><em>et</em></strong></span> <span class='ocrx_word' id='word_1_15' title='bbox 820 718 979 763; x_wconf 89' lang='lat' dir='ltr'><strong><em>morte</em></strong></span> <span class='ocrx_word' id='word_1_16' title='bbox 1022 708 1552 778; x_wconf 84' lang='lat' dir='ltr'><strong><em>argumentationem,</em></strong></span> <span class='ocrx_word' id='word_1_17' title='bbox 1617 703 1705 758; x_wconf 85' lang='lat' dir='ltr'><strong><em>ubi</em></strong></span> 
     </span>
    </p>
   </div>
   <div class='ocr_carea' id='block_1_5' title="bbox 272 796 1705 879">
    <p class='ocr_par' dir='ltr' id='par_1_5' title="bbox 272 796 1705 879">
     <span class='ocr_line' id='line_1_5' title="bbox 272 796 1705 879; baseline -0.009 -17"><span class='ocrx_word' id='word_1_18' title='bbox 272 809 490 879; x_wconf 81' lang='lat' dir='ltr'><strong><em>proposita</em></strong></span> <span class='ocrx_word' id='word_1_19' title='bbox 509 802 742 868; x_wconf 68' lang='lat' dir='ltr'><strong><em>Scapulae,</em></strong></span> <span class='ocrx_word' id='word_1_20' title='bbox 773 800 957 872; x_wconf 86' lang='lat' dir='ltr'><strong><em>Reguli</em></strong></span> <span class='ocrx_word' id='word_1_21' title='bbox 999 808 1044 854; x_wconf 88' lang='lat' dir='ltr'><strong><em>et</em></strong></span> <span class='ocrx_word' id='word_1_22' title='bbox 1074 797 1267 869; x_wconf 79' lang='lat' dir='ltr'><strong><em>Aquilii</em></strong></span> <span class='ocrx_word' id='word_1_23' title='bbox 1298 796 1528 867; x_wconf 67' lang='lat' dir='ltr'><strong><em>exempla</em></strong></span> <span class='ocrx_word' id='word_1_24' title='bbox 1549 811 1705 865; x_wconf 75' lang='lat' dir='ltr'><strong><em>expo-</em></strong></span> 
     </span>
    </p>
   </div>
   <div class='ocr_carea' id='block_1_6' title="bbox 273 889 1705 965">
    <p class='ocr_par' dir='ltr' id='par_1_6' title="bbox 273 889 1705 965">
     <span class='ocr_line' id='line_1_6' title="bbox 273 889 1705 965; baseline -0.008 -10"><span class='ocrx_word' id='word_1_25' title='bbox 273 911 429 955; x_wconf 74' lang='lat' dir='ltr'><strong><em>nuntur</em></strong></span> <span class='ocrx_word' id='word_1_26' title='bbox 446 915 465 952; x_wconf 86' lang='lat'><strong><em>:</em></strong></span> <span class='ocrx_word' id='word_1_27' title='bbox 485 912 535 951; x_wconf 72' lang='lat' dir='ltr'><strong><em>ac</em></strong></span> <span class='ocrx_word' id='word_1_28' title='bbox 562 894 617 950; x_wconf 84' lang='lat' dir='ltr'><strong><em>tie</em></strong></span> <span class='ocrx_word' id='word_1_29' title='bbox 638 911 820 965; x_wconf 84' lang='lat' dir='ltr'><strong><em>magno</em></strong></span> <span class='ocrx_word' id='word_1_30' title='bbox 848 902 1128 964; x_wconf 79' lang='lat' dir='ltr'><strong><em>martyrum</em></strong></span> <span class='ocrx_word' id='word_1_31' title='bbox 1158 907 1392 961; x_wconf 85' lang='lat' dir='ltr'><strong><em>numero,</em></strong></span> <span class='ocrx_word' id='word_1_32' title='bbox 1432 899 1480 944; x_wconf 89' lang='lat' dir='ltr'><strong><em>et</em></strong></span> <span class='ocrx_word' id='word_1_33' title='bbox 1519 889 1705 944; x_wconf 75' lang='lat' dir='ltr'><strong><em>dicina:</em></strong></span> 
     </span>
    </p>
   </div>
   <div class='ocr_carea' id='block_1_7' title="bbox 270 987 1459 1062">
    <p class='ocr_par' dir='ltr' id='par_1_7' title="bbox 270 987 1459 1062">
     <span class='ocr_line' id='line_1_7' title="bbox 270 987 1459 1062; baseline -0.008 -12"><span class='ocrx_word' id='word_1_34' title='bbox 270 996 328 1050; x_wconf 80' lang='lat' dir='ltr'><strong><em>ad</em></strong></span> <span class='ocrx_word' id='word_1_35' title='bbox 344 994 594 1050; x_wconf 71' lang='lat' dir='ltr'><strong><em>subeundum</em></strong></span> <span class='ocrx_word' id='word_1_36' title='bbox 620 991 919 1062; x_wconf 78' lang='lat' dir='ltr'><strong><em>martyrium</em></strong></span> <span class='ocrx_word' id='word_1_37' title='bbox 940 988 1121 1061; x_wconf 78' lang='lat' dir='ltr'><strong><em>gratia:</em></strong></span> <span class='ocrx_word' id='word_1_38' title='bbox 1149 987 1459 1043; x_wconf 77' lang='lat' dir='ltr'><strong><em>necessitate.</em></strong></span> 
     </span>
    </p>
   </div>
   <div class='ocr_carea' id='block_1_8' title="bbox 256 1170 1706 1247">
    <p class='ocr_par' dir='ltr' id='par_1_8' title="bbox 256 1170 1706 1247">
     <span class='ocr_line' id='line_1_8' title="bbox 256 1170 1706 1247; baseline -0.005 -14"><span class='ocrx_word' id='word_1_39' title='bbox 256 1178 397 1247; x_wconf 78' lang='lat' dir='ltr'><strong><em>Pergit</em></strong></span> <span class='ocrx_word' id='word_1_40' title='bbox 426 1176 702 1242; x_wconf 75' lang='lat' dir='ltr'><strong><em>Minucius,</em></strong></span> <span class='ocrx_word' id='word_1_41' title='bbox 743 1189 806 1230; x_wconf 89' lang='lat' dir='ltr'><strong><em>ac</em></strong></span> <span class='ocrx_word' id='word_1_42' title='bbox 849 1173 1156 1230; x_wconf 83' lang='lat' dir='ltr'><strong><em>luculenter</em></strong></span> <span class='ocrx_word' id='word_1_43' title='bbox 1212 1171 1433 1229; x_wconf 84' lang='lat' dir='ltr'><strong><em>Caecilio</em></strong></span> <span class='ocrx_word' id='word_1_44' title='bbox 1481 1170 1706 1241; x_wconf 78' lang='lat' dir='ltr'><strong><em>aliisque</em></strong></span> 
     </span>
    </p>
   </div>
   <div class='ocr_carea' id='block_1_9' title="bbox 189 1267 1707 1336">
    <p class='ocr_par' dir='ltr' id='par_1_9' title="bbox 189 1267 1707 1336">
     <span class='ocr_line' id='line_1_9' title="bbox 189 1267 1707 1336; baseline -0.006 -8"><span class='ocrx_word' id='word_1_45' title='bbox 189 1271 372 1329; x_wconf 73' lang='lat' dir='ltr'><strong><em>ethnicis</em></strong></span> <span class='ocrx_word' id='word_1_46' title='bbox 390 1269 622 1335; x_wconf 83' lang='lat' dir='ltr'><strong><em>ostendit,</em></strong></span> <span class='ocrx_word' id='word_1_47' title='bbox 639 1267 1025 1325; x_wconf 84' lang='lat' dir='ltr'><strong><em>crudelissimis</em></strong></span> <span class='ocrx_word' id='word_1_48' title='bbox 1052 1267 1480 1322; x_wconf 82' lang='lat' dir='ltr'><strong><em>Christianorum</em></strong></span> <span class='ocrx_word' id='word_1_49' title='bbox 1512 1272 1707 1336; x_wconf 88' lang='lat' dir='ltr'><strong><em>marty-</em></strong></span> 
     </span>
    </p>
   </div>
   <div class='ocr_carea' id='block_1_10' title="bbox 178 1356 1706 1436">
    <p class='ocr_par' dir='ltr' id='par_1_10' title="bbox 178 1356 1706 1436">
     <span class='ocr_line' id='line_1_10' title="bbox 178 1356 1706 1436; baseline -0.007 -14"><span class='ocrx_word' id='word_1_50' title='bbox 178 1382 272 1422; x_wconf 87' lang='lat' dir='ltr'><strong><em>rurn</em></strong></span> <span class='ocrx_word' id='word_1_51' title='bbox 296 1363 557 1436; x_wconf 83' lang='lat' dir='ltr'><strong><em>suppliciis,</em></strong></span> <span class='ocrx_word' id='word_1_52' title='bbox 586 1378 695 1418; x_wconf 84' lang='lat' dir='ltr'><strong><em>non</em></strong></span> <span class='ocrx_word' id='word_1_53' title='bbox 745 1359 907 1417; x_wconf 88' lang='lat' dir='ltr'><strong><em>modo</em></strong></span> <span class='ocrx_word' id='word_1_54' title='bbox 949 1374 1058 1415; x_wconf 90' lang='lat' dir='ltr'><strong><em>non</em></strong></span> <span class='ocrx_word' id='word_1_55' title='bbox 1093 1359 1217 1415; x_wconf 75' lang='lat' dir='ltr'><strong><em>laedi</em></strong></span> <span class='ocrx_word' id='word_1_56' title='bbox 1269 1359 1361 1414; x_wconf 87' lang='lat' dir='ltr'><strong><em>Dei</em></strong></span> <span class='ocrx_word' id='word_1_57' title='bbox 1411 1356 1706 1414; x_wconf 87' lang='lat' dir='ltr'><strong><em>Providen-</em></strong></span> 
     </span>
    </p>
   </div>
   <div class='ocr_carea' id='block_1_11' title="bbox 176 1451 1705 1526">
    <p class='ocr_par' dir='ltr' id='par_1_11' title="bbox 176 1451 1705 1526">
     <span class='ocr_line' id='line_1_11' title="bbox 176 1451 1705 1526; baseline -0.007 -12"><span class='ocrx_word' id='word_1_58' title='bbox 176 1461 294 1522; x_wconf 83' lang='lat' dir='ltr'><strong><em>tiam,</em></strong></span> <span class='ocrx_word' id='word_1_59' title='bbox 314 1457 397 1513; x_wconf 85' lang='lat' dir='ltr'><strong><em>sed</em></strong></span> <span class='ocrx_word' id='word_1_60' title='bbox 426 1456 607 1511; x_wconf 89' lang='lat' dir='ltr'><strong><em>mirum</em></strong></span> <span class='ocrx_word' id='word_1_61' title='bbox 635 1455 794 1526; x_wconf 87' lang='lat' dir='ltr'><strong><em>plane</em></strong></span> <span class='ocrx_word' id='word_1_62' title='bbox 819 1457 870 1508; x_wconf 90' lang='lat' dir='ltr'><strong><em>in</em></strong></span> <span class='ocrx_word' id='word_1_63' title='bbox 905 1453 1120 1508; x_wconf 87' lang='lat' dir='ltr'><strong><em>modum</em></strong></span> <span class='ocrx_word' id='word_1_64' title='bbox 1151 1451 1539 1508; x_wconf 86' lang='lat' dir='ltr'><strong><em>commendari.</em></strong></span> <span class='ocrx_word' id='word_1_65' title='bbox 1561 1451 1705 1506; x_wconf 88' lang='lat' dir='ltr'><strong><em>Tan-</em></strong></span> 
     </span>
    </p>
   </div>
   <div class='ocr_carea' id='block_1_12' title="bbox 175 1536 1707 1612">
    <p class='ocr_par' dir='ltr' id='par_1_12' title="bbox 175 1536 1707 1612">
     <span class='ocr_line' id='line_1_12' title="bbox 175 1536 1707 1612; baseline -0.007 -5"><span class='ocrx_word' id='word_1_66' title='bbox 175 1563 262 1607; x_wconf 88' lang='lat' dir='ltr'><strong><em>tum</em></strong></span> <span class='ocrx_word' id='word_1_67' title='bbox 285 1536 413 1605; x_wconf 85' lang='lat' dir='ltr'><strong><em>enim</em></strong></span> <span class='ocrx_word' id='word_1_68' title='bbox 430 1549 474 1604; x_wconf 90' lang='lat' dir='ltr'><strong><em>ei</em></strong></span> <span class='ocrx_word' id='word_1_69' title='bbox 500 1548 692 1604; x_wconf 89' lang='lat' dir='ltr'><strong><em>abesse</em></strong></span> <span class='ocrx_word' id='word_1_70' title='bbox 744 1546 978 1612; x_wconf 86' lang='lat' dir='ltr'><strong><em>videtur,</em></strong></span> <span class='ocrx_word' id='word_1_71' title='bbox 1018 1553 1077 1599; x_wconf 88' lang='lat' dir='ltr'><strong><em>ut</em></strong></span> <span class='ocrx_word' id='word_1_72' title='bbox 1122 1544 1462 1601; x_wconf 80' lang='lat' dir='ltr'><strong><em>Christianus</em></strong></span> <span class='ocrx_word' id='word_1_73' title='bbox 1497 1542 1568 1598; x_wconf 88' lang='lat' dir='ltr'><strong><em>ob</em></strong></span> <span class='ocrx_word' id='word_1_74' title='bbox 1595 1557 1707 1597; x_wconf 72' lang='lat' dir='ltr'><strong><em>sua:</em></strong></span> 
     </span>
    </p>
   </div>
   <div class='ocr_carea' id='block_1_13' title="bbox 170 1636 1707 1717">
    <p class='ocr_par' dir='ltr' id='par_1_13' title="bbox 170 1636 1707 1717">
     <span class='ocr_line' id='line_1_13' title="bbox 170 1636 1707 1717; baseline -0.009 -13"><span class='ocrx_word' id='word_1_75' title='bbox 170 1644 392 1717; x_wconf 71' lang='lat' dir='ltr'><strong><em>religionis</em></strong></span> <span class='ocrx_word' id='word_1_76' title='bbox 426 1642 812 1713; x_wconf 88' lang='lat' dir='ltr'><strong><em>professionem</em></strong></span> <span class='ocrx_word' id='word_1_77' title='bbox 850 1639 1136 1695; x_wconf 87' lang='lat' dir='ltr'><strong><em>dirissimis</em></strong></span> <span class='ocrx_word' id='word_1_78' title='bbox 1158 1636 1481 1692; x_wconf 87' lang='lat' dir='ltr'><strong><em>cruciatibus</em></strong></span> <span class='ocrx_word' id='word_1_79' title='bbox 1506 1650 1568 1689; x_wconf 90' lang='lat' dir='ltr'><strong><em>ac</em></strong></span> <span class='ocrx_word' id='word_1_80' title='bbox 1597 1643 1707 1690; x_wconf 91' lang='lat' dir='ltr'><strong><em>tor-</em></strong></span> 
     </span>
    </p>
   </div>
   <div class='ocr_carea' id='block_1_14' title="bbox 177 1726 1705 1803">
    <p class='ocr_par' dir='ltr' id='par_1_14' title="bbox 177 1726 1705 1803">
     <span class='ocr_line' id='line_1_14' title="bbox 177 1726 1705 1803; baseline -0.009 -9"><span class='ocrx_word' id='word_1_81' title='bbox 177 1740 320 1794; x_wconf 71' lang='lat' dir='ltr'><strong><em>mentis</em></strong></span> <span class='ocrx_word' id='word_1_82' title='bbox 341 1736 764 1798; x_wconf 79' lang='lat' dir='ltr'><strong><em>excarnificatus,</em></strong></span> <span class='ocrx_word' id='word_1_83' title='bbox 791 1741 951 1803; x_wconf 89' lang='lat' dir='ltr'><strong><em>atque</em></strong></span> <span class='ocrx_word' id='word_1_84' title='bbox 991 1733 1055 1786; x_wconf 88' lang='lat' dir='ltr'><strong><em>iis</em></strong></span> <span class='ocrx_word' id='word_1_85' title='bbox 1084 1732 1320 1785; x_wconf 88' lang='lat' dir='ltr'><strong><em>animam</em></strong></span> <span class='ocrx_word' id='word_1_86' title='bbox 1341 1728 1570 1800; x_wconf 89' lang='lat' dir='ltr'><strong><em>agendo,</em></strong></span> <span class='ocrx_word' id='word_1_87' title='bbox 1602 1726 1705 1781; x_wconf 81' lang='lat' dir='ltr'><strong><em>mi-</em></strong></span> 
     </span>
    </p>
   </div>
   <div class='ocr_carea' id='block_1_15' title="bbox 1528 307 1996 369">
    <p class='ocr_par' dir='ltr' id='par_1_15' title="bbox 1528 307 1996 369">
     <span class='ocr_line' id='line_1_15' title="bbox 1528 307 1996 369; baseline -0.002 -5"><span class='ocrx_word' id='word_1_88' title='bbox 1528 307 1996 369; x_wconf 77' lang='lat' dir='ltr'><strong><em>DISSERTATIO.</em></strong></span> 
     </span>
    </p>
   </div>
   <div class='ocr_carea' id='block_1_16' title="bbox 1724 419 3396 487">
    <p class='ocr_par' dir='ltr' id='par_1_16' title="bbox 1724 419 3396 487">
     <span class='ocr_line' id='line_1_16' title="bbox 1724 419 3396 487; baseline -0.001 -10"><span class='ocrx_word' id='word_1_89' title='bbox 1724 427 1778 487; x_wconf 84' lang='grc' dir='ltr'><strong>Α</strong></span> <span class='ocrx_word' id='word_1_90' title='bbox 1802 422 2047 478; x_wconf 82' lang='lat' dir='ltr'><strong><em>didisset.</em></strong></span> <span class='ocrx_word' id='word_1_91' title='bbox 2089 439 2109 475; x_wconf 75' lang='grc' dir='ltr'><strong><em>ι</em></strong></span> <span class='ocrx_word' id='word_1_92' title='bbox 2149 422 2200 477; x_wconf 89' lang='lat' dir='ltr'><strong><em>ls</em></strong></span> <span class='ocrx_word' id='word_1_93' title='bbox 2238 421 2381 478; x_wconf 89' lang='lat' dir='ltr'><strong><em>enim</em></strong></span> <span class='ocrx_word' id='word_1_94' title='bbox 2412 433 2533 476; x_wconf 91' lang='lat' dir='ltr'><strong><em>cum</em></strong></span> <span class='ocrx_word' id='word_1_95' title='bbox 2560 420 2857 486; x_wconf 79' lang='lat' dir='ltr'><strong><em>Porsenna,</em></strong></span> <span class='ocrx_word' id='word_1_96' title='bbox 2880 419 3231 476; x_wconf 87' lang='lat' dir='ltr'><strong><em>Etruscorum</em></strong></span> <span class='ocrx_word' id='word_1_97' title='bbox 3278 435 3396 487; x_wconf 79' lang='lat' dir='ltr'><strong><em>rex,</em></strong></span> 
     </span>
    </p>
   </div>
   <div class='ocr_carea' id='block_1_17' title="bbox 3294 307 3402 364">
    <p class='ocr_par' dir='ltr' id='par_1_17' title="bbox 3294 307 3402 364">
     <span class='ocr_line' id='line_1_17' title="bbox 3294 307 3402 364; baseline -0.009 0"><span class='ocrx_word' id='word_1_98' title='bbox 3294 307 3402 364; x_wconf 67' lang='grc'><strong><em>458</em></strong></span> 
     </span>
    </p>
   </div>
   <div class='ocr_carea' id='block_1_18' title="bbox 1805 512 3401 585">
    <p class='ocr_par' dir='ltr' id='par_1_18' title="bbox 1805 512 3401 585">
     <span class='ocr_line' id='line_1_18' title="bbox 1805 512 3401 585; baseline -0.003 -15"><span class='ocrx_word' id='word_1_99' title='bbox 1805 514 2033 570; x_wconf 83' lang='lat' dir='ltr'><strong><em>Romam</em></strong></span> <span class='ocrx_word' id='word_1_100' title='bbox 2058 515 2205 585; x_wconf 91' lang='lat' dir='ltr'><strong><em>gravi</em></strong></span> <span class='ocrx_word' id='word_1_101' title='bbox 2235 513 2552 585; x_wconf 89' lang='lat' dir='ltr'><strong><em>diutinoque</em></strong></span> <span class='ocrx_word' id='word_1_102' title='bbox 2589 512 2732 568; x_wconf 90' lang='lat' dir='ltr'><strong><em>bello</em></strong></span> <span class='ocrx_word' id='word_1_103' title='bbox 2760 512 3054 580; x_wconf 86' lang='lat' dir='ltr'><strong><em>obsideret,</em></strong></span> <span class='ocrx_word' id='word_1_104' title='bbox 3082 512 3135 567; x_wconf 92' lang='lat' dir='ltr'><strong><em>in</em></strong></span> <span class='ocrx_word' id='word_1_105' title='bbox 3166 513 3401 568; x_wconf 88' lang='lat' dir='ltr'><strong><em>hostium</em></strong></span> 
     </span>
    </p>
   </div>
   <div class='ocr_carea' id='block_1_19' title="bbox 1805 606 3406 677">
    <p class='ocr_par' dir='ltr' id='par_1_19' title="bbox 1805 606 3406 677">
     <span class='ocr_line' id='line_1_19' title="bbox 1805 606 3406 677; baseline -0.002 -12"><span class='ocrx_word' id='word_1_106' title='bbox 1805 621 1980 665; x_wconf 78' lang='lat' dir='ltr'><strong><em>caStra</em></strong></span> <span class='ocrx_word' id='word_1_107' title='bbox 2024 609 2300 670; x_wconf 83' lang='lat' dir='ltr'><strong><em>audacter.</em></strong></span> <span class='ocrx_word' id='word_1_108' title='bbox 2341 619 2397 664; x_wconf 92' lang='lat' dir='ltr'><strong><em>et</em></strong></span> <span class='ocrx_word' id='word_1_109' title='bbox 2435 608 2555 663; x_wconf 86' lang='lat' dir='ltr'><strong><em>sine</em></strong></span> <span class='ocrx_word' id='word_1_110' title='bbox 2582 606 2713 675; x_wconf 89' lang='lat' dir='ltr'><strong><em>ulla,</em></strong></span> <span class='ocrx_word' id='word_1_111' title='bbox 2742 615 2800 662; x_wconf 89' lang='lat' dir='ltr'><strong><em>ut</em></strong></span> <span class='ocrx_word' id='word_1_112' title='bbox 2827 606 2901 661; x_wconf 88' lang='lat' dir='ltr'><strong><em>ait</em></strong></span> <span class='ocrx_word' id='word_1_113' title='bbox 2926 606 3139 672; x_wconf 83' lang='lat' dir='ltr'><strong><em>Cicero,</em></strong></span> <span class='ocrx_word' id='word_1_114' title='bbox 3175 620 3274 677; x_wconf 87' lang='lat' dir='ltr'><strong><em>spe</em></strong></span> <span class='ocrx_word' id='word_1_115' title='bbox 3313 621 3406 661; x_wconf 89' lang='lat' dir='ltr'><strong><em>sa--</em></strong></span> 
     </span>
    </p>
   </div>
   <div class='ocr_carea' id='block_1_20' title="bbox 1806 701 3406 773">
    <p class='ocr_par' dir='ltr' id='par_1_20' title="bbox 1806 701 3406 773">
     <span class='ocr_line' id='line_1_20' title="bbox 1806 701 3406 773; baseline 0 -16"><span class='ocrx_word' id='word_1_116' title='bbox 1806 702 1935 758; x_wconf 91' lang='lat' dir='ltr'><strong><em>lutis</em></strong></span> <span class='ocrx_word' id='word_1_117' title='bbox 1986 702 2245 769; x_wconf 78' lang='lat' dir='ltr'><strong><em>intravit,</em></strong></span> <span class='ocrx_word' id='word_1_118' title='bbox 2279 702 2460 773; x_wconf 80' lang='lat' dir='ltr'><strong><em>ibique</em></strong></span> <span class='ocrx_word' id='word_1_119' title='bbox 2512 701 2672 772; x_wconf 79' lang='lat' dir='ltr'><strong><em>Regis</em></strong></span> <span class='ocrx_word' id='word_1_120' title='bbox 2727 702 2983 769; x_wconf 89' lang='lat' dir='ltr'><strong><em>scribam,</em></strong></span> <span class='ocrx_word' id='word_1_121' title='bbox 3032 717 3128 771; x_wconf 86' lang='lat' dir='ltr'><strong><em>pro</em></strong></span> <span class='ocrx_word' id='word_1_122' title='bbox 3171 701 3406 771; x_wconf 89' lang='lat' dir='ltr'><strong><em>ipsomet</em></strong></span> 
     </span>
    </p>
   </div>
   <div class='ocr_carea' id='block_1_21' title="bbox 1806 790 3411 865">
    <p class='ocr_par' dir='ltr' id='par_1_21' title="bbox 1806 790 3411 865">
     <span class='ocr_line' id='line_1_21' title="bbox 1806 790 3411 865; baseline -0.001 -17"><span class='ocrx_word' id='word_1_123' title='bbox 1806 808 1932 865; x_wconf 89' lang='lat' dir='ltr'><strong><em>rege</em></strong></span> <span class='ocrx_word' id='word_1_124' title='bbox 1956 835 1973 859; x_wconf 90' lang='lat'><strong><em>,</em></strong></span> <span class='ocrx_word' id='word_1_125' title='bbox 2002 809 2163 864; x_wconf 88' lang='lat' dir='ltr'><strong><em>quem</em></strong></span> <span class='ocrx_word' id='word_1_126' title='bbox 2199 793 2446 850; x_wconf 90' lang='lat' dir='ltr'><strong><em>occidere</em></strong></span> <span class='ocrx_word' id='word_1_127' title='bbox 2499 792 2749 859; x_wconf 85' lang='lat' dir='ltr'><strong><em>volebat,</em></strong></span> <span class='ocrx_word' id='word_1_128' title='bbox 2783 790 3093 862; x_wconf 86' lang='lat' dir='ltr'><strong><em>imprudens</em></strong></span> <span class='ocrx_word' id='word_1_129' title='bbox 3139 790 3411 846; x_wconf 86' lang='lat' dir='ltr'><strong><em>interfecit</em></strong></span> 
     </span>
    </p>
   </div>
   <div class='ocr_carea' id='block_1_22' title="bbox 1808 882 3409 959">
    <p class='ocr_par' dir='ltr' id='par_1_22' title="bbox 1808 882 3409 959">
     <span class='ocr_line' id='line_1_22' title="bbox 1808 882 3409 959; baseline -0.001 -19"><span class='ocrx_word' id='word_1_130' title='bbox 1808 882 1966 959; x_wconf 87' lang='lat' dir='ltr'><strong><em>(Cic.,</em></strong></span> <span class='ocrx_word' id='word_1_131' title='bbox 1994 882 2287 953; x_wconf 74' lang='lat' dir='ltr'><strong><em>Paradox.,</em></strong></span> <span class='ocrx_word' id='word_1_132' title='bbox 2322 902 2375 953; x_wconf 81' lang='grc' dir='ltr'><strong>ρ.</strong></span> <span class='ocrx_word' id='word_1_133' title='bbox 2408 883 2563 955; x_wconf 71' lang='grc'><strong>454).</strong></span> <span class='ocrx_word' id='word_1_134' title='bbox 2592 884 2952 950; x_wconf 80' lang='lat' dir='ltr'><strong><em>Quamobrem</em></strong></span> <span class='ocrx_word' id='word_1_135' title='bbox 2981 892 3169 953; x_wconf 84' lang='lat' dir='ltr'><strong><em>captus</em></strong></span> <span class='ocrx_word' id='word_1_136' title='bbox 3197 892 3251 937; x_wconf 89' lang='lat' dir='ltr'><strong><em>et</em></strong></span> <span class='ocrx_word' id='word_1_137' title='bbox 3280 890 3409 939; x_wconf 83' lang='lat' dir='ltr'><strong><em>ante</em></strong></span> 
     </span>
    </p>
   </div>
   <div class='ocr_carea' id='block_1_23' title="bbox 1806 973 3407 1049">
    <p class='ocr_par' dir='ltr' id='par_1_23' title="bbox 1806 973 3407 1049">
     <span class='ocr_line' id='line_1_23' title="bbox 1806 973 3407 1049; baseline -0.002 -17"><span class='ocrx_word' id='word_1_138' title='bbox 1806 981 1948 1049; x_wconf 90' lang='lat' dir='ltr'><strong><em>regis</em></strong></span> <span class='ocrx_word' id='word_1_139' title='bbox 1976 976 2205 1033; x_wconf 89' lang='lat' dir='ltr'><strong><em>tribunal</em></strong></span> <span class='ocrx_word' id='word_1_140' title='bbox 2234 976 2527 1043; x_wconf 90' lang='lat' dir='ltr'><strong><em>adductus,</em></strong></span> <span class='ocrx_word' id='word_1_141' title='bbox 2565 975 2810 1032; x_wconf 77' lang='lat' dir='ltr'><strong><em>dextram</em></strong></span> <span class='ocrx_word' id='word_1_142' title='bbox 2844 988 3074 1030; x_wconf 90' lang='lat' dir='ltr'><strong><em>accenso</em></strong></span> <span class='ocrx_word' id='word_1_143' title='bbox 3102 976 3169 1029; x_wconf 88' lang='lat' dir='ltr'><strong><em>ad</em></strong></span> <span class='ocrx_word' id='word_1_144' title='bbox 3190 973 3407 1031; x_wconf 80' lang='lat' dir='ltr'><strong><em>sacriﬁ-</em></strong></span> 
     </span>
    </p>
   </div>
   <div class='ocr_carea' id='block_1_24' title="bbox 1806 1067 3407 1140">
    <p class='ocr_par' dir='ltr' id='par_1_24' title="bbox 1806 1067 3407 1140">
     <span class='ocr_line' id='line_1_24' title="bbox 1806 1067 3407 1140; baseline -0.002 -14"><span class='ocrx_word' id='word_1_145' title='bbox 1806 1071 1948 1126; x_wconf 89' lang='lat' dir='ltr'><strong><em>cium</em></strong></span> <span class='ocrx_word' id='word_1_146' title='bbox 1980 1068 2101 1125; x_wconf 87' lang='lat' dir='ltr'><strong><em>foco</em></strong></span> <span class='ocrx_word' id='word_1_147' title='bbox 2145 1070 2331 1140; x_wconf 88' lang='lat' dir='ltr'><strong><em>injecit</em></strong></span> <span class='ocrx_word' id='word_1_148' title='bbox 2384 1068 2703 1139; x_wconf 86' lang='lat' dir='ltr'><strong><em>intrepidus.</em></strong></span> <span class='ocrx_word' id='word_1_149' title='bbox 2723 1067 2838 1136; x_wconf 89' lang='lat' dir='ltr'><strong><em>Qua</em></strong></span> <span class='ocrx_word' id='word_1_150' title='bbox 2865 1067 3087 1122; x_wconf 85' lang='lat' dir='ltr'><strong><em>audacia</em></strong></span> <span class='ocrx_word' id='word_1_151' title='bbox 3114 1068 3407 1123; x_wconf 53' lang='lat' dir='ltr'><strong><em>exterrefa.</em></strong></span> 
     </span>
    </p>
   </div>
   <div class='ocr_carea' id='block_1_25' title="bbox 1807 1158 3419 1231">
    <p class='ocr_par' dir='ltr' id='par_1_25' title="bbox 1807 1158 3419 1231">
     <span class='ocr_line' id='line_1_25' title="bbox 1807 1158 3419 1231; baseline -0.003 -13"><span class='ocrx_word' id='word_1_152' title='bbox 1807 1170 1925 1218; x_wconf 87' lang='lat' dir='ltr'><strong><em>ctus</em></strong></span> <span class='ocrx_word' id='word_1_153' title='bbox 1950 1161 2248 1230; x_wconf 87' lang='lat' dir='ltr'><strong><em>Porsenna,</em></strong></span> <span class='ocrx_word' id='word_1_154' title='bbox 2278 1161 2429 1216; x_wconf 92' lang='lat' dir='ltr'><strong><em>illum</em></strong></span> <span class='ocrx_word' id='word_1_155' title='bbox 2478 1161 2729 1216; x_wconf 86' lang='lat' dir='ltr'><strong><em>libertate</em></strong></span> <span class='ocrx_word' id='word_1_156' title='bbox 2780 1160 3037 1215; x_wconf 90' lang='lat' dir='ltr'><strong><em>donatum</em></strong></span> <span class='ocrx_word' id='word_1_157' title='bbox 3078 1159 3279 1215; x_wconf 89' lang='lat' dir='ltr'><strong><em>dimisit</em></strong></span> <span class='ocrx_word' id='word_1_158' title='bbox 3308 1158 3419 1231; x_wconf 85' lang='lat' dir='ltr'><strong><em>(Li-</em></strong></span> 
     </span>
    </p>
   </div>
   <div class='ocr_carea' id='block_1_26' title="bbox 1807 1252 3414 1327">
    <p class='ocr_par' dir='ltr' id='par_1_26' title="bbox 1807 1252 3414 1327">
     <span class='ocr_line' id='line_1_26' title="bbox 1807 1252 3414 1327; baseline 0 -18"><span class='ocrx_word' id='word_1_159' title='bbox 1807 1258 1940 1324; x_wconf 82' lang='lat' dir='ltr'><strong><em>vius,</em></strong></span> <span class='ocrx_word' id='word_1_160' title='bbox 1975 1253 2174 1311; x_wconf 86' lang='lat' dir='ltr'><strong><em>Decad.</em></strong></span> <span class='ocrx_word' id='word_1_161' title='bbox 2208 1272 2246 1321; x_wconf 87' lang='grc' dir='ltr'><strong><em>ι,</em></strong></span> <span class='ocrx_word' id='word_1_162' title='bbox 2272 1255 2361 1311; x_wconf 88' lang='lat' dir='ltr'><strong><em>lib.</em></strong></span> <span class='ocrx_word' id='word_1_163' title='bbox 2383 1271 2444 1322; x_wconf 90' lang='grc' dir='ltr'><strong><em>ιι,</em></strong></span> <span class='ocrx_word' id='word_1_164' title='bbox 2475 1271 2595 1327; x_wconf 85' lang='lat' dir='ltr'><strong><em>pag.</em></strong></span> <span class='ocrx_word' id='word_1_165' title='bbox 2624 1253 2698 1308; x_wconf 87' lang='lat'><strong><em>22</em></strong></span> <span class='ocrx_word' id='word_1_166' title='bbox 2723 1265 2769 1309; x_wconf 90' lang='lat' dir='ltr'><strong><em>et</em></strong></span> <span class='ocrx_word' id='word_1_167' title='bbox 2784 1252 2937 1326; x_wconf 86' lang='lat' dir='ltr'><strong><em>seq.).</em></strong></span> <span class='ocrx_word' id='word_1_168' title='bbox 2963 1252 3033 1309; x_wconf 84' lang='lat' dir='ltr'><strong><em>At</em></strong></span> <span class='ocrx_word' id='word_1_169' title='bbox 3057 1252 3125 1309; x_wconf 84' lang='lat' dir='ltr'><strong><em>de</em></strong></span> <span class='ocrx_word' id='word_1_170' title='bbox 3149 1253 3250 1309; x_wconf 90' lang='lat' dir='ltr'><strong><em>hoc</em></strong></span> <span class='ocrx_word' id='word_1_171' title='bbox 3272 1253 3414 1309; x_wconf 89' lang='lat' dir='ltr'><strong><em>illius</em></strong></span> 
     </span>
    </p>
   </div>
   <div class='ocr_carea' id='block_1_27' title="bbox 1809 1351 2384 1408">
    <p class='ocr_par' dir='ltr' id='par_1_27' title="bbox 1809 1351 2384 1408">
     <span class='ocr_line' id='line_1_27' title="bbox 1809 1351 2384 1408; baseline -0.003 -1"><span class='ocrx_word' id='word_1_172' title='bbox 1809 1351 1947 1408; x_wconf 88' lang='lat' dir='ltr'><strong><em>facto</em></strong></span> <span class='ocrx_word' id='word_1_173' title='bbox 1973 1352 2102 1407; x_wconf 87' lang='lat' dir='ltr'><strong><em>alibi</em></strong></span> <span class='ocrx_word' id='word_1_174' title='bbox 2129 1351 2384 1406; x_wconf 82' lang='lat' dir='ltr'><strong><em>diximus.</em></strong></span> 
     </span>
    </p>
   </div>
   <div class='ocr_carea' id='block_1_28' title="bbox 1883 1440 3414 1513">
    <p class='ocr_par' dir='ltr' id='par_1_28' title="bbox 1883 1440 3414 1513">
     <span class='ocr_line' id='line_1_28' title="bbox 1883 1440 3414 1513; baseline -0.003 -13"><span class='ocrx_word' id='word_1_175' title='bbox 1883 1445 2097 1500; x_wconf 84' lang='lat' dir='ltr'><strong><em>Marcus</em></strong></span> <span class='ocrx_word' id='word_1_176' title='bbox 2117 1460 2249 1501; x_wconf 88' lang='lat' dir='ltr'><strong><em>vero</em></strong></span> <span class='ocrx_word' id='word_1_177' title='bbox 2280 1443 2501 1499; x_wconf 89' lang='lat' dir='ltr'><strong><em>Attilius</em></strong></span> <span class='ocrx_word' id='word_1_178' title='bbox 2525 1442 2789 1513; x_wconf 82' lang='lat' dir='ltr'><strong><em>Regulus,</em></strong></span> <span class='ocrx_word' id='word_1_179' title='bbox 2819 1440 2976 1513; x_wconf 85' lang='lat' dir='ltr'><strong><em>cujus</em></strong></span> <span class='ocrx_word' id='word_1_180' title='bbox 3005 1450 3190 1512; x_wconf 90' lang='lat' dir='ltr'><strong><em>postea</em></strong></span> <span class='ocrx_word' id='word_1_181' title='bbox 3227 1449 3414 1497; x_wconf 87' lang='lat' dir='ltr'><strong><em>auctor</em></strong></span> 
     </span>
    </p>
   </div>
   <div class='ocr_carea' id='block_1_29' title="bbox 1811 1535 3409 1606">
    <p class='ocr_par' dir='ltr' id='par_1_29' title="bbox 1811 1535 3409 1606">
     <span class='ocr_line' id='line_1_29' title="bbox 1811 1535 3409 1606; baseline -0.001 -12"><span class='ocrx_word' id='word_1_182' title='bbox 1811 1548 1997 1595; x_wconf 90' lang='lat' dir='ltr'><strong><em>noster</em></strong></span> <span class='ocrx_word' id='word_1_183' title='bbox 2021 1540 2304 1606; x_wconf 92' lang='lat' dir='ltr'><strong><em>meminit,</em></strong></span> <span class='ocrx_word' id='word_1_184' title='bbox 2336 1539 2528 1594; x_wconf 88' lang='lat' dir='ltr'><strong><em>iterum</em></strong></span> <span class='ocrx_word' id='word_1_185' title='bbox 2557 1537 2766 1604; x_wconf 88' lang='lat' dir='ltr'><strong><em>consul,</em></strong></span> <span class='ocrx_word' id='word_1_186' title='bbox 2797 1538 2973 1606; x_wconf 89' lang='lat' dir='ltr'><strong><em>primo</em></strong></span> <span class='ocrx_word' id='word_1_187' title='bbox 3003 1535 3206 1591; x_wconf 90' lang='lat' dir='ltr'><strong><em>Punico</em></strong></span> <span class='ocrx_word' id='word_1_188' title='bbox 3241 1535 3409 1604; x_wconf 88' lang='lat' dir='ltr'><strong><em>bello,</em></strong></span> 
     </span>
    </p>
   </div>
   <div class='ocr_carea' id='block_1_30' title="bbox 1809 1626 3410 1702">
    <p class='ocr_par' dir='ltr' id='par_1_30' title="bbox 1809 1626 3410 1702">
     <span class='ocr_line' id='line_1_30' title="bbox 1809 1626 3410 1702; baseline -0.002 -17"><span class='ocrx_word' id='word_1_189' title='bbox 1809 1631 1877 1687; x_wconf 91' lang='lat' dir='ltr'><strong><em>ab</em></strong></span> <span class='ocrx_word' id='word_1_190' title='bbox 1903 1631 2166 1698; x_wconf 90' lang='lat' dir='ltr'><strong><em>hostibus,</em></strong></span> <span class='ocrx_word' id='word_1_191' title='bbox 2194 1644 2333 1702; x_wconf 90' lang='lat' dir='ltr'><strong><em>quos</em></strong></span> <span class='ocrx_word' id='word_1_192' title='bbox 2379 1629 2542 1683; x_wconf 87' lang='lat' dir='ltr'><strong><em>variis</em></strong></span> <span class='ocrx_word' id='word_1_193' title='bbox 2572 1627 2815 1682; x_wconf 85' lang='lat' dir='ltr'><strong><em>cladibus</em></strong></span> <span class='ocrx_word' id='word_1_194' title='bbox 2834 1627 3070 1697; x_wconf 80' lang='lat' dir='ltr'><strong><em>fregerat</em></strong></span> <span class='ocrx_word' id='word_1_195' title='bbox 3097 1637 3151 1682; x_wconf 91' lang='lat' dir='ltr'><strong><em>et</em></strong></span> <span class='ocrx_word' id='word_1_196' title='bbox 3180 1626 3410 1693; x_wconf 87' lang='lat' dir='ltr'><strong><em>vicerat,</em></strong></span> 
     </span>
    </p>
   </div>
   <div class='ocr_carea' id='block_1_31' title="bbox 1809 1718 3415 1793">
    <p class='ocr_par' dir='ltr' id='par_1_31' title="bbox 1809 1718 3415 1793">
     <span class='ocr_line' id='line_1_31' title="bbox 1809 1718 3415 1793; baseline -0.005 -14"><span class='ocrx_word' id='word_1_197' title='bbox 1809 1732 2018 1793; x_wconf 88' lang='lat' dir='ltr'><strong><em>captus,</em></strong></span> <span class='ocrx_word' id='word_1_198' title='bbox 2049 1737 2171 1777; x_wconf 90' lang='lat' dir='ltr'><strong><em>cum</em></strong></span> <span class='ocrx_word' id='word_1_199' title='bbox 2189 1720 2257 1777; x_wconf 89' lang='lat' dir='ltr'><strong><em>de</em></strong></span> <span class='ocrx_word' id='word_1_200' title='bbox 2276 1720 2500 1791; x_wconf 88' lang='lat' dir='ltr'><strong><em>captivis</em></strong></span> <span class='ocrx_word' id='word_1_201' title='bbox 2530 1718 2927 1774; x_wconf 86' lang='lat' dir='ltr'><strong><em>commutandis</em></strong></span> <span class='ocrx_word' id='word_1_202' title='bbox 2957 1718 3185 1774; x_wconf 81' lang='lat' dir='ltr'><strong><em>Romam</em></strong></span> <span class='ocrx_word' id='word_1_203' title='bbox 3216 1718 3415 1772; x_wconf 89' lang='lat' dir='ltr'><strong><em>missus</em></strong></span> 
     </span>
    </p>
   </div>
   <div class='ocr_carea' id='block_1_32' title="bbox 186 1806 3412 1898">
    <p class='ocr_par' dir='ltr' id='par_1_32' title="bbox 186 1806 3412 1898">
     <span class='ocr_line' id='line_1_32' title="bbox 186 1806 3412 1898; baseline -0.008 -11"><span class='ocrx_word' id='word_1_204' title='bbox 186 1828 616 1895; x_wconf 77' lang='lat' dir='ltr'><strong><em>seriufelixquesit,</em></strong></span> <span class='ocrx_word' id='word_1_205' title='bbox 633 1826 767 1898; x_wconf 88' lang='lat' dir='ltr'><strong><em>quin</em></strong></span> <span class='ocrx_word' id='word_1_206' title='bbox 790 1825 936 1882; x_wconf 87' lang='lat' dir='ltr'><strong><em>illum</em></strong></span> <span class='ocrx_word' id='word_1_207' title='bbox 955 1824 1174 1895; x_wconf 85' lang='lat' dir='ltr'><strong><em>dignum</em></strong></span> <span class='ocrx_word' id='word_1_208' title='bbox 1199 1833 1421 1878; x_wconf 88' lang='lat' dir='ltr'><strong><em>censeat</em></strong></span> <span class='ocrx_word' id='word_1_209' title='bbox 1452 1820 1563 1875; x_wconf 90' lang='lat' dir='ltr'><strong><em>Deo</em></strong></span> <span class='ocrx_word' id='word_1_210' title='bbox 1580 1834 1703 1890; x_wconf 91' lang='lat' dir='ltr'><strong><em>spe-</em></strong></span> <span class='ocrx_word' id='word_1_211' title='bbox 1732 1822 1781 1883; x_wconf 84' lang='grc' dir='ltr'><strong>Β</strong></span> <span class='ocrx_word' id='word_1_212' title='bbox 1808 1824 1970 1880; x_wconf 60' lang='lat' dir='ltr'><strong><em>esset,</em></strong></span> <span class='ocrx_word' id='word_1_213' title='bbox 1993 1813 2336 1882; x_wconf 82' lang='lat' dir='ltr'><strong><em>juraSsetque</em></strong></span> <span class='ocrx_word' id='word_1_214' title='bbox 2389 1826 2450 1866; x_wconf 91' lang='lat' dir='ltr'><strong><em>se</em></strong></span> <span class='ocrx_word' id='word_1_215' title='bbox 2480 1808 2774 1866; x_wconf 89' lang='lat' dir='ltr'><strong><em>rediturum</em></strong></span> <span class='ocrx_word' id='word_1_216' title='bbox 2802 1824 2816 1862; x_wconf 90' lang='lat'><strong>:</strong></span> <span class='ocrx_word' id='word_1_217' title='bbox 2855 1827 2874 1860; x_wconf 85' lang='grc' dir='ltr'><strong><em>ι</em></strong></span> <span class='ocrx_word' id='word_1_218' title='bbox 2905 1806 2977 1864; x_wconf 87' lang='lat' dir='ltr'><strong><em>Ut</em></strong></span> <span class='ocrx_word' id='word_1_219' title='bbox 3018 1808 3185 1873; x_wconf 90' lang='lat' dir='ltr'><strong><em>venit,</em></strong></span> <span class='ocrx_word' id='word_1_220' title='bbox 3218 1809 3293 1862; x_wconf 89' lang='lat' dir='ltr'><strong><em>ait</em></strong></span> <span class='ocrx_word' id='word_1_221' title='bbox 3319 1807 3412 1863; x_wconf 88' lang='lat' dir='ltr'><strong><em>Ci-</em></strong></span> 
     </span>
    </p>
   </div>
   <div class='ocr_carea' id='block_1_33' title="bbox 189 1914 1709 1988">
    <p class='ocr_par' dir='ltr' id='par_1_33' title="bbox 189 1914 1709 1988">
     <span class='ocr_line' id='line_1_33' title="bbox 189 1914 1709 1988; baseline -0.009 -9"><span class='ocrx_word' id='word_1_222' title='bbox 189 1924 394 1982; x_wconf 78' lang='lat' dir='ltr'><strong><em>ctacalutn,</em></strong></span> <span class='ocrx_word' id='word_1_223' title='bbox 420 1920 610 1977; x_wconf 81' lang='lat' dir='ltr'><strong><em>Nonne</em></strong></span> <span class='ocrx_word' id='word_1_224' title='bbox 656 1918 858 1976; x_wconf 89' lang='lat' dir='ltr'><strong><em>etenim</em></strong></span> <span class='ocrx_word' id='word_1_225' title='bbox 886 1916 1131 1988; x_wconf 78' lang='lat' dir='ltr'><strong><em>benignis</em></strong></span> <span class='ocrx_word' id='word_1_226' title='bbox 1173 1929 1397 1971; x_wconf 72' lang='lat' dir='ltr'><strong><em>summze</em></strong></span> <span class='ocrx_word' id='word_1_227' title='bbox 1431 1914 1571 1968; x_wconf 84' lang='lat' dir='ltr'><strong><em>illius</em></strong></span> <span class='ocrx_word' id='word_1_228' title='bbox 1595 1928 1709 1966; x_wconf 87' lang='lat' dir='ltr'><strong><em>ma-</em></strong></span> 
     </span>
    </p>
   </div>
   <div class='ocr_carea' id='block_1_34' title="bbox 182 2008 1709 2091">
    <p class='ocr_par' dir='ltr' id='par_1_34' title="bbox 182 2008 1709 2091">
     <span class='ocr_line' id='line_1_34' title="bbox 182 2008 1709 2091; baseline -0.006 -19"><span class='ocrx_word' id='word_1_229' title='bbox 182 2019 330 2091; x_wconf 81' lang='lat' dir='ltr'><strong><em>jestatis</em></strong></span> <span class='ocrx_word' id='word_1_230' title='bbox 365 2016 745 2086; x_wconf 81' lang='lat' dir='ltr'><strong><em>conSpectibus</em></strong></span> <span class='ocrx_word' id='word_1_231' title='bbox 792 2014 1012 2084; x_wconf 88' lang='lat' dir='ltr'><strong><em>dignus,</em></strong></span> <span class='ocrx_word' id='word_1_232' title='bbox 1054 2011 1263 2082; x_wconf 87' lang='lat' dir='ltr'><strong><em>ipsique</em></strong></span> <span class='ocrx_word' id='word_1_233' title='bbox 1302 2008 1709 2078; x_wconf 80' lang='lat' dir='ltr'><strong><em>acceptissimus</em></strong></span> 
     </span>
    </p>
   </div>
   <div class='ocr_carea' id='block_1_35' title="bbox 176 2098 1709 2179">
    <p class='ocr_par' dir='ltr' id='par_1_35' title="bbox 176 2098 1709 2179">
     <span class='ocr_line' id='line_1_35' title="bbox 176 2098 1709 2179; baseline -0.008 -14"><span class='ocrx_word' id='word_1_234' title='bbox 176 2110 585 2166; x_wconf 74' lang='lat' dir='ltr'><strong><em>cstsmctissimus</em></strong></span> <span class='ocrx_word' id='word_1_235' title='bbox 626 2116 860 2179; x_wconf 83' lang='lat' dir='ltr'><strong><em>martyr,</em></strong></span> <span class='ocrx_word' id='word_1_236' title='bbox 892 2106 981 2176; x_wconf 89' lang='lat' dir='ltr'><strong><em>qui</em></strong></span> <span class='ocrx_word' id='word_1_237' title='bbox 1027 2114 1247 2175; x_wconf 87' lang='lat' dir='ltr'><strong><em>propter</em></strong></span> <span class='ocrx_word' id='word_1_238' title='bbox 1288 2101 1554 2173; x_wconf 86' lang='lat' dir='ltr'><strong><em>publicam</em></strong></span> <span class='ocrx_word' id='word_1_239' title='bbox 1584 2098 1709 2154; x_wconf 86' lang='lat' dir='ltr'><strong><em>fidei</em></strong></span> 
     </span>
    </p>
   </div>
   <div class='ocr_carea' id='block_1_36' title="bbox 168 2191 1712 2266">
    <p class='ocr_par' dir='ltr' id='par_1_36' title="bbox 168 2191 1712 2266">
     <span class='ocr_line' id='line_1_36' title="bbox 168 2191 1712 2266; baseline -0.007 -9"><span class='ocrx_word' id='word_1_240' title='bbox 168 2200 410 2257; x_wconf 71' lang='lat' dir='ltr'><strong><em>christiana:</em></strong></span> <span class='ocrx_word' id='word_1_241' title='bbox 458 2201 867 2257; x_wconf 78' lang='lat' dir='ltr'><strong><em>confessionem</em></strong></span> <span class='ocrx_word' id='word_1_242' title='bbox 909 2198 1192 2253; x_wconf 89' lang='lat' dir='ltr'><strong><em>innumera</em></strong></span> <span class='ocrx_word' id='word_1_243' title='bbox 1217 2236 1233 2262; x_wconf 88' lang='lat'><strong><em>,</em></strong></span> <span class='ocrx_word' id='word_1_244' title='bbox 1269 2210 1440 2266; x_wconf 78' lang='lat' dir='ltr'><strong><em>eaque</em></strong></span> <span class='ocrx_word' id='word_1_245' title='bbox 1482 2191 1712 2247; x_wconf 88' lang='lat' dir='ltr'><strong><em>atrocis-</em></strong></span> 
     </span>
    </p>
   </div>
   <div class='ocr_carea' id='block_1_37' title="bbox 167 2284 1712 2367">
    <p class='ocr_par' dir='ltr' id='par_1_37' title="bbox 167 2284 1712 2367">
     <span class='ocr_line' id='line_1_37' title="bbox 167 2284 1712 2367; baseline -0.005 -19"><span class='ocrx_word' id='word_1_246' title='bbox 167 2295 267 2350; x_wconf 79' lang='lat' dir='ltr'><strong><em>sima</em></strong></span> <span class='ocrx_word' id='word_1_247' title='bbox 288 2311 548 2367; x_wconf 86' lang='lat' dir='ltr'><strong><em>perpessus</em></strong></span> <span class='ocrx_word' id='word_1_248' title='bbox 569 2293 865 2364; x_wconf 84' lang='lat' dir='ltr'><strong><em>supplicia,</em></strong></span> <span class='ocrx_word' id='word_1_249' title='bbox 895 2290 1066 2347; x_wconf 73' lang='lat' dir='ltr'><strong><em>etfuso</em></strong></span> <span class='ocrx_word' id='word_1_250' title='bbox 1091 2289 1306 2345; x_wconf 76' lang='lat' dir='ltr'><strong><em>tandem</em></strong></span> <span class='ocrx_word' id='word_1_251' title='bbox 1333 2286 1613 2359; x_wconf 87' lang='lat' dir='ltr'><strong><em>sanguine,</em></strong></span> <span class='ocrx_word' id='word_1_252' title='bbox 1644 2284 1712 2341; x_wconf 86' lang='lat' dir='ltr'><strong><em>de</em></strong></span> 
     </span>
    </p>
   </div>
   <div class='ocr_carea' id='block_1_38' title="bbox 167 2384 1142 2462">
    <p class='ocr_par' dir='ltr' id='par_1_38' title="bbox 167 2384 1142 2462">
     <span class='ocr_line' id='line_1_38' title="bbox 167 2384 1142 2462; baseline -0.008 -17"><span class='ocrx_word' id='word_1_253' title='bbox 167 2390 445 2446; x_wconf 81' lang='lat' dir='ltr'><strong><em>carniﬁcibus</em></strong></span> <span class='ocrx_word' id='word_1_254' title='bbox 467 2401 520 2446; x_wconf 90' lang='lat' dir='ltr'><strong><em>et</em></strong></span> <span class='ocrx_word' id='word_1_255' title='bbox 541 2389 795 2462; x_wconf 79' lang='lat' dir='ltr'><strong><em>tyrannis</em></strong></span> <span class='ocrx_word' id='word_1_256' title='bbox 816 2384 1142 2456; x_wconf 88' lang='lat' dir='ltr'><strong><em>triumphat?</em></strong></span> 
     </span>
    </p>
   </div>
   <div class='ocr_carea' id='block_1_39' title="bbox 218 2473 1714 2552">
    <p class='ocr_par' dir='ltr' id='par_1_39' title="bbox 218 2473 1714 2552">
     <span class='ocr_line' id='line_1_39' title="bbox 218 2473 1714 2552; baseline -0.007 -15"><span class='ocrx_word' id='word_1_257' title='bbox 218 2482 356 2539; x_wconf 75' lang='lat' dir='ltr'><strong><em>Nemo</em></strong></span> <span class='ocrx_word' id='word_1_258' title='bbox 386 2494 527 2539; x_wconf 89' lang='lat' dir='ltr'><strong><em>certe</em></strong></span> <span class='ocrx_word' id='word_1_259' title='bbox 573 2480 927 2552; x_wconf 88' lang='lat' dir='ltr'><strong><em>quantumvis</em></strong></span> <span class='ocrx_word' id='word_1_260' title='bbox 965 2476 1215 2549; x_wconf 79' lang='lat' dir='ltr'><strong><em>pervicax</em></strong></span> <span class='ocrx_word' id='word_1_261' title='bbox 1256 2473 1475 2546; x_wconf 77' lang='lat' dir='ltr'><strong><em>gentilis</em></strong></span> <span class='ocrx_word' id='word_1_262' title='bbox 1516 2486 1714 2544; x_wconf 88' lang='lat' dir='ltr'><strong><em>negare</em></strong></span> 
     </span>
    </p>
   </div>
   <div class='ocr_carea' id='block_1_40' title="bbox 167 2566 1716 2648">
    <p class='ocr_par' dir='ltr' id='par_1_40' title="bbox 167 2566 1716 2648">
     <span class='ocr_line' id='line_1_40' title="bbox 167 2566 1716 2648; baseline -0.007 -16"><span class='ocrx_word' id='word_1_263' title='bbox 167 2576 209 2632; x_wconf 88' lang='lat' dir='ltr'><strong><em>id</em></strong></span> <span class='ocrx_word' id='word_1_264' title='bbox 228 2578 385 2632; x_wconf 81' lang='lat' dir='ltr'><strong><em>merito</em></strong></span> <span class='ocrx_word' id='word_1_265' title='bbox 420 2577 537 2648; x_wconf 89' lang='lat' dir='ltr'><strong><em>jure</em></strong></span> <span class='ocrx_word' id='word_1_266' title='bbox 568 2584 771 2647; x_wconf 85' lang='lat' dir='ltr'><strong><em>putest,</em></strong></span> <span class='ocrx_word' id='word_1_267' title='bbox 797 2573 887 2644; x_wconf 86' lang='lat' dir='ltr'><strong><em>qui</em></strong></span> <span class='ocrx_word' id='word_1_268' title='bbox 939 2571 1055 2627; x_wconf 73' lang='lat' dir='ltr'><strong><em>haec</em></strong></span> <span class='ocrx_word' id='word_1_269' title='bbox 1079 2570 1304 2626; x_wconf 77' lang='lat' dir='ltr'><strong><em>Senecae</em></strong></span> <span class='ocrx_word' id='word_1_270' title='bbox 1329 2569 1402 2624; x_wconf 91' lang='lat' dir='ltr'><strong><em>de</em></strong></span> <span class='ocrx_word' id='word_1_271' title='bbox 1447 2566 1573 2623; x_wconf 81' lang='lat' dir='ltr'><strong><em>forti</em></strong></span> <span class='ocrx_word' id='word_1_272' title='bbox 1599 2566 1716 2621; x_wconf 88' lang='lat' dir='ltr'><strong><em>viro</em></strong></span> 
     </span>
    </p>
   </div>
   <div class='ocr_carea' id='block_1_41' title="bbox 175 2660 1715 2741">
    <p class='ocr_par' dir='ltr' id='par_1_41' title="bbox 175 2660 1715 2741">
     <span class='ocr_line' id='line_1_41' title="bbox 175 2660 1715 2741; baseline -0.008 -14"><span class='ocrx_word' id='word_1_273' title='bbox 175 2672 319 2741; x_wconf 69' lang='lat' dir='ltr'><strong><em>legerit</em></strong></span> <span class='ocrx_word' id='word_1_274' title='bbox 343 2673 529 2729; x_wconf 77' lang='lat' dir='ltr'><strong><em>verba:</em></strong></span> <span class='ocrx_word' id='word_1_275' title='bbox 572 2690 591 2723; x_wconf 84' lang='grc' dir='ltr'><strong><em>ι</em></strong></span> <span class='ocrx_word' id='word_1_276' title='bbox 634 2669 776 2724; x_wconf 85' lang='lat' dir='ltr'><strong><em>Ecce</em></strong></span> <span class='ocrx_word' id='word_1_277' title='bbox 806 2666 1170 2738; x_wconf 82' lang='lat' dir='ltr'><strong><em>spectaculum</em></strong></span> <span class='ocrx_word' id='word_1_278' title='bbox 1213 2662 1457 2734; x_wconf 87' lang='lat' dir='ltr'><strong><em>dignum.</em></strong></span> <span class='ocrx_word' id='word_1_279' title='bbox 1481 2661 1547 2716; x_wconf 90' lang='lat' dir='ltr'><strong><em>ad</em></strong></span> <span class='ocrx_word' id='word_1_280' title='bbox 1570 2660 1715 2732; x_wconf 90' lang='lat' dir='ltr'><strong><em>quod</em></strong></span> 
     </span>
    </p>
   </div>
   <div class='ocr_carea' id='block_1_42' title="bbox 114 2751 1716 2831">
    <p class='ocr_par' dir='ltr' id='par_1_42' title="bbox 114 2751 1716 2831">
     <span class='ocr_line' id='line_1_42' title="bbox 114 2751 1716 2831; baseline -0.007 -14"><span class='ocrx_word' id='word_1_281' title='bbox 114 2772 119 2779; x_wconf 80' lang='lat'><strong>‘</strong></span> <span class='ocrx_word' id='word_1_282' title='bbox 183 2762 372 2831; x_wconf 68' lang='lat' dir='ltr'><strong><em>respiciat</em></strong></span> <span class='ocrx_word' id='word_1_283' title='bbox 401 2764 642 2820; x_wconf 85' lang='lat' dir='ltr'><strong><em>intentus</em></strong></span> <span class='ocrx_word' id='word_1_284' title='bbox 677 2760 831 2830; x_wconf 88' lang='lat' dir='ltr'><strong><em>operi</em></strong></span> <span class='ocrx_word' id='word_1_285' title='bbox 868 2773 967 2813; x_wconf 91' lang='lat' dir='ltr'><strong><em>suo</em></strong></span> <span class='ocrx_word' id='word_1_286' title='bbox 1010 2756 1169 2812; x_wconf 90' lang='lat' dir='ltr'><strong><em>Deus.</em></strong></span> <span class='ocrx_word' id='word_1_287' title='bbox 1205 2756 1342 2811; x_wconf 88' lang='lat' dir='ltr'><strong><em>Ecce</em></strong></span> <span class='ocrx_word' id='word_1_288' title='bbox 1385 2769 1480 2824; x_wconf 89' lang='lat' dir='ltr'><strong><em>par</em></strong></span> <span class='ocrx_word' id='word_1_289' title='bbox 1506 2753 1616 2809; x_wconf 91' lang='lat' dir='ltr'><strong><em>Deo</em></strong></span> <span class='ocrx_word' id='word_1_290' title='bbox 1635 2751 1716 2807; x_wconf 90' lang='lat' dir='ltr'><strong><em>di-</em></strong></span> 
     </span>
    </p>
   </div>
   <div class='ocr_carea' id='block_1_43' title="bbox 190 2846 1719 2923">
    <p class='ocr_par' dir='ltr' id='par_1_43' title="bbox 190 2846 1719 2923">
     <span class='ocr_line' id='line_1_43' title="bbox 190 2846 1719 2923; baseline -0.005 -15"><span class='ocrx_word' id='word_1_291' title='bbox 190 2868 331 2923; x_wconf 77' lang='lat' dir='ltr'><strong><em>gnam,</em></strong></span> <span class='ocrx_word' id='word_1_292' title='bbox 350 2858 412 2911; x_wconf 74' lang='lat' dir='ltr'><strong><em>vir</em></strong></span> <span class='ocrx_word' id='word_1_293' title='bbox 429 2857 586 2913; x_wconf 86' lang='lat' dir='ltr'><strong><em>fortis</em></strong></span> <span class='ocrx_word' id='word_1_294' title='bbox 612 2868 741 2910; x_wconf 90' lang='lat' dir='ltr'><strong><em>cum</em></strong></span> <span class='ocrx_word' id='word_1_295' title='bbox 768 2852 908 2907; x_wconf 85' lang='lat' dir='ltr'><strong><em>mala</em></strong></span> <span class='ocrx_word' id='word_1_296' title='bbox 958 2851 1172 2906; x_wconf 78' lang='lat' dir='ltr'><strong><em>fortuna</em></strong></span> <span class='ocrx_word' id='word_1_297' title='bbox 1210 2849 1545 2918; x_wconf 89' lang='lat' dir='ltr'><strong><em>compositus</em></strong></span> <span class='ocrx_word' id='word_1_298' title='bbox 1567 2888 1584 2912; x_wconf 93' lang='lat'><strong><em>,</em></strong></span> <span class='ocrx_word' id='word_1_299' title='bbox 1612 2846 1719 2901; x_wconf 90' lang='lat' dir='ltr'><strong><em>nti-</em></strong></span> 
     </span>
    </p>
   </div>
   <div class='ocr_carea' id='block_1_44' title="bbox 193 2936 1718 3019">
    <p class='ocr_par' dir='ltr' id='par_1_44' title="bbox 193 2936 1718 3019">
     <span class='ocr_line' id='line_1_44' title="bbox 193 2936 1718 3019; baseline -0.007 -19"><span class='ocrx_word' id='word_1_300' title='bbox 193 2959 275 3013; x_wconf 82' lang='lat' dir='ltr'><strong><em>que</em></strong></span> <span class='ocrx_word' id='word_1_301' title='bbox 292 2946 326 3001; x_wconf 77' lang='lat' dir='ltr'><strong><em>si</em></strong></span> <span class='ocrx_word' id='word_1_302' title='bbox 355 2959 393 3002; x_wconf 85' lang='lat' dir='ltr'><strong><em>et</em></strong></span> <span class='ocrx_word' id='word_1_303' title='bbox 415 2946 741 3019; x_wconf 50' lang='lat' dir='ltr'><strong><em>pro\ocavit.</em></strong></span> <span class='ocrx_word' id='word_1_304' title='bbox 777 2943 895 3000; x_wconf 88' lang='lat' dir='ltr'><strong><em>Non</em></strong></span> <span class='ocrx_word' id='word_1_305' title='bbox 948 2941 1124 3011; x_wconf 87' lang='lat' dir='ltr'><strong><em>video,</em></strong></span> <span class='ocrx_word' id='word_1_306' title='bbox 1167 2943 1405 3011; x_wconf 88' lang='lat' dir='ltr'><strong><em>inquam,</em></strong></span> <span class='ocrx_word' id='word_1_307' title='bbox 1460 2937 1589 3009; x_wconf 89' lang='lat' dir='ltr'><strong><em>quid</em></strong></span> <span class='ocrx_word' id='word_1_308' title='bbox 1622 2936 1718 2991; x_wconf 88' lang='lat' dir='ltr'><strong><em>ba-</em></strong></span> 
     </span>
    </p>
   </div>
   <div class='ocr_carea' id='block_1_45' title="bbox 190 3028 1717 3109">
    <p class='ocr_par' dir='ltr' id='par_1_45' title="bbox 190 3028 1717 3109">
     <span class='ocr_line' id='line_1_45' title="bbox 190 3028 1717 3109; baseline -0.007 -17"><span class='ocrx_word' id='word_1_309' title='bbox 190 3035 341 3092; x_wconf 79' lang='lat' dir='ltr'><strong><em>beatin</em></strong></span> <span class='ocrx_word' id='word_1_310' title='bbox 376 3041 518 3097; x_wconf 87' lang='lat' dir='ltr'><strong><em>terris</em></strong></span> <span class='ocrx_word' id='word_1_311' title='bbox 564 3037 779 3109; x_wconf 88' lang='lat' dir='ltr'><strong><em>Jupiter</em></strong></span> <span class='ocrx_word' id='word_1_312' title='bbox 810 3035 1103 3107; x_wconf 86' lang='lat' dir='ltr'><strong><em>pulchrius,</em></strong></span> <span class='ocrx_word' id='word_1_313' title='bbox 1138 3034 1182 3089; x_wconf 90' lang='lat' dir='ltr'><strong><em>si</em></strong></span> <span class='ocrx_word' id='word_1_314' title='bbox 1227 3039 1547 3087; x_wconf 87' lang='lat' dir='ltr'><strong><em>convertere</em></strong></span> <span class='ocrx_word' id='word_1_315' title='bbox 1597 3028 1717 3083; x_wconf 81' lang='lat' dir='ltr'><strong><em>ani-</em></strong></span> 
     </span>
    </p>
   </div>
   <div class='ocr_carea' id='block_1_46' title="bbox 183 3120 1719 3204">
    <p class='ocr_par' dir='ltr' id='par_1_46' title="bbox 183 3120 1719 3204">
     <span class='ocr_line' id='line_1_46' title="bbox 183 3120 1719 3204; baseline -0.005 -21"><span class='ocrx_word' id='word_1_316' title='bbox 183 3145 291 3186; x_wconf 81' lang='lat' dir='ltr'><strong><em>tuum</em></strong></span> <span class='ocrx_word' id='word_1_317' title='bbox 314 3133 436 3201; x_wconf 75' lang='lat' dir='ltr'><strong><em>velit,</em></strong></span> <span class='ocrx_word' id='word_1_318' title='bbox 478 3147 647 3204; x_wconf 86' lang='lat' dir='ltr'><strong><em>quam</em></strong></span> <span class='ocrx_word' id='word_1_319' title='bbox 702 3140 759 3184; x_wconf 91' lang='lat' dir='ltr'><strong><em>ut</em></strong></span> <span class='ocrx_word' id='word_1_320' title='bbox 788 3137 997 3199; x_wconf 78' lang='lat' dir='ltr'><strong><em>spectet</em></strong></span> <span class='ocrx_word' id='word_1_321' title='bbox 1030 3126 1312 3187; x_wconf 84' lang='lat' dir='ltr'><strong><em>Catonem,</em></strong></span> <span class='ocrx_word' id='word_1_322' title='bbox 1335 3123 1446 3194; x_wconf 86' lang='lat' dir='ltr'><strong><em>jam</em></strong></span> <span class='ocrx_word' id='word_1_323' title='bbox 1477 3120 1719 3191; x_wconf 87' lang='lat' dir='ltr'><strong><em>partibus</em></strong></span> 
     </span>
    </p>
   </div>
   <div class='ocr_carea' id='block_1_47' title="bbox 1811 1898 3414 1974">
    <p class='ocr_par' dir='ltr' id='par_1_47' title="bbox 1811 1898 3414 1974">
     <span class='ocr_line' id='line_1_47' title="bbox 1811 1898 3414 1974; baseline -0.004 -14"><span class='ocrx_word' id='word_1_324' title='bbox 1811 1920 1956 1972; x_wconf 91' lang='lat' dir='ltr'><strong><em>eero,</em></strong></span> <span class='ocrx_word' id='word_1_325' title='bbox 1986 1903 2229 1974; x_wconf 89' lang='lat' dir='ltr'><strong><em>captivos</em></strong></span> <span class='ocrx_word' id='word_1_326' title='bbox 2260 1901 2563 1958; x_wconf 88' lang='lat' dir='ltr'><strong><em>reddendos</em></strong></span> <span class='ocrx_word' id='word_1_327' title='bbox 2585 1901 2637 1955; x_wconf 93' lang='lat' dir='ltr'><strong><em>in</em></strong></span> <span class='ocrx_word' id='word_1_328' title='bbox 2679 1910 2868 1956; x_wconf 88' lang='lat' dir='ltr'><strong><em>senatu</em></strong></span> <span class='ocrx_word' id='word_1_329' title='bbox 2915 1914 3021 1955; x_wconf 92' lang='lat' dir='ltr'><strong><em>non</em></strong></span> <span class='ocrx_word' id='word_1_330' title='bbox 3051 1899 3279 1955; x_wconf 84' lang='lat' dir='ltr'><strong><em>censuit.</em></strong></span> <span class='ocrx_word' id='word_1_331' title='bbox 3305 1898 3414 1954; x_wconf 80' lang='lat' dir='ltr'><strong><em>De-</em></strong></span> 
     </span>
    </p>
   </div>
   <div class='ocr_carea' id='block_1_48' title="bbox 1813 1990 3413 2063">
    <p class='ocr_par' dir='ltr' id='par_1_48' title="bbox 1813 1990 3413 2063">
     <span class='ocr_line' id='line_1_48' title="bbox 1813 1990 3413 2063; baseline -0.004 -12"><span class='ocrx_word' id='word_1_332' title='bbox 1813 1996 1939 2052; x_wconf 90' lang='lat' dir='ltr'><strong><em>inde</em></strong></span> <span class='ocrx_word' id='word_1_333' title='bbox 1968 2012 2091 2051; x_wconf 88' lang='lat' dir='ltr'><strong><em>cum</em></strong></span> <span class='ocrx_word' id='word_1_334' title='bbox 2147 1995 2471 2051; x_wconf 87' lang='lat' dir='ltr'><strong><em>retineretur</em></strong></span> <span class='ocrx_word' id='word_1_335' title='bbox 2496 2009 2528 2048; x_wconf 87' lang='lat' dir='ltr'><strong><em>a</em></strong></span> <span class='ocrx_word' id='word_1_336' title='bbox 2574 1993 2891 2063; x_wconf 78' lang='lat' dir='ltr'><strong><em>propinquis</em></strong></span> <span class='ocrx_word' id='word_1_337' title='bbox 2929 2001 2984 2046; x_wconf 87' lang='lat' dir='ltr'><strong><em>et</em></strong></span> <span class='ocrx_word' id='word_1_338' title='bbox 3011 1991 3080 2046; x_wconf 88' lang='lat' dir='ltr'><strong><em>ab</em></strong></span> <span class='ocrx_word' id='word_1_339' title='bbox 3112 1990 3321 2058; x_wconf 88' lang='lat' dir='ltr'><strong><em>amicis,</em></strong></span> <span class='ocrx_word' id='word_1_340' title='bbox 3346 1990 3413 2045; x_wconf 90' lang='lat' dir='ltr'><strong><em>ad</em></strong></span> 
     </span>
    </p>
   </div>
   <div class='ocr_carea' id='block_1_49' title="bbox 1812 2081 3416 2154">
    <p class='ocr_par' dir='ltr' id='par_1_49' title="bbox 1812 2081 3416 2154">
     <span class='ocr_line' id='line_1_49' title="bbox 1812 2081 3416 2154; baseline -0.004 -11"><span class='ocrx_word' id='word_1_341' title='bbox 1812 2089 2174 2143; x_wconf 89' lang='lat' dir='ltr'><strong><em>certissimum</em></strong></span> <span class='ocrx_word' id='word_1_342' title='bbox 2212 2093 2390 2141; x_wconf 87' lang='lat' dir='ltr'><strong><em>tamen</em></strong></span> <span class='ocrx_word' id='word_1_343' title='bbox 2437 2084 2758 2154; x_wconf 85' lang='lat' dir='ltr'><strong><em>supplicium</em></strong></span> <span class='ocrx_word' id='word_1_344' title='bbox 2805 2081 2982 2138; x_wconf 88' lang='lat' dir='ltr'><strong><em>redire</em></strong></span> <span class='ocrx_word' id='word_1_345' title='bbox 3017 2081 3226 2147; x_wconf 90' lang='lat' dir='ltr'><strong><em>maluit,</em></strong></span> <span class='ocrx_word' id='word_1_346' title='bbox 3256 2097 3416 2152; x_wconf 89' lang='lat' dir='ltr'><strong><em>quam</em></strong></span> 
     </span>
    </p>
   </div>
   <div class='ocr_carea' id='block_1_50' title="bbox 1813 2170 3416 2247">
    <p class='ocr_par' dir='ltr' id='par_1_50' title="bbox 1813 2170 3416 2247">
     <span class='ocr_line' id='line_1_50' title="bbox 1813 2170 3416 2247; baseline -0.004 -15"><span class='ocrx_word' id='word_1_347' title='bbox 1813 2178 1954 2234; x_wconf 86' lang='lat' dir='ltr'><strong><em>hosti</em></strong></span> <span class='ocrx_word' id='word_1_348' title='bbox 1979 2179 2158 2233; x_wconf 88' lang='lat' dir='ltr'><strong><em>datam</em></strong></span> <span class='ocrx_word' id='word_1_349' title='bbox 2191 2178 2349 2234; x_wconf 78' lang='lat' dir='ltr'><strong><em>[idem</em></strong></span> <span class='ocrx_word' id='word_1_350' title='bbox 2379 2175 2566 2232; x_wconf 82' lang='lat' dir='ltr'><strong><em>fallere</em></strong></span> <span class='ocrx_word' id='word_1_351' title='bbox 2596 2174 2753 2247; x_wconf 62' lang='grc' dir='ltr'><strong><em>(ϐία,</em></strong></span> <span class='ocrx_word' id='word_1_352' title='bbox 2785 2173 2878 2229; x_wconf 87' lang='lat' dir='ltr'><strong><em>lib.</em></strong></span> <span class='ocrx_word' id='word_1_353' title='bbox 2927 2189 2946 2229; x_wconf 88' lang='grc' dir='ltr'><strong><em>ι</em></strong></span> <span class='ocrx_word' id='word_1_354' title='bbox 2986 2173 3050 2228; x_wconf 86' lang='lat' dir='ltr'><strong><em>de</em></strong></span> <span class='ocrx_word' id='word_1_355' title='bbox 3090 2170 3260 2244; x_wconf 58' lang='lat' dir='ltr'><strong><em>0mm,</em></strong></span> <span class='ocrx_word' id='word_1_356' title='bbox 3295 2190 3416 2243; x_wconf 84' lang='lat' dir='ltr'><strong><em>pag.</em></strong></span> 
     </span>
    </p>
   </div>
   <div class='ocr_carea' id='block_1_51' title="bbox 1815 2262 3420 2340">
    <p class='ocr_par' dir='ltr' id='par_1_51' title="bbox 1815 2262 3420 2340">
     <span class='ocr_line' id='line_1_51' title="bbox 1815 2262 3420 2340; baseline -0.005 -12"><span class='ocrx_word' id='word_1_357' title='bbox 1815 2270 1941 2337; x_wconf 78' lang='lat'><strong><em>356,</em></strong></span> <span class='ocrx_word' id='word_1_358' title='bbox 1968 2271 2061 2325; x_wconf 85' lang='lat' dir='ltr'><strong><em>lin.</em></strong></span> <span class='ocrx_word' id='word_1_359' title='bbox 2086 2268 2154 2325; x_wconf 89' lang='grc'><strong>16</strong></span> <span class='ocrx_word' id='word_1_360' title='bbox 2180 2279 2227 2323; x_wconf 90' lang='lat' dir='ltr'><strong><em>et</em></strong></span> <span class='ocrx_word' id='word_1_361' title='bbox 2251 2266 2469 2340; x_wconf 68' lang='lat' dir='ltr'><strong><em>seqq.).i</em></strong></span> <span class='ocrx_word' id='word_1_362' title='bbox 2501 2266 2583 2321; x_wconf 82' lang='lat' dir='ltr'><strong><em>Ad</em></strong></span> <span class='ocrx_word' id='word_1_363' title='bbox 2611 2280 2706 2321; x_wconf 89' lang='lat' dir='ltr'><strong><em>eos</em></strong></span> <span class='ocrx_word' id='word_1_364' title='bbox 2736 2266 2916 2335; x_wconf 87' lang='lat' dir='ltr'><strong><em>itaque</em></strong></span> <span class='ocrx_word' id='word_1_365' title='bbox 2929 2279 3202 2331; x_wconf 89' lang='lat' dir='ltr'><strong><em>reversus,</em></strong></span> <span class='ocrx_word' id='word_1_366' title='bbox 3223 2262 3420 2334; x_wconf 81' lang='lat' dir='ltr'><strong><em>vigiliis</em></strong></span> 
     </span>
    </p>
   </div>
   <div class='ocr_carea' id='block_1_52' title="bbox 1815 2356 3421 2421">
    <p class='ocr_par' dir='ltr' id='par_1_52' title="bbox 1815 2356 3421 2421">
     <span class='ocr_line' id='line_1_52' title="bbox 1815 2356 3421 2421; baseline -0.005 -1"><span class='ocrx_word' id='word_1_367' title='bbox 1815 2374 1871 2421; x_wconf 87' lang='lat' dir='ltr'><strong><em>et</em></strong></span> <span class='ocrx_word' id='word_1_368' title='bbox 1913 2364 2088 2419; x_wconf 89' lang='lat' dir='ltr'><strong><em>inedia</em></strong></span> <span class='ocrx_word' id='word_1_369' title='bbox 2136 2372 2359 2417; x_wconf 86' lang='lat' dir='ltr'><strong><em>necatus</em></strong></span> <span class='ocrx_word' id='word_1_370' title='bbox 2397 2369 2499 2415; x_wconf 90' lang='lat' dir='ltr'><strong><em>est.</em></strong></span> <span class='ocrx_word' id='word_1_371' title='bbox 2552 2358 2765 2415; x_wconf 83' lang='lat' dir='ltr'><strong><em>Videsis</em></strong></span> <span class='ocrx_word' id='word_1_372' title='bbox 2798 2357 3049 2414; x_wconf 90' lang='lat' dir='ltr'><strong><em>eumdem</em></strong></span> <span class='ocrx_word' id='word_1_373' title='bbox 3103 2356 3421 2412; x_wconf 87' lang='lat' dir='ltr'><strong><em>Ciceronem</em></strong></span> 
     </span>
    </p>
   </div>
   <div class='ocr_carea' id='block_1_53' title="bbox 1816 2452 3424 2524">
    <p class='ocr_par' dir='ltr' id='par_1_53' title="bbox 1816 2452 3424 2524">
     <span class='ocr_line' id='line_1_53' title="bbox 1816 2452 3424 2524; baseline -0.002 -13"><span class='ocrx_word' id='word_1_374' title='bbox 1816 2458 1912 2513; x_wconf 90' lang='lat' dir='ltr'><strong><em>lib.</em></strong></span> <span class='ocrx_word' id='word_1_375' title='bbox 1939 2473 1972 2511; x_wconf 88' lang='lat' dir='ltr'><strong><em>v</em></strong></span> <span class='ocrx_word' id='word_1_376' title='bbox 1998 2458 2061 2510; x_wconf 85' lang='lat' dir='ltr'><strong><em>de</em></strong></span> <span class='ocrx_word' id='word_1_377' title='bbox 2091 2454 2288 2520; x_wconf 85' lang='lat' dir='ltr'><strong><em>Finib.,</em></strong></span> <span class='ocrx_word' id='word_1_378' title='bbox 2337 2469 2456 2524; x_wconf 89' lang='lat' dir='ltr'><strong><em>pag.</em></strong></span> <span class='ocrx_word' id='word_1_379' title='bbox 2483 2453 2608 2518; x_wconf 81' lang='lat' dir='ltr'><strong><em>H2,</em></strong></span> <span class='ocrx_word' id='word_1_380' title='bbox 2646 2462 2807 2523; x_wconf 90' lang='lat' dir='ltr'><strong><em>atque</em></strong></span> <span class='ocrx_word' id='word_1_381' title='bbox 2830 2452 3095 2522; x_wconf 88' lang='lat' dir='ltr'><strong><em>imprimis</em></strong></span> <span class='ocrx_word' id='word_1_382' title='bbox 3135 2452 3228 2508; x_wconf 88' lang='lat' dir='ltr'><strong><em>lib.</em></strong></span> <span class='ocrx_word' id='word_1_383' title='bbox 3263 2467 3320 2507; x_wconf 89' lang='grc' dir='ltr'><strong><em>ιιι</em></strong></span> <span class='ocrx_word' id='word_1_384' title='bbox 3359 2452 3424 2507; x_wconf 80' lang='lat' dir='ltr'><strong><em>tle</em></strong></span> 
     </span>
    </p>
   </div>
   <div class='ocr_carea' id='block_1_54' title="bbox 1824 2542 3417 2619">
    <p class='ocr_par' dir='ltr' id='par_1_54' title="bbox 1824 2542 3417 2619">
     <span class='ocr_line' id='line_1_54' title="bbox 1824 2542 3417 2619; baseline -0.003 -17"><span class='ocrx_word' id='word_1_385' title='bbox 1824 2548 1995 2619; x_wconf 82' lang='lat' dir='ltr'><strong><em>0/)ic.,</em></strong></span> <span class='ocrx_word' id='word_1_386' title='bbox 2026 2561 2148 2618; x_wconf 81' lang='lat' dir='ltr'><strong><em>pag.</em></strong></span> <span class='ocrx_word' id='word_1_387' title='bbox 2178 2546 2278 2600; x_wconf 71' lang='grc'><strong><em>401</em></strong></span> <span class='ocrx_word' id='word_1_388' title='bbox 2333 2554 2379 2598; x_wconf 88' lang='lat' dir='ltr'><strong><em>et</em></strong></span> <span class='ocrx_word' id='word_1_389' title='bbox 2406 2560 2511 2615; x_wconf 83' lang='lat' dir='ltr'><strong><em>seq.</em></strong></span> <span class='ocrx_word' id='word_1_390' title='bbox 2541 2542 2721 2600; x_wconf 82' lang='lat' dir='ltr'><strong><em>Valer.</em></strong></span> <span class='ocrx_word' id='word_1_391' title='bbox 2767 2542 2934 2609; x_wconf 80' lang='lat' dir='ltr'><strong><em>Max.,</em></strong></span> <span class='ocrx_word' id='word_1_392' title='bbox 2964 2542 3057 2598; x_wconf 88' lang='lat' dir='ltr'><strong><em>lib.</em></strong></span> <span class='ocrx_word' id='word_1_393' title='bbox 3085 2559 3125 2607; x_wconf 87' lang='grc' dir='ltr'><strong><em>ι,</em></strong></span> <span class='ocrx_word' id='word_1_394' title='bbox 3152 2557 3272 2613; x_wconf 88' lang='lat' dir='ltr'><strong><em>cap.</em></strong></span> <span class='ocrx_word' id='word_1_395' title='bbox 3304 2543 3356 2609; x_wconf 93' lang='grc'>1,</span> <span class='ocrx_word' id='word_1_396' title='bbox 3388 2543 3417 2614; x_wconf 85' lang='lat'>§</span> 
     </span>
    </p>
   </div>
   <div class='ocr_carea' id='block_1_55' title="bbox 1821 2633 3420 2709">
    <p class='ocr_par' dir='ltr' id='par_1_55' title="bbox 1821 2633 3420 2709">
     <span class='ocr_line' id='line_1_55' title="bbox 1821 2633 3420 2709; baseline -0.004 -14"><span class='ocrx_word' id='word_1_397' title='bbox 1821 2640 1914 2706; x_wconf 72' lang='grc'><strong><em>14,</em></strong></span> <span class='ocrx_word' id='word_1_398' title='bbox 1946 2657 1997 2709; x_wconf 91' lang='lat' dir='ltr'><strong><em>p.</em></strong></span> <span class='ocrx_word' id='word_1_399' title='bbox 2030 2639 2118 2694; x_wconf 81' lang='grc'><strong><em>15.</em></strong></span> <span class='ocrx_word' id='word_1_400' title='bbox 2161 2636 2500 2705; x_wconf 86' lang='lat' dir='ltr'><strong><em>Eutropium,</em></strong></span> <span class='ocrx_word' id='word_1_401' title='bbox 2529 2634 2622 2689; x_wconf 91' lang='lat' dir='ltr'><strong><em>lib.</em></strong></span> <span class='ocrx_word' id='word_1_402' title='bbox 2651 2650 2690 2689; x_wconf 89' lang='grc' dir='ltr'><strong><em>ιι</em></strong></span> <span class='ocrx_word' id='word_1_403' title='bbox 2720 2633 2921 2689; x_wconf 79' lang='lat' dir='ltr'><strong><em>Hister.</em></strong></span> <span class='ocrx_word' id='word_1_404' title='bbox 2949 2633 3102 2689; x_wconf 88' lang='lat' dir='ltr'><strong><em>Rom.</em></strong></span> <span class='ocrx_word' id='word_1_405' title='bbox 3140 2634 3420 2690; x_wconf 86' lang='lat' dir='ltr'><strong><em>Aurelium</em></strong></span> 
     </span>
    </p>
   </div>
   <div class='ocr_carea' id='block_1_56' title="bbox 1822 2723 3416 2797">
    <p class='ocr_par' dir='ltr' id='par_1_56' title="bbox 1822 2723 3416 2797">
     <span class='ocr_line' id='line_1_56' title="bbox 1822 2723 3416 2797; baseline -0.006 -9"><span class='ocrx_word' id='word_1_406' title='bbox 1822 2732 2097 2788; x_wconf 77' lang='lat' dir='ltr'><strong><em>Victorem</em></strong></span> <span class='ocrx_word' id='word_1_407' title='bbox 2127 2731 2190 2784; x_wconf 86' lang='lat' dir='ltr'><strong><em>de</em></strong></span> <span class='ocrx_word' id='word_1_408' title='bbox 2228 2727 2364 2783; x_wconf 86' lang='lat' dir='ltr'><strong><em>Viris</em></strong></span> <span class='ocrx_word' id='word_1_409' title='bbox 2402 2726 2707 2793; x_wconf 82' lang='lat' dir='ltr'><strong><em>illustribus,</em></strong></span> <span class='ocrx_word' id='word_1_410' title='bbox 2753 2740 2877 2797; x_wconf 85' lang='lat' dir='ltr'><strong><em>pag.</em></strong></span> <span class='ocrx_word' id='word_1_411' title='bbox 2911 2723 3038 2781; x_wconf 82' lang='lat'><strong><em>605.</em></strong></span> <span class='ocrx_word' id='word_1_412' title='bbox 3063 2725 3129 2780; x_wconf 84' lang='lat' dir='ltr'><strong><em>A.</em></strong></span> <span class='ocrx_word' id='word_1_413' title='bbox 3160 2724 3416 2790; x_wconf 87' lang='lat' dir='ltr'><strong><em>Gellium,</em></strong></span> 
     </span>
    </p>
   </div>
   <div class='ocr_carea' id='block_1_57' title="bbox 1821 2816 3423 2888">
    <p class='ocr_par' dir='ltr' id='par_1_57' title="bbox 1821 2816 3423 2888">
     <span class='ocr_line' id='line_1_57' title="bbox 1821 2816 3423 2888; baseline -0.006 -7"><span class='ocrx_word' id='word_1_414' title='bbox 1821 2825 1914 2881; x_wconf 91' lang='lat' dir='ltr'><strong><em>lib.</em></strong></span> <span class='ocrx_word' id='word_1_415' title='bbox 1944 2841 2000 2880; x_wconf 72' lang='grc' dir='ltr'>γι</span> <span class='ocrx_word' id='word_1_416' title='bbox 2050 2821 2208 2878; x_wconf 85' lang='lat' dir='ltr'><strong><em>Noct.</em></strong></span> <span class='ocrx_word' id='word_1_417' title='bbox 2262 2821 2427 2887; x_wconf 86' lang='lat' dir='ltr'><strong><em>attic.,</em></strong></span> <span class='ocrx_word' id='word_1_418' title='bbox 2457 2834 2576 2888; x_wconf 87' lang='lat' dir='ltr'><strong><em>cap.</em></strong></span> <span class='ocrx_word' id='word_1_419' title='bbox 2633 2820 2683 2874; x_wconf 69' lang='grc'><strong>4.</strong></span> <span class='ocrx_word' id='word_1_420' title='bbox 2722 2816 2942 2873; x_wconf 85' lang='lat' dir='ltr'><strong><em>Florum</em></strong></span> <span class='ocrx_word' id='word_1_421' title='bbox 2966 2858 2980 2881; x_wconf 86' lang='lat'><strong><em>,</em></strong></span> <span class='ocrx_word' id='word_1_422' title='bbox 3014 2818 3103 2871; x_wconf 79' lang='lat' dir='ltr'><strong><em>lib.</em></strong></span> <span class='ocrx_word' id='word_1_423' title='bbox 3139 2833 3195 2884; x_wconf 86' lang='grc' dir='ltr'><strong><em>ιι,</em></strong></span> <span class='ocrx_word' id='word_1_424' title='bbox 3221 2835 3336 2888; x_wconf 87' lang='lat' dir='ltr'><strong><em>cap.</em></strong></span> <span class='ocrx_word' id='word_1_425' title='bbox 3365 2817 3423 2872; x_wconf 87' lang='lat'><strong><em>2.</em></strong></span> 
     </span>
    </p>
   </div>
   <div class='ocr_carea' id='block_1_58' title="bbox 1821 2910 3422 2984">
    <p class='ocr_par' dir='ltr' id='par_1_58' title="bbox 1821 2910 3422 2984">
     <span class='ocr_line' id='line_1_58' title="bbox 1821 2910 3422 2984; baseline -0.005 -8"><span class='ocrx_word' id='word_1_426' title='bbox 1821 2919 2083 2976; x_wconf 81' lang='lat' dir='ltr'><strong><em>Senecam</em></strong></span> <span class='ocrx_word' id='word_1_427' title='bbox 2116 2959 2132 2984; x_wconf 93' lang='lat'><strong><em>,</em></strong></span> <span class='ocrx_word' id='word_1_428' title='bbox 2176 2916 2270 2973; x_wconf 90' lang='lat' dir='ltr'><strong><em>lib.</em></strong></span> <span class='ocrx_word' id='word_1_429' title='bbox 2326 2914 2390 2969; x_wconf 85' lang='lat' dir='ltr'><strong><em>de</em></strong></span> <span class='ocrx_word' id='word_1_430' title='bbox 2438 2912 2759 2978; x_wconf 82' lang='lat' dir='ltr'><strong><em>l’ravident.,</em></strong></span> <span class='ocrx_word' id='word_1_431' title='bbox 2802 2926 2921 2982; x_wconf 89' lang='lat' dir='ltr'><strong><em>cap.</em></strong></span> <span class='ocrx_word' id='word_1_432' title='bbox 2985 2912 3094 2977; x_wconf 77' lang='grc'><strong><em>15,</em></strong></span> <span class='ocrx_word' id='word_1_433' title='bbox 3142 2910 3422 2981; x_wconf 81' lang='lat' dir='ltr'><strong><em>pag.272.</em></strong></span> 
     </span>
    </p>
   </div>
   <div class='ocr_carea' id='block_1_59' title="bbox 1821 3004 3419 3085">
    <p class='ocr_par' dir='ltr' id='par_1_59' title="bbox 1821 3004 3419 3085">
     <span class='ocr_line' id='line_1_59' title="bbox 1821 3004 3419 3085; baseline -0.006 -16"><span class='ocrx_word' id='word_1_434' title='bbox 1821 3015 1985 3085; x_wconf 84' lang='lat' dir='ltr'><strong><em>Aug.,</em></strong></span> <span class='ocrx_word' id='word_1_435' title='bbox 2031 3011 2124 3068; x_wconf 93' lang='lat' dir='ltr'><strong><em>lib.</em></strong></span> <span class='ocrx_word' id='word_1_436' title='bbox 2155 3026 2171 3065; x_wconf 90' lang='grc' dir='ltr'><strong><em>ι</em></strong></span> <span class='ocrx_word' id='word_1_437' title='bbox 2200 3010 2262 3066; x_wconf 85' lang='lat' dir='ltr'><strong><em>de</em></strong></span> <span class='ocrx_word' id='word_1_438' title='bbox 2283 3006 2634 3076; x_wconf 85' lang='lat' dir='ltr'><strong><em>Civitat.,cap.</em></strong></span> <span class='ocrx_word' id='word_1_439' title='bbox 2654 3007 2742 3069; x_wconf 81' lang='grc'><strong>15.</strong></span> <span class='ocrx_word' id='word_1_440' title='bbox 2766 3004 2993 3077; x_wconf 82' lang='lat' dir='ltr'><strong><em>pag.l5;</em></strong></span> <span class='ocrx_word' id='word_1_441' title='bbox 3024 3019 3143 3075; x_wconf 85' lang='lat' dir='ltr'><strong><em>cap.</em></strong></span> <span class='ocrx_word' id='word_1_442' title='bbox 3171 3005 3264 3071; x_wconf 62' lang='lat'><strong><em>24,</em></strong></span> <span class='ocrx_word' id='word_1_443' title='bbox 3296 3020 3419 3076; x_wconf 87' lang='lat' dir='ltr'><strong><em>pag.</em></strong></span> 
     </span>
    </p>
   </div>
   <div class='ocr_carea' id='block_1_60' title="bbox 1821 3097 3426 3175">
    <p class='ocr_par' dir='ltr' id='par_1_60' title="bbox 1821 3097 3426 3175">
     <span class='ocr_line' id='line_1_60' title="bbox 1821 3097 3426 3175; baseline -0.006 -13"><span class='ocrx_word' id='word_1_444' title='bbox 1821 3108 1914 3173; x_wconf 76' lang='lat'><strong><em>25;</em></strong></span> <span class='ocrx_word' id='word_1_445' title='bbox 1944 3106 2038 3161; x_wconf 91' lang='lat' dir='ltr'><strong><em>lib.</em></strong></span> <span class='ocrx_word' id='word_1_446' title='bbox 2068 3122 2125 3172; x_wconf 84' lang='grc' dir='ltr'><strong><em>ιι,</em></strong></span> <span class='ocrx_word' id='word_1_447' title='bbox 2155 3119 2255 3175; x_wconf 90' lang='lat' dir='ltr'><strong><em>cap</em></strong></span> <span class='ocrx_word' id='word_1_448' title='bbox 2307 3102 2397 3171; x_wconf 75' lang='lat'><strong>23,</strong></span> <span class='ocrx_word' id='word_1_449' title='bbox 2422 3116 2536 3171; x_wconf 87' lang='lat' dir='ltr'><strong><em>pag.</em></strong></span> <span class='ocrx_word' id='word_1_450' title='bbox 2570 3097 2657 3161; x_wconf 84' lang='lat'><strong><em>52,</em></strong></span> <span class='ocrx_word' id='word_1_451' title='bbox 2682 3108 2738 3154; x_wconf 92' lang='lat' dir='ltr'><strong><em>et</em></strong></span> <span class='ocrx_word' id='word_1_452' title='bbox 2764 3099 2857 3154; x_wconf 89' lang='lat' dir='ltr'><strong><em>lib.</em></strong></span> <span class='ocrx_word' id='word_1_453' title='bbox 2888 3113 2966 3165; x_wconf 88' lang='lat' dir='ltr'><strong><em>ut,</em></strong></span> <span class='ocrx_word' id='word_1_454' title='bbox 2997 3112 3117 3168; x_wconf 86' lang='lat' dir='ltr'><strong><em>cap.</em></strong></span> <span class='ocrx_word' id='word_1_455' title='bbox 3149 3100 3231 3161; x_wconf 81' lang='grc'><strong><em>18.</em></strong></span> <span class='ocrx_word' id='word_1_456' title='bbox 3259 3098 3426 3169; x_wconf 86' lang='lat' dir='ltr'><strong><em>p.76.</em></strong></span> 
     </span>
    </p>
   </div>
   <div class='ocr_carea' id='block_1_61' title="bbox 173 3191 1720 3289">
    <p class='ocr_par' dir='ltr' id='par_1_61' title="bbox 173 3213 1720 3289">
     <span class='ocr_line' id='line_1_61' title="bbox 173 3213 1720 3289; baseline -0.008 -11"><span class='ocrx_word' id='word_1_457' title='bbox 173 3237 256 3278; x_wconf 82' lang='lat' dir='ltr'><strong><em>non</em></strong></span> <span class='ocrx_word' id='word_1_458' title='bbox 294 3226 437 3280; x_wconf 82' lang='lat' dir='ltr'><strong><em>semel</em></strong></span> <span class='ocrx_word' id='word_1_459' title='bbox 464 3223 677 3289; x_wconf 90' lang='lat' dir='ltr'><strong><em>fractis,</em></strong></span> <span class='ocrx_word' id='word_1_460' title='bbox 709 3231 948 3277; x_wconf 82' lang='lat' dir='ltr'><strong><em>stantem</em></strong></span> <span class='ocrx_word' id='word_1_461' title='bbox 988 3217 1343 3274; x_wconf 85' lang='lat' dir='ltr'><strong><em>nihilominus</em></strong></span> <span class='ocrx_word' id='word_1_462' title='bbox 1370 3215 1511 3270; x_wconf 89' lang='lat' dir='ltr'><strong><em>inter</em></strong></span> <span class='ocrx_word' id='word_1_463' title='bbox 1537 3213 1720 3268; x_wconf 90' lang='lat' dir='ltr'><strong><em>ruinas</em></strong></span> 
     </span>
    </p>
   </div>
   <div class='ocr_carea' id='block_1_62' title="bbox 1899 3191 3421 3289">
    <p class='ocr_par' dir='ltr' id='par_1_62' title="bbox 1899 3191 3421 3269">
     <span class='ocr_line' id='line_1_62' title="bbox 1899 3191 3421 3269; baseline -0.001 -19"><span class='ocrx_word' id='word_1_464' title='bbox 1899 3227 1901 3250; x_wconf 68' lang='grc' dir='ltr'>ε</span> <span class='ocrx_word' id='word_1_465' title='bbox 1938 3212 2165 3269; x_wconf 85' lang='lat' dir='ltr'><strong><em>utroque</em></strong></span> <span class='ocrx_word' id='word_1_466' title='bbox 2194 3208 2404 3257; x_wconf 79' lang='lat' dir='ltr'><strong><em>autent.</em></strong></span> <span class='ocrx_word' id='word_1_467' title='bbox 2441 3194 2679 3251; x_wconf 56' lang='lat' dir='ltr'><strong><em>Scaurola</em></strong></span> <span class='ocrx_word' id='word_1_468' title='bbox 2721 3203 2775 3250; x_wconf 89' lang='lat' dir='ltr'><strong><em>et</em></strong></span> <span class='ocrx_word' id='word_1_469' title='bbox 2820 3192 3043 3263; x_wconf 79' lang='lat' dir='ltr'><strong><em>Regulo,</em></strong></span> <span class='ocrx_word' id='word_1_470' title='bbox 3074 3191 3290 3256; x_wconf 89' lang='lat' dir='ltr'><strong><em>Cicero,</em></strong></span> <span class='ocrx_word' id='word_1_471' title='bbox 3322 3191 3421 3248; x_wconf 88' lang='lat' dir='ltr'><strong><em>lib.</em></strong></span> 
     </span>
    </p>
   </div>
   <div class='ocr_carea' id='block_1_63' title="bbox 170 3284 1720 3384">
    <p class='ocr_par' dir='ltr' id='par_1_63' title="bbox 170 3284 1716 3384">
     <span class='ocr_line' id='line_1_63' title="bbox 170 3284 1716 3384; baseline -0.007 -14"><span class='ocrx_word' id='word_1_472' title='bbox 170 3316 361 3383; x_wconf 74' lang='lat' dir='ltr'><strong><em>publicas</em></strong></span> <span class='ocrx_word' id='word_1_473' title='bbox 407 3284 735 3374; x_wconf 25' lang='lat' dir='ltr'><strong><em>rectumnv...</em></strong></span> <span class='ocrx_word' id='word_1_474' title='bbox 790 3313 985 3384; x_wconf 87' lang='lat' dir='ltr'><strong><em>Liquet</em></strong></span> <span class='ocrx_word' id='word_1_475' title='bbox 1021 3311 1152 3367; x_wconf 89' lang='lat' dir='ltr'><strong><em>mihi</em></strong></span> <span class='ocrx_word' id='word_1_476' title='bbox 1200 3324 1323 3365; x_wconf 90' lang='lat' dir='ltr'><strong><em>cum</em></strong></span> <span class='ocrx_word' id='word_1_477' title='bbox 1371 3321 1565 3378; x_wconf 90' lang='lat' dir='ltr'><strong><em>magno</em></strong></span> <span class='ocrx_word' id='word_1_478' title='bbox 1594 3321 1716 3376; x_wconf 88' lang='lat' dir='ltr'><strong><em>spe-</em></strong></span> 
     </span>
    </p>
   </div>
   <div class='ocr_carea' id='block_1_64' title="bbox 1899 3284 3422 3384">
    <p class='ocr_par' dir='ltr' id='par_1_64' title="bbox 1904 3284 3422 3362">
     <span class='ocr_line' id='line_1_64' title="bbox 1904 3284 3422 3362; baseline -0.003 -16"><span class='ocrx_word' id='word_1_479' title='bbox 1904 3292 1968 3346; x_wconf 84' lang='lat' dir='ltr'><strong><em>de</em></strong></span> <span class='ocrx_word' id='word_1_480' title='bbox 1996 3290 2167 3362; x_wconf 76' lang='lat' dir='ltr'><strong><em>0ﬂic.,</em></strong></span> <span class='ocrx_word' id='word_1_481' title='bbox 2197 3305 2317 3361; x_wconf 85' lang='lat' dir='ltr'><strong><em>pag.</em></strong></span> <span class='ocrx_word' id='word_1_482' title='bbox 2340 3288 2467 3344; x_wconf 80' lang='lat'><strong>252.</strong></span> <span class='ocrx_word' id='word_1_483' title='bbox 2511 3287 2779 3351; x_wconf 86' lang='lat' dir='ltr'><strong><em>Laetant.,</em></strong></span> <span class='ocrx_word' id='word_1_484' title='bbox 2808 3284 2903 3340; x_wconf 89' lang='lat' dir='ltr'><strong><em>lib.</em></strong></span> <span class='ocrx_word' id='word_1_485' title='bbox 2947 3299 2998 3351; x_wconf 79' lang='grc' dir='ltr'>ν,</span> <span class='ocrx_word' id='word_1_486' title='bbox 3025 3298 3144 3354; x_wconf 81' lang='lat' dir='ltr'><strong><em>cap.</em></strong></span> <span class='ocrx_word' id='word_1_487' title='bbox 3179 3284 3267 3351; x_wconf 78' lang='grc'><strong><em>15,</em></strong></span> <span class='ocrx_word' id='word_1_488' title='bbox 3298 3299 3422 3356; x_wconf 82' lang='lat' dir='ltr'><strong><em>pag.</em></strong></span> 
     </span>
    </p>
   </div>
   <div class='ocr_carea' id='block_1_65' title="bbox 168 3376 3428 3480">
    <p class='ocr_par' dir='ltr' id='par_1_65' title="bbox 168 3376 3428 3480">
     <span class='ocr_line' id='line_1_65' title="bbox 168 3376 3428 3480; baseline -0.006 -28"><span class='ocrx_word' id='word_1_489' title='bbox 168 3376 307 3464; x_wconf 60' lang='lat' dir='ltr'><strong><em>eum</em></strong></span> <span class='ocrx_word' id='word_1_490' title='bbox 328 3410 512 3480; x_wconf 60' lang='lat' dir='ltr'><strong>gaudio</strong></span> <span class='ocrx_word' id='word_1_491' title='bbox 543 3408 700 3473; x_wconf 49' lang='lat' dir='ltr'><strong><em>deos,</em></strong></span> <span class='ocrx_word' id='word_1_492' title='bbox 733 3376 1004 3475; x_wconf 45' lang='lat' dir='ltr'><strong><em>cum-jam</em></strong></span> <span class='ocrx_word' id='word_1_493' title='bbox 1046 3403 1136 3458; x_wconf 69' lang='lat' dir='ltr'><strong><em>ille</em></strong></span> <span class='ocrx_word' id='word_1_494' title='bbox 1165 3401 1268 3469; x_wconf 61' lang='lat' dir='ltr'><strong>vir,</strong></span> <span class='ocrx_word' id='word_1_495' title='bbox 1301 3376 1596 3480; x_wconf 59' lang='lat' dir='ltr'><strong><em>acerrimus</em></strong></span> <span class='ocrx_word' id='word_1_496' title='bbox 1636 3398 1718 3454; x_wconf 82' lang='lat' dir='ltr'><strong><em>sui</em></strong></span> <span class='ocrx_word' id='word_1_497' title='bbox 1819 3386 1945 3443; x_wconf 68' lang='lat'><strong><em>496.</em></strong></span> <span class='ocrx_word' id='word_1_498' title='bbox 1966 3381 2630 3480; x_wconf 41' lang='lat' dir='ltr'><strong><em>Tertulliani.,hApolqget”</em></strong></span> <span class='ocrx_word' id='word_1_499' title='bbox 2662 3395 2780 3450; x_wconf 87' lang='lat' dir='ltr'><strong><em>cap.</em></strong></span> <span class='ocrx_word' id='word_1_500' title='bbox 2824 3378 2916 3480; x_wconf 50' lang='lat'><strong><em>50,</em></strong></span> <span class='ocrx_word' id='word_1_501' title='bbox 2946 3387 3001 3434; x_wconf 85' lang='lat' dir='ltr'><strong><em>et</em></strong></span> <span class='ocrx_word' id='word_1_502' title='bbox 3029 3378 3125 3434; x_wconf 88' lang='lat' dir='ltr'><strong><em>lib.</em></strong></span> <span class='ocrx_word' id='word_1_503' title='bbox 3173 3378 3243 3432; x_wconf 85' lang='lat' dir='ltr'><strong><em>ad</em></strong></span> <span class='ocrx_word' id='word_1_504' title='bbox 3257 3376 3428 3480; x_wconf 43' lang='lat' dir='ltr'><strong><em>.Mur-</em></strong></span> 
     </span>
    </p>
   </div>
   <div class='ocr_carea' id='block_1_66' title="bbox 168 3476 1720 3569">
    <p class='ocr_par' dir='ltr' id='par_1_66' title="bbox 168 3476 1720 3569">
     <span class='ocr_line' id='line_1_66' title="bbox 168 3476 1720 3569; baseline -0.006 -12"><span class='ocrx_word' id='word_1_505' title='bbox 168 3476 354 3569; x_wconf 65' lang='lat' dir='ltr'><strong><em>vindex,</em></strong></span> <span class='ocrx_word' id='word_1_506' title='bbox 384 3504 573 3559; x_wconf 61' lang='lat' dir='ltr'><strong><em>aliena&#39;</em></strong></span> <span class='ocrx_word' id='word_1_507' title='bbox 612 3501 774 3557; x_wconf 88' lang='lat' dir='ltr'><strong><em>saluti</em></strong></span> <span class='ocrx_word' id='word_1_508' title='bbox 805 3499 1070 3565; x_wconf 87' lang='lat' dir='ltr'><strong><em>consulit,</em></strong></span> <span class='ocrx_word' id='word_1_509' title='bbox 1102 3506 1158 3553; x_wconf 90' lang='lat' dir='ltr'><strong><em>et</em></strong></span> <span class='ocrx_word' id='word_1_510' title='bbox 1197 3495 1414 3550; x_wconf 89' lang='lat' dir='ltr'><strong><em>instruit</em></strong></span> <span class='ocrx_word' id='word_1_511' title='bbox 1436 3476 1720 3569; x_wconf 84' lang='lat' dir='ltr'><strong><em>disceden-</em></strong></span> 
     </span>
    </p>
   </div>
   <div class='ocr_carea' id='block_1_67' title="bbox 168 3587 1716 3665">
    <p class='ocr_par' dir='ltr' id='par_1_67' title="bbox 168 3587 1716 3665">
     <span class='ocr_line' id='line_1_67' title="bbox 168 3587 1716 3665; baseline -0.004 -19"><span class='ocrx_word' id='word_1_512' title='bbox 168 3592 270 3648; x_wconf 84' lang='lat' dir='ltr'><strong><em>tiutn</em></strong></span> <span class='ocrx_word' id='word_1_513' title='bbox 293 3595 646 3665; x_wconf 86' lang='lat' dir='ltr'><strong><em>fugam;dum</em></strong></span> <span class='ocrx_word' id='word_1_514' title='bbox 668 3594 831 3650; x_wconf 88' lang='lat' dir='ltr'><strong><em>etiam</em></strong></span> <span class='ocrx_word' id='word_1_515' title='bbox 876 3590 1051 3648; x_wconf 87' lang='lat' dir='ltr'><strong><em>studia</em></strong></span> <span class='ocrx_word' id='word_1_516' title='bbox 1090 3600 1250 3645; x_wconf 88' lang='lat' dir='ltr'><strong><em>noete</em></strong></span> <span class='ocrx_word' id='word_1_517' title='bbox 1289 3587 1476 3643; x_wconf 88' lang='lat' dir='ltr'><strong><em>ultima</em></strong></span> <span class='ocrx_word' id='word_1_518' title='bbox 1506 3593 1716 3651; x_wconf 86' lang='lat' dir='ltr'><strong><em>tractat,</em></strong></span> 
     </span>
    </p>
   </div>
   <div class='ocr_carea' id='block_1_68' title="bbox 166 3672 1725 3760">
    <p class='ocr_par' dir='ltr' id='par_1_68' title="bbox 166 3672 1725 3760">
     <span class='ocr_line' id='line_1_68' title="bbox 166 3672 1725 3760; baseline -0.004 -21"><span class='ocrx_word' id='word_1_519' title='bbox 166 3683 266 3741; x_wconf 82' lang='lat' dir='ltr'><strong><em>dum</em></strong></span> <span class='ocrx_word' id='word_1_520' title='bbox 295 3689 518 3760; x_wconf 83' lang='lat' dir='ltr'><strong><em>gladium</em></strong></span> <span class='ocrx_word' id='word_1_521' title='bbox 558 3702 717 3744; x_wconf 90' lang='lat' dir='ltr'><strong><em>sacro</em></strong></span> <span class='ocrx_word' id='word_1_522' title='bbox 762 3672 976 3756; x_wconf 74' lang='lat' dir='ltr'><strong><em>pectori</em></strong></span> <span class='ocrx_word' id='word_1_523' title='bbox 1003 3684 1133 3755; x_wconf 84' lang='lat' dir='ltr'><strong><em>figit,</em></strong></span> <span class='ocrx_word' id='word_1_524' title='bbox 1159 3682 1286 3738; x_wconf 90' lang='lat' dir='ltr'><strong><em>dum</em></strong></span> <span class='ocrx_word' id='word_1_525' title='bbox 1330 3682 1537 3737; x_wconf 88' lang='lat' dir='ltr'><strong><em>viscera</em></strong></span> <span class='ocrx_word' id='word_1_526' title='bbox 1569 3694 1725 3750; x_wconf 90' lang='lat' dir='ltr'><strong><em>spar-</em></strong></span> 
     </span>
    </p>
   </div>
   <div class='ocr_carea' id='block_1_69' title="bbox 168 3772 1723 3848">
    <p class='ocr_par' dir='ltr' id='par_1_69' title="bbox 168 3772 1723 3848">
     <span class='ocr_line' id='line_1_69' title="bbox 168 3772 1723 3848; baseline -0.005 -15"><span class='ocrx_word' id='word_1_527' title='bbox 168 3776 326 3848; x_wconf 80' lang='lat' dir='ltr'><strong><em>git,et</em></strong></span> <span class='ocrx_word' id='word_1_528' title='bbox 376 3782 519 3838; x_wconf 87' lang='lat' dir='ltr'><strong><em>illam</em></strong></span> <span class='ocrx_word' id='word_1_529' title='bbox 558 3779 957 3836; x_wconf 84' lang='lat' dir='ltr'><strong><em>sanctissimam</em></strong></span> <span class='ocrx_word' id='word_1_530' title='bbox 1013 3778 1246 3832; x_wconf 86' lang='lat' dir='ltr'><strong><em>animam</em></strong></span> <span class='ocrx_word' id='word_1_531' title='bbox 1318 3772 1723 3844; x_wconf 80' lang='lat' dir='ltr'><strong><em>indignamque,</em></strong></span> 
     </span>
    </p>
   </div>
   <div class='ocr_carea' id='block_1_70' title="bbox 169 3864 1722 3938">
    <p class='ocr_par' dir='ltr' id='par_1_70' title="bbox 169 3864 1722 3938">
     <span class='ocr_line' id='line_1_70' title="bbox 169 3864 1722 3938; baseline -0.006 -12"><span class='ocrx_word' id='word_1_532' title='bbox 169 3885 263 3938; x_wconf 74' lang='lat' dir='ltr'><strong><em>qua:</em></strong></span> <span class='ocrx_word' id='word_1_533' title='bbox 297 3872 435 3930; x_wconf 89' lang='lat' dir='ltr'><strong><em>ferro</em></strong></span> <span class='ocrx_word' id='word_1_534' title='bbox 476 3874 958 3937; x_wconf 87' lang='lat' dir='ltr'><strong><em>contaminaretur,</em></strong></span> <span class='ocrx_word' id='word_1_535' title='bbox 985 3884 1145 3924; x_wconf 86' lang='lat' dir='ltr'><strong><em>manu</em></strong></span> <span class='ocrx_word' id='word_1_536' title='bbox 1187 3866 1386 3924; x_wconf 88' lang='lat' dir='ltr'><strong><em>educit.</em></strong></span> <span class='ocrx_word' id='word_1_537' title='bbox 1427 3883 1446 3916; x_wconf 81' lang='grc' dir='ltr'><strong><em>ι</em></strong></span> <span class='ocrx_word' id='word_1_538' title='bbox 1482 3864 1722 3936; x_wconf 61' lang='lat' dir='ltr'><strong><em>(Scaea,</em></strong></span> 
     </span>
    </p>
   </div>
   <div class='ocr_carea' id='block_1_71' title="bbox 174 3955 1727 4034">
    <p class='ocr_par' dir='ltr' id='par_1_71' title="bbox 174 3955 1727 4034">
     <span class='ocr_line' id='line_1_71' title="bbox 174 3955 1727 4034; baseline -0.001 -23"><span class='ocrx_word' id='word_1_539' title='bbox 174 3958 313 4018; x_wconf 83' lang='lat' dir='ltr'><strong><em>lib.de</em></strong></span> <span class='ocrx_word' id='word_1_540' title='bbox 336 3964 567 4029; x_wconf 79' lang='lat' dir='ltr'><strong><em>Prorid.,</em></strong></span> <span class='ocrx_word' id='word_1_541' title='bbox 594 3982 712 4034; x_wconf 86' lang='lat' dir='ltr'><strong><em>cap.</em></strong></span> <span class='ocrx_word' id='word_1_542' title='bbox 752 3962 810 4030; x_wconf 89' lang='lat'><strong><em>2,</em></strong></span> <span class='ocrx_word' id='word_1_543' title='bbox 841 3980 964 4034; x_wconf 88' lang='lat' dir='ltr'><strong><em>pag.</em></strong></span> <span class='ocrx_word' id='word_1_544' title='bbox 987 3959 1139 4031; x_wconf 65' lang='lat'><strong>492.)</strong></span> <span class='ocrx_word' id='word_1_545' title='bbox 1170 3960 1226 4016; x_wconf 91' lang='lat' dir='ltr'><strong><em>Si</em></strong></span> <span class='ocrx_word' id='word_1_546' title='bbox 1268 3961 1381 4013; x_wconf 67' lang='lat' dir='ltr'><strong><em>haec</em></strong></span> <span class='ocrx_word' id='word_1_547' title='bbox 1429 3955 1634 4012; x_wconf 84' lang='lat' dir='ltr'><strong><em>Seneca</em></strong></span> <span class='ocrx_word' id='word_1_548' title='bbox 1659 3955 1727 4010; x_wconf 89' lang='lat' dir='ltr'><strong><em>de</em></strong></span> 
     </span>
    </p>
   </div>
   <div class='ocr_carea' id='block_1_72' title="bbox 176 4046 1727 4120">
    <p class='ocr_par' dir='ltr' id='par_1_72' title="bbox 176 4046 1727 4120">
     <span class='ocr_line' id='line_1_72' title="bbox 176 4046 1727 4120; baseline -0.001 -17"><span class='ocrx_word' id='word_1_549' title='bbox 176 4053 354 4112; x_wconf 81' lang='lat' dir='ltr'><strong><em>ethnico</em></strong></span> <span class='ocrx_word' id='word_1_550' title='bbox 386 4056 502 4113; x_wconf 88' lang='lat' dir='ltr'><strong><em>forti</em></strong></span> <span class='ocrx_word' id='word_1_551' title='bbox 547 4057 789 4120; x_wconf 84' lang='lat' dir='ltr'><strong><em>homine,</em></strong></span> <span class='ocrx_word' id='word_1_552' title='bbox 830 4054 883 4110; x_wconf 91' lang='lat' dir='ltr'><strong><em>in</em></strong></span> <span class='ocrx_word' id='word_1_553' title='bbox 913 4064 993 4109; x_wconf 89' lang='lat' dir='ltr'><strong><em>tot</em></strong></span> <span class='ocrx_word' id='word_1_554' title='bbox 1033 4050 1272 4108; x_wconf 84' lang='lat' dir='ltr'><strong><em>adversis</em></strong></span> <span class='ocrx_word' id='word_1_555' title='bbox 1319 4049 1634 4115; x_wconf 84' lang='lat' dir='ltr'><strong><em>constituto,</em></strong></span> <span class='ocrx_word' id='word_1_556' title='bbox 1658 4046 1727 4102; x_wconf 92' lang='lat' dir='ltr'><strong><em>de</em></strong></span> 
     </span>
    </p>
   </div>
   <div class='ocr_carea' id='block_1_73' title="bbox 180 4137 1726 4216">
    <p class='ocr_par' dir='ltr' id='par_1_73' title="bbox 180 4137 1726 4216">
     <span class='ocr_line' id='line_1_73' title="bbox 180 4137 1726 4216; baseline -0.006 -13"><span class='ocrx_word' id='word_1_557' title='bbox 180 4156 254 4199; x_wconf 69' lang='lat' dir='ltr'><strong><em>sua</em></strong></span> <span class='ocrx_word' id='word_1_558' title='bbox 274 4159 380 4216; x_wconf 87' lang='lat' dir='ltr'><strong><em>post</em></strong></span> <span class='ocrx_word' id='word_1_559' title='bbox 406 4151 532 4204; x_wconf 90' lang='lat' dir='ltr'><strong><em>hanc</em></strong></span> <span class='ocrx_word' id='word_1_560' title='bbox 551 4149 716 4203; x_wconf 87' lang='lat' dir='ltr'><strong><em>vitam</em></strong></span> <span class='ocrx_word' id='word_1_561' title='bbox 742 4155 891 4202; x_wconf 86' lang='lat' dir='ltr'><strong><em>sorte</em></strong></span> <span class='ocrx_word' id='word_1_562' title='bbox 915 4142 1339 4204; x_wconf 89' lang='lat' dir='ltr'><strong><em>incerto.dicere</em></strong></span> <span class='ocrx_word' id='word_1_563' title='bbox 1371 4141 1544 4213; x_wconf 90' lang='lat' dir='ltr'><strong><em>potuit</em></strong></span> <span class='ocrx_word' id='word_1_564' title='bbox 1562 4156 1577 4206; x_wconf 89' lang='lat'><strong>;</strong></span> <span class='ocrx_word' id='word_1_565' title='bbox 1598 4137 1726 4211; x_wconf 92' lang='lat' dir='ltr'><strong><em>quid</em></strong></span> 
     </span>
    </p>
   </div>
   <div class='ocr_carea' id='block_1_74' title="bbox 188 4233 1728 4308">
    <p class='ocr_par' dir='ltr' id='par_1_74' title="bbox 188 4233 1728 4308">
     <span class='ocr_line' id='line_1_74' title="bbox 188 4233 1728 4308; baseline -0.005 -15"><span class='ocrx_word' id='word_1_566' title='bbox 188 4233 325 4295; x_wconf 76' lang='lat' dir='ltr'><strong><em>dicere</em></strong></span> <span class='ocrx_word' id='word_1_567' title='bbox 338 4240 553 4296; x_wconf 87' lang='lat' dir='ltr'><strong><em>debebat</em></strong></span> <span class='ocrx_word' id='word_1_568' title='bbox 580 4240 651 4296; x_wconf 89' lang='lat' dir='ltr'><strong><em>de</em></strong></span> <span class='ocrx_word' id='word_1_569' title='bbox 669 4238 982 4295; x_wconf 87' lang='lat' dir='ltr'><strong><em>Christiano</em></strong></span> <span class='ocrx_word' id='word_1_570' title='bbox 1004 4247 1265 4308; x_wconf 84' lang='lat' dir='ltr'><strong><em>martyre,</em></strong></span> <span class='ocrx_word' id='word_1_571' title='bbox 1295 4234 1385 4305; x_wconf 90' lang='lat' dir='ltr'><strong><em>qui</em></strong></span> <span class='ocrx_word' id='word_1_572' title='bbox 1415 4243 1564 4288; x_wconf 92' lang='lat' dir='ltr'><strong><em>certo</em></strong></span> <span class='ocrx_word' id='word_1_573' title='bbox 1607 4246 1728 4287; x_wconf 88' lang='lat' dir='ltr'><strong><em>cer-</em></strong></span> 
     </span>
    </p>
   </div>
   <div class='ocr_carea' id='block_1_75' title="bbox 198 4325 1729 4391">
    <p class='ocr_par' dir='ltr' id='par_1_75' title="bbox 198 4325 1729 4391">
     <span class='ocr_line' id='line_1_75' title="bbox 198 4325 1729 4391; baseline -0.001 -8"><span class='ocrx_word' id='word_1_574' title='bbox 198 4325 281 4383; x_wconf 58' lang='grc' dir='ltr'><strong><em>ὼε</em></strong></span> <span class='ocrx_word' id='word_1_575' title='bbox 294 4335 487 4391; x_wconf 70' lang='lat' dir='ltr'><strong><em>navitae</em></strong></span> <span class='ocrx_word' id='word_1_576' title='bbox 515 4345 690 4390; x_wconf 86' lang='lat' dir='ltr'><strong><em>morte</em></strong></span> <span class='ocrx_word' id='word_1_577' title='bbox 715 4349 814 4390; x_wconf 87' lang='lat' dir='ltr'><strong><em>sua</em></strong></span> <span class='ocrx_word' id='word_1_578' title='bbox 845 4340 1101 4388; x_wconf 65' lang='lat' dir='ltr'><strong><em>aeternam</em></strong></span> <span class='ocrx_word' id='word_1_579' title='bbox 1135 4328 1442 4385; x_wconf 87' lang='lat' dir='ltr'><strong><em>felicitatem</em></strong></span> <span class='ocrx_word' id='word_1_580' title='bbox 1468 4340 1729 4383; x_wconf 87' lang='lat' dir='ltr'><strong><em>consecu—</em></strong></span> 
     </span>
    </p>
   </div>
   <div class='ocr_carea' id='block_1_76' title="bbox 208 4422 379 4476">
    <p class='ocr_par' dir='ltr' id='par_1_76' title="bbox 208 4422 379 4476">
     <span class='ocr_line' id='line_1_76' title="bbox 208 4422 379 4476; baseline 0.041 -6"><span class='ocrx_word' id='word_1_581' title='bbox 208 4422 379 4476; x_wconf 70' lang='lat' dir='ltr'><strong><em>mmml</em></strong></span> 
     </span>
    </p>
   </div>
   <div class='ocr_carea' id='block_1_77' title="bbox 263 4509 1730 4586">
    <p class='ocr_par' dir='ltr' id='par_1_77' title="bbox 263 4509 1730 4586">
     <span class='ocr_line' id='line_1_77' title="bbox 263 4509 1730 4586; baseline -0.002 -21"><span class='ocrx_word' id='word_1_582' title='bbox 263 4509 328 4566; x_wconf 82' lang='lat' dir='ltr'><strong><em>Ne</em></strong></span> <span class='ocrx_word' id='word_1_583' title='bbox 346 4525 479 4573; x_wconf 84' lang='lat' dir='ltr'><strong><em>autem</em></strong></span> <span class='ocrx_word' id='word_1_584' title='bbox 502 4518 758 4575; x_wconf 66' lang='lat' dir='ltr'><strong><em>Caecilius</em></strong></span> <span class='ocrx_word' id='word_1_585' title='bbox 803 4524 893 4571; x_wconf 90' lang='lat' dir='ltr'><strong><em>aut</em></strong></span> <span class='ocrx_word' id='word_1_586' title='bbox 945 4514 1082 4570; x_wconf 90' lang='lat' dir='ltr'><strong><em>alius</em></strong></span> <span class='ocrx_word' id='word_1_587' title='bbox 1108 4512 1325 4586; x_wconf 88' lang='lat' dir='ltr'><strong><em>gentilis</em></strong></span> <span class='ocrx_word' id='word_1_588' title='bbox 1341 4510 1606 4582; x_wconf 90' lang='lat' dir='ltr'><strong><em>quispiam</em></strong></span> <span class='ocrx_word' id='word_1_589' title='bbox 1632 4523 1730 4581; x_wconf 77' lang='lat' dir='ltr'><strong><em>op-</em></strong></span> 
     </span>
    </p>
   </div>
   <div class='ocr_carea' id='block_1_78' title="bbox 1821 3470 3433 3549">
    <p class='ocr_par' dir='ltr' id='par_1_78' title="bbox 1821 3470 3433 3549">
     <span class='ocr_line' id='line_1_78' title="bbox 1821 3470 3433 3549; baseline -0.003 -18"><span class='ocrx_word' id='word_1_590' title='bbox 1821 3486 1946 3549; x_wconf 83' lang='lat' dir='ltr'><strong><em>tyr.,</em></strong></span> <span class='ocrx_word' id='word_1_591' title='bbox 1977 3492 2096 3546; x_wconf 86' lang='lat' dir='ltr'><strong><em>cap.</em></strong></span> <span class='ocrx_word' id='word_1_592' title='bbox 2118 3477 2152 3533; x_wconf 72' lang='grc'>4</span> <span class='ocrx_word' id='word_1_593' title='bbox 2188 3486 2242 3531; x_wconf 90' lang='lat' dir='ltr'><strong><em>et</em></strong></span> <span class='ocrx_word' id='word_1_594' title='bbox 2271 3474 2426 3528; x_wconf 88' lang='lat' dir='ltr'><strong><em>alios.</em></strong></span> <span class='ocrx_word' id='word_1_595' title='bbox 2461 3472 2636 3529; x_wconf 92' lang='lat' dir='ltr'><strong><em>Unum</em></strong></span> <span class='ocrx_word' id='word_1_596' title='bbox 2684 3487 2844 3543; x_wconf 89' lang='lat' dir='ltr'><strong><em>porro</em></strong></span> <span class='ocrx_word' id='word_1_597' title='bbox 2870 3470 3151 3527; x_wconf 83' lang='lat' dir='ltr'><strong><em>dumtaxat</em></strong></span> <span class='ocrx_word' id='word_1_598' title='bbox 3184 3470 3433 3527; x_wconf 78' lang='lat' dir='ltr'><strong><em>anitrrad—</em></strong></span> 
     </span>
    </p>
   </div>
   <div class='ocr_carea' id='block_1_79' title="bbox 1824 3564 3432 3636">
    <p class='ocr_par' dir='ltr' id='par_1_79' title="bbox 1824 3564 3432 3636">
     <span class='ocr_line' id='line_1_79' title="bbox 1824 3564 3432 3636; baseline -0.003 -10"><span class='ocrx_word' id='word_1_599' title='bbox 1824 3580 2095 3626; x_wconf 86' lang='lat' dir='ltr'><strong><em>vertemus</em></strong></span> <span class='ocrx_word' id='word_1_600' title='bbox 2127 3567 2303 3622; x_wconf 89' lang='lat' dir='ltr'><strong><em>varias</em></strong></span> <span class='ocrx_word' id='word_1_601' title='bbox 2332 3564 2495 3621; x_wconf 87' lang='lat' dir='ltr'><strong><em>fuisse</em></strong></span> <span class='ocrx_word' id='word_1_602' title='bbox 2519 3564 2588 3621; x_wconf 89' lang='lat' dir='ltr'><strong><em>de</em></strong></span> <span class='ocrx_word' id='word_1_603' title='bbox 2630 3564 2820 3634; x_wconf 81' lang='lat' dir='ltr'><strong><em>Reguli</em></strong></span> <span class='ocrx_word' id='word_1_604' title='bbox 2850 3567 3026 3635; x_wconf 61' lang='lat' dir='ltr'><strong><em>poenis</em></strong></span> <span class='ocrx_word' id='word_1_605' title='bbox 3069 3565 3432 3636; x_wconf 87' lang='lat' dir='ltr'><strong><em>suppliciique</em></strong></span> 
     </span>
    </p>
   </div>
   <div class='ocr_carea' id='block_1_80' title="bbox 1825 3656 2928 3733">
    <p class='ocr_par' dir='ltr' id='par_1_80' title="bbox 1825 3656 2928 3733">
     <span class='ocr_line' id='line_1_80' title="bbox 1825 3656 2928 3733; baseline -0.007 -16"><span class='ocrx_word' id='word_1_606' title='bbox 1825 3675 2025 3733; x_wconf 90' lang='lat' dir='ltr'><strong><em>genere</em></strong></span> <span class='ocrx_word' id='word_1_607' title='bbox 2056 3658 2244 3714; x_wconf 92' lang='lat' dir='ltr'><strong><em>horum</em></strong></span> <span class='ocrx_word' id='word_1_608' title='bbox 2272 3656 2604 3728; x_wconf 90' lang='lat' dir='ltr'><strong><em>Scriptorum</em></strong></span> <span class='ocrx_word' id='word_1_609' title='bbox 2627 3656 2928 3728; x_wconf 90' lang='lat' dir='ltr'><strong><em>opiniones.</em></strong></span> 
     </span>
    </p>
   </div>
   <div class='ocr_carea' id='block_1_81' title="bbox 1899 3750 3440 3823">
    <p class='ocr_par' dir='ltr' id='par_1_81' title="bbox 1899 3750 3440 3823">
     <span class='ocr_line' id='line_1_81' title="bbox 1899 3750 3440 3823; baseline -0.001 -14"><span class='ocrx_word' id='word_1_610' title='bbox 1899 3754 2168 3809; x_wconf 70' lang='lat' dir='ltr'><strong><em>(Ia-terum</em></strong></span> <span class='ocrx_word' id='word_1_611' title='bbox 2206 3767 2312 3823; x_wconf 90' lang='lat' dir='ltr'><strong><em>quo</em></strong></span> <span class='ocrx_word' id='word_1_612' title='bbox 2359 3751 2689 3822; x_wconf 86' lang='lat' dir='ltr'><strong><em>frequentior</em></strong></span> <span class='ocrx_word' id='word_1_613' title='bbox 2737 3751 2899 3818; x_wconf 76' lang='lat' dir='ltr'><strong><em>hujus</em></strong></span> <span class='ocrx_word' id='word_1_614' title='bbox 2949 3750 3143 3822; x_wconf 82' lang='lat' dir='ltr'><strong><em>Reguli</em></strong></span> <span class='ocrx_word' id='word_1_615' title='bbox 3188 3766 3252 3807; x_wconf 91' lang='lat' dir='ltr'><strong><em>ac</em></strong></span> <span class='ocrx_word' id='word_1_616' title='bbox 3278 3752 3440 3808; x_wconf 84' lang='lat' dir='ltr'><strong><em>Mucii</em></strong></span> 
     </span>
    </p>
   </div>
   <div class='ocr_carea' id='block_1_82' title="bbox 1828 3841 3432 3916">
    <p class='ocr_par' dir='ltr' id='par_1_82' title="bbox 1828 3841 3432 3916">
     <span class='ocr_line' id='line_1_82' title="bbox 1828 3841 3432 3916; baseline -0.005 -12"><span class='ocrx_word' id='word_1_617' title='bbox 1828 3846 2094 3904; x_wconf 69' lang='lat' dir='ltr'><strong><em>Scaavolm</em></strong></span> <span class='ocrx_word' id='word_1_618' title='bbox 2127 3845 2268 3916; x_wconf 90' lang='lat' dir='ltr'><strong><em>apud</em></strong></span> <span class='ocrx_word' id='word_1_619' title='bbox 2312 3843 2492 3899; x_wconf 86' lang='lat' dir='ltr'><strong><em>varios</em></strong></span> <span class='ocrx_word' id='word_1_620' title='bbox 2539 3843 2850 3914; x_wconf 89' lang='lat' dir='ltr'><strong><em>scriptores,</em></strong></span> <span class='ocrx_word' id='word_1_621' title='bbox 2885 3857 2950 3897; x_wconf 91' lang='lat' dir='ltr'><strong><em>eo</em></strong></span> <span class='ocrx_word' id='word_1_622' title='bbox 2995 3843 3168 3897; x_wconf 88' lang='lat' dir='ltr'><strong><em>rarior</em></strong></span> <span class='ocrx_word' id='word_1_623' title='bbox 3210 3841 3432 3913; x_wconf 87' lang='lat' dir='ltr'><strong><em>Aquilii,</em></strong></span> 
     </span>
    </p>
   </div>
   <div class='ocr_carea' id='block_1_83' title="bbox 1827 3932 3438 3999">
    <p class='ocr_par' dir='ltr' id='par_1_83' title="bbox 1827 3932 3438 3999">
     <span class='ocr_line' id='line_1_83' title="bbox 1827 3932 3438 3999; baseline -0.004 -3"><span class='ocrx_word' id='word_1_624' title='bbox 1827 3941 1895 3996; x_wconf 88' lang='lat' dir='ltr'><strong><em>ab</em></strong></span> <span class='ocrx_word' id='word_1_625' title='bbox 1934 3949 2155 3995; x_wconf 90' lang='lat' dir='ltr'><strong><em>auctore</em></strong></span> <span class='ocrx_word' id='word_1_626' title='bbox 2201 3946 2388 3993; x_wconf 88' lang='lat' dir='ltr'><strong><em>nostro</em></strong></span> <span class='ocrx_word' id='word_1_627' title='bbox 2427 3935 2626 3991; x_wconf 86' lang='lat' dir='ltr'><strong><em>ibidem</em></strong></span> <span class='ocrx_word' id='word_1_628' title='bbox 2678 3932 2983 3999; x_wconf 89' lang='lat' dir='ltr'><strong><em>memorati,</em></strong></span> <span class='ocrx_word' id='word_1_629' title='bbox 3023 3933 3246 3986; x_wconf 77' lang='lat' dir='ltr'><strong><em>mentio.</em></strong></span> <span class='ocrx_word' id='word_1_630' title='bbox 3297 3932 3438 3989; x_wconf 81' lang='lat' dir='ltr'><strong><em>Hinc.</em></strong></span> 
     </span>
    </p>
   </div>
   <div class='ocr_carea' id='block_1_84' title="bbox 1829 4023 3441 4104">
    <p class='ocr_par' dir='ltr' id='par_1_84' title="bbox 1829 4023 3441 4104">
     <span class='ocr_line' id='line_1_84' title="bbox 1829 4023 3441 4104; baseline -0.007 -14"><span class='ocrx_word' id='word_1_631' title='bbox 1829 4044 1976 4090; x_wconf 89' lang='lat' dir='ltr'><strong><em>certe</em></strong></span> <span class='ocrx_word' id='word_1_632' title='bbox 2006 4031 2222 4104; x_wconf 90' lang='lat' dir='ltr'><strong><em>quidam</em></strong></span> <span class='ocrx_word' id='word_1_633' title='bbox 2251 4030 2542 4100; x_wconf 87' lang='lat' dir='ltr'><strong><em>opinantur</em></strong></span> <span class='ocrx_word' id='word_1_634' title='bbox 2575 4029 2626 4083; x_wconf 91' lang='lat' dir='ltr'><strong><em>in</em></strong></span> <span class='ocrx_word' id='word_1_635' title='bbox 2648 4028 2763 4098; x_wconf 86' lang='lat' dir='ltr'><strong><em>ejus</em></strong></span> <span class='ocrx_word' id='word_1_636' title='bbox 2799 4025 3016 4080; x_wconf 86' lang='lat' dir='ltr'><strong><em>nomine</em></strong></span> <span class='ocrx_word' id='word_1_637' title='bbox 3044 4023 3332 4079; x_wconf 66' lang='lat' dir='ltr'><strong><em>scribendo</em></strong></span> <span class='ocrx_word' id='word_1_638' title='bbox 3352 4039 3441 4080; x_wconf 86' lang='lat' dir='ltr'><strong><em>er-</em></strong></span> 
     </span>
    </p>
   </div>
   <div class='ocr_carea' id='block_1_85' title="bbox 1830 4116 3440 4191">
    <p class='ocr_par' dir='ltr' id='par_1_85' title="bbox 1830 4116 3440 4191">
     <span class='ocr_line' id='line_1_85' title="bbox 1830 4116 3440 4191; baseline -0.007 -8"><span class='ocrx_word' id='word_1_639' title='bbox 1830 4143 1981 4183; x_wconf 90' lang='lat' dir='ltr'><strong><em>rasse</em></strong></span> <span class='ocrx_word' id='word_1_640' title='bbox 2024 4124 2298 4182; x_wconf 88' lang='lat' dir='ltr'><strong><em>librarium</em></strong></span> <span class='ocrx_word' id='word_1_641' title='bbox 2326 4162 2341 4189; x_wconf 92' lang='lat'><strong><em>,</em></strong></span> <span class='ocrx_word' id='word_1_642' title='bbox 2392 4130 2553 4191; x_wconf 86' lang='lat' dir='ltr'><strong><em>atque</em></strong></span> <span class='ocrx_word' id='word_1_643' title='bbox 2585 4121 2655 4175; x_wconf 90' lang='lat' dir='ltr'><strong><em>ibi</em></strong></span> <span class='ocrx_word' id='word_1_644' title='bbox 2710 4134 2807 4189; x_wconf 90' lang='lat' dir='ltr'><strong><em>pro</em></strong></span> <span class='ocrx_word' id='word_1_645' title='bbox 2861 4117 3102 4187; x_wconf 82' lang='lat' dir='ltr'><strong><em>Aquilio,</em></strong></span> <span class='ocrx_word' id='word_1_646' title='bbox 3150 4116 3440 4187; x_wconf 78' lang='lat' dir='ltr'><strong><em>legendum</em></strong></span> 
     </span>
    </p>
   </div>
   <div class='ocr_carea' id='block_1_86' title="bbox 1832 4210 3438 4283">
    <p class='ocr_par' dir='ltr' id='par_1_86' title="bbox 1832 4210 3438 4283">
     <span class='ocr_line' id='line_1_86' title="bbox 1832 4210 3438 4283; baseline -0.008 -4"><span class='ocrx_word' id='word_1_647' title='bbox 1832 4221 2000 4279; x_wconf 87' lang='lat' dir='ltr'><strong><em>Atilio</em></strong></span> <span class='ocrx_word' id='word_1_648' title='bbox 2038 4230 2133 4275; x_wconf 90' lang='lat' dir='ltr'><strong><em>aut</em></strong></span> <span class='ocrx_word' id='word_1_649' title='bbox 2185 4217 2382 4273; x_wconf 86' lang='lat' dir='ltr'><strong><em>Acilio.</em></strong></span> <span class='ocrx_word' id='word_1_650' title='bbox 2430 4215 2545 4282; x_wconf 88' lang='lat' dir='ltr'><strong><em>Qua</em></strong></span> <span class='ocrx_word' id='word_1_651' title='bbox 2590 4213 2806 4283; x_wconf 86' lang='lat' dir='ltr'><strong><em>quidem</em></strong></span> <span class='ocrx_word' id='word_1_652' title='bbox 2847 4210 2986 4265; x_wconf 80' lang='lat' dir='ltr'><strong><em>faeta</em></strong></span> <span class='ocrx_word' id='word_1_653' title='bbox 3037 4211 3438 4281; x_wconf 88' lang='lat' dir='ltr'><strong><em>emendatione,</em></strong></span> 
     </span>
    </p>
   </div>
   <div class='ocr_carea' id='block_1_87' title="bbox 1832 4302 3449 4377">
    <p class='ocr_par' dir='ltr' id='par_1_87' title="bbox 1832 4302 3449 4377">
     <span class='ocr_line' id='line_1_87' title="bbox 1832 4302 3449 4377; baseline -0.008 -3"><span class='ocrx_word' id='word_1_654' title='bbox 1832 4325 2055 4374; x_wconf 91' lang='lat' dir='ltr'><strong><em>censent</em></strong></span> <span class='ocrx_word' id='word_1_655' title='bbox 2107 4316 2250 4366; x_wconf 93' lang='lat' dir='ltr'><strong><em>hunc</em></strong></span> <span class='ocrx_word' id='word_1_656' title='bbox 2279 4323 2423 4374; x_wconf 90' lang='lat' dir='ltr'><strong><em>esse,</em></strong></span> <span class='ocrx_word' id='word_1_657' title='bbox 2455 4321 2616 4377; x_wconf 90' lang='lat' dir='ltr'><strong><em>quem</em></strong></span> <span class='ocrx_word' id='word_1_658' title='bbox 2658 4304 2949 4374; x_wconf 79' lang='lat' dir='ltr'><strong><em>Dionysius</em></strong></span> <span class='ocrx_word' id='word_1_659' title='bbox 3001 4302 3449 4362; x_wconf 82' lang='lat' dir='ltr'><strong><em>Halicarnasseus</em></strong></span> 
     </span>
    </p>
   </div>
   <div class='ocr_carea' id='block_1_88' title="bbox 1833 4387 3448 4472">
    <p class='ocr_par' dir='ltr' id='par_1_88' title="bbox 1833 4387 3448 4472">
     <span class='ocr_line' id='line_1_88' title="bbox 1833 4387 3448 4472; baseline -0.006 -8"><span class='ocrx_word' id='word_1_660' title='bbox 1833 4401 2052 4472; x_wconf 72' lang='grc' dir='ltr'><strong><em>Ᾰτὺλιον,</em></strong></span> <span class='ocrx_word' id='word_1_661' title='bbox 2100 4421 2195 4461; x_wconf 88' lang='lat' dir='ltr'><strong><em>seu</em></strong></span> <span class='ocrx_word' id='word_1_662' title='bbox 2242 4402 2440 4469; x_wconf 87' lang='lat' dir='ltr'><strong><em>potius,</em></strong></span> <span class='ocrx_word' id='word_1_663' title='bbox 2470 4409 2528 4454; x_wconf 91' lang='lat' dir='ltr'><strong><em>ut</em></strong></span> <span class='ocrx_word' id='word_1_664' title='bbox 2553 4398 2632 4454; x_wconf 92' lang='lat' dir='ltr'><strong><em>eis</em></strong></span> <span class='ocrx_word' id='word_1_665' title='bbox 2660 4399 2852 4468; x_wconf 90' lang='lat' dir='ltr'><strong><em>placet,</em></strong></span> <span class='ocrx_word' id='word_1_666' title='bbox 2903 4387 3124 4461; x_wconf 74' lang='grc' dir='ltr'><strong><em>Ᾰχὺλιον,</em></strong></span> <span class='ocrx_word' id='word_1_667' title='bbox 3153 4397 3448 4467; x_wconf 89' lang='lat' dir='ltr'><strong><em>appellavit</em></strong></span> 
     </span>
    </p>
   </div>
   <div class='ocr_carea' id='block_1_89' title="bbox 1836 4485 3445 4575">
    <p class='ocr_par' dir='ltr' id='par_1_89' title="bbox 1836 4485 3445 4575">
     <span class='ocr_line' id='line_1_89' title="bbox 1836 4485 3445 4575; baseline -0.006 -18"><span class='ocrx_word' id='word_1_668' title='bbox 1836 4501 2160 4575; x_wconf 85' lang='lat' dir='ltr'><strong><em>(Halicarn.,</em></strong></span> <span class='ocrx_word' id='word_1_669' title='bbox 2193 4495 2280 4551; x_wconf 88' lang='lat' dir='ltr'><strong><em>lib.</em></strong></span> <span class='ocrx_word' id='word_1_670' title='bbox 2322 4510 2379 4550; x_wconf 86' lang='grc' dir='ltr'><strong><em>ιιι</em></strong></span> <span class='ocrx_word' id='word_1_671' title='bbox 2427 4490 2704 4559; x_wconf 85' lang='lat' dir='ltr'><strong><em>Antiquit.,</em></strong></span> <span class='ocrx_word' id='word_1_672' title='bbox 2760 4505 2883 4561; x_wconf 78' lang='lat' dir='ltr'><strong><em>pag.</em></strong></span> <span class='ocrx_word' id='word_1_673' title='bbox 2913 4485 3022 4543; x_wconf 77' lang='lat'><strong><em>259</em></strong></span> <span class='ocrx_word' id='word_1_674' title='bbox 3059 4497 3106 4542; x_wconf 88' lang='lat' dir='ltr'><strong><em>et</em></strong></span> <span class='ocrx_word' id='word_1_675' title='bbox 3145 4487 3300 4560; x_wconf 87' lang='lat' dir='ltr'><strong><em>seq).</em></strong></span> <span class='ocrx_word' id='word_1_676' title='bbox 3334 4488 3445 4547; x_wconf 85' lang='lat' dir='ltr'><strong><em>Sed</em></strong></span> 
     </span>
    </p>
   </div>
   <div class='ocr_carea' id='block_1_90' title="bbox 198 4579 3446 4681">
    <p class='ocr_par' dir='ltr' id='par_1_90' title="bbox 198 4579 3446 4681">
     <span class='ocr_line' id='line_1_90' title="bbox 198 4579 3446 4681; baseline -0.009 -12"><span class='ocrx_word' id='word_1_677' title='bbox 198 4614 382 4669; x_wconf 70' lang='lat' dir='ltr'><strong><em>Poneret</em></strong></span> <span class='ocrx_word' id='word_1_678' title='bbox 410 4606 528 4665; x_wconf 84' lang='lat' dir='ltr'><strong><em>banc</em></strong></span> <span class='ocrx_word' id='word_1_679' title='bbox 563 4609 785 4681; x_wconf 80' lang='lat' dir='ltr'><strong><em>quidem</em></strong></span> <span class='ocrx_word' id='word_1_680' title='bbox 813 4607 1035 4663; x_wconf 82' lang='lat' dir='ltr'><strong><em>Senecae</em></strong></span> <span class='ocrx_word' id='word_1_681' title='bbox 1065 4647 1081 4672; x_wconf 92' lang='lat'><strong><em>,</em></strong></span> <span class='ocrx_word' id='word_1_682' title='bbox 1111 4579 1210 4660; x_wconf 71' lang='lat' dir='ltr'><strong><em>aut</em></strong></span> <span class='ocrx_word' id='word_1_683' title='bbox 1252 4579 1418 4661; x_wconf 77' lang='lat' dir='ltr'><strong><em>Stoici</em></strong></span> <span class='ocrx_word' id='word_1_684' title='bbox 1451 4579 1731 4673; x_wconf 68' lang='lat' dir='ltr'><strong><em>cujusdan</em></strong></span> <span class='ocrx_word' id='word_1_685' title='bbox 1758 4604 1812 4665; x_wconf 86' lang='lat' dir='ltr'><strong><em>D</em></strong></span> <span class='ocrx_word' id='word_1_686' title='bbox 1838 4594 2019 4651; x_wconf 89' lang='lat' dir='ltr'><strong><em>futiles</em></strong></span> <span class='ocrx_word' id='word_1_687' title='bbox 2047 4604 2310 4660; x_wconf 66' lang='lat' dir='ltr'><strong><em>vanaque</em></strong></span> <span class='ocrx_word' id='word_1_688' title='bbox 2353 4595 2481 4642; x_wconf 87' lang='lat' dir='ltr'><strong><em>sunt</em></strong></span> <span class='ocrx_word' id='word_1_689' title='bbox 2524 4584 2608 4640; x_wconf 74' lang='lat' dir='ltr'><strong><em>hac</em></strong></span> <span class='ocrx_word' id='word_1_690' title='bbox 2631 4582 2981 4654; x_wconf 69' lang='lat' dir='ltr'><strong><em>conjecturae.</em></strong></span> <span class='ocrx_word' id='word_1_691' title='bbox 3012 4579 3273 4637; x_wconf 78' lang='lat' dir='ltr'><strong><em>Minucius</em></strong></span> <span class='ocrx_word' id='word_1_692' title='bbox 3297 4583 3446 4639; x_wconf 90' lang='lat' dir='ltr'><strong><em>enim</em></strong></span> 
     </span>
    </p>
   </div>
   <div class='ocr_carea' id='block_1_91' title="bbox 187 4693 1733 4771">
    <p class='ocr_par' dir='ltr' id='par_1_91' title="bbox 187 4693 1733 4771">
     <span class='ocr_line' id='line_1_91' title="bbox 187 4693 1733 4771; baseline -0.003 -18"><span class='ocrx_word' id='word_1_693' title='bbox 187 4696 473 4771; x_wconf 75' lang='lat' dir='ltr'><strong><em>philosophi,</em></strong></span> <span class='ocrx_word' id='word_1_694' title='bbox 501 4722 604 4759; x_wconf 89' lang='lat' dir='ltr'><strong><em>non</em></strong></span> <span class='ocrx_word' id='word_1_695' title='bbox 655 4703 889 4758; x_wconf 85' lang='lat' dir='ltr'><strong><em>aliorum</em></strong></span> <span class='ocrx_word' id='word_1_696' title='bbox 938 4715 1067 4757; x_wconf 84' lang='lat' dir='ltr'><strong><em>vero</em></strong></span> <span class='ocrx_word' id='word_1_697' title='bbox 1114 4699 1276 4754; x_wconf 87' lang='lat' dir='ltr'><strong><em>fuisse</em></strong></span> <span class='ocrx_word' id='word_1_698' title='bbox 1305 4698 1633 4768; x_wconf 71' lang='lat' dir='ltr'><strong><em>Opinionem,</em></strong></span> <span class='ocrx_word' id='word_1_699' title='bbox 1660 4693 1733 4749; x_wconf 85' lang='lat' dir='ltr'><strong><em>id-</em></strong></span> 
     </span>
    </p>
   </div>
   <div class='ocr_carea' id='block_1_92' title="bbox 188 4787 1733 4866">
    <p class='ocr_par' dir='ltr' id='par_1_92' title="bbox 188 4787 1733 4866">
     <span class='ocr_line' id='line_1_92' title="bbox 188 4787 1733 4866; baseline 0.001 -24"><span class='ocrx_word' id='word_1_700' title='bbox 188 4787 318 4845; x_wconf 83' lang='lat' dir='ltr'><strong><em>circo</em></strong></span> <span class='ocrx_word' id='word_1_701' title='bbox 335 4808 461 4866; x_wconf 87' lang='lat' dir='ltr'><strong><em>urget</em></strong></span> <span class='ocrx_word' id='word_1_702' title='bbox 485 4794 659 4854; x_wconf 84' lang='lat' dir='ltr'><strong><em>adhuc</em></strong></span> <span class='ocrx_word' id='word_1_703' title='bbox 690 4795 979 4861; x_wconf 77' lang='lat' dir='ltr'><strong><em>Minucius,</em></strong></span> <span class='ocrx_word' id='word_1_704' title='bbox 1020 4803 1183 4863; x_wconf 90' lang='lat' dir='ltr'><strong><em>atque</em></strong></span> <span class='ocrx_word' id='word_1_705' title='bbox 1203 4790 1274 4847; x_wconf 90' lang='lat' dir='ltr'><strong><em>ob</em></strong></span> <span class='ocrx_word' id='word_1_706' title='bbox 1312 4789 1516 4847; x_wconf 87' lang='lat' dir='ltr'><strong><em>Caecilii</em></strong></span> <span class='ocrx_word' id='word_1_707' title='bbox 1539 4798 1595 4845; x_wconf 90' lang='lat' dir='ltr'><strong><em>et</em></strong></span> <span class='ocrx_word' id='word_1_708' title='bbox 1623 4802 1733 4844; x_wconf 73' lang='lat' dir='ltr'><strong><em>ca:-</em></strong></span> 
     </span>
    </p>
   </div>
   <div class='ocr_carea' id='block_1_93' title="bbox 190 4881 1741 4961">
    <p class='ocr_par' dir='ltr' id='par_1_93' title="bbox 190 4881 1741 4961">
     <span class='ocr_line' id='line_1_93' title="bbox 190 4881 1741 4961; baseline 0 -25"><span class='ocrx_word' id='word_1_709' title='bbox 190 4887 391 4942; x_wconf 79' lang='lat' dir='ltr'><strong><em>tet-orum</em></strong></span> <span class='ocrx_word' id='word_1_710' title='bbox 433 4891 611 4947; x_wconf 88' lang='lat' dir='ltr'><strong><em>oculos</em></strong></span> <span class='ocrx_word' id='word_1_711' title='bbox 654 4888 804 4961; x_wconf 90' lang='lat' dir='ltr'><strong><em>ponit</em></strong></span> <span class='ocrx_word' id='word_1_712' title='bbox 856 4886 1017 4943; x_wconf 82' lang='lat' dir='ltr'><strong><em>Mucii</em></strong></span> <span class='ocrx_word' id='word_1_713' title='bbox 1059 4884 1319 4943; x_wconf 73' lang='lat' dir='ltr'><strong><em>Scaevola:</em></strong></span> <span class='ocrx_word' id='word_1_714' title='bbox 1345 4925 1361 4951; x_wconf 88' lang='lat'><strong><em>,</em></strong></span> <span class='ocrx_word' id='word_1_715' title='bbox 1403 4881 1636 4953; x_wconf 83' lang='lat' dir='ltr'><strong><em>Reguli,</em></strong></span> <span class='ocrx_word' id='word_1_716' title='bbox 1683 4888 1741 4937; x_wconf 90' lang='lat' dir='ltr'><strong><em>et</em></strong></span> 
     </span>
    </p>
   </div>
   <div class='ocr_carea' id='block_1_94' title="bbox 188 4973 1743 5052">
    <p class='ocr_par' dir='ltr' id='par_1_94' title="bbox 188 4973 1743 5052">
     <span class='ocr_line' id='line_1_94' title="bbox 188 4973 1743 5052; baseline 0.001 -26"><span class='ocrx_word' id='word_1_717' title='bbox 188 4973 355 5043; x_wconf 75' lang='lat' dir='ltr'><strong><em>Aquilii</em></strong></span> <span class='ocrx_word' id='word_1_718' title='bbox 390 4981 643 5052; x_wconf 80' lang='lat' dir='ltr'><strong><em>exempla,</em></strong></span> <span class='ocrx_word' id='word_1_719' title='bbox 697 4995 835 5052; x_wconf 87' lang='lat' dir='ltr'><strong><em>quos</em></strong></span> <span class='ocrx_word' id='word_1_720' title='bbox 890 4978 1107 5034; x_wconf 86' lang='lat' dir='ltr'><strong><em>tametsi</em></strong></span> <span class='ocrx_word' id='word_1_721' title='bbox 1160 4976 1458 5034; x_wconf 88' lang='lat' dir='ltr'><strong><em>calamitosi</em></strong></span> <span class='ocrx_word' id='word_1_722' title='bbox 1495 4973 1743 5030; x_wconf 85' lang='lat' dir='ltr'><strong><em>videren-</em></strong></span> 
     </span>
    </p>
   </div>
   <div class='ocr_carea' id='block_1_95' title="bbox 187 5070 1738 5133">
    <p class='ocr_par' dir='ltr' id='par_1_95' title="bbox 187 5070 1738 5133">
     <span class='ocr_line' id='line_1_95' title="bbox 187 5070 1738 5133; baseline -0.008 1"><span class='ocrx_word' id='word_1_723' title='bbox 187 5074 280 5133; x_wconf 74' lang='grc' dir='ltr'>ῑιιτ,</span> <span class='ocrx_word' id='word_1_724' title='bbox 293 5073 349 5128; x_wconf 89' lang='lat' dir='ltr'><strong><em>ob</em></strong></span> <span class='ocrx_word' id='word_1_725' title='bbox 370 5072 602 5131; x_wconf 86' lang='lat' dir='ltr'><strong><em>invictam</em></strong></span> <span class='ocrx_word' id='word_1_726' title='bbox 632 5073 985 5129; x_wconf 82' lang='lat' dir='ltr'><strong><em>nihilominus</em></strong></span> <span class='ocrx_word' id='word_1_727' title='bbox 1014 5071 1067 5128; x_wconf 92' lang='lat' dir='ltr'><strong><em>in</em></strong></span> <span class='ocrx_word' id='word_1_728' title='bbox 1107 5070 1475 5128; x_wconf 81' lang='lat' dir='ltr'><strong><em>acerbissimis</em></strong></span> <span class='ocrx_word' id='word_1_729' title='bbox 1501 5075 1738 5123; x_wconf 85' lang='lat' dir='ltr'><strong><em>tormen-</em></strong></span> 
     </span>
    </p>
   </div>
   <div class='ocr_carea' id='block_1_96' title="bbox 189 5162 1736 5233">
    <p class='ocr_par' dir='ltr' id='par_1_96' title="bbox 189 5162 1736 5233">
     <span class='ocr_line' id='line_1_96' title="bbox 189 5162 1736 5233; baseline 0.001 -17"><span class='ocrx_word' id='word_1_730' title='bbox 189 5163 251 5218; x_wconf 80' lang='lat' dir='ltr'><strong><em>tis</em></strong></span> <span class='ocrx_word' id='word_1_731' title='bbox 279 5171 621 5233; x_wconf 87' lang='lat' dir='ltr'><strong><em>constantiam,</em></strong></span> <span class='ocrx_word' id='word_1_732' title='bbox 653 5169 856 5225; x_wconf 83' lang='lat' dir='ltr'><strong><em>etlmici</em></strong></span> <span class='ocrx_word' id='word_1_733' title='bbox 904 5183 1094 5225; x_wconf 89' lang='lat' dir='ltr'><strong><em>onmes</em></strong></span> <span class='ocrx_word' id='word_1_734' title='bbox 1148 5168 1371 5223; x_wconf 91' lang='lat' dir='ltr'><strong><em>summis</em></strong></span> <span class='ocrx_word' id='word_1_735' title='bbox 1419 5162 1661 5220; x_wconf 84' lang='lat' dir='ltr'><strong><em>laudibus</em></strong></span> <span class='ocrx_word' id='word_1_736' title='bbox 1682 5163 1736 5217; x_wconf 91' lang='lat' dir='ltr'><strong><em>in</em></strong></span> 
     </span>
    </p>
   </div>
   <div class='ocr_carea' id='block_1_97' title="bbox 189 5255 1743 5333">
    <p class='ocr_par' dir='ltr' id='par_1_97' title="bbox 189 5255 1743 5333">
     <span class='ocr_line' id='line_1_97' title="bbox 189 5255 1743 5333; baseline -0.001 -21"><span class='ocrx_word' id='word_1_737' title='bbox 189 5256 354 5314; x_wconf 70' lang='lat' dir='ltr'><strong><em>celum</em></strong></span> <span class='ocrx_word' id='word_1_738' title='bbox 378 5266 691 5320; x_wconf 79' lang='lat' dir='ltr'><strong><em>extulerunt.</em></strong></span> <span class='ocrx_word' id='word_1_739' title='bbox 718 5262 853 5331; x_wconf 56' lang='lat' dir='ltr'><strong><em>Quae</em></strong></span> <span class='ocrx_word' id='word_1_740' title='bbox 894 5276 1059 5333; x_wconf 73' lang='lat' dir='ltr'><strong><em>porro</em></strong></span> <span class='ocrx_word' id='word_1_741' title='bbox 1107 5258 1392 5330; x_wconf 83' lang='lat' dir='ltr'><strong><em>supplicia,</em></strong></span> <span class='ocrx_word' id='word_1_742' title='bbox 1421 5255 1668 5327; x_wconf 81' lang='lat' dir='ltr'><strong><em>Aquilius</em></strong></span> <span class='ocrx_word' id='word_1_743' title='bbox 1686 5263 1743 5310; x_wconf 91' lang='lat' dir='ltr'><strong><em>et</em></strong></span> 
     </span>
    </p>
   </div>
   <div class='ocr_carea' id='block_1_98' title="bbox 194 5348 1743 5429">
    <p class='ocr_par' dir='ltr' id='par_1_98' title="bbox 194 5348 1743 5429">
     <span class='ocr_line' id='line_1_98' title="bbox 194 5348 1743 5429; baseline -0.003 -23"><span class='ocrx_word' id='word_1_744' title='bbox 194 5348 388 5423; x_wconf 79' lang='lat' dir='ltr'><strong><em>Regulus</em></strong></span> <span class='ocrx_word' id='word_1_745' title='bbox 413 5359 727 5429; x_wconf 79' lang='lat' dir='ltr'><strong><em>pertulerint</em></strong></span> <span class='ocrx_word' id='word_1_746' title='bbox 752 5399 766 5423; x_wconf 96' lang='lat'><strong><em>,</em></strong></span> <span class='ocrx_word' id='word_1_747' title='bbox 797 5357 923 5413; x_wconf 90' lang='lat' dir='ltr'><strong><em>silet</em></strong></span> <span class='ocrx_word' id='word_1_748' title='bbox 965 5356 1246 5420; x_wconf 81' lang='lat' dir='ltr'><strong><em>Minucius,</em></strong></span> <span class='ocrx_word' id='word_1_749' title='bbox 1269 5351 1411 5429; x_wconf 78' lang='lat' dir='ltr'><strong><em>haud</em></strong></span> <span class='ocrx_word' id='word_1_750' title='bbox 1430 5350 1590 5406; x_wconf 86' lang='lat' dir='ltr'><strong><em>dubie</em></strong></span> <span class='ocrx_word' id='word_1_751' title='bbox 1619 5349 1743 5419; x_wconf 91' lang='lat' dir='ltr'><strong><em>quia</em></strong></span> 
     </span>
    </p>
   </div>
   <div class='ocr_carea' id='block_1_99' title="bbox 1835 4675 3444 4759">
    <p class='ocr_par' dir='ltr' id='par_1_99' title="bbox 1835 4675 3444 4759">
     <span class='ocr_line' id='line_1_99' title="bbox 1835 4675 3444 4759; baseline -0.009 -14"><span class='ocrx_word' id='word_1_752' title='bbox 1835 4689 1904 4745; x_wconf 92' lang='lat' dir='ltr'><strong><em>de</em></strong></span> <span class='ocrx_word' id='word_1_753' title='bbox 1935 4686 2066 4742; x_wconf 87' lang='lat' dir='ltr'><strong><em>viris</em></strong></span> <span class='ocrx_word' id='word_1_754' title='bbox 2113 4678 2597 4759; x_wconf 78' lang='lat' dir='ltr'><strong><em>innocentiSsimis,</em></strong></span> <span class='ocrx_word' id='word_1_755' title='bbox 2626 4676 2717 4748; x_wconf 89' lang='lat' dir='ltr'><strong><em>qui</em></strong></span> <span class='ocrx_word' id='word_1_756' title='bbox 2753 4676 2908 4731; x_wconf 89' lang='lat' dir='ltr'><strong><em>vario</em></strong></span> <span class='ocrx_word' id='word_1_757' title='bbox 2935 4675 3320 4747; x_wconf 84' lang='lat' dir='ltr'><strong><em>suppliciOrum</em></strong></span> <span class='ocrx_word' id='word_1_758' title='bbox 3357 4675 3444 4731; x_wconf 83' lang='lat' dir='ltr'><strong><em>di-</em></strong></span> 
     </span>
    </p>
   </div>
   <div class='ocr_carea' id='block_1_100' title="bbox 1836 4770 3445 4847">
    <p class='ocr_par' dir='ltr' id='par_1_100' title="bbox 1836 4770 3445 4847">
     <span class='ocr_line' id='line_1_100' title="bbox 1836 4770 3445 4847; baseline -0.009 -7"><span class='ocrx_word' id='word_1_759' title='bbox 1836 4782 2174 4840; x_wconf 74' lang='lat' dir='ltr'><strong><em>rissiniorum</em></strong></span> <span class='ocrx_word' id='word_1_760' title='bbox 2204 4792 2402 4847; x_wconf 85' lang='lat' dir='ltr'><strong><em>genere</em></strong></span> <span class='ocrx_word' id='word_1_761' title='bbox 2452 4773 2617 4830; x_wconf 89' lang='lat' dir='ltr'><strong><em>occisi</em></strong></span> <span class='ocrx_word' id='word_1_762' title='bbox 2643 4782 2790 4838; x_wconf 91' lang='lat' dir='ltr'><strong><em>sunt,</em></strong></span> <span class='ocrx_word' id='word_1_763' title='bbox 2835 4770 3091 4841; x_wconf 89' lang='lat' dir='ltr'><strong><em>loquitur.</em></strong></span> <span class='ocrx_word' id='word_1_764' title='bbox 3129 4770 3324 4825; x_wconf 86' lang='lat' dir='ltr'><strong><em>Atilius</em></strong></span> <span class='ocrx_word' id='word_1_765' title='bbox 3347 4786 3445 4826; x_wconf 83' lang='lat' dir='ltr'><strong><em>au-</em></strong></span> 
     </span>
    </p>
   </div>
   <div class='ocr_carea' id='block_1_101' title="bbox 1841 4860 3453 4941">
    <p class='ocr_par' dir='ltr' id='par_1_101' title="bbox 1841 4860 3453 4941">
     <span class='ocr_line' id='line_1_101' title="bbox 1841 4860 3453 4941; baseline -0.008 -10"><span class='ocrx_word' id='word_1_766' title='bbox 1841 4885 1972 4941; x_wconf 90' lang='lat' dir='ltr'><strong><em>tem,</em></strong></span> <span class='ocrx_word' id='word_1_767' title='bbox 2019 4881 2157 4927; x_wconf 86' lang='lat' dir='ltr'><strong><em>teste</em></strong></span> <span class='ocrx_word' id='word_1_768' title='bbox 2203 4868 2394 4925; x_wconf 90' lang='lat' dir='ltr'><strong><em>eodem</em></strong></span> <span class='ocrx_word' id='word_1_769' title='bbox 2451 4865 2887 4931; x_wconf 86' lang='lat' dir='ltr'><strong><em>Halicarnasseo,</em></strong></span> <span class='ocrx_word' id='word_1_770' title='bbox 2940 4862 3163 4917; x_wconf 89' lang='lat' dir='ltr'><strong><em>meritas</em></strong></span> <span class='ocrx_word' id='word_1_771' title='bbox 3206 4860 3453 4918; x_wconf 86' lang='lat' dir='ltr'><strong><em>criminis</em></strong></span> 
     </span>
    </p>
   </div>
   <div class='ocr_carea' id='block_1_102' title="bbox 1844 4960 2472 5035">
    <p class='ocr_par' dir='ltr' id='par_1_102' title="bbox 1844 4960 2472 5035">
     <span class='ocr_line' id='line_1_102' title="bbox 1844 4960 2472 5035; baseline -0.018 -11"><span class='ocrx_word' id='word_1_772' title='bbox 1844 4969 1926 5024; x_wconf 91' lang='lat' dir='ltr'><strong><em>sui</em></strong></span> <span class='ocrx_word' id='word_1_773' title='bbox 1961 4979 2149 5035; x_wconf 81' lang='lat' dir='ltr'><strong><em>poenas</em></strong></span> <span class='ocrx_word' id='word_1_774' title='bbox 2193 4960 2472 5035; x_wconf 90' lang='lat' dir='ltr'><strong><em>persolvit.</em></strong></span> 
     </span>
    </p>
   </div>
   <div class='ocr_carea' id='block_1_103' title="bbox 1915 5043 3455 5128">
    <p class='ocr_par' dir='ltr' id='par_1_103' title="bbox 1915 5043 3455 5128">
     <span class='ocr_line' id='line_1_103' title="bbox 1915 5043 3455 5128; baseline -0.01 -13"><span class='ocrx_word' id='word_1_775' title='bbox 1915 5058 2055 5128; x_wconf 86' lang='lat' dir='ltr'><strong><em>Quid</em></strong></span> <span class='ocrx_word' id='word_1_776' title='bbox 2086 5070 2237 5118; x_wconf 88' lang='lat' dir='ltr'><strong><em>vero,</em></strong></span> <span class='ocrx_word' id='word_1_777' title='bbox 2266 5052 2460 5107; x_wconf 89' lang='lat' dir='ltr'><strong><em>amabo</em></strong></span> <span class='ocrx_word' id='word_1_778' title='bbox 2485 5061 2559 5118; x_wconf 90' lang='lat' dir='ltr'><strong><em>te,</em></strong></span> <span class='ocrx_word' id='word_1_779' title='bbox 2577 5057 2724 5106; x_wconf 82' lang='lat' dir='ltr'><strong><em>vetat</em></strong></span> <span class='ocrx_word' id='word_1_780' title='bbox 2753 5044 3039 5119; x_wconf 89' lang='lat' dir='ltr'><strong><em>quominus</em></strong></span> <span class='ocrx_word' id='word_1_781' title='bbox 3069 5043 3311 5101; x_wconf 88' lang='lat' dir='ltr'><strong><em>dicamus</em></strong></span> <span class='ocrx_word' id='word_1_782' title='bbox 3338 5060 3455 5101; x_wconf 90' lang='lat' dir='ltr'><strong><em>ser-</em></strong></span> 
     </span>
    </p>
   </div>
   <div class='ocr_carea' id='block_1_104' title="bbox 1840 5138 3454 5212">
    <p class='ocr_par' dir='ltr' id='par_1_104' title="bbox 1840 5138 3454 5212">
     <span class='ocr_line' id='line_1_104' title="bbox 1840 5138 3454 5212; baseline -0.013 0"><span class='ocrx_word' id='word_1_783' title='bbox 1840 5168 2059 5212; x_wconf 88' lang='lat' dir='ltr'><strong><em>monem</em></strong></span> <span class='ocrx_word' id='word_1_784' title='bbox 2087 5166 2119 5206; x_wconf 89' lang='lat' dir='ltr'><strong><em>a</em></strong></span> <span class='ocrx_word' id='word_1_785' title='bbox 2147 5147 2379 5203; x_wconf 85' lang='lat' dir='ltr'><strong><em>Minucio</em></strong></span> <span class='ocrx_word' id='word_1_786' title='bbox 2404 5143 2519 5199; x_wconf 82' lang='lat' dir='ltr'><strong><em>ﬁeri</em></strong></span> <span class='ocrx_word' id='word_1_787' title='bbox 2561 5143 2628 5198; x_wconf 90' lang='lat' dir='ltr'><strong><em>de</em></strong></span> <span class='ocrx_word' id='word_1_788' title='bbox 2666 5141 2864 5197; x_wconf 75' lang='lat' dir='ltr'><strong><em>Marcio</em></strong></span> <span class='ocrx_word' id='word_1_789' title='bbox 2892 5138 3117 5210; x_wconf 82' lang='lat' dir='ltr'><strong><em>Aquilio,</em></strong></span> <span class='ocrx_word' id='word_1_790' title='bbox 3148 5154 3308 5209; x_wconf 88' lang='lat' dir='ltr'><strong><em>quem</em></strong></span> <span class='ocrx_word' id='word_1_791' title='bbox 3339 5140 3454 5210; x_wconf 84' lang='lat' dir='ltr'><strong><em>Ap-</em></strong></span> 
     </span>
    </p>
   </div>
   <div class='ocr_carea' id='block_1_105' title="bbox 1848 5231 3453 5320">
    <p class='ocr_par' dir='ltr' id='par_1_105' title="bbox 1848 5231 3453 5320">
     <span class='ocr_line' id='line_1_105' title="bbox 1848 5231 3453 5320; baseline -0.012 -16"><span class='ocrx_word' id='word_1_792' title='bbox 1848 5248 2062 5320; x_wconf 89' lang='lat' dir='ltr'><strong><em>pianus,</em></strong></span> <span class='ocrx_word' id='word_1_793' title='bbox 2116 5258 2144 5296; x_wconf 91' lang='lat' dir='ltr'><strong><em>a</em></strong></span> <span class='ocrx_word' id='word_1_794' title='bbox 2183 5236 2490 5294; x_wconf 83' lang='lat' dir='ltr'><strong><em>Mithridate</em></strong></span> <span class='ocrx_word' id='word_1_795' title='bbox 2534 5235 2927 5290; x_wconf 70' lang='lat' dir='ltr'><strong><em>crudelissunaa</em></strong></span> <span class='ocrx_word' id='word_1_796' title='bbox 2968 5231 3124 5286; x_wconf 92' lang='lat' dir='ltr'><strong><em>morti</em></strong></span> <span class='ocrx_word' id='word_1_797' title='bbox 3174 5231 3453 5299; x_wconf 79' lang='lat' dir='ltr'><strong><em>ttaditum,</em></strong></span> 
     </span>
    </p>
   </div>
   <div class='ocr_carea' id='block_1_106' title="bbox 1842 5323 3456 5395">
    <p class='ocr_par' dir='ltr' id='par_1_106' title="bbox 1842 5323 3456 5395">
     <span class='ocr_line' id='line_1_106' title="bbox 1842 5323 3456 5395; baseline -0.018 0"><span class='ocrx_word' id='word_1_798' title='bbox 1842 5341 1929 5395; x_wconf 87' lang='lat' dir='ltr'><strong><em>his</em></strong></span> <span class='ocrx_word' id='word_1_799' title='bbox 1957 5342 2140 5394; x_wconf 86' lang='lat' dir='ltr'><strong><em>narrat</em></strong></span> <span class='ocrx_word' id='word_1_800' title='bbox 2168 5330 2350 5387; x_wconf 88' lang='lat' dir='ltr'><strong><em>verbis</em></strong></span> <span class='ocrx_word' id='word_1_801' title='bbox 2379 5345 2392 5381; x_wconf 92' lang='lat'><strong>:</strong></span> <span class='ocrx_word' id='word_1_802' title='bbox 2433 5347 2453 5380; x_wconf 83' lang='grc' dir='ltr'><strong><em>ι</em></strong></span> <span class='ocrx_word' id='word_1_803' title='bbox 2489 5326 2599 5382; x_wconf 88' lang='lat' dir='ltr'><strong><em>Nec</em></strong></span> <span class='ocrx_word' id='word_1_804' title='bbox 2620 5327 2791 5381; x_wconf 91' lang='lat' dir='ltr'><strong><em>multo</em></strong></span> <span class='ocrx_word' id='word_1_805' title='bbox 2828 5335 2947 5395; x_wconf 90' lang='lat' dir='ltr'><strong><em>post</em></strong></span> <span class='ocrx_word' id='word_1_806' title='bbox 3001 5323 3257 5379; x_wconf 82' lang='lat' dir='ltr'><strong><em>Marcium</em></strong></span> <span class='ocrx_word' id='word_1_807' title='bbox 3284 5324 3456 5394; x_wconf 83' lang='lat' dir='ltr'><strong><em>Aqui.</em></strong></span> 
     </span>
    </p>
   </div>
   <div class='ocr_carea' id='block_1_107' title="bbox 201 5416 3456 5523">
    <p class='ocr_par' dir='ltr' id='par_1_107' title="bbox 201 5416 3456 5523">
     <span class='ocr_line' id='line_1_107' title="bbox 201 5416 3456 5523; baseline -0.01 -22"><span class='ocrx_word' id='word_1_808' title='bbox 201 5439 290 5501; x_wconf 57' lang='lat' dir='ltr'><strong><em>hic</em></strong></span> <span class='ocrx_word' id='word_1_809' title='bbox 312 5464 398 5508; x_wconf 87' lang='lat' dir='ltr'><strong><em>suo</em></strong></span> <span class='ocrx_word' id='word_1_810' title='bbox 413 5416 659 5523; x_wconf 60' lang='lat' dir='ltr'><strong><em>ienipore</em></strong></span> <span class='ocrx_word' id='word_1_811' title='bbox 711 5451 917 5508; x_wconf 89' lang='lat' dir='ltr'><strong><em>nemini</em></strong></span> <span class='ocrx_word' id='word_1_812' title='bbox 969 5454 1298 5521; x_wconf 86' lang='lat' dir='ltr'><strong><em>incomperta</em></strong></span> <span class='ocrx_word' id='word_1_813' title='bbox 1319 5422 1507 5501; x_wconf 34' lang='lat' dir='ltr'><strong><em>.eraut.</em></strong></span> <span class='ocrx_word' id='word_1_814' title='bbox 1540 5416 1650 5498; x_wconf 79' lang='lat' dir='ltr'><strong><em>Sed</em></strong></span> <span class='ocrx_word' id='word_1_815' title='bbox 1678 5456 1747 5498; x_wconf 91' lang='lat' dir='ltr'><strong><em>ne</em></strong></span> <span class='ocrx_word' id='word_1_816' title='bbox 1847 5433 2002 5494; x_wconf 90' lang='lat' dir='ltr'><strong><em>lium,</em></strong></span> <span class='ocrx_word' id='word_1_817' title='bbox 2034 5423 2318 5499; x_wconf 81' lang='lat' dir='ltr'><strong><em>legationis</em></strong></span> <span class='ocrx_word' id='word_1_818' title='bbox 2349 5419 2510 5523; x_wconf 78' lang='lat' dir='ltr'><strong><em>hujus</em></strong></span> <span class='ocrx_word' id='word_1_819' title='bbox 2540 5427 2594 5472; x_wconf 88' lang='lat' dir='ltr'><strong><em>et</em></strong></span> <span class='ocrx_word' id='word_1_820' title='bbox 2611 5416 3456 5523; x_wconf 40' lang='lat' dir='ltr'><strong><em>.belli&#39;auctorem-praecipuum,</em></strong></span> 
     </span>
    </p>
   </div>
   <div class='ocr_carea' id='block_1_108' title="bbox 207 5534 1749 5617">
    <p class='ocr_par' dir='ltr' id='par_1_108' title="bbox 207 5534 1749 5617">
     <span class='ocr_line' id='line_1_108' title="bbox 207 5534 1749 5617; baseline -0.008 -16"><span class='ocrx_word' id='word_1_821' title='bbox 207 5534 333 5596; x_wconf 67' lang='grc' dir='ltr'>δῧαιί</span> <span class='ocrx_word' id='word_1_822' title='bbox 362 5543 573 5602; x_wconf 74' lang='lat' dir='ltr'><strong><em>{orastan</em></strong></span> <span class='ocrx_word' id='word_1_823' title='bbox 636 5546 907 5617; x_wconf 88' lang='lat' dir='ltr'><strong><em>incognita</em></strong></span> <span class='ocrx_word' id='word_1_824' title='bbox 954 5545 1098 5608; x_wconf 90' lang='lat' dir='ltr'><strong><em>sint,</em></strong></span> <span class='ocrx_word' id='word_1_825' title='bbox 1151 5557 1211 5598; x_wconf 89' lang='lat' dir='ltr'><strong><em>ea</em></strong></span> <span class='ocrx_word' id='word_1_826' title='bbox 1258 5539 1499 5596; x_wconf 78' lang='lat' dir='ltr'><strong><em>breviter</em></strong></span> <span class='ocrx_word' id='word_1_827' title='bbox 1527 5550 1749 5592; x_wconf 89' lang='lat' dir='ltr'><strong><em>enarra-</em></strong></span> 
     </span>
    </p>
   </div>
   <div class='ocr_carea' id='block_1_109' title="bbox 1638 5603 3461 5690">
    <p class='ocr_par' dir='ltr' id='par_1_109' title="bbox 1638 5603 3461 5690">
     <span class='ocr_line' id='line_1_109' title="bbox 1638 5603 3461 5690; baseline -0.007 -16"><span class='ocrx_word' id='word_1_828' title='bbox 1638 5630 1753 5684; x_wconf 73' lang='grc' dir='ltr'>ιιωο</span> <span class='ocrx_word' id='word_1_829' title='bbox 1853 5630 2042 5690; x_wconf 88' lang='lat' dir='ltr'><strong><em>suapte</em></strong></span> <span class='ocrx_word' id='word_1_830' title='bbox 2068 5630 2200 5671; x_wconf 84' lang='lat' dir='ltr'><strong><em>voce</em></strong></span> <span class='ocrx_word' id='word_1_831' title='bbox 2225 5611 2364 5681; x_wconf 90' lang='lat' dir='ltr'><strong><em>apud</em></strong></span> <span class='ocrx_word' id='word_1_832' title='bbox 2391 5615 2722 5680; x_wconf 84' lang='lat' dir='ltr'><strong><em>spectatores</em></strong></span> <span class='ocrx_word' id='word_1_833' title='bbox 2744 5603 3078 5672; x_wconf 86' lang='lat' dir='ltr'><strong><em>proclamare</em></strong></span> <span class='ocrx_word' id='word_1_834' title='bbox 3095 5620 3155 5661; x_wconf 89' lang='lat' dir='ltr'><strong><em>se</em></strong></span> <span class='ocrx_word' id='word_1_835' title='bbox 3180 5620 3302 5661; x_wconf 60' lang='lat' dir='ltr'><strong><em>esse</em></strong></span> <span class='ocrx_word' id='word_1_836' title='bbox 3322 5604 3461 5661; x_wconf 81' lang='lat' dir='ltr'><strong><em>Mar-</em></strong></span> 
     </span>
    </p>
   </div>
   <div class='ocr_carea' id='block_1_110' title="bbox 198 5624 1562 5704">
    <p class='ocr_par' dir='ltr' id='par_1_110' title="bbox 198 5624 1562 5704">
     <span class='ocr_line' id='line_1_110' title="bbox 198 5624 1562 5704; baseline 0.008 -21"><span class='ocrx_word' id='word_1_837' title='bbox 198 5624 386 5704; x_wconf 74' lang='lat' dir='ltr'><strong><em>itimus;</em></strong></span> <span class='ocrx_word' id='word_1_838' title='bbox 430 5640 493 5696; x_wconf 90' lang='lat' dir='ltr'><strong><em>de</em></strong></span> <span class='ocrx_word' id='word_1_839' title='bbox 539 5640 695 5696; x_wconf 85' lang='lat' dir='ltr'><strong><em>Mucii</em></strong></span> <span class='ocrx_word' id='word_1_840' title='bbox 742 5647 921 5693; x_wconf 74' lang='lat' dir='ltr'><strong><em>autem</em></strong></span> <span class='ocrx_word' id='word_1_841' title='bbox 964 5635 1217 5694; x_wconf 65' lang='lat' dir='ltr'><strong><em>Scaevola:</em></strong></span> <span class='ocrx_word' id='word_1_842' title='bbox 1260 5632 1562 5703; x_wconf 71' lang='grc' dir='ltr'><strong><em>ευριιιὶοίο.</em></strong></span> 
     </span>
    </p>
   </div>
   <div class='ocr_carea' id='block_1_111' title="bbox 199 5721 1751 5804">
    <p class='ocr_par' dir='ltr' id='par_1_111' title="bbox 199 5721 1751 5804">
     <span class='ocr_line' id='line_1_111' title="bbox 199 5721 1751 5804; baseline -0.002 -25"><span class='ocrx_word' id='word_1_843' title='bbox 199 5723 425 5786; x_wconf 80' lang='lat' dir='ltr'><strong><em>Arnobius</em></strong></span> <span class='ocrx_word' id='word_1_844' title='bbox 482 5734 677 5790; x_wconf 88' lang='lat' dir='ltr'><strong><em>ibidem</em></strong></span> <span class='ocrx_word' id='word_1_845' title='bbox 731 5732 965 5804; x_wconf 81' lang='lat' dir='ltr'><strong><em>adjecit;</em></strong></span> <span class='ocrx_word' id='word_1_846' title='bbox 1027 5748 1046 5782; x_wconf 85' lang='grc' dir='ltr'><strong><em>ι</em></strong></span> <span class='ocrx_word' id='word_1_847' title='bbox 1085 5728 1185 5797; x_wconf 85' lang='lat' dir='ltr'><strong><em>Qui</em></strong></span> <span class='ocrx_word' id='word_1_848' title='bbox 1232 5742 1353 5784; x_wconf 90' lang='lat' dir='ltr'><strong><em>cum</em></strong></span> <span class='ocrx_word' id='word_1_849' title='bbox 1414 5729 1649 5780; x_wconf 76' lang='lat' dir='ltr'><strong><em>erraSset</em></strong></span> <span class='ocrx_word' id='word_1_850' title='bbox 1696 5721 1751 5777; x_wconf 89' lang='lat' dir='ltr'><strong><em>in</em></strong></span> 
     </span>
    </p>
   </div>
   <div class='ocr_carea' id='block_1_112' title="bbox 1852 5510 3458 5597">
    <p class='ocr_par' dir='ltr' id='par_1_112' title="bbox 1852 5510 3458 5597">
     <span class='ocr_line' id='line_1_112' title="bbox 1852 5510 3458 5597; baseline -0.01 -14"><span class='ocrx_word' id='word_1_851' title='bbox 1852 5535 2070 5597; x_wconf 84' lang='lat' dir='ltr'><strong><em>captum</em></strong></span> <span class='ocrx_word' id='word_1_852' title='bbox 2094 5523 2440 5586; x_wconf 90' lang='lat' dir='ltr'><strong><em>vinctumque</em></strong></span> <span class='ocrx_word' id='word_1_853' title='bbox 2471 5514 2523 5568; x_wconf 91' lang='lat' dir='ltr'><strong><em>in</em></strong></span> <span class='ocrx_word' id='word_1_854' title='bbox 2547 5510 2700 5566; x_wconf 89' lang='lat' dir='ltr'><strong><em>asino</em></strong></span> <span class='ocrx_word' id='word_1_855' title='bbox 2729 5510 3188 5575; x_wconf 90' lang='lat' dir='ltr'><strong><em>circumvehebat,</em></strong></span> <span class='ocrx_word' id='word_1_856' title='bbox 3208 5521 3458 5567; x_wconf 88' lang='lat' dir='ltr'><strong><em>coactum</em></strong></span> 
     </span>
    </p>
   </div>
   <div class='ocr_carea' id='block_1_113' title="bbox 1856 5696 3460 5775">
    <p class='ocr_par' dir='ltr' id='par_1_113' title="bbox 1856 5696 3460 5775">
     <span class='ocr_line' id='line_1_113' title="bbox 1856 5696 3460 5775; baseline -0.01 -5"><span class='ocrx_word' id='word_1_857' title='bbox 1856 5717 2020 5775; x_wconf 86' lang='lat' dir='ltr'><strong><em>ciunt,</em></strong></span> <span class='ocrx_word' id='word_1_858' title='bbox 2044 5711 2216 5765; x_wconf 88' lang='lat' dir='ltr'><strong><em>donec</em></strong></span> <span class='ocrx_word' id='word_1_859' title='bbox 2246 5703 2493 5775; x_wconf 83' lang='lat' dir='ltr'><strong><em>Pergami</em></strong></span> <span class='ocrx_word' id='word_1_860' title='bbox 2536 5713 2721 5754; x_wconf 86' lang='lat' dir='ltr'><strong><em>aurum</em></strong></span> <span class='ocrx_word' id='word_1_861' title='bbox 2757 5696 3012 5764; x_wconf 75' lang='lat' dir='ltr'><strong><em>liquatum</em></strong></span> <span class='ocrx_word' id='word_1_862' title='bbox 3057 5698 3109 5751; x_wconf 91' lang='lat' dir='ltr'><strong><em>in</em></strong></span> <span class='ocrx_word' id='word_1_863' title='bbox 3151 5714 3213 5752; x_wconf 84' lang='lat' dir='ltr'><strong><em>os</em></strong></span> <span class='ocrx_word' id='word_1_864' title='bbox 3234 5701 3349 5769; x_wconf 75' lang='lat' dir='ltr'><strong><em>ejus</em></strong></span> <span class='ocrx_word' id='word_1_865' title='bbox 3377 5702 3460 5754; x_wconf 84' lang='lat' dir='ltr'><strong><em>in-</em></strong></span> 
     </span>
    </p>
   </div>
   <div class='ocr_carea' id='block_1_114' title="bbox 196 5788 3457 5897">
    <p class='ocr_par' dir='ltr' id='par_1_114' title="bbox 196 5788 3457 5897">
     <span class='ocr_line' id='line_1_114' title="bbox 196 5788 3457 5897; baseline 0.002 -20"><span class='ocrx_word' id='word_1_866' title='bbox 196 5814 364 5893; x_wconf 72' lang='lat' dir='ltr'><strong><em>Regeta</em></strong></span> <span class='ocrx_word' id='word_1_867' title='bbox 392 5863 408 5895; x_wconf 87' lang='lat'><strong><em>,</em></strong></span> <span class='ocrx_word' id='word_1_868' title='bbox 468 5788 716 5897; x_wconf 81' lang='lat' dir='ltr'><strong><em>periisset</em></strong></span> <span class='ocrx_word' id='word_1_869' title='bbox 768 5788 824 5881; x_wconf 74' lang='lat' dir='ltr'><strong><em>in</em></strong></span> <span class='ocrx_word' id='word_1_870' title='bbox 879 5788 1144 5891; x_wconf 66' lang='lat' dir='ltr'><strong><em>hostibus,</em></strong></span> <span class='ocrx_word' id='word_1_871' title='bbox 1184 5820 1285 5876; x_wconf 91' lang='lat' dir='ltr'><strong><em>nisi</em></strong></span> <span class='ocrx_word' id='word_1_872' title='bbox 1325 5817 1572 5876; x_wconf 77' lang='lat' dir='ltr'><strong><em>dextram</em></strong></span> <span class='ocrx_word' id='word_1_873' title='bbox 1636 5828 1758 5887; x_wconf 83' lang='lat' dir='ltr'><strong><em>per-</em></strong></span> <span class='ocrx_word' id='word_1_874' title='bbox 1858 5806 2050 5875; x_wconf 77' lang='lat' dir='ltr'><strong><em>fundit.</em></strong></span> <span class='ocrx_word' id='word_1_875' title='bbox 2083 5798 2419 5872; x_wconf 61' lang='lat' dir='ltr'><strong><em>eorrnpleias</em></strong></span> <span class='ocrx_word' id='word_1_876' title='bbox 2460 5788 3166 5897; x_wconf 52' lang='lat' dir='ltr'><strong><em>largitionum“Wfﬁn”</em></strong></span> <span class='ocrx_word' id='word_1_877' title='bbox 3212 5790 3457 5848; x_wconf 63' lang='lat' dir='ltr'><strong><em>Romam</em></strong></span> 
     </span>
    </p>
   </div>
   <div class='ocr_carea' id='block_1_115' title="bbox 417 5917 843 5981">
    <p class='ocr_par' dir='ltr' id='par_1_115' title="bbox 417 5917 843 5981">
     <span class='ocr_line' id='line_1_115' title="bbox 417 5917 843 5981; baseline -0.005 -2"><span class='ocrx_word' id='word_1_878' title='bbox 417 5917 686 5981; x_wconf 75' lang='grc' dir='ltr'><strong><em>ΡΑτιιοι..</em></strong></span> <span class='ocrx_word' id='word_1_879' title='bbox 734 5917 843 5980; x_wconf 89' lang='lat' dir='ltr'><strong><em>lll.</em></strong></span> 
     </span>
    </p>
   </div>
   <div class='ocr_carea' id='block_1_116' title="bbox 2956 5876 3033 5939">
    <p class='ocr_par' dir='ltr' id='par_1_116' title="bbox 2956 5876 3033 5939">
     <span class='ocr_line' id='line_1_116' title="bbox 2956 5876 3033 5939; baseline 0 0"><span class='ocrx_word' id='word_1_880' title='bbox 2956 5876 3033 5939; x_wconf 83' lang='lat'><strong><em>15</em></strong></span> 
     </span>
    </p>
   </div>
  </div>
