3818 6282
391 247 501 304 459

1620 240 1710 297 DE
1750 237 2013 298 MlNUCIl
2045 235 2346 297 OCTAVIO
3505 259 3577 317 idid

397 362 647 420 nomini?
684 382 702 415 ι
732 363 1005 432 (Appiam,
1040 358 1127 414 lib.
1162 359 1225 412 de
1262 358 1375 412 Bel.
1414 356 1677 424 Mithrid.,
1712 358 1861 428 longe
1888 367 1993 426 post

2106 377 2278 469 cibus,
2333 376 2480 441 leris,
2514 382 2568 431 et
2595 395 2612 427 ι
2647 378 2914 446 omnibus,
2955 397 2974 431 ι
3001 386 3057 434 ut
3084 380 3191 451 ipse
3222 382 3473 457 loquitur,i
3494 412 3585 469 sup.

395 456 541 521 init.,
572 473 691 526 pag.
724 452 875 526 ηδ).
910 452 1112 506 Plinius
1140 466 1393 521 quoque:
1426 469 1445 501 ‹
1490 448 1600 505 Nec
1636 448 1769 520 jam,
1804 448 1999 520 inquit,

399 548 683 614 Qniritium
699 542 997 614 aliquo.scd
1019 542 1268 599 universo
1287 542 1500 597 nomine
1516 541 1761 597 Romano
1785 539 1998 607 infami,

396 656 490 695 rex
510 637 840 693 Mithridates
867 634 1081 704 Aquilio
1104 634 1225 689 duci
1248 647 1407 703 capto
1429 650 1617 689 aurum
1646 635 1693 686 iu
1720 648 1780 687 os
1805 633 2001 688 infudit

394 732 591 805 (Plin.,
610 731 698 784 lib.
724 743 892 784 xxxrtt
916 726 1103 781 Natur.
1128 725 1285 790 Hist.,
1306 745 1421 799 cap.
1454 728 1510 793 5,
1533 743 1651 798 pag.
1670 724 1787 797 52).

465 823 646 880 Nescii
671 822 884 892 quidem
910 836 1014 877 non
1046 836 1235 877 sumus
1255 819 1469 890 scriptis
1486 836 1513 870 a
1537 817 1752 874 Valerio
1769 816 1999 875 Maximo

395 921 695 992 proditum,
744 920 814 974 M.
850 916 1124 988 Aquilium
1172 913 1421 969 maluisse
1457 912 1745 968 Mithridati
1773 912 2000 981 turpiter

393 1016 626 1081 servire,
659 1029 820 1084 quam
850 1012 1085 1083 gloriose
1107 1026 1169 1065 ac
1199 1009 1412 1069 fortiter
1443 1008 1603 1062 mori.
1624 1005 1728 1062 Sed
1754 1007 1867 1076 ipse
1896 1004 1997 1060 Va-

389 1110 558 1165 lerius
580 1109 689 1163 alto
712 1107 780 1162 ibi
815 1106 1009 1179 premit
1035 1103 1250 1159 silentio
1271 1117 1377 1174 quo
1405 1100 1596 1156 mortis
1624 1114 1824 1170 genere
1846 1097 1996 1151 obie-

389 1203 464 1258 rit
498 1200 714 1272 (Valer.
737 1200 910 1266 Mam,
941 1200 1031 1255 lib.
1067 1214 1141 1266 Ix,
1175 1214 1290 1266 cap.
1342 1197 1429 1259 15,
1457 1194 1484 1266 §
1510 1195 1587 1263 1).
1621 1194 1874 1260 Quamvis
1905 1207 1999 1245 au-

392 1305 500 1349 tem
531 1294 618 1348 ille
645 1291 711 1347 de
759 1290 955 1360 Aquilii
999 1298 1174 1343 morte
1211 1286 1389 1350 aliter,
1437 1300 1595 1355 quam
1651 1284 1923 1354 Appianus
1945 1290 1999 1336 et

392 1386 503 1450 alii,
535 1385 780 1445 sentiret,
815 1382 864 1437 id
894 1390 1042 1437 certe
1071 1379 1358 1451 prohibere
1383 1394 1486 1432 non
1516 1376 1706 1446 putuit,
1733 1392 1799 1430 ne
1828 1375 2001 1429 Minu-

392 1478 508 1532 cius
533 1476 724 1530 horum
766 1474 967 1545 potius,
995 1488 1154 1543 quam
1191 1470 1386 1524 Valerii
1421 1468 1657 1535 Maximi,
1691 1476 1908 1521 secutus
1929 1465 1999 1519 sit

387 1570 723 1639 opinionem.
750 1567 863 1622 Iluc
901 1566 1129 1630 accedit,
1158 1562 1300 1633 quod
1332 1562 1417 1616 hic
1449 1561 1694 1633 Aquilius
1724 1575 1844 1614 che
1880 1574 1998 1614 cre-

389 1662 568 1730 datur,
599 1662 667 1717 de
707 1677 812 1731 quo
854 1659 1044 1713 Cicero
1071 1657 1301 1728 quadam
1338 1658 1390 1709 in
1438 1654 1694 1708 Oratione
1720 1653 1799 1708 sic
1822 1652 1997 1707 disse-

2110 468 2390 537 pliciorum
2436 470 2745 525 terriculis?
2785 490 2803 523 ι
2850 470 3038 527 Nonne
3087 482 3161 527 tot
3205 483 3392 546 tamque
3426 468 3587 548 diversis

2109 562 2411 627 tormentis,
2444 578 2549 617 non
2581 571 2687 617 t'tm
2713 578 2878 634 parvo
2900 562 3182 621 Christiani
3223 585 3416 626 numero
3456 584 3589 640 crudi,»

2106 653 2229 708 liter
2258 655 2452 722 necati,
2510 655 2739 726 palmam
2771 658 3009 728 martyrii
3039 666 3160 713 tunc
3200 667 3439 735 consecuti
3462 678 3589 730 sum?

2177 747 2736 804 Animadvertendum
2801 750 3021 818 insuper
3086 766 3376 820 persuasum
3414 758 3590 833 Minucio,

2106 840 2563 911 quemadmodum
2587 841 2889 911 Lactantio,
2933 844 3115 909 fuisse,
3147 847 3390 904 neminem
3424 853 3512 912 sine
3542 860 3594 916 di.

2106 933 2233 986 vino
2256 934 2490 989 victricis
2534 937 2721 1006 gratiae
2770 935 2987 1003 auxilio,
3023 937 3252 1007 potuisse
3289 943 3595 1009 crudelissimos

2106 1025 2229 1081 illos
2287 1027 2555 1081 cruciatus
2599 1042 2694 1098 pro
2743 1026 2939 1082 Christi
2978 1029 3307 1086 confessione
3342 1034 3400 1088 ad
3436 1052 3595 1101 mortem

2107 1132 2279 1188 usque
2327 1128 2471 1177 tanta
2502 1121 2742 1189 perferre
2791 1121 3091 1177 constantia
3121 1119 3384 1194 (Lactant.,
3410 1128 3488 1185 loc.
3507 1137 3593 1205 cit).

2108 1211 2348 1267 Primum
2380 1214 2580 1270 etenim
2621 1223 2847 1283 uterque
2884 1212 3084 1268 diserte
3133 1215 3345 1281 afﬁrmat
3371 1217 3595 1290 inspiratam

2108 1304 2191 1359 eis
2258 1303 2425 1361 fuisse
2494 1306 2829 1376 patientiam.
2860 1305 2966 1362 Sed
3017 1308 3278 1373 quomodo
3304 1310 3512 1381 insitirata
3533 1330 3596 1385 est,

2106 1396 2211 1451 nisi
2249 1396 2444 1453 divina:
2495 1399 2681 1468 gratia:
2708 1398 2952 1453 auxilio?
2988 1399 3187 1454 Deinde
3238 1399 3369 1456 addit
3415 1402 3599 1467 Minucius

2113 1510 2131 1543 ι
2162 1490 2428 1547 neminem
2483 1506 2624 1557 esse,
2657 1491 2748 1563 qui
2780 1502 2872 1547 aut
2926 1492 3044 1547 sine
3070 1493 3295 1549 ratione
3328 1496 3598 1567 velitpatnam

2106 1586 2332 1651 subire,
2374 1595 2467 1641 aut
2523 1595 2791 1641 tormenta
2845 1586 2962 1641 sine
3020 1585 3131 1643 Deo
3181 1587 3339 1657 possit
3367 1592 3596 1649 sustineren

2105 1677 2415 1735 Lactantius
2443 1693 2571 1734 vero
2604 1686 2787 1748 postea
2838 1678 3056 1745 scripsit
3081 1694 3093 1731 :
3120 1697 3138 1731 ‹
3163 1677 3266 1734 Nec
3296 1680 3441 1749 ipsam
3465 1684 3601 1751 patien-

386 1756 499 1812 rit:
545 1776 563 1809 t
596 1754 707 1809 Vos
736 1770 859 1809 eum
900 1766 1082 1822 regem
1136 1748 1566 1822 (Mithridatem),
1598 1747 1826 1802 inultum
1875 1761 1993 1802 esse

2108 1772 2278 1835 tiam,
2327 1774 2442 1828 sine
2486 1772 2635 1836 Deo,
2702 1772 2972 1828 cruciatus
3019 1780 3193 1827 tantos
3244 1787 3386 1843 posse
3425 1791 3603 1845 superare

382 1848 684 1918 patiemini,
715 1847 803 1916 qui
856 1847 1087 1915 legatum
1139 1843 1319 1914 populi
1369 1841 1592 1895 Romani
1626 1841 1990 1903 consularem,

384 1940 638 2004 vinculis,
672 1954 737 1993 ac
767 1936 1104 1993 verberibus.
1132 1945 1294 2005 atque
1321 1933 1470 1988 omni
1502 1932 1766 2003 supplicio
1796 1947 1991 1985 excru—

385 2034 582 2087 ciatum
614 2029 867 2085 necavit?
904 2027 1055 2099 (Cia,
1091 2038 1223 2082 orat.
1263 2029 1350 2093 15,
1386 2044 1477 2098 pro
1495 2025 1629 2096 Lege
1645 2025 1989 2096 Manil.,pag.

388 2123 545 2196 245.)
574 2123 816 2193 Denique
849 2122 1137 2188 Arnobius,
1162 2120 1232 2177 de
1256 2137 1363 2192 quo
1391 2136 1489 2175 nos
1516 2136 1614 2176 suo
1646 2121 1785 2187 loco,
1807 2134 1992 2174 exem-

382 2221 529 2290 plum
553 2219 795 2289 ejusdem
817 2216 1015 2288 Aquilii
1038 2224 1225 2271 contra
1244 2214 1509 2280 ethnicos,
1535 2213 1992 2284 quemadmodum

382 2315 649 2370 Minucius
702 2321 885 2369 noster
907 2353 922 2377 ,
955 2311 1199 2369 adhibuit
1236 2310 1477 2382 (Arnob.,
1528 2310 1616 2365 lib.
1646 2326 1683 2373 ι,
1716 2328 1836 2382 pag.
1868 2310 1987 2379 23).

459 2406 578 2462 Jam
626 2414 806 2465 autem
851 2405 1115 2467 animum.
1138 2419 1347 2477 qureso,
1375 2404 1625 2459 δάκει-ωε
1653 2419 1812 2474 quam
1845 2411 1994 2457 recte

381 2515 447 2555 ex
478 2497 562 2553 bis
597 2497 861 2569 exemplis
903 2490 1097 2551 auctor
1126 2505 1311 2552 noster
1337 2507 1523 2551 contra
1555 2497 1803 2553 ethnicos
1830 2511 1993 2567 argu-

383 2599 675 2645 mentetur.
706 2588 945 2649 Primum
970 2589 1113 2647 enim
1142 2604 1207 2645 ex
1238 2589 1493 2644 Scaevola:
1515 2587 1765 2657 exemplo
1796 2588 1875 2642 sic
1899 2587 1990 2643 ille

381 2682 660 2752 disputat:
698 2700 717 2732 ‹
753 2681 816 2735 Et
841 2690 971 2751 quot
991 2697 1058 2736 ex
1087 2681 1285 2736 nostris
1310 2698 1415 2737 non
1462 2681 1739 2739 dexteram
1789 2681 1985 2749 solum,

382 2775 477 2831 sed
504 2785 671 2831 totum
700 2788 895 2844 corpus
924 2774 1027 2837 uri,
1057 2773 1309 2835 cremari,
1361 2774 1480 2829 sine
1531 2773 1656 2827 nllis
1701 2773 1989 2843 eiulatibus

380 2868 739 2937 pertulerunt,
771 2883 891 2921 cum
944 2868 1140 2923 dimitti
1175 2869 1475 2938 prtesertim
1520 2867 1781 2922 haberent
1810 2868 1861 2919 in
1892 2881 1985 2920 sua

384 2961 693 3029 potestate?
722 2978 741 3012 ι
771 2959 963 3014 Acrius
1004 2959 1222 3027 deinde,
1257 2976 1321 3014 ex
1351 2960 1602 3014 omnibus
1653 2959 1813 3012 simul
1858 2973 1990 3011 con-

380 3053 637 3121 globatis,
664 3052 805 3106 hunc
833 3051 997 3109 instat
1027 3053 1077 3105 in
1098 3053 1315 3106 modum
1349 3069 1361 3103 2
1392 3070 1411 3102 ι
1448 3051 1599 3104 Viros
1631 3065 1751 3105 cum
1786 3049 1982 3114 Mucio,

2100 1863 2389 1936 (Lactant.,
2422 1866 2533 1921 loco
2561 1864 2696 1938 cit.).
2721 1886 2739 1918 ι
2773 1865 2964 1921 Nonne
3004 1875 3180 1921 autem
3207 1865 3285 1922 his
3318 1866 3469 1925 verbis
3490 1871 3601 1940 ipsam

2098 1955 2295 2011 divinae
2344 1959 2531 2028 gratiae
2561 2000 2577 2022 ,
2608 1959 2674 2012 ad
2713 1968 2941 2014 mortem
2992 1970 3069 2014 tot
3112 1959 3366 2028 tantisque
3404 1966 3603 2021 tormentis

2099 2048 2402 2105 obeundum
2433 2092 2448 2114 ,
2496 2052 2875 2107 necessitatem
2928 2051 3339 2108 luculentissime
3389 2058 3539 2111 asserit
3570 2071 3603 2115 et

2100 2140 2428 2195 vindicant?
2459 2142 2533 2197 De
2565 2143 2840 2199 Lactantio
2886 2153 3069 2199 autem
3119 2144 3311 2215 aliquid
3350 2145 3495 2202 adhuc
3517 2149 3602 2205 inira

2109 2235 2417 2291 dicendum.
2450 2236 2691 2307 (Disserl.
2750 2239 2804 2293 in
2853 2237 3118 2306 Laclanl.,
3149 2256 3264 2312 cap.
3304 2241 3387 2308 28,
3435 2258 3511 2301 art.
3536 2247 3587 2318 l).

2692 2411 2989 2453 ARTICULUS
3030 2413 3084 2451 ν.

2099 2526 2367 2594 Quomodo
2394 2528 2627 2585 ultimum
2644 2528 2837 2586 Caecilii
2853 2542 3036 2588 contra
3066 2533 3284 2590 divinant
3312 2534 3602 2597 Providentiam

2178 2631 2532 2689 argumentum
2556 2639 2619 2679 ex
2644 2622 3057 2680 Christianorum
3096 2626 3160 2682 de
3192 2632 3293 2699 fato
3323 2630 3517 2699 opinione
3545 2649 3602 2701 pe-

2172 2713 2342 2780 titum,
2366 2713 2429 2767 ab
2459 2711 2670 2769 Octauio
2701 2716 2953 2771 solvatur.
3376 2721 3387 2731 °

2165 2852 2427 2910 Ultimum
2487 2866 2675 2910 contra
2731 2856 2973 2911 divinam
3036 2844 3423 2916 Providentiam
3465 2861 3602 2917 Caecilii

2094 2948 2559 3017 propugnaculum
2596 2949 2697 3003 fuit
2740 2951 3067 3015 communis,
3133 2953 3204 3006 uti
3254 2953 3427 3018 aiebat,
3462 2954 3600 3023 opinio.

2096 3055 2202 3094 non
2228 3040 2391 3095 modo
2416 3043 2721 3112 gentilium,
2747 3044 2839 3098 sed
2865 3044 3112 3098 omnium
3163 3046 3315 3100 etiam
3360 3043 3601 3100 Christiano-

392 3147 478 3202 vel
506 3163 628 3202 cum
660 3143 875 3216 Aquilio
910 3155 1001 3199 aut
1032 3144 1236 3213 Regulo
1262 3158 1536 3210 comparo.
1563 3141 1721 3196 Pueri
1765 3152 1818 3196 et
1871 3157 1993 3196 mu-
2018 3146 2064 3209 (ζ
2098 3150 2238 3197 rum,
2265 3135 2357 3205 qui
2383 3137 2490 3189 lato
2530 3137 2709 3191 omnia
2748 3136 2864 3191 ﬁeri
2905 3139 3322 3193 arbitrabantur.
3353 3139 3465 3207 Quid
3486 3137 3602 3209 ergo?

385 3240 622 3296 licrcnhe
674 3246 877 3294 nostra:
906 3251 1096 3290 cruces
1138 3243 1193 3290 et
1217 3244 1506 3299 tormenta,
1548 3232 1688 3289 feras
1718 3244 1772 3290 et
1799 3249 1991 3289 ontnes

380 3332 769 3401 suppliciorum
833 3327 1116 3382 terriculas
1158 3326 1413 3395 inSpirata
1472 3325 1729 3396 patientia
1784 3325 1990 3380 doloris

382 3423 636 3490 illndunt.
677 3440 695 3472 ι
733 3420 934 3475 Eodem
968 3418 1126 3489 plane
1155 3418 1314 3473 modo
1356 3427 1410 3472 et
1430 3434 1493 3473 ex
1525 3418 1713 3474 iisdem
1744 3417 1897 3472 Mucii
1926 3433 1990 3473 ac

390 3514 576 3586 Reguli
607 3512 867 3581 exemplis
915 3511 1227 3567 Lactantius
1276 3510 1625 3567 ratiocinator
1669 3531 1681 3565 :
1732 3530 1750 3564 ‹
1785 3510 1986 3576 Nostri,

383 3616 443 3661 ut
472 3607 540 3661 de
567 3605 720 3670 viris,
747 3605 937 3672 inquit,
987 3612 1215 3670 taceam,
1255 3604 1405 3674 pueri
1440 3612 1493 3658 et
1524 3603 1855 3658 muliercula:
1881 3613 1990 3657 tor-

382 3711 533 3755 tores
559 3713 687 3753 suos
718 3697 863 3752 taciti
892 3697 1113 3752 vincunt
1137 3738 1151 3761 ,
1181 3706 1236 3752 et
1269 3697 1574 3766 exprimere
1598 3696 1703 3750 illis
1728 3698 1986 3767 gemitum

384 3807 488 3849 nec
510 3793 647 3864 ignis
675 3800 875 3862 potest.
908 3792 1045 3849 Eant
1081 3791 1331 3855 Ruinam,
1366 3800 1421 3849 et
1469 3792 1644 3847 Mucio
1692 3794 1989 3862 glorientur

386 3899 478 3943 aut
507 3886 833 3957 Regulo.....
865 3884 1007 3941 Ecce
1038 3898 1200 3940 sexus
1228 3884 1494 3950 intirnnts,
1525 3896 1579 3942 et
1610 3886 1811 3956 fragilis
1831 3901 1985 3955 aetas,

389 3979 674 4036 dilacerari
704 3993 764 4034 se
785 3986 900 4033 toto
926 3992 1156 4047 corpore
1188 3978 1372 4048 utique
1403 3980 1719 4049 perpetitur,
1754 3996 1860 4035 non
1886 3996 1982 4036 ne-

389 4074 663 4137 cessitate,
694 4073 816 4142 qnia
849 4073 975 4127 licet
1005 4073 1194 4136 vitare,
1218 4074 1261 4127 si
1293 4072 1508 4135 vellent.
1538 4075 1631 4129 sed
1690 4076 1985 4142 voluntate,

388 4168 510 4237 quia
540 4165 946 4223 centiduntDeo
972 4163 1256 4237 (Lactant.,
1282 4166 1369 4220 lib.
1398 4182 1431 4220 v
1460 4164 1634 4220 Instit.
1674 4167 1833 4222 divin.
1867 4185 1986 4237 cap.

389 4260 475 4325 15,
505 4277 626 4333 pag.
657 4258 763 4314 495
793 4268 839 4313 et
866 4258 1053 4329 seq.).r
1101 4257 1202 4313 Alii
1222 4274 1350 4313 vero
1377 4258 1599 4323 ethnici,
1626 4262 1870 4328 quamvis
1902 4276 1990 4316 ro-

382 4353 543 4408 busto
563 4368 789 4423 corpore
812 4355 1074 4427 vigentes,
1107 4368 1230 4408 cum
1274 4363 1675 4423 torquerentur.
1709 4357 1986 4410 exclama-

383 4447 535 4515 bant,
570 4449 905 4507 edebantque
929 4448 1181 4521 gemitus,
1220 4449 1343 4515 quia
1379 4467 1397 4499 t
1435 4448 1587 4503 deest
1617 4448 1758 4511 illis,
1794 4450 1985 4520 inquit,

2102 3229 2378 3300 quomodo
2426 3229 2675 3285 Caecilius
2730 3242 2835 3285 tam
2892 3231 3161 3287 aflirmate
3199 3247 3471 3288 asseverare
3490 3231 3596 3299 potuit

2097 3323 2236 3378 hanc
2263 3339 2604 3380 communem
2634 3324 2802 3380 fuisse
2846 3326 3278 3385 Christianorum
3315 3327 3597 3382 unitersttrum

2096 3420 2423 3477 sententiam
2452 3420 2475 3473 ?
2504 3418 2693 3475 Nonne
2723 3435 2842 3475 eam
2891 3422 3018 3475 totis
3055 3423 3217 3475 animi
3251 3420 3600 3493 ingeniiqueviti-

2096 3511 2667 3582 busimpngnaverunt
2692 3513 2715 3565 ?
2747 3512 2803 3568 Si
2833 3513 2900 3568 de
2926 3514 3197 3583 aliquibus
3234 3514 3465 3569 hmreticis
3484 3512 3521 3567 id
3542 3511 3599 3565 ille

2095 3604 2344 3669 dixisset,
2376 3620 2566 3660 manus
2615 3606 2663 3660 ei
2716 3605 2856 3661 haud
2906 3607 3064 3661 inviti
3112 3607 3369 3661 daremus.
3406 3605 3488 3661 Sed
3523 3603 3599 3675 quis

2095 3698 2295 3767 ipsum,
2324 3698 2390 3751 de
2424 3697 2674 3755 omnibus
2726 3698 3023 3755 universim
3065 3698 3374 3754 Christianis
3406 3696 3486 3752 hoc
3502 3710 3597 3751 asse-

2094 3801 2327 3852 rentem.
2360 3790 2501 3845 ferre
2544 3792 2763 3860 potest?
2791 3790 2929 3847 Audi
2970 3802 3174 3857 tamen,
3199 3794 3429 3857 obsecro,
3453 3805 3519 3859 qua
3534 3802 3589 3840 ra-

2096 3882 2246 3936 tione
2278 3881 2409 3936 illud
2435 3883 2668 3953 probare
2694 3895 2940 3939 conatur.
2974 3903 2993 3935 (
3038 3884 3302 3956 Quidquid
3329 3885 3507 3955 agimus,
3534 3879 3588 3933 in-

2097 3975 2231 4044 quit,
2264 3982 2321 4027 ut
2354 3974 2441 4028 alii
2466 3973 2597 4040 fato,
2626 3976 2699 4030 ita
2731 3991 2825 4030 vos
2855 3977 2964 4031 Deo
2981 3977 3162 4033 dicitis
3186 3994 3200 4043 ;
3227 3978 3452 4031 sicsecta:
3470 3979 3597 4026 vett-tt:

2098 4085 2205 4123 non
2237 4078 2563 4139 spontaneos
2588 4085 2769 4141 agere.
2799 4070 2892 4126 sed
2921 4070 3146 4134 electos,
3179 4089 3198 4123 ι
3231 4071 3278 4125 id
3297 4078 3387 4133 est,
3409 4061 3598 4121 vosChri-

2096 4161 2258 4216 stiani
2308 4178 2414 4216 non
2461 4162 2602 4217 nitro
2656 4172 2705 4217 et
2749 4172 2942 4234 sponte
2989 4174 3193 4224 vestra.
3234 4163 3324 4219 sed
3365 4162 3508 4218 divina
3529 4156 3599 4211 ele-

2095 4257 2316 4319 ctione,
2367 4264 2569 4311 sectam
2624 4253 3051 4327 religionemque
3103 4267 3330 4313 vestram
3394 4248 3597 4323 amplexati

2097 4349 2249 4403 estis.
2278 4349 2410 4403 Cum
2444 4363 2622 4403 amem
2668 4349 2782 4403 haec
2807 4349 3131 4418 objectabat,
3158 4347 3437 4419 respexisse
3459 4343 3599 4397 videtur

2095 4440 2163 4493 ad
2184 4457 2244 4494 ca
2276 4441 2475 4496 Christi
2503 4442 2688 4503 verba.
2719 4458 2838 4512 qua)
2866 4443 2952 4496 vel
2996 4460 3061 4497 ex
3089 4441 3393 4499 Christianis
3412 4438 3599 4495 audierat,

382 4541 644 4610 inspirnia
676 4541 952 4611 patientia.
987 4557 1005 4591 ι
1032 4537 1237 4605 Quibus
1277 4539 1494 4607 quidem
1521 4540 1699 4594 verbis
1727 4541 1989 4599 Minucius
2017 4539 2070 4601 1)
2097 4534 2183 4587 vel
2211 4535 2414 4604 legerat
2457 4536 2509 4590 in
2538 4534 2760 4591 Joannis
2802 4533 3096 4606 Evangelio
3124 4553 3137 4589 :
3164 4534 3280 4590 Non
3303 4551 3379 4588 vos
3406 4547 3469 4585 me
3498 4525 3600 4595 elegi-

384 4645 591 4700 noster,
621 4636 692 4688 ιιιί
725 4634 921 4692 cernis.
945 4632 1059 4702 jam
1086 4648 1214 4687 usus
1258 4630 1449 4686 fuerat.
1487 4632 1796 4689 Lactantius
1827 4637 1989 4706 igitur

383 4746 491 4785 ηοη
529 4725 689 4783 modo
742 4726 983 4780 aucturis
1026 4726 1194 4777 nostri
1253 4739 1473 4781 sensum
1528 4734 1580 4780 et
1606 4736 1863 4796 mentem,
1890 4729 1987 4785 sed

381 4819 497 4891 ipsa
529 4820 690 4874 etiam
714 4818 959 4888 quaedam
983 4815 1147 4870 verba
1186 4815 1476 4884 expressit.

455 4911 664 4967 Nemini
689 4926 848 4978 porro
871 4910 1136 4979 ingratum
1163 4916 1255 4960 aut
1285 4907 1637 4976 injucnndum
1678 4909 1792 4966 fore
1832 4922 1987 4981 pum.

384 5019 525 5065 mus.
550 5004 595 5058 si
625 5018 690 5059 ex
724 5014 949 5071 utroque
981 4999 1074 5053 illo
1100 4998 1313 5054 Minucii
1341 4999 1712 5066 Lactantiiqne
1737 5003 1857 5058 loco
1883 5006 1984 5060 ob-

384 5113 663 5155 servemus
715 5112 819 5152 non
869 5110 1112 5164 parvum,
1161 5093 1299 5148 sicut
1347 5094 1563 5162 quidam
1612 5095 1746 5150 falso
1793 5098 1985 5154 existi—

384 5199 553 5254 mant,
605 5190 769 5245 fuisse
811 5202 996 5243 eorum
1039 5196 1279 5255 tempore
1329 5196 1621 5260 martyrum
1672 5205 1980 5249 numerum.

379 5285 570 5342 Nonne
600 5282 743 5339 enim
771 5293 1015 5350 magnam
1048 5278 1238 5337 horum
1268 5280 1433 5335 fuisse
1476 5282 1873 5338 multitudinem
1904 5284 1983 5339 illi

376 5377 559 5450 palam
591 5384 882 5446 aperteque
927 5372 1223 5439 declarant,
1258 5390 1378 5429 cum
1408 5374 1593 5430 dicunt
1636 5391 1741 5431 non
1772 5386 1980 5432 tantum

374 5473 544 5536 viros,
574 5485 759 5525 verum
786 5468 946 5524 etiam
970 5484 1166 5539 pueros
1190 5477 1244 5524 et
1273 5469 1621 5526 mulierculas
1644 5486 1851 5525 summa
1879 5489 1974 5540 pa-

374 5563 563 5620 tientia
594 5577 657 5617 ac
696 5561 813 5615 sine
845 5561 951 5615 ullo
986 5561 1187 5631 gemitu
1231 5575 1421 5630 passos
1444 5576 1565 5617 esse
1590 5576 1786 5632 corpus
1815 5577 1975 5621 suum

370 5656 453 5711 uri
497 5663 551 5710 et
590 5652 862 5708 cremari?
891 5652 1026 5720 Quid
1054 5668 1181 5709 vero
1214 5650 1500 5707 dicendum
1546 5651 1614 5708 de
1661 5653 1823 5707 variis
1851 5656 1975 5710 aliis

367 5749 721 5812 cruciatuum.
752 5745 818 5804 de
841 5748 1036 5821 quibus
1066 5748 1143 5803 illi
1172 5754 1475 5816 tacuerunt,
1504 5746 1815 5818 generibus,
1845 5761 1969 5805 cru-

2091 4628 2208 4692 slis,
2257 4628 2348 4681 sed
2392 4645 2483 4699 ego
2513 4627 2641 4696 elegi
2672 4644 2758 4681 vos
2807 4624 2989 4699 (Joan.
3018 4644 3107 4691 xv,
3145 4628 3253 4695 16).
3288 4624 3360 4681 Ex
3388 4624 3441 4678 iis
3479 4628 3595 4672 autem

2094 4721 2188 4775 ille
2217 4720 2527 4777 concludit:
2570 4738 2589 4773 (
2620 4721 2784 4791 Igitur
2807 4720 3046 4791 iniquum
3083 4720 3312 4790 judicent
3344 4713 3515 4785 fingitis,
3535 4705 3591 4777 qui

2096 4823 2297 4868 sortem
2334 4813 2383 4867 in
2406 4812 2711 4869 hominibus
2742 4814 2945 4882 puniat,
2972 4829 3078 4868 non
3102 4814 3458 4869 voluntatem.»

2168 4908 2272 4963 Sed
2329 4908 2464 4962 hanc
2514 4905 2721 4961 futtilem
2782 4908 3123 4977 ineptamque
3175 4899 3595 4978 argumentationem

2092 4999 2207 5059 cito
2235 5010 2289 5053 et
2332 4998 2489 5055 facile
2523 4999 2782 5055 Minucius
2821 5003 3034 5056 evertit.
3059 5000 3307 5070 Quamvis
3344 4997 3596 5053 enimvero:

2098 5095 2211 5148 Deo
2232 5098 2400 5149 simus
2428 5093 2607 5161 electi,
2661 5104 2867 5149 certum
2902 5104 3077 5150 tamen
3118 5102 3200 5149 est
3222 5088 3421 5147 liberam
3445 5091 3596 5149 semper

2090 5202 2217 5242 esse
2249 5186 2537 5241 lnnnanam
2566 5186 2920 5253 Voluntatem,
2960 5203 3022 5243 ac
3048 5184 3266 5258 proinde
3289 5180 3495 5238 homines
3510 5186 3594 5247 pro-

2093 5287 2214 5349 pter
2234 5279 2432 5333 liberos
2457 5294 2584 5334 suos
2627 5288 2798 5345 actus,
2823 5280 2867 5335 si
2917 5295 3012 5351 pra
3026 5280 3073 5333 vi
3118 5280 3244 5341 sint,
3276 5291 3371 5330 non
3395 5284 3497 5326 vero
3517 5264 3578 5318 illo

2095 5385 2213 5425 rum
2247 5378 2448 5425 Sortem
2475 5387 2503 5424 a
2537 5371 2646 5427 Deo
2675 5372 2872 5443 puniri.
2898 5390 2918 5423 ι
2943 5370 3111 5437 Mens,
3135 5370 3339 5440 quippe,
3366 5353 3591 5420 utiilleailt

2090 5462 2261 5520 libera
2290 5473 2393 5532 est,
2423 5473 2478 5519 et
2509 5463 2630 5518 ideo
2660 5478 2814 5519 actus
2864 5463 3116 5527 hominis,
3149 5478 3250 5516 non
3277 5455 3474 5528 dignitas
3489 5443 3591 5517 judi-

2086 5567 2261 5613 catur.
2298 5578 2316 5610 ι
2362 5559 2502 5615 Deus
2545 5573 2675 5631 ergo
2726 5559 2902 5631 justus
2952 5572 3238 5631 mquusque
3263 5564 3339 5610 est
3360 5536 3590 5621 inde“ui

2085 5650 2335 5707 homines
2371 5658 2589 5722 propter
2639 5651 2810 5709 bonos
2854 5661 3006 5709 actus
3060 5648 3292 5724 praemio,
3334 5658 3389 5701 ac
3430 5641 3589 5713 PWP‘"

2080 5744 2277 5815 malos,
2310 5744 2487 5819 poenis
2514 5742 2695 5801 allicit.
