3774 6270
207 260 289 321 ιιι

205 566 360 620 omnia
375 563 470 618 fato
498 561 623 617 ﬁeri.
652 561 721 615 At
749 561 877 633 quid
897 571 979 619 est
1011 562 1201 634 fatum,
1244 567 1460 639 inquit?
1493 588 1512 622 ι
1535 570 1724 627 Fatum

210 666 304 721 est,
318 655 440 728 quod
453 655 511 710 de
531 668 837 725 unoquoque
863 668 1103 712 nostrum
1126 658 1264 715 Deus
1281 660 1420 716 fatus
1447 672 1583 718 est.»
1618 664 1725 720 Ne-

213 768 306 824 que
329 751 435 807 huic
457 749 833 805 latideﬁnitioni
875 761 1137 822 repugnat
1179 753 1529 825 Augustinus.
1588 757 1722 814 Nam

223 864 242 898 ι
272 844 475 900 ordinem
499 858 776 912 causarum,
811 844 1014 916 inquit,
1043 847 1130 903 ubi
1162 848 1408 906 voluntas
1434 851 1525 907 Dei
1556 854 1723 922 pluri-

217 955 341 994 mum
375 946 528 1008 potest,
565 940 730 1006 neque
767 952 1054 1009 negamus,
1090 956 1266 1010 neque
1325 940 1418 998 fati
1461 945 1724 1001 vocabulo

216 1043 528 1099 uuncupamus,
559 1028 655 1083 nisi
686 1030 846 1096 forte,
888 1038 944 1084 ut
972 1032 1134 1086 latum
1156 1049 1189 1085 α
1215 1033 1378 1103 fando
1405 1034 1607 1091 dictum
1638 1038 1722 1092 in-

211 1121 466 1191 telligamus,
510 1119 557 1175 id
580 1130 684 1186 est,
715 1136 747 1176 a
777 1122 1046 1193 loquendo
1087 1123 1347 1197 (August,
1398 1126 1487 1182 lib.
1538 1131 1602 1183 de
1627 1128 1719 1184 Ci-

202 1217 285 1281 rin,
306 1232 396 1286 cap.
424 1215 470 1281 9,
496 1232 609 1288 pag.
639 1216 823 1289 125).:
850 1216 1005 1273 Plura
1033 1216 1170 1275 hanc
1193 1219 1246 1275 in
1274 1235 1388 1276 rem
1416 1223 1557 1294 apud
1587 1225 1723 1281 Vos-

190 1313 299 1364 sium
325 1311 370 1363 in
395 1308 749 1381 Etytnologieo
777 1310 1005 1366 videbis.

243 1402 333 1456 liae
365 1413 527 1456 autem
556 1404 730 1474 posita
763 1403 856 1459 fati
904 1402 1237 1475 definitione,
1265 1408 1540 1465 contendit
1563 1409 1723 1468 Octa-

178 1495 273 1549 vius
292 1494 471 1553 nullam
514 1494 721 1555 homini
770 1497 838 1557 ad
869 1498 1131 1569 agendum
1159 1516 1191 1557 a
1220 1500 1335 1561 Deo
1362 1503 1565 1574 imponi
1595 1503 1724 1559 fata-

175 1585 257 1641 lem
281 1587 646 1644 necessitatem.
681 1589 826 1649 Deus
851 1596 994 1652 enim
1017 1607 1145 1649 vero
1165 1613 1184 1646 ι
1214 1609 1336 1650 cum
1364 1598 1665 1664 materiam,
1695 1617 1713 1651 ι

176 1681 321 1750 inquit,
337 1695 421 1736 seu
445 1680 617 1737 futura
644 1684 851 1751 omnia,
885 1685 996 1740 sive
1023 1686 1183 1753 bona,
1213 1689 1331 1744 sive
1382 1690 1518 1744 mala
1549 1690 1723 1747 itumi-

1549 256 2018 327 DISSERTATIO.

270 380 439 434 Verum
462 372 702 433 Octavius
740 387 864 433 cum
890 364 1106 432 Cmcilio
1134 378 1241 449 agit
1270 376 1559 438 liberalius.
1593 384 1730 440 Con-
1758 381 1812 445 Α

202 472 324 529 cedit
359 471 447 533 illi,
477 467 610 541 quod
650 468 789 534 vult,
837 484 1019 526 omnes
1057 469 1393 530 Christianos
1433 476 1728 534 credidisse

3330 282 3444 357 tce

2445 396 2676 458 CAPUT
2708 400 2823 459 Vll.

1958 560 2023 598 DE
2064 562 2198 604 ALIIS
2235 563 2567 610 ΟΙῘΒΙΜΊΔΝᾸΞ
2608 572 2905 616 RELICIONIS
2934 576 3285 624 DOGMA'I'IBUS.

2378 730 2667 774 ARTICULUS
2706 735 2917 781 PRIMUS.

1830 835 2174 898 Excutiuntur
2196 862 2512 922 argumenta,
2544 858 2728 926 quibus
2760 859 2994 919 Ctecilius
3022 882 3291 936 corporum
3337 887 3433 925 ηοο

1900 942 2120 988 atrorum
2162 945 2578 1001 resurrectionem
2623 950 2909 1024 impugnat,
2952 966 2997 1010 et
3052 958 3292 1015 Octavius
3320 978 3434 1016 eam

1901 1033 2069 1081 tuetur
2091 1046 2113 1093 ;
2151 1031 2238 1085 ubi
2274 1033 2336 1088 de
2366 1042 2784 1111 metempsychosi
2814 1056 2964 1115 atque
2991 1050 3145 1120 lmjns
3174 1054 3437 1116 opinionis

1901 1120 2187 1177 auctoribus
2211 1134 2257 1179 et
2279 1132 2610 1189 assertoribus
2643 1134 2942 1211 Pythagora
2970 1151 3017 1197 et
3045 1140 3282 1201 Platone.

1898 1293 2017 1350 Alia
2044 1298 2287 1367 qttmdam
2317 1303 2626 1365 christiana:
2647 1312 2922 1385 religionis
2950 1317 3274 1379 documcnla
3303 1342 3427 1384 eon‘

1824 1387 2025 1444 vellere
2053 1391 2241 1449 nititur
2268 1393 2535 1467 Caecilius,
2578 1404 2675 1459 scd
2730 1421 2835 1461 non
2880 1407 3106 1467 ft-liciori
3150 1430 3424 1476 successu.

1829 1474 2000 1534 Unum
2029 1493 2205 1539 autem
2229 1503 2294 1542 ex
2321 1493 2604 1563 praecipuis
2626 1496 2753 1551 illud
2778 1503 2965 1568 procul
2997 1503 3159 1561 dubio
3186 1519 3288 1574 est,
3320 1527 3428 1582 quo

1824 1568 2039 1628 futurus
2063 1579 2495 1647 corporisnostri
2522 1585 2591 1639 ad
2624 1589 2785 1642 vitam
2814 1592 3019 1648 reditus
3046 1568 3429 1658 assentaron

1825 1662 1967 1717 enim
1990 1665 2221 1734 sublato,
2243 1685 2396 1737 vana,
2433 1685 2487 1728 ut
2516 1678 2591 1730 ait
2620 1679 2932 1752 Apostolus,
2955 1699 3006 1741 et
3035 1689 3205 1744 inanis
3236 1695 3340 1748 erit
3370 1696 3434 1749 ft-

183 1786 274 1827 ηηω
294 1786 454 1842 opem,
490 1791 509 1825 ε
547 1774 722 1846 possit
754 1776 1027 1845 praescire.
1063 1793 1159 1848 pro
1208 1777 1415 1835 meri,“
1444 1789 1499 1835 et
1543 1782 1718 1852 qua“.
1745 1777 1796 1840 Β
1824 1753 2164 1852 desatostra.
2195 1762 2443 1819 Caecilius
2482 1783 2609 1824 vero
2662 1769 2764 1828 huc
2801 1774 2921 1831 lidei
2967 1781 3192 1852 speique
3232 1797 3430 1845 nostra!

194 1863 329 1918 tatibus
357 1865 681 1943 singulorum
735 1868 839 1921 lata
893 1868 1234 1925 determinat.
1272 1890 1289 1923 ι
1339 1871 1544 1940 Quibus
1587 1891 1717 1931 sane

194 1954 315 2009 verbis
332 1956 468 2011 docet
495 1956 692 2023 Deum,
715 1963 809 2029 qui
833 1958 1011 2014 divina
1040 1976 1134 2016 sua
1168 1964 1507 2032 prtescientia
1534 1968 1713 2021 omnia

188 2042 324 2109 fotum,
345 2062 399 2101 ac
424 2047 687 2119 quidquid
729 2053 1098 2122 nnuSqnisque
1122 2064 1214 2108 aut
1242 2053 1398 2122 bene,
1431 2065 1522 2111 aut
1549 2058 1713 2128 male,

177 2135 248 2190 sed
263 2150 440 2208 semper
464 2155 664 2215 magna
687 2156 811 2196 cum
836 2142 1102 2211 libertate,
1133 2153 1352 2201 acturus
1373 2157 1475 2214 est,
1511 2150 1715 2218 nptime

175 2231 405 2298 cognoscit,
434 2246 529 2302 pro
574 2232 794 2289 meritis
847 2235 1206 2305 singulorum,
1239 2239 1352 2296 sive
1401 2241 1576 2305 bonis,
1602 2245 1716 2300 sive

174 2322 307 2386 malis,
338 2323 451 2389 fata,
479 2323 531 2380 id
562 2335 679 2395 est,
706 2336 908 2385 aeterna
940 2341 1032 2385 aut
1061 2332 1343 2403 supplicia,
1373 2343 1466 2388 aut
1496 2338 1715 2406 praemia

172 2412 485 2487 determinare,
523 2435 624 2476 seu
669 2428 876 2477 :elerno
895 2422 1114 2480 decreto
1143 2441 1241 2483 suo
1269 2435 1506 2485 statuere
1535 2445 1597 2485 ac
1617 2431 1714 2487 de-

171 2518 359 2564 centere.
388 2509 459 2565 Ex
485 2511 689 2584 quibus
719 2512 811 2568 ille
864 2513 1005 2570 hunc
1050 2517 1325 2574 concludit
1356 2520 1409 2575 in
1448 2523 1665 2578 modum
1696 2540 1710 2578 :

178 2615 194 2648 ι
220 2598 279 2653 ita
302 2600 345 2655 in
375 2604 517 2661 nobis
549 2619 668 2663 non
699 2607 944 2681 genitura
974 2608 1246 2680 plectitur,
1277 2612 1370 2668 sed
1398 2614 1595 2684 ingenii
1620 2634 1715 2672 na-

182 2706 269 2753 tura
288 2703 504 2771 punitur;
546 2724 566 2758 ι
609 2704 718 2761 hoc
749 2715 855 2772 est,
888 2722 993 2762 non
1019 2710 1288 2780 genitura,
1315 2712 1433 2767 sine
1460 2715 1716 2773 nascendi

186 2790 344 2859 modus,
365 2797 444 2851 sed
469 2798 597 2853 vitia
633 2809 842 2862 nostra,
873 2814 939 2855 ac
962 2814 1024 2856 ea
1052 2799 1253 2869 omnia,
1279 2805 1399 2874 qua:
1441 2805 1532 2860 Dei
1567 2822 1719 2862 man-

192 2884 299 2943 datis
334 2906 414 2947 non
448 2894 887 2967 obtemperaudo
917 2937 933 2963 ,
988 2899 1348 2971 peccavimus,
1390 2901 1457 2958 ab
1508 2901 1601 2958 illo
1625 2900 1716 2975 ju«

194 2978 371 3038 stissime
390 2987 692 3057 puniuntur.

242 3072 367 3132 Porro
386 3092 548 3137 autem
579 3082 715 3153 quia
758 3077 1007 3140 Cmcilius
1041 3084 1219 3157 palam
1268 3097 1545 3151 asseverat
1589 3104 1715 3161 pro-

1824 1847 2223 1908 fundautentum
2279 1856 2381 1911 isto
2423 1858 2738 1921 dilemtnate
2777 1847 3024 1926 evertere
3056 1847 3417 1936 moliebatur:

1823 1939 1920 1997 Vel
1944 1959 2305 2018 resurgemus,
2335 1950 2525 2025 inquit,
2568 1959 2686 2014 sine
2732 1977 2960 2035 corpore
2985 2009 2999 2032 ,
3029 1971 3114 2025 vel
3154 1988 3275 2027 cum
3308 1991 3431 2032 cor-

1822 2048 1976 2104 pore.
2008 2036 2123 2093 Non
2154 2044 2386 2111 primum
2445 2048 2702 2118 quidem;
2735 2069 2857 2109 nam
2906 2059 3024 2114 sine
3061 2076 3288 2133 corpore
3329 2084 3427 2125 ne-

1820 2142 1925 2198 que
1976 2148 2130 2188 utens
2156 2178 2170 2202 ,
2199 2151 2374 2205 neque
2404 2142 2604 2211 anima,
2637 2161 2811 2217 neque
2857 2150 2963 2205 vita
3014 2166 3115 2209 est.
3149 2159 3324 2229 Atque
3356 2162 3428 2217 ita

1820 2227 2336 2291 argumentabantur
2365 2234 2609 2304 ethnici,
2639 2242 2729 2309 qui
2766 2241 2898 2298 nihil
2955 2246 3054 2302 nisi
3105 2227 3427 2321 corporeum

1821 2317 2083 2377 exsiSIere
2124 2338 2284 2392 posse
2342 2330 2670 2398 garriebant.
2729 2336 2911 2409 Neque
2965 2342 3124 2398 etiam
3154 2361 3274 2402 cum
3303 2365 3428 2405 cor-
3512 2382 3529 2397 -

1819 2423 1973 2481 pure,
2004 2415 2178 2485 pergit
2206 2418 2472 2486 Caecilius,
2508 2424 2590 2479 vel
2637 2427 2870 2497 ipsemet
2901 2446 3105 2501 nostro,
3138 2439 3219 2492 vel
3251 2440 3428 2497 alieno

1820 2518 2184 2577 resurgemus.
2219 2508 2333 2566 Non
2360 2515 2588 2585 ipsomet
2612 2521 2827 2590 quidem
2858 2538 3064 2596 noswo,
3097 2532 3237 2600 quod
3260 2552 3286 2585 ιι
3320 2543 3431 2591 tam

1820 2598 1984 2671 longe
2012 2609 2255 2671 tempore
2282 2608 2388 2661 erit
2430 2620 2738 2679 mortuom;
2769 2626 2826 2670 ut
2850 2619 2982 2673 nihil
3033 2598 3256 2692 prorsus
3284 2627 3426 2684 illius

1821 2691 2024 2746 residui
2053 2694 2345 2766 quidquam
2379 2703 2548 2770 possit
2570 2720 2870 2763 remanere.
2902 2709 3018 2764 Non
3037 2691 3223 2769 alieno
3240 2719 3428 2787 etiam,

1821 2786 2256 2856 quandoquidem
2285 2807 2388 2845 non
2421 2794 2561 2849 idem
2594 2813 2842 2868 numero,
2872 2804 2967 2859 sed
2992 2806 3129 2862 alius
3154 2824 3186 2865 a
3216 2786 3429 2869 mortuo

1820 2878 2096 2936 redivivus
2127 2882 2288 2936 homo
2318 2884 2475 2941 foret.

1892 2973 2140 3030 Secundo
2183 2977 2380 3034 deinde
2420 2993 2740 3052 argumento
2769 2996 2954 3043 contra
3006 2994 3204 3049 mortui
3256 2998 3430 3055 nostri

1821 3070 2068 3141 corporis
2088 3070 2154 3125 ad
2185 3073 2344 3127 vitam
2372 3075 2753 3133 excitationem
2774 3080 2853 3135 sic
2881 3081 3056 3139 adhuc
3082 3099 3280 3157 pugnat
3306 3091 3429 3145 Cae-

179 3177 398 3237 pnxltalam
438 3190 464 3228 a
492 3173 755 3246 plurimis
799 3176 1087 3245 gentilibus
1111 3178 1325 3246 impiam
1359 3179 1425 3235 de
1452 3181 1560 3235 rato
1609 3197 1704 3237 seu
1730 3167 1778 3233 C
1810 3168 2008 3223 cilius:
2048 3186 2068 3221 ‹
2114 3168 2247 3235 Quis
2302 3186 2437 3226 unus
2477 3172 2617 3228 ullus
2670 3174 2738 3230 ab
2785 3174 2968 3232 inferis
3015 3181 3096 3234 vel
3142 3180 3431 3240 Protesilai

172 3255 282 3314 fatali
305 3252 601 3322 necessitate
647 3264 976 3338 opinionem,
1006 3281 1035 3322 a
1067 3268 1219 3324 nobis
1249 3269 1387 3327 haud
1411 3273 1571 3329 dubie
1613 3275 1712 3329 ali-

167 3353 259 3423 quis
280 3356 612 3415 sciscitabitur
655 3361 878 3430 quinam
913 3360 987 3416 illi
1033 3360 1250 3420 fuerint.
1297 3365 1366 3420 At
1408 3365 1625 3423 euilibet
1656 3368 1707 3424 id

165 3450 324 3514 petenti
362 3450 663 3522 plenissime
691 3494 706 3518 ,
758 3451 835 3508 uti
871 3453 1193 3510 arbitramur
1224 3497 1238 3520 ,
1295 3456 1379 3511 his
1427 3455 1708 3516 Ciceronis

162 3542 302 3598 verbis
324 3546 705 3604 satisfaciemus
734 3566 748 3602 :
781 3565 802 3599 ι
842 3549 923 3604 Ac
966 3549 1095 3603 mihi
1123 3548 1362 3623 quidem,
1398 3550 1588 3622 inquit,
1622 3553 1706 3608 vi-

161 3634 301 3702 detur.
326 3655 433 3702 cum
472 3641 596 3699 duae
617 3646 902 3698 sententiae
936 3640 1165 3698 fuissent
1194 3654 1431 3699 veterum
1463 3643 1705 3714 philoso-

161 3729 364 3801 phomm,
390 3751 489 3791 una
539 3751 752 3801 eorum,
806 3735 896 3808 qui
937 3743 1223 3791 censerent
1260 3737 1438 3792 omnia
1494 3738 1564 3793 ita
1594 3737 1705 3794 fato

164 3824 271 3891 ﬁeri.
298 3839 348 3885 ut
371 3830 419 3886 id
470 3830 637 3886 fatum
668 3834 773 3885 vim
829 3832 1164 3887 necessitatis
1193 3829 1438 3898 alferret,
1493 3830 1547 3887 in
1601 3847 1705 3901 qua

163 3922 378 3977 sententia
406 3924 758 3990 Democritus,
778 3922 1081 3980 Heraclitus
1102 3965 1115 3987 ,
1150 3923 1525 3994 Empedocles,
1556 3924 1705 3979 Aris-

166 4011 315 4068 toteles
340 4012 463 4071 fuit:
493 4016 663 4075 altera
716 4016 1166 4088 eorum,quibns
1221 4015 1536 4071 viderentur
1586 4016 1706 4073 sine

170 4101 356 4164 ullofato
377 4124 492 4170 esse
515 4110 819 4165 animorunt
848 4119 1025 4165 motus
1072 4109 1392 4178 voluntarii;
1449 4108 1705 4183 Chrysip-

174 4209 246 4263 με
279 4208 516 4278 tamquam
563 4205 767 4260 arbiter
807 4203 1147 4270 honorarius,
1208 4204 1444 4260 medium
1473 4221 1533 4261 se
1564 4206 1704 4262 ferre

179 4289 492 4354 voluissemed
542 4297 777 4370 applicat
800 4312 859 4352 se
884 4295 950 4351 ad
980 4310 1076 4352 eos
1105 4294 1283 4366 potius
1336 4298 1428 4368 qui
1461 4299 1702 4354 necessi-

193 4389 275 4437 ιιιι
290 4402 422 4447 luctus
441 4395 645 4450 animos
686 4393 939 4451 liberatos
977 4393 1182 4449 volunt.
1212 4393 1344 4448 Dum
1375 4404 1552 4450 autem
1585 4412 1704 4451 ver-

194 4469 260 4528 bis
292 4484 417 4541 mitur
443 4488 561 4553 suis.
597 4487 868 4545 delabitur
905 4486 961 4545 in.
1003 4502 1097 4543 cas
1124 4486 1493 4557 difﬁcultates,
1520 4499 1571 4544 ut
1604 4507 1701 4546 ne-

1816 3274 1965 3318 sorte
1991 3264 2271 3329 remeavit,
2305 3264 2558 3320 horarum
2580 3268 2768 3322 saltem
2798 3272 3064 3340 permisso
3088 3286 3423 3345 commeatu,

1813 3357 1898 3412 vel
1928 3368 1985 3411 ut
2015 3356 2264 3427 exemplo
2288 3357 2683 3415 crederemus?
2722 3379 2742 3413 ι
2776 3361 2891 3418 Jam
2922 3379 3053 3419 vero
3080 3368 3424 3425 observatum

1811 3466 1841 3505 a
1875 3450 2029 3504 nobis
2056 3448 2153 3503 fuit
2180 3451 2439 3522 quosdam
2471 3452 2666 3508 frustra
2696 3456 2923 3510 ominari
2960 3457 3013 3512 in
3055 3458 3157 3515 hoc
3199 3460 3415 3517 Minucii

1815 3553 1963 3598 textu
2015 3543 2219 3598 nomini
2271 3545 2514 3599 horarum
2550 3547 2979 3619 subjungendum
3018 3568 3140 3608 esse
3188 3555 3419 3625 adjecti-

1810 3651 1937 3691 vum
1968 3652 2269 3706 paucarum.
2317 3636 2461 3693 Satis
2497 3640 2639 3694 enim
2687 3639 2756 3695 ibi
2810 3644 3255 3716 subintelligitur;
3295 3648 3421 3718 quia

1810 3727 1879 3784 de
1901 3740 2051 3786 sorte
2076 3731 2251 3800 agitur
2278 3729 2579 3795 Protesilai,
2595 3733 2684 3804 qtti
2709 3735 2910 3802 primus
2941 3754 3004 3791 ex
3027 3736 3250 3795 Graecia:
3268 3743 3419 3811 prin-

1811 3821 2022 3891 cipibus
2045 3821 2113 3875 ab
2134 3821 2366 3878 Hectore
2399 3823 2450 3878 in
2481 3823 2715 3894 Trojano
2755 3826 2898 3883 bello
2946 3829 3259 3887 interfectus
3284 3833 3419 3887 dici-

1811 3924 1917 3970 tttr.
1960 3914 2245 3971 Laodamia
2296 3933 2423 3973 vero
2469 3917 2617 3973 illius
2666 3936 2817 3987 uxor,
2868 3923 3048 3976 statim
3085 3934 3244 3993 atque
3288 3941 3414 3981 eum

1811 4016 2083 4063 mortuum
2118 4009 2283 4065 fuisse
2313 4010 2551 4073 rescivit,
2583 4010 2790 4079 magnis
2819 4013 3068 4082 precibus
3090 4030 3119 4068 a
3151 4015 3254 4069 diis
3304 4016 3413 4071 im-

1811 4109 2052 4169 petrasse
2094 4099 2294 4168 fertur,
2328 4109 2385 4154 ut
2415 4101 2558 4156 illius
2585 4101 2649 4155 ad
2677 4102 2839 4157 vitam
2879 4105 3094 4159 excitati
3139 4107 3413 4176 colloquio

1809 4206 1904 4261 per
1934 4199 2044 4248 tres
2074 4192 2234 4246 horas
2279 4192 2379 4246 frui
2414 4193 2516 4247 sibi
2556 4194 2758 4247 liceret.
2794 4194 3006 4251 Vides'ts
3046 4198 3406 4268 Pmperlium,

1806 4282 2101 4354 Hyginum,
2130 4282 2395 4336 Catullum
2425 4292 2478 4335 et
2525 4283 2794 4348 Ovidium,
2825 4286 2913 4353 qui
2943 4287 3008 4339 ad
3052 4286 3193 4342 hunc
3223 4290 3409 4347 Prote-

1807 4374 1996 4428 silaum
2038 4373 2226 4426 uxoris
2256 4371 2372 4438 ejus
2413 4373 2630 4425 nomine
2675 4374 2890 4442 scripsit
2915 4375 3208 4446 Epistulam
3240 4380 3406 4453 (ρνο,

1807 4462 2085 4534 part.,iib.
2119 4479 2168 4525 ι,
2222 4460 2369 4531 Eleg.
2422 4462 2488 4515 19
2523 4477 2537 4526 ς
2572 4460 2791 4534 Ηῃςὶη..
2836 4463 2974 4521 Fab.
3032 4468 3150 4524 105.
3208 4472 3400 4547 Cum!”

188 4570 423 4637 cess“ﬂetu
446 4577 525 4635 fati
556 4578 841 4636 continuet
871 4580 1066 4635 invitus
1091 4578 1304 4652 (Cicer.,
1335 4580 1422 4638 lib.
1457 4553 1522 4637 de
1544 4582 1697 4651 Fato,
1726 4563 1782 4633 Ι)
1811 4557 1978 4652 Elii“-
2003 4557 2073 4613 65
2099 4556 2168 4610 ad
2194 4553 2453 4612 M“mum-
2491 4555 2663 4613 θυίάοι
2697 4556 2866 4625 EPW-
2905 4559 3019 4633 13)-

176 4674 271 4730 Ply.
298 4662 501 4735 307,1iu.
533 4672 605 4727 d8
622 4681 672 4729 et
700 4670 833 4745 seq.)
865 4690 883 4725 ι
915 4670 1013 4746 Qui
1047 4671 1196 4743 plura
1246 4674 1493 4740 voluerit,
1539 4678 1583 4730 is
1604 4677 1701 4729 ad-

174 4763 240 4807 ea!
266 4757 466 4831 ejusdem
512 4766 791 4821 Ciceronis
836 4766 899 4825 de
943 4764 1079 4820 Fato
1110 4767 1326 4832 librum,
1358 4785 1421 4823 ex
1451 4786 1557 4840 quo
1588 4770 1702 4824 [nec

175 4843 390 4926 desumpta
424 4869 564 4915 sunt.
595 4859 762 4932 Legat
798 4862 958 4915 etiam
1001 4875 1065 4915 ex
1118 4861 1506 4916 recentioribus
1547 4862 1704 4918 Chri-

170 4940 667 5020 stianismiptoribus
723 4951 1003 5022 plttritnos,
1049 4952 1310 5023 Lipsium,
1345 4963 1400 5009 et
1452 4952 1699 5009 Vossium

166 5047 220 5089 ex
231 5042 422 5111 antiquis
441 5061 566 5102 vero
589 5047 848 5102 Ecclesia
871 5047 1114 5102 Patribus
1136 5088 1151 5113 ,
1186 5048 1566 5117 Augustinum,
1590 5047 1699 5102 En-

165 5126 329 5185 seltiutn
353 5145 401 5190 et
424 5136 726 5203 Tatianum,
758 5140 847 5209 qui
876 5138 929 5193 in
958 5152 1055 5193 sua
1079 5139 1145 5193 ad
1174 5137 1392 5195 Grazcos
1417 5139 1698 5206 Oratione,

168 5217 231 5272 uti
253 5225 355 5280 alibi
381 5230 790 5299 observavimus,
820 5236 962 5289 hunc
991 5248 1229 5289 errorem
1260 5234 1418 5304 plane
1467 5236 1702 5304 exagitat

166 5320 217 5364 ac
247 5314 633 5393 refellit(Vou.,
663 5326 700 5381 ι.
758 5340 794 5381 ιι
834 5326 897 5381 de
943 5324 1088 5398 Orig.
1125 5334 1171 5379 et
1219 5324 1458 5399 Progres.
1493 5327 1703 5394 idolol.,

169 5419 265 5471 ων.
285 5410 344 5466 45
375 5425 564 5489 etseqq.
597 5417 766 5490 Lips.,
798 5418 888 5475 tib.
930 5422 992 5474 de
1020 5420 1221 5485 Const,
1261 5437 1375 5492 cap.
1404 5420 1477 5476 ‘29
1501 5431 1545 5475 et
1571 5437 1704 5493 seqq.

178 5494 471 5572 Alsiu.,iib.
508 5528 543 5567 v
596 5512 660 5571 de
687 5512 863 5581 Cirit.,
905 5531 1020 5586 cap.
1050 5512 1089 5568 2
1131 5522 1176 5568 et
1218 5512 1310 5569 ΞΟ.
1360 5512 1572 5582 Euseb.,
1618 5515 1709 5571 lib.

175 5601 219 5680 ξι
252 5594 301 5649 de
334 5596 550 5675 Prmpar.
588 5603 809 5679 Evang.,
860 5622 975 5677 cap.
1010 5607 1062 5673 l,
1092 5605 1128 5661 2
1152 5649 1166 5672 ,
1212 5607 1246 5662 5
1274 5615 1321 5661 et
1347 5622 1508 5680 seqq,
1537 5617 1582 5663 et
1612 5605 1714 5663 Ta-

170 5664 289 5757 ’ἰακη
316 5664 1069 5777 ιοηιέίΑρραναιλιδανὶίραθί
1111 5664 1259 5773 5h)-

1879 4650 2156 4721 Frequeus
2176 4659 2354 4704 autem
2384 4664 2448 4704 ac
2473 4651 2668 4719 sacpius
2696 4654 2920 4722 repetita
2950 4653 3042 4710 fuit
3068 4656 3180 4714 hzrc
3222 4659 3403 4715 ethni-

1807 4759 1993 4800 Corum
2021 4744 2432 4810 argumentatio.
2463 4748 2502 4798 A
2529 4742 2739 4799 .luslino
2766 4748 3028 4816 siquidem
3059 4760 3293 4822 martyre
3328 4755 3406 4810 sic

1807 4838 2123 4906 prOponitnr
2173 4851 2188 4892 :

1807 4940 1936 5001 χρὸν,
1964 4933 2171 4987 ἀπιστία
2200 4939 2318 4999 ἔχει.
2346 4950 2363 4981 t
2387 4930 2673 5000 Propterea
2695 4932 2833 5003 quod
2864 4938 3099 4991 nondum
3131 4951 3408 5018 mortuum

1806 5023 2170 5077 resurrevisse
2199 5023 2459 5090 videritis,
2493 5040 2588 5077 vos
2618 5025 2961 5081 incredulitas
2990 5036 3405 5090 resurrectionis

1804 5125 1967 5171 tenet.
1999 5114 2236 5187 (Iustina
2273 5115 2490 5188 Apolog.
2515 5118 2567 5183 2,
2603 5137 2657 5189 ρ.
2696 5118 2813 5193 65.)
2845 5142 2863 5175 ι
2884 5122 3137 5179 Similiter
3167 5141 3194 5178 τι
3226 5126 3405 5183 Theo-

1804 5207 1954 5277 philo
1984 5204 2318 5260 Antioelteno
2346 5212 2506 5262 τάλλά
2546 5214 2630 5263 καὶ
2651 5220 2703 5265 τὸ
2740 5215 2985 5283 ἀρκεῖσθαί
3008 5240 3056 5270 σε
3084 5230 3264 5288 verpa-3;
3286 5226 3409 5287 ἐγεί-

1803 5310 1968 5373 ρεσθαι
2013 5312 2103 5371 φὴ
2122 5306 2232 5370 γὶρ,
2264 5304 2421 5365 Δεῖξόν
2447 5325 2532 5364 μοι
2557 5309 2643 5372 ubi»
2663 5311 2742 5359 ἕνα
2780 5312 2905 5379 lyp”
2917 5318 3023 5364 εντα.
3042 5317 3090 5366 ἐκ
3115 5333 3300 5383 νεκρῶν,
3333 5319 3410 5367 ἵνα

1816 5396 2174 5451 iano-iunctim
2211 5410 2222 5444 :
2250 5409 2269 5443 ι
2305 5393 2408 5447 Sed
2435 5402 2487 5446 et
2519 5409 2678 5460 negas
2710 5409 3041 5455 mortuorum
3069 5410 3412 5462 resurrectio-

1817 5504 1959 5544 nem.
2009 5491 2103 5543 Ais
2152 5502 2423 5558 namque:
2453 5485 2691 5541 Ostende
2746 5492 2878 5546 mihi
2911 5495 3101 5551 saltem
3157 5515 3316 5552 unum
3346 5514 3414 5553 ex

1819 5582 2043 5639 mortuis
2060 5591 2392 5644 revocatum,
2425 5594 2581 5651 quem
2611 5578 2654 5632 si
2678 5581 2884 5648 videro,
2912 5588 3091 5644 verbis
3116 5591 3219 5647 tuis
3249 5593 3413 5648 fidem

1819 5676 2045 5732 habebo.
2116 5674 2406 5745 (Theop/t.,
2441 5673 2528 5728 lib.
2559 5687 2574 5726 ι
2603 5670 2671 5723 ad
2696 5671 2895 5742 Autol.,
2933 5695 3054 5748 pag.
3102 5683 3223 5754 77.)
3263 5706 3281 5738 ι
3318 5684 3415 5739 llis

1820 5777 2014 5840 praeter
2056 5773 2305 5838 caeteros,
2335 5781 2470 5841 quos
2498 5763 2697 5822 referre
2716 5764 2933 5837 longum
2960 5781 3122 5838 esset,
3148 5776 3409 5849 adiunga-

2243 4840 2327 4890 διὰ
2348 4845 2406 4892 τὸ
2449 4854 2595 4905 μήπω
2622 4845 2878 4910 ἄωρακξναι
2899 4847 3019 4907 ὑμᾶς
3044 4849 3317 4901 ἀναστάντα
3336 4872 3410 4902 νε-
