3818 6282
351 341 458 395 465

353 465 443 510 ιιιιν
476 447 804 508 Lactantius.
833 443 925 513 qui
963 439 1078 510 pari
1115 447 1329 505 quoque
1360 428 1521 485 modo
1555 425 1803 484 etlmieos
1834 422 1951 475 hzec
1978 418 2031 479 Λ

357 547 677 616 objicientes
703 536 903 594 inducit
934 550 946 585 :
974 551 992 583 ι
1015 532 1111 586 Τοι
1132 529 1241 599 jam
1259 524 1450 581 saicula
1475 514 1956 586 transierunt,quis

364 650 616 708 umquam
652 646 790 686 unus
810 627 878 680 ab
907 623 1091 680 inferis
1130 617 1421 675 resurrexit
1444 656 1458 677 ,
1486 625 1540 667 ιιι
1569 612 1684 680 ejus
1710 606 1957 676 exemplo

358 697 681 790 credamus?
720 721 1007 796 (Lactant.,
1041 716 1129 771 lib.
1173 729 1267 776 vn.
1306 727 1421 796 cap.
1453 706 1546 773 22,
1576 722 1695 776 pag.
1730 697 1913 770 719.)»

438 820 544 880 Sed
571 833 687 884 cur,
712 792 904 883 inquit,
930 806 1214 869 Minucius,
1234 814 1288 858 ιιι
1310 793 1511 863 Caecili,
1536 797 1697 852 homo
1723 792 1956 854 ethnice,

364 914 532 972 audes
560 902 698 965 hanc
741 904 1174 963 Christianorum
1215 896 1281 952 de
1311 906 1597 963 corporum
1650 895 1957 943 nostrormn

367 1002 765 1063 resurrectione
803 993 1162 1055 sententiam,
1194 996 1466 1056 tamquam
1495 981 1692 1035 anilem
1726 973 1959 1031 fabulam

365 1099 633 1169 rejicere‘!
663 1093 773 1148 Cur
819 1089 956 1160 petis
1010 1083 1061 1139 id
1113 1085 1270 1137 unius
1296 1075 1543 1146 exemplo
1573 1072 1662 1127 tibi
1695 1066 1912 1141 probari
1938 1064 1963 1117 ?

366 1163 640 1259 Numquid
691 1181 886 1237 oblitus
915 1192 974 1233 es
1017 1172 1293 1230 dimidiam
1347 1168 1537 1224 saltem
1584 1163 1727 1217 illius
1756 1168 1962 1230 partem

364 1250 675 1340 constanter
715 1269 1038 1346 pr0pugnari
1094 1283 1124 1322 a
1157 1266 1457 1339 Pythagora
1507 1268 1563 1315 et
1601 1257 1845 1319 Platone,
1873 1250 1964 1319 qui

367 1376 669 1431 animarum
697 1377 1002 1424 nostrarum
1045 1378 1111 1418 ex
1162 1358 1387 1414 mortuis
1421 1351 1738 1419 corporibus
1778 1347 1831 1401 in
1859 1344 1966 1398 alia

365 1462 891 1535 trausmigrationem
923 1451 1312 1511 asseruerunt?
1344 1452 1412 1503 At
1440 1445 1490 1501 id
1522 1446 1566 1499 si
1597 1456 1663 1498 ex
1704 1437 1966 1494 memoria

370 1569 461 1614 tua
485 1528 706 1620 excidit,
733 1552 870 1623 lege,
905 1562 1109 1619 quaeso,
1150 1544 1343 1599 librum
1383 1540 1612 1610 primum
1639 1530 1855 1588 Diodori
1884 1528 1967 1585 Si-

367 1652 474 1708 euli
496 1692 511 1716 ,
544 1660 600 1705 et
630 1648 700 1703 ibi
746 1645 812 1699 ab
848 1660 914 1699 eo
943 1641 1199 1709 scriptum
1242 1634 1482 1705 reperies
1514 1628 1871 1699 Pythagoram
1900 1624 1969 1678 ab

367 1741 634 1814 ngyptiis
664 1740 803 1791 hanc
846 1733 1123 1802 accepisse
1169 1727 1477 1797 opinionem
1511 1720 1750 1793 (Diodor.
1778 1715 1966 1778 Sicul.,

1698 311 1784 367 DE
1810 303 2065 365 MINUCII
2101 297 2399 360 OCTAVIO

3506 276 3591 335 ιιι

2178 415 2278 463 Per
2296 408 2431 463 illud.
2459 413 2514 456 ut
2534 418 2623 454 nos
2643 403 2758 453 olim
2781 401 2980 463 mutant_
3005 389 3299 463 philosOphi,

2181 448 2928 525 izi'niiii'c"hé'niiiin'iibiiiiiicm,
2951 448 3020 507 de'
3042 448 3251 525 muliere
3273 448 3498 500 colubrum

2186 518 2412 592 i‘iéitiﬁi,
2427 518 2485 582 et
2509 544 2573 581 ex
2597 527 2808 578 diversis
2826 518 3026 573 diversa
3048 518 3156 566 alia.

2439 612 2653 679 (Crinit.,
2671 608 2706 660 ι.
2729 622 2781 658 x1
2808 609 2871 657 de
2894 606 3093 656 Benest.
3119 593 3317 659 discipl.
3336 606 3434 657 cap.
3454 594 3510 655 3.)

2135 724 2396 783 Laberius
2418 730 2599 777 autem
2622 726 2679 773 et
2702 723 2856 787 poeta
2878 720 2932 769 et
2962 711 3158 765 mimus
3181 704 3301 768 fuit,
3316 702 3380 756 de
3399 718 3488 771 quo
3503 719 3603 770 prm-

2064 832 2147 878 ter
2166 831 2393 876 caeteros
2419 812 2759 871 Macrobius:
2793 829 2812 862 ι
2851 802 3138 863 Laberium
3171 813 3378 869 asperae
3398 795 3606 856 libertatis

2063 915 2299 986 equitem
2357 911 2658 966 Romanum
2688 904 2869 961 Caesar
2894 895 3201 971 quingentis
3261 889 3480 946 millibus
3500 890 3608 946 invi-

2067 1007 2218 1070 tavit,
2267 1014 2326 1059 ut
2358 1001 2595 1072 prodiret
2637 998 2691 1053 in
2721 1010 2962 1060 scenam,
2994 1000 3051 1046 et
3075 989 3192 1058 ipse
3220 991 3404 1054 ageret
3444 983 3608 1048 mimos.

2065 1113 2202 1170 quos
2242 1092 2598 1165 scriptitabat.
2641 1110 2660 1142 ι
2704 1084 2992 1158 (Macrob.,
3020 1080 3109 1136 lib.
3142 1094 3201 1143 ιι,
3236 1072 3610 1143 δαιιιτιιιιιηειιρ.

2068 1166 2147 1263 ἦ.)
2200 1192 2377 1259 Atque
2421 1187 2492 1240 ibi
2544 1181 2843 1239 Macrobius
2873 1177 3023 1250 plura
3069 1168 3285 1228 Laberii
3316 1166 3529 1221 carmina
3550 1182 3612 1219 re-

2069 1286 2196 1352 fert,
2226 1282 2420 1353 quibus
2448 1278 2516 1333 ad
2548 1276 2779 1347 scriptos
2809 1289 2838 1324 a
2867 1285 2930 1328 se
2971 1270 3165 1324 mimos
3191 1258 3429 1333 agendos
3452 1267 3613 1314 coactus

2069 1388 2171 1436 est.
2208 1378 2285 1433 De
2315 1375 2409 1431 illo
2433 1387 2649 1444 quoque
2672 1366 2927 1424 Horatius
2955 1359 3171 1419 cecinit.

2257 1511 2322 1563 Et
2344 1509 2523 1560 Laberi
2544 1508 2736 1565 mimos,
2763 1506 2818 1551 ut
2841 1499 3046 1565 pulchra
3069 1498 3298 1561 poemata
3322 1490 3483 1539 mirer.

2628 1589 2845 1653 (Horat.,
2871 1583 2955 1636 ub.
2980 1597 3033 1645 ιι,
3058 1582 3287 1632 Sermon.
3312 1573 3557 1634 Satir.10.)

2074 1731 2334 1789 Laberius
2358 1728 2537 1797 itaque
2551 1723 2651 1778 has
2667 1716 3111 1793 philosophorum
3131 1709 3201 1765 de
3228 1713 3421 1762 metetn
3430 1702 3622 1776 psychosi

364 1795 815 1891 aiebam}...
858 1795 994 1898 ραρξ
1030 1822 1147 1887 ea).
1178 1795 1413 1874 ιιυνοινο
1466 1810 1725 1870 Herodoti
1777 1809 1957 1871 libros,

2084 1823 2445 1881 delirationes.
2465 1832 2570 1872 non
2589 1814 2765 1870 solum
2793 1806 3030 1877 scriptis.
3051 1801 3211 1874 paulo
3228 1809 3357 1853 ante
3372 1796 3546 1861 citatis,
3560 1795 3624 1850 Sed

370 1937 428 1984 et
455 1927 525 1982 ibi
548 1923 752 1979 videbis
780 1920 929 1975 illum
973 1913 1223 1971 similiter
1251 1910 1453 1965 dixisse
1473 1906 1712 1966 Graecos,
1742 1914 1971 1972 quorum

373 2020 593 2077 nomine
625 2013 767 2069 haud
813 2011 975 2067 dubie
1018 2006 1376 2080 Pythagoram
1420 2011 1471 2056 et
1505 2000 1780 2054 Platonem
1825 2009 1974 2049 com-

370 2111 678 2189 prehendit,
720 2109 865 2163 illam
898 2104 966 2158 ab
1010 2101 1199 2158 iisdem
1241 2097 1511 2154 delibasse
1536 2090 1802 2164 .‘Egyptiis
1833 2086 1972 2156 (lle-

373 2181 570 2273 i'odot.,
602 2204 689 2259 lib.
717 2219 772 2266 ιι,
801 2199 830 2272 §
856 2199 1004 2268 ηδ).
1035 2194 1137 2250 Adi
1176 2190 1472 2254 Laertium,
1512 2197 1672 2254 atque
1693 2199 1757 2237 ex
1797 2181 1974 2236 citatis

374 2303 442 2358 ab
484 2271 576 2356 illo
603 2271 967 2364 Scriptoribus
998 2285 1301 2357 comperies
1325 2327 1340 2351 ,
1370 2280 1500 2352 quid
1553 2276 1886 2349 Pythagoras
1907 2271 1976 2325 de

264 2368 287 2387 θ
371 2394 536 2451 vat-iis
600 2392 795 2447 anima:
858 2399 970 2440 sua:
1013 2373 1572 2448 transmigrationibns
1650 2366 1977 2440 pra-dicabat

372 2487 593 2559 (Laert.,
624 2484 711 2537 lib.
761 2494 875 2543 vni,
916 2476 943 2548 §
973 2478 1005 2530 4
1033 2487 1079 2529 et
1110 2472 1188 2544 5).
1224 2470 1282 2526 Si
1309 2468 1426 2524 ha-c
1465 2482 1533 2521 on
1556 2462 1644 2521 nit
1697 2460 1829 2515 satis
1881 2456 1973 2513 tibi

375 2552 482 2637 non
511 2578 640 2637 sint,
672 2573 829 2628 tidem
860 2568 1045 2640 procul
1072 2565 1236 2621 dubio
1263 2580 1371 2619 non
1395 2559 1690 2628 deuegahis
1720 2552 1972 2616 Laberio,

372 2674 462 2745 qui
492 2668 633 2741 apud
652 2663 1041 2722 Tertullianum
1072 2659 1211 2714 hanc
1241 2657 1410 2726 ipsam
1427 2652 1496 2709 de
1521 2643 1977 2718 metempsychosi

376 2764 686 2835 opinionem
713 2774 740 2811 a
772 2757 1075 2828 Pythagora
1123 2756 1511 2821 propugnatam
1551 2750 1736 2812 aperte
1782 2736 1978 2793 testili.

383 2832 536 2914 catur
568 2851 837 2927 (Tertull.,
867 2847 1117 2918 Apologet
1148 2885 1163 2910 ,
1187 2859 1304 2913 cap.
1334 2839 1426 2904 48,
1461 2855 1581 2909 pag.
1609 2833 1812 2903 4‘2).At
1838 2832 1982 2898 ipse-

376 2957 489 3004 met
543 2942 908 3000 Trrtullianus
929 2979 943 3003 ,
977 2936 1294 2992 Ambrosius
1319 2972 1334 2996 ,
1374 2930 1593 2998 aliique,
1625 2920 1977 2994 quemadmo-

382 3040 511 3096 dum
559 3035 824 3093 Minucius
854 3039 1059 3095 noster,
1093 3028 1218 3081 hinc
1273 3032 1418 3077 recte
1445 3016 1771 3073 concludunt
1807 3013 1980 3067 inrre—

376 3130 599 3187 dibilem
651 3125 881 3184 ethnicis
931 3136 1053 3179 esse
1094 3133 1200 3173 non
1231 3115 1428 3170 debere
1453 3110 1881 3165 Christianorum
1913 3104 1980 3159 de

378 3224 626 3296 corporis
672 3219 842 3276 nostri
901 3212 1301 3272 resurreCIione
1344 3204 1666 3261 sententiam
1696 3197 1973 3271 (Ambroa,
2004 3191 2048 3254 C

383 3295 543 3375 ubi"
565 3317 626 3370 de
655 3315 755 3379 [ide
778 3312 1015 3374 Resurr.,
1046 3306 1074 3378 §
1102 3304 1193 3371 65,
1223 3312 1344 3357 tam.
1378 3316 1436 3365 ιι,
1476 3316 1596 3369 pag.
1623 3295 1813 3363 1151).

459 3409 597 3479 Quid
622 3422 774 3473 vero,
798 3403 939 3474 quod
968 3400 1111 3456 idem
1138 3395 1496 3453 Tertullianus
1537 3389 1664 3445 alibi
1714 3387 1854 3443 haud
1882 3384 1977 3440 du-

379 3502 616 3559 bitantcr
636 3503 931 3555 asseverat,
965 3490 1067 3546 huc
1091 3489 1159 3544 de
1179 3488 1479 3541 animarum
1509 3480 1981 3549 transmigratione

381 3591 673 3650 absurdum
719 3587 913 3656 dogma
957 3598 1064 3638 non
1093 3580 1254 3636 modo
1305 3580 1372 3633 ab
1427 3575 1616 3632 eodem
1657 3574 1976 3645 Pythagora,

384 3685 480 3740 sed
530 3682 691 3738 etiam
721 3696 747 3732 a
783 3678 1043 3741 Platone,
1085 3672 1242 3728 sicuti
1295 3670 1431 3725 dixit
1462 3666 1723 3722 Minucius
1776 3673 1977 3730 noster,

388 3778 555 3833 fuisse
607 3781 870 3829 assertum
903 3768 1098 3843 (Idem,
1141 3767 1230 3821 lib.
1261 3764 1324 3820 de
1359 3763 1556 3826 Annia,
1587 3777 1704 3831 cap.
1728 3758 1843 3828 28).
1874 3755 1981 3812 Sed

385 3870 528 3944 quod
558 3869 626 3925 ad
659 3869 938 3924 Platonem
990 3865 1199 3929 attinet,
1233 3859 1381 3915 nullo
1423 3870 1643 3930 prorsus
1680 3853 1746 3909 ad
1786 3852 1834 3907 id
1861 3866 1983 3923 pro-

386 3963 621 4020 bandum
652 3970 787 4017 teste
817 3974 952 4028 opus
980 3964 1081 4012 est.
1107 3954 1222 4011 Non
1245 3954 1477 4008 obscure
1508 3949 1650 4004 enim
1684 3961 1783 4001 nec
1812 3943 1983 4000 semel

385 4059 439 4113 in
482 4055 633 4112 libris
685 4052 796 4109 suis
838 4050 972 4107 illud
1023 4047 1309 4103 tradidisse
1353 4043 1547 4114 legitur
1584 4039 1775 4109 (Plat.,
1804 4038 1858 4091 in
1886 4037 1981 4106 ﬁn.

388 4150 477 4204 h'b.
499 4149 563 4205 de
593 4148 787 4213 Auim.,
815 4156 940 4201 toni.
973 4159 1049 4212 ιιι,
1084 4158 1203 4214 pag.
1238 4138 1362 4206 lOl,
1393 4148 1438 4191 et
1478 4136 1567 4190 lib.
1598 4151 1631 4188 χ
1658 4133 1720 4187 de
1739 4131 1981 4203 Republ.,

389 4252 516 4299 tom.
551 4259 610 4307 ιι,
637 4258 755 4313 pag.
796 4237 947 4306 6‘20).

463 4334 781 4404 Priusquam
836 4345 965 4386 vero
1012 4325 1415 4399 progrediamur
1452 4321 1703 4384 ulterius,
1736 4318 1842 4374 duo
1897 4317 1985 4372 hic

386 4424 721 4483 observanda
754 4432 901 4479 sunt.
933 4421 1000 4476 Et
1031 4422 1205 4490 primo
1232 4416 1450 4487 quidem
1503 4414 1571 4469 de
1628 4413 1717 4466 illo
1756 4408 1984 4466 ridiculo

387 4516 832 4590 philosophorum
862 4528 1049 4570 errore
1077 4511 1365 4567 Minucium
1394 4507 1594 4562 dixisse
1628 4522 1641 4558 :
1681 4524 1698 4556 ι
1730 4503 1846 4560 Non
1869 4503 1984 4573 phi-

2076 1920 2237 1976 etiam
2262 1915 2397 1971 aclis
2423 1909 2655 1967 mimicis
2680 1903 2822 1961 haud
2864 1901 3026 1957 dubie
3082 1895 3371 1953 deriserat.
3421 1888 3626 1944 Minui-itis

2076 2026 2207 2082 ergo
2259 2007 2383 2063 inde
2427 2002 2628 2060 inferre
2671 1997 2842 2070 potuit
2882 1994 3027 2049 hunc
3080 2004 3325 2047 errorem
3391 2002 3410 2035 ι
3464 1982 3627 2037 mimico

2084 2121 2102 2153 ι
2140 2100 2292 2165 vitio,
2334 2117 2351 2150 ι
2399 2103 2493 2150 aut
2522 2090 2740 2147 mimico
2789 2084 3047 2150 convitio,
3085 2099 3105 2133 ι
3138 2088 3235 2134 aut
3284 2096 3304 2128 ‹
3357 2073 3494 2130 mimi
3538 2088 3629 2125 roa-

2080 2194 2238 2260 vicio,
2271 2212 2290 2245 ι
2353 2187 2604 2244 nimirum
2661 2178 2896 2246 Laberii,
2954 2176 3038 2232 vel
3090 2173 3137 2228 si
3194 2170 3356 2235 velis,
3400 2165 3626 2237 cujuslibet

2080 2281 2398 2359 pantomimi
2445 2292 2570 2334 esse
2622 2274 2865 2342 dignum.

2150 2369 2701 2434 Animadvertendum
2731 2362 2970 2422 secundo
2999 2359 3360 2433 Pythagoram
3391 2370 3418 2407 a
3447 2351 3629 2408 Minucio

2078 2469 2341 2545 appellari
2395 2466 2625 2538 primum
2651 2504 2664 2527 ,
2722 2462 2812 2532 qui
2845 2457 2984 2513 hanc
3009 2455 3346 2526 Opinionem,
3386 2463 3473 2504 seu
3499 2446 3630 2518 [‘Oiltls

2078 2564 2458 2622 delirationem
2493 2554 2811 2612 introduxit.
2858 2550 2965 2607 Sed
3009 2563 3117 2619 quo
3164 2547 3309 2615 jure,
3339 2556 3499 2612 quove
3536 2547 3631 2594 teste

2080 2658 2133 2715 id
2180 2666 2290 2712 tam
2345 2659 2722 2707 asseveranter
2751 2642 3075 2700 afﬁrmavit?
3118 2639 3253 2695 Nam
3286 2636 3535 2692 Diodorus

2080 2750 2231 2806 culus
2272 2742 2611 2817 apertissime
2636 2781 2651 2806 ,
2690 2739 2766 2794 uti
2805 2738 2916 2809 jam
2963 2733 3230 2797 diximus,
3288 2738 3342 2785 et
3387 2727 3632 2784 Herodotus

2080 2843 2242 2915 paulo
2268 2838 2550 2896 obscurius
2600 2835 2959 2907 testiﬁcantur
2988 2830 3192 2900 primos
3224 2825 3385 2895 hujus
3410 2822 3631 2890 opinionis

2081 2946 2335 2993 auctores
2363 2934 2530 2987 fuisse
2575 2928 2885 3002 Egyptios,
2913 2940 2943 2979 a
2981 2923 3177 2995 quibus
3205 2936 3325 2976 eam
3353 2918 3632 2989 Pythagoras

2081 3033 2312 3102 accepit.
2343 3028 2707 3097 Quamobrem
2758 3033 2853 3081 aut
2896 3021 3097 3080 erravit
3126 3018 3414 3085 Minucius,
3459 3026 3533 3071 aut
3559 3032 3633 3086 po-

2083 3127 2189 3192 tius
2218 3124 2351 3182 nihil
2382 3122 2528 3179 aliud
2558 3121 2662 3177 sibi
2716 3117 2887 3175 voluit
2908 3160 2925 3186 ,
2979 3116 3082 3173 nisi
3114 3115 3258 3171 hanc
3310 3111 3630 3170 sententiam:

2082 3222 2406 3296 Pythagora,
2442 3230 2713 3288 tamquam
2769 3215 2945 3287 primo
2983 3213 3131 3269 illius
3177 3214 3449 3268 inventore
3484 3220 3525 3264 et
3553 3224 3634 3262 au-

2082 3331 2234 3375 ctore
2257 3316 2398 3385 apud
2421 3315 2639 3372 Graecos
2662 3310 3083 3367 disseminatam.
3117 3306 3272 3375 Quod
3306 3306 3350 3360 si
3382 3305 3473 3360 hoc
3490 3310 3625 3374 poste-

2082 3412 2195 3466 rius
2220 3408 2310 3464 ille
2341 3416 2545 3462 tantum
2567 3403 2752 3467 edixit,
2774 3401 3062 3472 ipsummi-t
3088 3396 3278 3468 procul
3306 3395 3460 3451 dubio
3482 3402 3628 3447 testem

2082 3501 2303 3557 habebit
2335 3496 2663 3554 Ilerodotum
2688 3539 2703 3562 ,
2738 3492 2894 3562 cujus
2944 3491 3061 3545 hare
3109 3497 3236 3544 sunt
3280 3485 3437 3541 verba
3471 3489 3628 3550 :Toinqi

2084 3608 2151 3667 τῷ
2191 3604 2307 3665 λόγῳ
2330 3598 2423 3648 εἶσι
2455 3593 2497 3645 οἳ
2524 3577 2742 3649 ﬁnium:
2767 3593 3052 3657 ἰχρήσιντο,
3071 3589 3116 3635 οἳ
3151 3589 3239 3649 μὲν
3285 3582 3503 3650 πρότερον,
3525 3583 3561 3629 οἱ
3595 3577 3627 3625 δὲ

2085 3695 2295 3760 ὕστερον,
2328 3692 2389 3745 ὡς
2420 3687 2519 3753 ἰδίῳ
2551 3690 2723 3735 [aurati
2750 3684 2894 3733 ἰόντι.
2924 3693 3015 3732 τῶν
3052 3682 3138 3741 ὶγὼ
3180 3676 3316 3734 εἰδὼς
3339 3677 3401 3725 τὰ
3423 3671 3622 3735 eti-ripa,

2087 3787 2141 3836 οὗ
2165 3786 2343 3853 γράφω.
2372 3794 2392 3827 ι
2417 3776 2563 3829 llanc
2575 3772 2979 3827 rationemsunt
2999 3782 3067 3823 ex
3091 3763 3319 3828 Graecis,
3348 3762 3431 3832 qui
3457 3774 3620 3828 usurpa-

2085 3874 2264 3929 verint
2287 3880 2561 3941 tamquam
2583 3883 2735 3923 suam
2778 3867 3041 3936 ipsorum,
3075 3862 3164 3916 alii
3195 3861 3370 3931 prius,
3395 3857 3466 3913 alii
3483 3864 3613 3926 poste-

2086 3968 2220 4033 rius,
2248 3980 2476 4037 quorum
2503 3978 2604 4034 ego
2635 3961 2851 4016 nomina
2886 3960 3064 4015 sciens
3099 3972 3209 4012 non
3236 3956 3378 4012 duco
3404 3967 3505 4009 esse
3527 3948 3622 4005 scri-

2086 4060 2261 4118 benda
2308 4057 2609 4132 (Herodot.,
2637 4056 2725 4111 lib.
2756 4072 2812 4120 ιι,
2848 4053 2876 4125 §
2912 4052 3057 4124 125).
3104 4071 3124 4105 ι
3155 4050 3264 4107 Sed
3310 4051 3460 4121 longe
3479 4046 3621 4103 clarius

2085 4156 2156 4210 ab
2185 4153 2515 4224 Hieronymo
2554 4149 2811 4220 scriptum
2863 4148 2996 4202 fuit:
3030 4165 3049 4198 ‹
3091 4145 3156 4200 Et
3183 4145 3312 4216 quia
3339 4138 3620 4216 Pythagorica

2086 4249 2333 4320 dogmata
2360 4261 2446 4302 me
2473 4244 2666 4317 legisse
2701 4242 2966 4307 dixeram,
2996 4238 3119 4295 audi
3149 4237 3280 4310 quid
3306 4236 3440 4308 apud
3462 4234 3621 4290 Grath

2088 4341 2419 4415 Pythagoras
2444 4338 2649 4408 primus
2696 4332 2995 4397 invenerit,
3029 4330 3362 4387 immortales
3407 4342 3513 4383 eSse
3544 4321 3622 4376 ani-

2088 4452 2226 4501 mas,
2245 4445 2302 4492 et
2322 4434 2391 4489 de
2420 4432 2543 4488 aliis
2570 4428 2892 4500 corporibus
2920 4426 3151 4482 transire
3185 4424 3241 4479 in
3269 4423 3394 4479 alia.
3423 4440 3441 4474 ι
3465 4417 3623 4491 (Hiero-

2088 4547 2254 4601 nym.,
2284 4526 2557 4598 Apologet.
2588 4522 2762 4577 adver.
2797 4520 3000 4590 Ruﬁn.,
3043 4516 3231 4577 lib.itt.
3267 4526 3384 4570 ante
3417 4514 3512 4582 βιι..
3538 4523 3620 4580 pag.

382 4583 826 4682 inscribi—studio,
858 4606 950 4662 sed
994 4604 1209 4659 mimico
1244 4603 1373 4658 vitio
1403 4600 1562 4669 digna
1593 4600 1690 4655 ista
1715 4599 1981 4655 sententia
2005 4583 2061 4645 D
2085 4583 2397 4679 430;“;1'.
2447 4583 2479 4673 ξ
2516 4617 2790 4688 “parum
2835 4583 3117 4685 “19.522,
3150 4608 3259 4665 620
3287 4617 3335 4664 et
3365 4610 3386 4662 1
3398 4603 3506 4662 156.
3543 4599 3622 4654 my

385 4712 487 4761 est.
523 4721 542 4756 ι
574 4700 763 4756 Mirum
792 4697 991 4753 etenim
1014 4705 1213 4764 quanto
1242 4693 1422 4749 studio
1453 4706 1554 4748 nec
1582 4690 1753 4759 pauci,
1776 4705 1875 4746 nec
1903 4691 1984 4745 in—

388 4794 586 4852 eruditi
618 4792 718 4848 viri
760 4790 904 4846 hunc
947 4789 1143 4851 locum,
1171 4802 1331 4857 quem
1380 4792 1692 4855 corruptum
1738 4792 1981 4845 censent.

387 4900 442 4945 et
467 4887 757 4946 emendare
805 4885 1063 4948 nitantur,
1093 4889 1148 4937 et
1192 4895 1350 4951 quam
1383 4877 1557 4933 varias
1598 4875 1741 4930 illius
1767 4890 1980 4932 correc-

388 4982 563 5038 tiones
598 4975 1042 5051 excogitaverint.
1069 4972 1176 5028 Sed
1227 4971 1355 5026 nihil
1400 4971 1533 5025 certi
1575 4967 1825 5034 aderunt,
1868 4983 1985 5038 pro-

385 5086 503 5150 pter
531 5074 670 5146 quod
710 5072 939 5145 genuina
991 5064 1341 5137 manuscripti
1390 5063 1590 5120 codicis
1639 5062 1769 5134 regii
1821 5062 1980 5119 lectio

382 5167 652 5224 immutari
681 5167 896 5222 debeat.
925 5160 1286 5228 Quamobrem
1342 5174 1404 5214 ea
1453 5165 1683 5222 retenta,
1716 5155 1979 5226 Rigaltius

376 5262 687 5330 suspicatur
740 5252 1032 5312 Minucium
1100 5252 1185 5306 his
1212 5251 1390 5308 verbis
1435 5250 1503 5305 ad
1566 5249 1763 5304 mimos
1815 5248 1976 5302 colli-

377 5370 594 5421 neasse,
621 5352 709 5424 qui
752 5352 803 5404 in
835 5363 994 5403 scena
1030 5362 1151 5404 sese
1181 5345 1468 5418 aliquando
1496 5345 1548 5400 iit
1572 5343 1778 5400 belluas
1800 5353 1976 5400 trans-

375 5448 719 5510 termabant,
752 5456 1045 5512 earumque
1104 5439 1399 5496 induebant
1448 5440 1669 5509 ﬁguras.
1701 5436 1804 5491 Alii
1844 5453 1973 5493 vero

374 5539 663 5609 apinantur
691 5550 723 5591 a
752 5532 985 5590 Minucio
1016 5533 1198 5589 notari
1223 5531 1532 5594 Laberium,
1562 5545 1591 5583 a
1618 5528 1966 5595 Tertulliano,

375 5633 449 5690 uti
482 5631 640 5703 paulo
668 5639 793 5685 ante
820 5628 1215 5692 annotavimus,
1249 5624 1545 5692 laudatum,
1585 5633 1638 5680 et
1667 5622 1782 5680 haec
1826 5622 1967 5680 illius

370 5721 605 5782 carmina
632 5736 663 5776 a
691 5720 897 5777 Crinito
924 5718 1219 5789 descripta:

618 5837 679 5894 ιξι
700 5835 844 5889 audio
869 5833 995 5886 mala
1020 5831 1175 5885 multa
1198 5832 1346 5884 etiam
1366 5844 1428 5887 ex
1455 5832 1600 5882 bonis

2085 4727 2206 4774 cert.
2239 4718 2293 4771 in
2340 4713 2602 4777 Lactant.,
2634 4726 2750 4773 cap.
2781 4698 2998 4770 29am.
3030 4706 3082 4768 1,
3117 4701 3339 4758 Dissert.
3372 4704 3423 4755 in
3461 4691 3615 4752 Tertull.

2087 4808 2385 4879 Apoleget.,
2417 4821 2533 4875 cap.
2572 4803 2660 4867 11,
2693 4810 2793 4854 art.
2835 4796 2918 4869 2.)
2964 4797 3040 4852 De
3088 4794 3190 4850 hac
3238 4809 3396 4864 porro
3436 4789 3547 4845 illius
3576 4795 3621 4836 ac

2084 4873 2326 4957 Platonis
2364 4873 2617 4967 opinione
2656 4908 2686 4946 a
2718 4890 2873 4948 nobis
2913 4888 3028 4960 jam
3057 4886 3265 4943 dictum
3318 4873 3621 4952 est,.etinlra

2085 4993 2262 5049 adhuc
2282 4987 2665 5061 disputabitur.

2717 5136 3010 5179 ARTICULUS
3047 5135 3108 5175 ll.

2080 5290 2205 5345 Alia
2235 5290 2302 5343 ad
2322 5285 2640 5359 probandam
2668 5298 2936 5353 corporum
2955 5290 3249 5335 nostrorum
3276 5270 3623 5332 resunectiottatt

2118 5384 2336 5449 Octavii,
2367 5391 2415 5436 et
2441 5378 2699 5437 contraria
2722 5374 2915 5434 Caecilii
2943 5383 3247 5447 argumenta
3270 5369 3596 5427 examinantur.

2146 5541 2348 5598 Contra
2401 5540 2628 5612 primam
2678 5534 2886 5592 Octavii
2937 5529 3448 5604 argumentationem
3481 5519 3624 5591 ol-jec-

2072 5636 2219 5691 tabat
2248 5610 2518 5698 Caecilius,
2544 5631 2741 5701 aliique
2769 5626 3022 5700 gentiles,
3047 5640 3107 5681 se
3126 5635 3412 5694 numquam
3432 5610 3623 5672 ridicula

2069 5745 2293 5802 prorsus
2340 5736 2433 5783 aut
2481 5725 2804 5799 Pythagorae
2832 5730 2888 5779 et
2933 5719 3194 5783 Platonis,
3222 5725 3315 5773 aut
3340 5708 3620 5795 Christiano:

2065 5839 2190 5881 rum
2209 5822 2281 5881 de
2306 5786 2544 5894 corpore
2561 5786 2750 5876 ιιοεῖτο
2775 5814 2846 5873 ad
2904 5813 3071 5872 vitam
3100 5808 3403 5871 revocando
3425 5786 3619 5877 opinioni
