3774 6270
222 380 310 436 465

1527 360 2001 420 DISSERTATIO.

3322 359 3433 416 466

218 488 506 550 subscribere
530 484 795 556 potuisse;
826 478 1249 553 quandoquidem
1284 477 1426 533 nulla
1456 490 1729 545 umquam,
1756 477 1807 531 A
1836 475 2085 530 essentia
2110 488 2243 530 mea:
2286 472 2441 529 iidem
2483 473 2692 541 habeo;
2742 475 2812 529 ita
2843 484 3021 541 natus,
3051 483 3105 530 ct
3163 489 3259 545 per
3289 489 3437 529 mor-

223 596 517 658 quaecumque
556 579 797 648 ﬁngatur.
845 575 1049 630 ratione
1092 574 1204 629 fieri
1240 571 1368 628 illud
1408 580 1603 642 potest.
1626 568 1735 624 Sed

229 673 647 735 Octaviusinsnlam
686 667 980 724 adverSarii
1003 667 1114 733 sui,
1144 667 1211 722 de
1260 673 1525 733 potestate
1552 662 1736 718 divina

234 768 503 830 dubitantis,
548 761 877 817 temeritatem
919 759 996 814 sic
1042 759 1329 830 reprimit:
1368 775 1387 809 ι
1424 756 1557 824 Quis
1624 764 1732 809 tam

245 860 426 923 stultus,
448 864 520 911 aut
543 855 705 909 brutus
734 862 853 920 est,
900 863 959 907 ut
988 867 1183 919 negare
1224 849 1418 905 audeat
1465 858 1733 904 mortuum

239 951 452 1006 hominem
475 947 678 1018 potuisse
704 961 734 999 a
769 945 876 999 Deo
896 944 962 998 ad
993 945 1153 999 vitam
1178 942 1419 998 revocari
1439 941 1462 994 ’ἶ
1492 962 1510 993 ›
1534 941 1734 1009 Quem-

237 1042 462 1098 admodum
497 1042 618 1093 enim
650 1038 923 1094 hominem
967 1053 1033 1092 ex
1086 1036 1255 1091 nihilo
1287 1037 1441 1091 tinxit
1468 1050 1532 1089 ac
1585 1050 1736 1090 crea-

232 1138 305 1194 vit.
340 1134 396 1188 ita
419 1146 543 1201 aque
570 1129 726 1186 facile
766 1130 912 1185 illum
951 1146 978 1184 a
1009 1129 1234 1184 mortuis
1265 1130 1501 1183 excitare
1534 1136 1731 1199 potest.

226 1225 310 1281 Sed
322 1226 401 1278 hoc
440 1232 786 1293 argumentum
816 1223 996 1278 acrius
1026 1231 1175 1291 urget
1197 1221 1440 1277 Justinus
1486 1230 1731 1291 martyr:

218 1338 234 1369 ι
258 1317 304 1372 Si
325 1316 424 1387 quis
450 1331 683 1384 umquam
713 1315 886 1380 vobis,
916 1329 1034 1369 cum
1069 1314 1305 1369 nondum
1349 1314 1482 1368 tales
1504 1321 1739 1369 exstare-

208 1411 277 1474 tis,
305 1422 449 1475 neque
474 1421 533 1462 ex
577 1406 773 1461 talibus
801 1407 904 1461 orti
935 1407 1147 1467 essetis.
1187 1414 1520 1462 asseveraret
1549 1419 1734 1460 semen

205 1498 439 1553 humanum
467 1510 518 1552 et
549 1497 831 1565 imaginem
869 1497 1061 1566 pictam
1104 1496 1376 1561 indicans,
1404 1511 1468 1551 ex
1524 1511 1589 1551 eo
1619 1495 1736 1564 ipso

203 1588 364 1643 semine
406 1597 632 1641 naturam
675 1586 978 1658 hujusmodi
1008 1586 1124 1640 ﬁeri
1172 1601 1367 1654 nesse;
1406 1601 1532 1641 num
1565 1585 1737 1653 prius-

204 1695 319 1751 quam
342 1678 384 1733 id
406 1678 585 1734 factum
603 1690 771 1743 esset,
787 1679 1107 1735 crederetis?
1127 1678 1243 1734 Non
1267 1678 1514 1748 equidem
1543 1677 1737 1748 opinor

212 1787 456 1842 quamquam
476 1781 659 1828 contra
684 1772 791 1828 hoc
811 1772 995 1828 dicere
1020 1787 1274 1826 ausorum
1303 1786 1443 1827 esse.
1459 1770 1565 1827 Sed
1588 1769 1731 1825 enim

1845 577 1950 621 tem
1983 568 2049 622 ad
2085 584 2189 622 non
2219 583 2340 622 esse
2370 567 2644 633 redactus,
2698 579 2858 639 atque
2890 568 3080 623 iterum
3113 568 3436 637 conspicuus

1838 659 2011 715 oculis
2060 660 2237 715 denuo
2266 660 2514 716 existam.
2549 660 2805 728 Quamvis
2852 661 2993 714 enim
3024 674 3152 714 caro
3199 668 3309 714 tota
3353 660 3439 714 in-

1839 754 2033 809 cendio
2085 763 2464 816 consumatur,
2527 752 2803 808 materiam
2858 762 3037 807 tamen
3094 761 3436 821 evaporatam

1839 847 2072 903 mundus
2111 848 2349 917 excipit:
2384 861 2705 918 quamquam
2738 855 2829 900 aut
2878 846 2929 900 in
2958 844 3158 907 fluviis,
3186 855 3277 898 aut
3306 846 3442 901 mari

1838 944 2238 1005 contabescam,
2289 952 2382 996 aut
2438 940 2566 996 feris
2617 940 2870 1003 dilanier,
2923 938 3131 994 condor
3172 940 3440 994 tamenin

1838 1053 1979 1109 penu
2027 1037 2301 1107 perdivitis
2327 1036 2552 1091 domini.
2599 1034 2753 1102 Quod
2787 1035 2912 1091 licet
2956 1051 3218 1106 pauperes
3261 1044 3313 1092 et
3343 1035 3443 1090 im-

1838 1132 1910 1204 pii
1956 1131 2226 1195 nesciant;
2278 1130 2419 1185 Deus
2462 1139 2640 1184 tamen
2686 1130 2776 1201 qui
2833 1139 3041 1202 regnat,
3080 1130 3437 1186 subsmntiam

1837 1225 1940 1283 sibi
1982 1223 2081 1279 soli
2117 1223 2485 1291 consnienam,
2514 1221 2729 1292 quando
2762 1222 3013 1291 voluerit,
3065 1222 3133 1278 ad
3164 1222 3442 1292 pristinam

1838 1312 2201 1387 integritatem
2261 1314 2479 1370 reducet
2522 1313 2765 1385 (Tatian.
2827 1313 2976 1369 Orat.
3044 1324 3212 1368 contr.
3280 1311 3447 1368 Crwc.

1839 1422 1959 1477 pag.
1996 1403 2142 1478 146).
2182 1424 2200 1457 ι

1911 1496 2033 1551 Pari
2080 1498 2242 1552 etiam
2273 1496 2435 1551 modo
2479 1497 2848 1553 Tertullianus
2902 1495 3236 1568 respondet:
3272 1496 3448 1553 «Ubi-

1838 1603 2069 1658 cumque
2122 1589 2392 1643 resolutus
2448 1587 2651 1655 fueris,
2708 1605 3062 1660 quaecumque
3115 1599 3165 1644 te
3220 1589 3448 1644 materia

1838 1678 2189 1741 destruxerit,
2242 1679 2862 1745 hauserit,aboleverit,
2912 1683 2963 1735 in
3010 1682 3237 1737 nihilum
3290 1681 3449 1737 redeo

1838 1772 1994 1843 gerit,
2047 1772 2236 1828 reddet
2273 1782 2346 1828 te.
2400 1772 2530 1841 Eius
2570 1782 2654 1828 est
2698 1772 2922 1827 nihilum
2976 1773 3172 1843 ipsum,
3214 1773 3366 1842 cujus
3387 1783 3446 1827 et

217 1866 403 1936 quomodo
424 1866 489 1921 ab
521 1866 675 1922 initio
715 1883 823 1921 non
881 1866 1248 1922 credidissetis
1292 1865 1548 1936 possibile
1584 1878 1725 1930 esse,
1758 1861 1807 1921 B
1837 1874 2006 1921 totum
2033 1865 2275 1937 (Tertull.
2315 1866 2536 1938 Apolog.
2572 1883 2686 1938 cap.
2739 1866 2832 1932 48,
2883 1883 3005 1937 pag.
3039 1867 3153 1936 45).
3185 1885 3203 1917 ι
3259 1865 3444 1936 Longe

218 1961 422 2013 metenui
450 1969 594 2030 gutta
624 1960 764 2017 tales
816 1961 1111 2017 existerent
1155 1969 1210 2015 et
1236 1960 1488 2015 extitisse
1553 1969 1732 2015 tamen

212 2048 371 2103 ridetis:
396 2053 574 2106 eodem
603 2050 772 2107 modo
796 2051 1098 2105 existimate
1126 2052 1457 2120 impossibile
1480 2066 1585 2104 non
1614 2065 1735 2106 esse

206 2149 243 2193 ut
260 2140 493 2207 dissoluta,
522 2152 690 2215 atque
715 2143 983 2197 seminum
1017 2143 1184 2196 instar
1210 2143 1262 2196 in
1305 2152 1501 2198 terram
1524 2141 1733 2211 deiecta

196 2246 368 2301 corpora
393 2232 637 2299 humina,
678 2244 923 2303 tempore
953 2249 1071 2299 suo,
1108 2232 1263 2303 jussu
1305 2234 1396 2288 Dei
1430 2234 1736 2303 relinquant

194 2333 231 2375 et
252 2334 455 2380 naturam
500 2325 973 2398 incorruptibilem
1014 2325 1236 2380 induant
1273 2326 1489 2398 (Justin.
1514 2367 1529 2392 ,
1579 2326 1729 2396 Apol.

192 2431 233 2482 lt,
255 2435 349 2488 pug.
365 2416 446 2491 65)
490 2438 506 2470 ι

248 2510 413 2567 Eodem
433 2530 646 2587 quoque
676 2515 786 2569 telo
808 2513 1053 2568 ethnicos
1101 2528 1207 2569 non
1262 2511 1432 2567 solum
1453 2510 1732 2580 Tatianus,

196 2610 237 2657 et
258 2604 602 2678 Athenagoras,
648 2622 678 2660 a
727 2606 886 2661 nobis
929 2620 1050 2659 mox
1103 2604 1322 2672 citandi,
1346 2619 1532 2660 verum
1572 2604 1735 2659 etiam

203 2690 491 2751 'l‘ertnllianus
517 2699 599 2754 sic
628 2696 751 2753 ferit
787 2716 799 2750 :
850 2716 868 2749 ι
896 2694 1258 2751 Considerate
1276 2698 1469 2766 ipsum,
1492 2710 1525 2748 ο
1549 2695 1732 2761 homo,

211 2792 251 2837 et
272 2786 385 2841 fidem
404 2790 468 2843 rei
497 2789 778 2845 invenies.
807 2788 1060 2859 Recogita
1084 2788 1208 2858 quid
1237 2787 1423 2850 fueris,
1449 2796 1735 2859 antequam

217 2889 342 2943 esses,
357 2879 502 2951 utique
530 2880 670 2936 nihil
702 2881 1078 2935 :meminisses
1097 2883 1262 2945 enim,
1288 2881 1331 2934 si
1363 2879 1488 2949 quid
1520 2880 1733 2935 fuisses.

219 2967 292 3035 Qui
317 2986 408 3041 ergo
423 2974 545 3030 nihil
580 2974 748 3028 lueris
776 2973 1086 3044 priusquam
1114 2988 1284 3036 esses,
1311 2972 1449 3027 idem
1482 2971 1616 3027 nihil
1659 2969 1732 3027 fa-

217 3069 312 3124 ctus,
331 3076 421 3118 cum
440 3080 563 3121 esse
584 3065 837 3126 desieris,
863 3079 959 3118 cur
988 3078 1091 3118 non
1118 3065 1291 3134 possis
1318 3078 1503 3118 rursus
1524 3078 1642 3118 esse
1669 3063 1738 3119 de

207 3151 344 3221 nihilo,
368 3159 597 3226 ejusdem
630 3157 874 3214 auctoris
894 3158 1190 3223 voluntate,
1219 3158 1308 3228 qtti
1351 3168 1402 3212 te
1424 3158 1591 3213 voluit
1617 3173 1738 3214 esse

1839 1970 2017 2014 autem
2048 1959 2217 2015 fusius
2261 1961 2631 2031 Athenagoras
2659 1960 2774 2014 hare
2799 1960 3057 2015 adversus
3080 1960 3309 2030 gentiles
3336 1974 3429 2014 ur-

1838 2062 1927 2123 get
1955 2064 2010 2108 et
2039 2053 2296 2122 explicat.
2328 2053 2404 2107 lbi
2449 2061 2629 2108 autem
2680 2053 2816 2121 ipse,
2858 2050 3319 2122 quemadmodum
3353 2051 3446 2107 alii

1833 2147 1943 2215 jam
1972 2146 2119 2201 citati
2171 2161 2201 2201 a
2240 2146 2398 2201 nobis
2445 2145 2746 2215 Scriptores
2788 2164 2801 2196 :

1840 2246 2029 2309 πρώτην
2074 2243 2318 2302 σύστασιν,
2371 2246 2560 2299 ἐποίησε
2604 2241 2667 2292 τὰ
2707 2248 2798 2290 τῶν
2825 2242 3078 2307 ἀνθρώπων
3105 2246 3327 2305 σώματα..
3357 2248 3441 2289 καὶ

2844 2148 2904 2197 Ei
2936 2157 3007 2212 μή
3047 2150 3160 2200 ὄντα
3188 2151 3318 2199 κα.τά
3345 2155 3441 2203 ’τὴν

1836 2338 1923 2394 τὰς
1949 2338 2124 2387 τούτων
2146 2336 2321 2402 ἆρχάς,
2367 2334 2449 2384 καὶ
2498 2334 2812 2393 διαλυθέντι,
2864 2332 2969 2385 καθ’
3012 2338 3063 2385 ὃν
3099 2335 3226 2404 ιτῦχῃ
3274 2338 3442 2396 τύπον,

1840 2428 2097 2479 ἀναστάσει
2125 2427 2251 2490 μετὰ.
2276 2438 2360 2484 τῆς
2388 2427 2660 2493 εὖμειρείας.
2696 2429 2864 2485 iniam;
2898 2428 2993 2494 γὰρ
3019 2427 3148 2493 ενῦτῷ
3188 2427 3272 2477 καὶ
3299 2429 3445 2478 τοῦτο

1841 2517 2052 2571 dunaria.
2086 2533 2104 2566 ι
2141 2512 2198 2570 Si
2230 2514 2505 2569 hominum
2536 2528 2763 2585 corpora
2792 2528 2914 2569 cum
2946 2530 3052 2569 non
3078 2524 3283 2577 essent,
3312 2529 3443 2569 con-

1842 2604 1977 2660 didit
2020 2607 2180 2669 Deus,
2231 2622 2528 2676 eorumque
2575 2607 2832 2676 principia
2876 2607 3016 2661 unde
3045 2607 3306 2676 originem
3336 2617 3449 2661 tra-

1842 2698 1997 2765 hunt,
2048 2700 2379 2769 procreavit;
2411 2700 2571 2754 etiam
2615 2699 3117 2770 quomodocumque
3147 2699 3403 2753 dissoluta
3425 2741 3440 2766 ,

1842 2806 1964 2847 cum
2012 2792 2199 2847 eadem
2230 2790 2486 2846 facilitate
2534 2791 2864 2845 instaurabit.
2906 2791 2962 2845 Id
3006 2790 3148 2845 enim
3183 2790 3258 2844 illi
3287 2805 3443 2861 teque

1841 2885 1998 2942 facile
2048 2894 2131 2942 cst
2184 2885 2535 2957 (Athenagor.
2588 2884 2677 2938 lib.
2727 2884 2790 2938 de
2826 2882 3009 2939 Resur.
3057 2900 3164 2937 car.
3196 2902 3319 2954 pug.
3370 2884 3442 2939 45

1843 2987 1890 3032 et
1927 2994 2046 3050 seqq
2074 2979 2116 3048 ).
2166 2998 2184 3031 ι
2220 2976 2424 3032 Cretera
2457 2986 2633 3031 autem
2664 2990 2786 3047 quae
2832 2975 2919 3032 hic
2950 2975 3307 3031 transcribere
3328 2975 3447 3031 lon-

1843 3072 1962 3144 gius
2005 3074 2161 3138 foret,
2214 3070 2268 3125 in
2317 3070 2433 3141 ejus
2480 3069 2619 3123 libro
2668 3071 2848 3139 legere
2898 3077 2949 3123 te
2998 3084 3102 3123 non
3137 3069 3330 3139 pigeat.

1915 3164 2168 3233 Quamvis
2221 3173 2397 3217 autem
2456 3161 2718 3216 Minucius
2772 3168 2852 3215 tot
2901 3160 3139 3230 tantique
3190 3158 3442 3228 ponderis

200 3243 250 3299 de
273 3248 448 3304 nihilo?
472 3251 577 3318 Qui
608 3266 717 3306 non
770 3264 916 3316 eras,
949 3249 1119 3304 factus
1147 3264 1237 3317 es,
1263 3265 1383 3305 cum
1413 3251 1606 3305 iterum
1630 3265 1736 3305 non
1764 3248 1810 3312 C
1843 3257 2141 3312 rationibus
2185 3255 2401 3309 frivolas
2441 3253 2779 3309 ethnicorum
2802 3252 3171 3308 cavillationes
3200 3250 3441 3306 funditus

198 3339 297 3403 eris,
322 3339 419 3397 lies.
438 3343 643 3410 Redde,
664 3343 711 3397 si
742 3349 918 3413 potes,
940 3341 1221 3405 rationem,
1252 3355 1353 3408 qua
1384 3340 1555 3396 factus
1582 3356 1662 3408 es,
1685 3349 1741 3397 et

199 3438 295 3487 tunc
332 3437 533 3504 require
574 3451 677 3507 qua
711 3434 829 3491 lies.
856 3435 924 3490 Et
953 3444 1126 3490 tamen
1160 3434 1367 3489 facilius
1398 3435 1579 3505 utique
1622 3434 1736 3503 lies,

196 3525 307 3592 quod
340 3526 472 3585 fuisti
498 3529 827 3601 aliquando;
858 3529 978 3596 quia
1023 3543 1176 3598 teque
1205 3544 1312 3583 non
1333 3526 1551 3583 difficile
1573 3529 1741 3585 lactus

196 3632 272 3677 es.
315 3626 437 3693 quod
484 3639 777 3695 numquam
828 3623 972 3679 fuisti
1017 3623 1325 3694 aliquando.
1379 3623 1737 3689 Dubitabitur,

196 3713 340 3780 credo,
357 3716 418 3771 de
441 3718 533 3773 Dei
550 3719 777 3781 viribus,
801 3719 890 3788 qui
916 3726 1119 3773 tantum
1138 3717 1243 3773 hoc
1260 3733 1458 3787 corpus
1477 3716 1660 3773 mundi
1674 3717 1742 3773 de

198 3822 261 3875 eo,
288 3813 410 3881 quod
436 3829 537 3868 non
568 3812 762 3874 fuerat.
780 3828 886 3868 non
912 3813 1087 3868 minus
1109 3828 1265 3880 quam
1297 3813 1365 3868 de
1383 3821 1554 3867 morte
1586 3827 1741 3866 vaca-

200 3899 325 3955 tionis
347 3914 394 3960 ct
417 3906 685 3962 inanitatis
710 3907 1032 3978 composuit,
1058 3906 1350 3961 animatum
1377 3907 1566 3974 spiritu
1620 3920 1740 3959 om-

202 3992 313 4048 nium
331 4001 669 4054 animatorum
688 3998 879 4067 (Τίρνι.⁷
896 3998 1112 4068 Apolog.
1131 4014 1177 4051 ιτ.
1200 3998 1287 4064 48,
1307 3996 1479 4065 p.42).
1519 4016 1537 4048 ι
1567 4007 1744 4068 Atque

206 4083 389 4144 hacille
418 4090 623 4146 uberius
646 4091 791 4146 eoin
825 4091 961 4145 libro
986 4091 1328 4161 prosequitur
1356 4090 1546 4165 (Idem,
1568 4091 1655 4145 lib.
1684 4090 1748 4144 de

214 4174 448 4236 "mmet.
467 4185 652 4247 carnis,
671 4199 721 4238 ο.
751 4182 811 4238 Η
840 4192 888 4236 et
900 4182 1062 4255 seqq.)
1116 4182 1339 4238 Brevius
1362 4192 1539 4238 autem
1559 4191 1743 4253 postea

217 4264 506 4329 iactantius:
540 4293 557 4325 ι
591 4274 647 4329 Si
696 4289 725 4325 a
774 4272 1041 4345 principio
1066 4273 1205 4327 Deus
1247 4272 1519 4328 hominem
1566 4273 1748 4327 nescio

230 4372 308 4424 quo
325 4361 631 4422 inenarrabili
683 4367 847 4422 modo
874 4367 1123 4434 instituit,
1148 4366 1432 4421 credamus
1468 4367 1535 4422 ab
1572 4383 1637 4423 eo
1660 4383 1748 4422 re-

239 4449 354 4505 διῖιιιῖ
371 4469 567 4516 ‘etcrem
599 4475 784 4530 posse,
806 4459 897 4529 qui
931 4474 1126 4515 novum
1164 4458 1286 4515 fecit
1335 4458 1624 4532 (Lactant.,
1656 4459 1745 4515 lib.

240 4541 513 4620 minutim,
544 4571 664 4623 cap.
712 4552 806 4621 9.5,
836 4570 955 4623 υαρι
1000 4551 1151 4624 79η·
1185 4572 1203 4604 ³

1844 3347 2134 3411 everterit;
2188 3346 2351 3400 variis
2406 3344 2753 3400 nihilominus
2801 3345 3064 3415 exemplis
3107 3344 3223 3399 illas
3261 3342 3439 3399 adhuc

1844 3443 2040 3499 refellit
2082 3451 2135 3495 et
2179 3440 2451 3496 destruit:
2489 3459 2507 3491 ‹
2541 3438 2675 3495 Vide
2713 3439 2867 3506 adeo,
2924 3439 3230 3511 inquiebat,
3282 3453 3442 3508 quam

1844 3538 1898 3593 in
1945 3536 2191 3591 solatium
2234 3536 2426 3601 nostri,
2479 3538 2927 3591 resurrectionem
2978 3534 3212 3590 futuram
3265 3534 3442 3589 omnis

1846 3642 2033 3685 natura
2089 3627 2395 3682 meditetur.
2441 3625 2536 3683 Sol
2579 3626 2843 3697 demergit
2892 3634 2949 3682 et
2993 3629 3250 3692 nascitur,
3298 3637 3444 3681 astra

1846 3722 2099 3777 labuntur
2139 3731 2192 3776 ct
2240 3720 2484 3783 redeunt,
2533 3719 2695 3776 liores
2723 3720 2980 3776 occidunt
3008 3731 3063 3776 et
3093 3723 3442 3784 reviviscunt,

1848 3825 1969 3885 post
2010 3814 2217 3869 senium
2262 3812 2479 3868 arbusta
2527 3811 2896 3877 frondescunt,
2949 3815 3155 3868 semina
3204 3828 3309 3867 non
3342 3812 3449 3867 nisi

1846 3912 2097 3975 corrupta
2140 3904 2511 3959 revirescunt:
2544 3903 2615 3957 ita
2662 3918 2857 3972 corpus
2902 3904 2953 3957 in
2984 3903 3201 3968 sarculo,
3251 3912 3303 3955 ut
3352 3918 3444 3955 ar-

1850 3998 2008 4053 bores
2034 3998 2086 4051 in
2118 3996 2360 4069 hybcrno
2389 3995 2562 4051 adhuc
2599 3995 2869 4050 occultant
2902 3993 3147 4056 virorem,
3198 3993 3448 4048 ariditate

1849 4090 2092 4144 mentita.
2125 4088 2262 4156 Quid
2296 4087 2514 4143 festinas
2555 4094 2614 4140 ιιι
2641 4086 2804 4140 cruda
2857 4084 3031 4140 adhuc
3071 4085 3264 4157 hyeme
3294 4086 3443 4140 revi-

1848 4184 2013 4237 viscat
2066 4192 2118 4236 et
2148 4182 2368 4235 redeat?
2391 4198 2410 4232 ι
2444 4179 2643 4235 Eadem
2672 4189 2754 4234 est
2781 4177 3068 4247 Theophili
3115 4177 3444 4234 Antioebeui

1850 4275 2081 4330 futuram
2113 4272 2353 4340 corporis
2390 4271 2556 4325 nostri
2604 4270 3056 4323 resurrectionem
3087 4270 3445 4339 comproban-

1852 4367 1903 4421 di
1950 4365 2106 4420 ratio.
2137 4380 2155 4415 ι
2189 4364 2327 4417 Dens
2374 4360 2748 4431 plurimarum,
2799 4360 2998 4427 inquit,
3050 4376 3228 4415 rerum
3276 4376 3442 4432 argu-
3505 4386 3515 4395 -

1854 4466 2033 4512 menta
2083 4452 2405 4524 suppeditat,
2464 4450 2655 4522 quibus
2707 4450 3135 4507 incredulitatem
3180 4464 3445 4519 nostram,

1855 4560 2111 4623 quantum
2157 4547 2222 4603 ad
2270 4544 2681 4603 resurrectionis
2741 4545 3012 4615 negotium
3054 4548 3276 4611 attinet,
3329 4563 3452 4617 pro-

281 4637 503 4701 Instabant
535 4658 717 4703 tamen
762 4648 990 4719 gentiles
1018 4646 1130 4702 ﬁeri
1167 4648 1388 4704 omnino
1419 4663 1525 4704 non
1567 4663 1745 4719 posse,
1772 4641 1826 4701 D
1853 4644 2033 4714 pellat.
2062 4641 2301 4698 Observa
2324 4682 2339 4706 ,
2383 4640 2485 4696 nisi
2538 4638 2819 4694 molestum
2851 4638 2942 4707 sit,
2975 4649 3297 4708 temporum,
3341 4639 3455 4696 dies

220 4738 267 4782 nt
295 4729 487 4791 hominis
514 4755 712 4812 corpus
733 4740 887 4810 aquis
916 4739 1251 4809 absorptum,
1285 4740 1406 4809 igne
1432 4750 1752 4806 crematum,

224 4821 264 4874 in
299 4828 551 4903 pulverem,
603 4835 818 4889 cineres
848 4844 904 4888 et
957 4832 1164 4887 favillas
1195 4832 1490 4897 redactum,
1529 4833 1582 4887 in
1612 4832 1757 4887 aliud

224 4925 377 4986 corpus
417 4932 848 4987 transmutatum,
895 4923 1034 4979 idem
1090 4938 1315 4979 numero
1345 4939 1531 4979 rursus
1558 4939 1755 4978 exsus-

221 5005 394 5075 citetnr.
436 5016 723 5084 reﬁciatnr,
772 5031 836 5070 ac
876 5014 1221 5070 reformetur.
1253 5015 1321 5071 At
1352 5014 1641 5086 respondet
1663 5014 1760 5069 Mi-

223 5104 387 5170 nucius,
411 5125 724 5179 quamquam
753 5122 952 5179 corpus
999 5107 1126 5162 illud
1160 5126 1179 5159 ι
1217 5107 1372 5162 nobis
1399 5107 1755 5173 subducatur,

224 5189 489 5256 Deotamen
513 5202 908 5258 elementorum
938 5198 1148 5255 custodi
1193 5197 1481 5253 reservari.
1537 5216 1555 5249 ι
1589 5197 1651 5252 Et
1710 5198 1763 5253 id

224 5286 400 5353 quidem
441 5294 526 5350 ille
565 5295 773 5366 paucis,
821 5291 965 5357 quod
994 5290 1233 5361 pluribus
1262 5290 1518 5345 Tatianus
1544 5300 1599 5345 et
1630 5289 1769 5346 hunc

226 5381 408 5446 urgebat
427 5386 471 5439 in
499 5386 717 5441 modum
745 5402 759 5442 :
797 5403 816 5435 ι
837 5383 949 5439 Hoc
967 5383 1037 5437 ita
1061 5381 1293 5437 fmurutn
1311 5383 1604 5448 credimus,
1633 5382 1766 5437 nihil

229 5467 399 5529 interim
423 5487 697 5541 curantes,
734 5486 1023 5545 utcumque
1056 5476 1239 5545 nugari
1274 5490 1372 5530 nos
1414 5483 1470 5531 et
1497 5474 1768 5531 blaterare

233 5561 532 5625 arbitremini.
584 5568 849 5637 Quoniam
891 5568 1032 5622 sicut
1062 5568 1394 5638 ignorabam,
1423 5568 1544 5638 quis
1568 5581 1766 5634 essem,

230 5660 470 5727 antequam
519 5675 794 5723 nascerer,
828 5673 950 5713 cum
991 5660 1171 5713 nullus
1220 5658 1394 5713 adhuc
1422 5674 1623 5723 essem,
1679 5672 1772 5713 so-

231 5741 317 5799 lum
350 5761 513 5807 autem
558 5756 608 5808 in
648 5752 896 5822 subjecto
938 5750 1180 5806 materia:
1217 5749 1397 5806 carnis
1443 5748 1772 5815 existebam;

231 5834 395 5909 deinde
411 5845 636 5914 genitus,
666 5845 757 5917 qui
787 5843 916 5899 olim
943 5856 1051 5898 non
1082 5857 1254 5912 eram,
1289 5842 1403 5913 ipsa
1429 5840 1777 5911 generatione

1859 4752 1976 4792 rum
2053 4742 2107 4790 et
2175 4733 2414 4790 noctium
2463 4731 2757 4787 interitum.
2808 4733 2998 4785 Annon
3046 4731 3451 4799 animadvertis,

1860 4842 1919 4885 ιιι
1969 4830 2067 4883 ista
2116 4828 2418 4884 moriuntur
2464 4835 2517 4881 et
2563 4826 2888 4895 resurgunt?
2912 4824 3048 4892 Quid
3082 4834 3338 4893 praeterea
3368 4841 3456 4881 re-

1861 4921 2029 4977 feram
2081 4920 2532 4975 resurrectionem
2590 4918 2854 4973 fructuum
2908 4923 2963 4970 et
3001 4916 3286 4980 seminum,
3335 4932 3456 4988 quae

1864 5014 2042 5067 omnia
2086 5020 2285 5067 nostrm
2329 5010 2586 5064 voluntati
2612 5007 2888 5064 serviunt?
2933 5007 2988 5063 Si
3019 5007 3161 5060 enim
3206 5023 3454 5078 granum,

1866 5104 2097 5174 exempli
2139 5103 2328 5172 gratia,
2359 5102 2542 5165 tritici,
2591 5112 2681 5156 aut
2729 5101 3054 5171 reliquorum
3099 5099 3363 5156 fructuum
3404 5103 3458 5156 in

1867 5206 2068 5254 terram
2113 5195 2396 5265 sparseris,
2427 5196 2658 5262 primum
2704 5194 2919 5265 quidem
2969 5195 3193 5249 moritur
3238 5202 3294 5249 et
3339 5194 3456 5250 dis-

1869 5288 2115 5349 solvitur,
2160 5297 2211 5340 et
2263 5294 2373 5339 tum
2426 5283 2643 5339 demum
2700 5288 2958 5352 nascitur,
3015 5295 3072 5341 et
3123 5286 3175 5341 in
3222 5286 3460 5340 culmum

1870 5380 2280 5436 fruetifieantem
2334 5377 2582 5446 assurgit.
2620 5376 2889 5433 Arborum
2936 5389 2991 5434 et
3019 5395 3314 5450 quercuum
3363 5395 3458 5434 na-

1871 5483 2011 5535 tura,
2056 5470 2349 5527 secundum
2393 5468 2600 5522 Domini
2634 5469 2939 5535 imperium,
2992 5472 3203 5526 occulta
3231 5471 3464 5541 quadam

1875 5566 1959 5632 vi,
2011 5563 2269 5632 nobisque
2319 5558 2611 5622 invisibili,
2667 5557 2820 5611 statis
2873 5561 3205 5629 temporibus
3265 5560 3471 5616 fruetus

1876 5654 2174 5726 proferunt.
2229 5651 2500 5707 Interdum
2552 5647 2914 5719 passerculus,
2967 5660 3060 5702 ant
3112 5652 3212 5704 alia
3261 5653 3472 5707 avicula

1879 5747 2148 5802 devorans
2191 5758 2377 5797 sen'tcn
2425 5740 2570 5807 mali,
2621 5747 2711 5792 aut
2758 5736 2911 5802 licus,
2958 5748 3048 5790 aut
3091 5738 3316 5795 alterius
3361 5743 3474 5806 rei,

1881 5837 2059 5892 avolat
2090 5836 2142 5889 in
2178 5834 2356 5888 locum
2400 5833 2631 5902 aliquem
2672 5828 2895 5889 editum,
2945 5841 3219 5892 saxosum,
3251 5843 3301 5883 et
3340 5833 3391 5886 id
3425 5834 3477 5893 in
