3818 6282
372 383 480 440 467

1653 382 1741 437 DE
1780 377 2037 437 MlNUCll
2079 377 2380 435 OCTAVIO
3489 401 3562 457 168

378 501 589 555 foveam
635 501 867 567 aliquam
900 511 993 565 per
1019 495 1288 550 diversam
1311 495 1557 564 corporis
1586 504 1791 565 partem
1821 494 1974 548 cmit-
2004 492 2055 551 A
2083 491 2151 547 ad
2179 509 2239 547 ea
2272 491 2568 548 revocanda
2618 493 2714 549 Dei
2766 504 3019 566 potestas,
3050 514 3147 567 qua
3192 492 3255 558 de
3292 504 3385 559 sola
3417 512 3561 583 agitur,

370 594 458 647 tit.
509 591 646 659 Quid
686 590 784 644 ﬁt?
816 588 1012 644 Semen
1052 586 1181 642 illud
1210 588 1522 653 subcressit,
1552 598 1606 642 et
1630 588 1681 642 in
1721 587 1972 643 arborem

375 700 622 749 magnam
678 682 874 747 evadit,
925 681 1168 750 quamvis
1220 679 1560 745 devoratum,
1613 695 1709 751 per
1765 690 1969 736 tantum

372 777 606 832 calorem
654 774 1019 828 transierit....
1053 774 1145 830 Sin
1178 783 1353 830 autem
1390 775 1622 830 volueris
1671 776 1971 831 mirabilius

371 868 736 939 spectaculum
777 882 1022 933 cernere,
1066 867 1208 933 quod
1249 868 1313 922 ad
1348 868 1397 923 id
1442 882 1812 936 eomparatum
1862 880 1966 935 est,

369 968 430 1013 ut
458 958 660 1028 majore
690 958 958 1013 evidentia
990 971 1323 1014 mortuorqu
1364 963 1688 1017 resurrectio
1714 977 1966 1029 compro-

369 1050 542 1113 betur,
589 1049 755 1120 jubeo
796 1061 845 1104 te
890 1052 1098 1120 erigere
1137 1052 1361 1118 vultum,
1415 1069 1521 1107 non
1561 1054 1734 1109 solum
1763 1055 1827 1108 ad
1862 1066 1968 1110 ter-

367 1143 582 1205 restria,
626 1158 810 1197 verum
861 1142 1117 1198 etiamad
1159 1144 1458 1199 caelestium
1490 1148 1963 1202 resurrectionem.

366 1234 571 1288 Lunam
621 1234 760 1300 vide,
809 1252 925 1305 qur
954 1236 1178 1306 singulis
1231 1237 1501 1293 mensibus
1533 1247 1585 1293 et
1634 1240 1772 1309 perit
1798 1248 1853 1294 et
1879 1255 1968 1294 re-

365 1325 626 1387 nascitur.
651 1342 751 1380 nec
782 1343 887 1381 non
914 1335 967 1380 et
993 1328 1095 1381 alia
1127 1328 1468 1382 considerato
1494 1342 1659 1385 astra.
1692 1332 1962 1388 l’r:eterea

365 1428 422 1473 et
467 1420 517 1472 in
553 1420 859 1490 temetipso,
915 1422 1159 1490 quamvis
1184 1422 1236 1475 id
1281 1421 1515 1494 ignores,
1549 1426 1964 1479 resurrectionis

365 1512 734 1580 operationem
783 1527 1070 1581 cognosce,
1119 1531 1151 1563 ο
1199 1513 1381 1567 Ιιοιιιο.
1436 1512 1555 1567 Νοιι
1607 1515 1795 1569 dubito
1833 1518 1963 1586 quin

362 1604 651 1674 aliquando
680 1606 906 1661 adversa
935 1605 1242 1660 valetudine
1280 1604 1529 1668 alﬂictus,
1577 1608 1824 1663 amiseris
1845 1623 1964 1664 car-

360 1714 463 1755 nes
492 1710 628 1763 tuas,
685 1710 739 1753 et
784 1698 1032 1763 formam,
1066 1699 1363 1769 roburque;
1409 1710 1664 1755 ueterum
1697 1702 1836 1757 Dens
1867 1703 1963 1760 tibi

359 1788 784 1844 misericordiam
835 1789 1149 1860 impertiens
1198 1799 1254 1843 et
1321 1790 1642 1845 medicinam
1685 1794 1959 1859 tribuens,

2080 585 2237 657 plane
2282 602 2344 642 ac
2385 586 2668 658 perspicue
2706 584 2980 658 probatur.
3039 588 3218 647 Nonne
3261 598 3432 655 etenim
3474 606 3565 665 solis

2078 686 2453 749 astrorumque
2494 694 2739 747 occasus,
2770 690 2825 735 et
2873 690 3041 745 ortus,
3087 699 3255 740 nonne
3286 680 3456 747 fructus
3478 697 3567 754 alia-

2078 786 2182 841 que
2215 770 2518 841 hujusmodi
2555 788 2618 827 ex
2673 773 3099 841 putreseentihus
3136 780 3304 846 granis
3326 783 3420 838 suis
3440 804 3568 847 renas.

2077 862 2278 926 centia,
2330 860 2488 918 nobis
2542 862 2800 934 exhibent
2850 862 3077 936 aliquam
3125 874 3420 936 resurgentis
3455 886 3570 941 nostri

2074 958 2319 1027 corporis
2356 956 2800 1012 similitudinem?
2833 961 2895 1010 At
2922 959 2966 1012 si
3014 958 3128 1013 hare
3158 958 3305 1016 solita
3350 966 3426 1022 Dei
3446 984 3569 1039 partes.

2077 1060 2184 1104 tate
2205 1051 2460 1105 cootinuo
2485 1052 2636 1116 liuut,
2660 1051 2931 1122 quomodo
2958 1051 3154 1107 ethnici
3183 1071 3360 1125 negare
3377 1061 3570 1123 audelian

2073 1158 2301 1213 Corpora
2350 1154 2531 1197 nostra
2584 1157 2794 1197 mortua
2852 1158 3009 1212 posse
3050 1143 3229 1199 eadem
3281 1146 3365 1203 Dei
3404 1159 3569 1219 petentia

2073 1234 2139 1289 ad
2174 1236 2334 1289 vitam
2361 1235 2619 1290 excitari?
2652 1235 2718 1291 Ut
2744 1250 2807 1289 ea
2837 1233 2995 1303 igitur
3024 1234 3088 1289 ad
3116 1238 3288 1290 amissi
3316 1240 3490 1297 luminis
3507 1262 3568 1300 an-

2078 1343 2166 1381 ras
2205 1327 2450 1393 redeant,
2496 1327 2625 1382 nihil
2673 1327 2813 1381 aliud
2849 1344 3006 1399 quam
3055 1329 3217 1399 ipsius
3266 1330 3347 1385 Dei
3397 1335 3570 1393 voluntas

2082 1416 2441 1475 desideratur.
2504 1422 2661 1489 Atqui
2709 1418 2759 1474 id
2789 1420 2950 1474 Dettm
2996 1421 3129 1474 velle
3154 1437 3214 1474 ex
3263 1425 3409 1478 sacris
3431 1432 3569 1484 nosuis

2070 1509 2364 1581 Scripturis
2411 1512 2818 1568 evidentissime
2871 1512 3159 1582 colligitur,
3210 1515 3279 1569 uti
3321 1516 3501 1575 inferius
3529 1540 3569 1579 ex

2069 1606 2190 1660 aliis
2242 1605 2443 1661 nostris
2511 1606 2868 1676 scriptoribus
2931 1607 3291 1661 ostendemus.
3338 1608 3449 1677 Quia
3490 1630 3572 1668 vero

2067 1696 2266 1751 etlmiei
2312 1712 2415 1751 non
2462 1696 2529 1751 de
2582 1696 2681 1752 hac
2726 1698 2907 1768 utique
2962 1697 3054 1750 Dei
3105 1697 3377 1765 voluntate,
3422 1703 3494 1755 sed
3531 1707 3573 1762 de

2068 1788 2209 1843 illius
2241 1796 2448 1843 tantum
2479 1790 2715 1857 potentia
2764 1786 2913 1843 litem
2961 1778 3244 1850 faciebant.
3276 1792 3390 1845 satis
3420 1794 3497 1848 sibi
3520 1795 3575 1850 lli

361 1880 539 1937 ell‘ecit
581 1892 638 1936 ut
667 1897 860 1936 carnes
910 1881 1158 1948 amissas,
1194 1883 1442 1951 formam,
1503 1884 1771 1954 roburque
1800 1901 1959 1939 recu-
1992 1884 2040 1943 B
2070 1884 2280 1947 nuoius,
2315 1882 2533 1952 aliique,
2566 1898 2689 1938 esse
2729 1892 2984 1953 putarunt
3016 1880 3152 1937 hanc
3183 1884 3333 1939 variis
3357 1891 3567 1956 exemplis,

362 1988 605 2043 perares.
656 1972 722 2027 Et
752 1973 1202 2040 quemadmodum
1247 1976 1462 2045 ignoras
1492 1992 1622 2045 quo,
1657 1988 1706 2033 te
1752 1977 1960 2044 relicto,

362 2080 558 2120 carnes
590 2064 843 2130 abierint,
877 2068 955 2122 sic
987 2076 1039 2123 te
1084 2066 1218 2138 fugit
1246 2068 1389 2124 unde
1418 2070 1697 2137 redierint,
1729 2083 1783 2127 et
1820 2074 1963 2129 unde

364 2174 458 2214 eas
484 2162 779 2229 acceperis.
813 2160 1010 2217 Verum
1051 2164 1347 2229 enimvero,
1384 2164 1582 2233 inquis,
1610 2182 1672 2220 ex
1702 2167 1963 2223 alimento

359 2262 416 2307 et
440 2253 749 2322 saporibus.
789 2254 841 2306 in
871 2255 1182 2323 sanguinem
1229 2257 1531 2318 conversis,
1565 2272 1756 2313 carnes
1783 2261 1965 2329 repul-

360 2342 616 2397 lttlarunt.
662 2342 891 2397 Pulchre
939 2345 1183 2415 quidem;
1233 2348 1328 2401 sed
1377 2364 1445 2403 ne
1490 2363 1663 2413 erres,
1712 2350 1813 2404 hoc
1868 2351 1963 2406 Dei

361 2435 683 2489 benclicium
732 2446 833 2497 est.
884 2453 983 2491 nec
1034 2439 1185 2493 alteri
1227 2448 1310 2495 est
1346 2456 1570 2514 accepto
1616 2440 1962 2501 referendum

360 2525 668 2596 (Tlieoplt.,
716 2529 803 2582 lib.
852 2545 889 2582 ιι
939 2530 1001 2582 de
1046 2530 1309 2603 ΑιιιοΙῃε..
1357 2551 1477 2605 pag.
1537 2536 1604 2589 77
1650 2545 1695 2589 et
1745 2538 1898 2607 seq.).
1930 2556 1950 2589 ι

356 2617 553 2673 Iisdem
586 2634 800 2691 quoque
830 2631 923 2675 aut
951 2621 1218 2679 similibus
1247 2626 1403 2694 plane
1429 2627 1691 2699 exemplis
1726 2631 1961 2699 plurimi,

361 2711 507 2783 iique
545 2712 843 2769 doctissimi
888 2715 1145 2771 Ecclesize
1196 2719 1416 2788 Patres,
1472 2721 1704 2778 futuram
1768 2741 1963 2798 corpo-

358 2820 483 2860 rum
536 2818 840 2863 llOSll‘Ol'lllll
891 2812 1339 2869 resurrectionem
1389 2817 1797 2874 εοιιίίινιιιίιηιιιι.
1851 2820 1962 2877 δθά

359 2900 481 2968 quia
537 2901 827 2969 prolixiora
874 2913 999 2957 sunt
1027 2921 1217 2959 eorum
1246 2907 1430 2971 verba,
1474 2924 1633 2978 quam
1682 2921 1740 2966 ut
1764 2912 1849 2967 hic
1880 2914 1961 2967 itt-

359 3004 508 3064 tegra
550 2994 923 3059 exhlbeantur,
972 3013 1034 3052 ea
1066 2998 1289 3053 curiosis
1336 3000 1607 3066 erunibus,
1649 3002 1739 3073 qui
1780 3006 1959 3060 omnia

359 3086 585 3140 suismet
613 3088 785 3141 oeulis
819 3092 1049 3144 lustrare
1081 3089 1290 3154 volunt,
1340 3091 1716 3150 iudicabimus.
1756 3095 1961 3166 Lrgant

359 3178 539 3246 itaque
586 3177 978 3232 'I‘et'tullianttm
1027 3180 1295 3249 Apalogrt.
1366 3197 1485 3249 cap.
1515 3184 1607 3249 48,
1654 3194 1709 3239 et
1755 3186 1849 3241 lih.
1896 3189 1960 3243 de

2070 1991 2134 2031 ac
2172 1974 2489 2047 quihusdam
2539 1976 2699 2030 etiam
2755 1975 2820 2030 ad
2870 1974 3167 2040 hominem,
3215 1976 3285 2031 uti
3327 1976 3571 2049 loquuntur,

2069 2067 2401 2137 argumentis
2451 2064 2877 2123 demonstrasse.

2143 2158 2310 2212 l’orro
2336 2167 2515 2213 autem
2557 2159 2642 2213 his
2669 2159 2742 2212 ita
2786 2157 3038 2213 stabilitis
3067 2174 3129 2213 ac
3156 2157 3467 2228 conﬁrmatis,
3489 2165 3572 2219 nihil

2068 2262 2256 2305 auctor
2317 2260 2500 2305 noster
2565 2250 2797 2318 amplius
2855 2253 3067 2306 censuit
3128 2253 3572 2322 respuiideudumatl

2069 2346 2303 2412 ineptam
2355 2342 2558 2398 Caecilii
2609 2343 3037 2410 cavillationem,
3083 2360 3183 2412 qua
3217 2347 3479 2413 postulabat
3509 2355 3574 2403 ali-

2068 2453 2226 2505 quem
2259 2447 2528 2492 mortuum
2569 2437 2668 2491 sibi
2720 2436 2973 2507 proferri,
3033 2433 3223 2507 qui'ad
3264 2453 3353 2492 nos
3396 2456 3574 2511 umquam

2068 2531 2221 2584 vivus
2252 2530 2593 2584 remeaverit.
2627 2528 2768 2598 Quid
2792 2530 2936 2583 enim
2964 2545 3105 2600 Opus
3129 2531 3455 2586 eratdivinatn
3478 2550 3574 2589 inor-

2070 2634 2190 2677 tuos
2216 2621 2582 2677 exsuscitandi
2616 2630 2935 2691 potestatem
2987 2632 3083 2678 aut
3125 2623 3400 2692 Protesilai,
3425 2636 3493 2679 aut
3509 2628 3577 2681 alio

2066 2714 2282 2786 probari
2311 2714 2589 2785 exemplo,
2625 2730 2745 2785 quae
2774 2712 3100 2770 certissimis
3129 2716 3375 2771 rationum
3401 2734 3575 2772 momen-

2067 2807 2136 2862 tis
2181 2806 2547 2863 demonstrata
2590 2807 2799 2862 fuerat?
2853 2806 3189 2878 Theophilus
3242 2820 3400 2866 tamen
3444 2814 3575 2867 Antio-

2064 2902 2292 2964 chenus,
2342 2908 2403 2954 ut
2450 2899 2617 2954 hebes
2666 2899 2798 2953 illud
2831 2913 2882 2953 et
2923 2900 3147 2957 imbelle
3188 2902 3432 2970 gentilium
3464 2903 3575 2958 telum

2066 2991 2338 3057 retundat,
2371 2991 2497 3056 alia,
2538 3007 2698 3061 quam
2747 2991 3057 3054 Protesilai.
3112 2993 3295 3048 tradita
3321 2994 3381 3049 ab
3406 2994 3574 3063 ipsisnut

2063 3083 2351 3154 gentilibus
2401 3086 2645 3154 exempla
2682 3082 2822 3138 hunc
2884 3085 3091 3154 profert
3138 3085 3190 3140 in
3220 3084 3573 3140 modnmztSetl

2063 3176 2187 3246 quid
2238 3176 2586 3230 memorabile
2637 3175 2791 3242 facis,
2848 3177 2893 3231 si
2952 3176 3142 3233 videas
3186 3188 3241 3233 et
3289 3176 3569 3234 credisne:

355 3268 746 3326 Resurrectioue
766 3272 955 3337 carnis,
980 3286 1100 3339 Cap.
1136 3272 1221 3327 12.
1260 3274 1597 3329 AtuhrOsittm
1626 3276 1720 3330 lib.
1768 3294 1801 3331 v
1850 3278 1863 3332 l

2060 3275 2291 3331 πιστεύεις
2318 3277 2397 3324 τὸν
2428 3257 2647 3339 ιῖραιλξσι
2670 3277 2911 3324 natusetsi-at
2940 3277 3115 3327 ἑαυτὸν
3141 3280 3251 3334 ςήν,
3276 3273 3348 3324 uti
3382 3262 3568 3329 Ᾱσιλήπιιι

356 3378 526 3415 mrtem.
574 3378 694 3431 cap.
736 3362 807 3414 22:2
837 3372 891 3417 et
920 3361 1012 3429 25,
1047 3380 1164 3433 pag.
1214 3365 1313 3420 l09
1338 3376 1391 3419 et
1423 3383 1534 3438 Seq.
1582 3379 1744 3440 atque
1776 3371 1826 3425 in
1852 3374 1960 3441 pri-

358 3454 460 3507 mis
493 3453 585 3507 lih.
618 3471 654 3508 ιι
686 3456 748 3508 de
794 3453 924 3508 Fide
963 3469 1231 3512 resurrect.
1285 3458 1311 3530 ᾗ
1340 3460 1409 3514 55
1439 3472 1491 3515 et
1519 3476 1635 3530 seq.
1667 3479 1785 3535 pag.
1817 3466 1958 3521 1147

355 3555 410 3601 et
458 3562 572 3617 seq.
604 3548 1001 3603 Theodoretum
1047 3562 1183 3606 orat.
1219 3554 1271 3616 9,
1303 3552 1366 3607 de
1409 3551 1730 3622 Prouident.,
1759 3558 1860 3612 sub
1892 3563 1956 3614 li-

360 3657 505 3705 nem,
552 3656 670 3710 p.og.
709 3642 814 3696 456
863 3651 917 3697 et
965 3658 1117 3714 st'qq.
1165 3644 1342 3699 Nilum
1373 3656 1505 3700 orat.
1548 3649 1599 3711 l,
1632 3650 1684 3701 in
1728 3649 1954 3719 Pascha,

357 3730 500 3801 apud
534 3730 806 3797 Pltotium,
852 3733 1093 3790 Bibliotli.
1153 3753 1276 3807 pag.
1326 3739 1489 3795 l550.
1531 3745 1742 3797 Adeant
1779 3745 1957 3802 adhuc

356 3824 715 3892 Augtrtiuum
770 3826 861 3879 lib.
915 3842 1025 3881 xxu
1066 3828 1129 3881 de
1173 3826 1348 3894 Civit.,
1398 3845 1516 3899 cap.
1571 3830 1632 3886 21
1672 3844 1725 3888 et
1774 3849 1953 3906 seqq.,

360 3930 478 3985 pag.
513 3915 615 3971 676
658 3929 712 3971 et
740 3933 939 3989 -seqq.,
984 3920 1070 3974 ubi
1118 3920 1206 3976 ille
1253 3924 1485 3992 explicat.
1512 3931 1709 3991 utrum,
1741 3939 1791 3982 et
1821 3944 1952 3998 quo-

356 4008 518 4061 modo
567 4026 816 4080 corpora,
862 4020 956 4066 aut
986 4012 1072 4068 illa
1130 4030 1248 4084 qua:
1298 4015 1349 4069 in
1406 4017 1611 4071 favillas
1641 4029 1697 4073 et
1741 4020 1953 4079 cineres

355 4099 569 4154 redacta
601 4113 746 4169 sunt,
792 4114 885 4158 aut
923 4104 1026 4159 alia
1073 4105 1144 4161 ab
1182 4106 1301 4161 aliis
1349 4107 1659 4164 hominibus
1688 4124 1949 4181 comesta,

355 4205 447 4248 aut
475 4195 635 4250 etiam
684 4197 987 4266 infantium,
1040 4200 1147 4256 sint
1183 4201 1251 4256 ad
1284 4200 1445 4257 vitam
1488 4206 1810 4262 revocanda.
1846 4208 1953 4264 Be-

352 4288 570 4343 volvant
601 4291 783 4356 etiam,
816 4294 861 4348 si
890 4304 1042 4349 vacat
1083 4305 1137 4349 et
1163 4294 1331 4359 lubet,
1365 4296 1793 4370 pseudouymum
1821 4299 1950 4356 Jus-

350 4383 449 4436 tini
492 4384 742 4456 martyris
787 4386 978 4441 librum
1026 4388 1218 4456 Qmest.
1248 4402 1296 4443 et
1332 4389 1583 4457 Respons.
1636 4394 1705 4447 ad
1751 4394 1946 4464 Grcam,

354 4491 475 4546 pag.
518 4477 624 4533 208
675 4488 729 4534 et
757 4495 935 4550 seqq.,
968 4481 1109 4536 inter
1152 4481 1395 4551 ejusdem
1443 4482 1640 4541 Justini
1669 4500 1832 4556 opera
1863 4489 1948 4545 di-

354 4569 650 4640 vulgatum.

2061 3371 2409 3436 κεραυνωθέντα
2437 3370 2706 3435 ἔγηγξρθαι,
2749 3369 2807 3420 τὰ
2843 3368 2893 3418 δὶ
2932 3371 3036 3419 ὑπὸ
3073 3372 3157 3422 τοῦ
3190 3372 3302 3421 Θεοῦ
3338 3370 3400 3419 ni
3423 3368 3576 3432 λεγόμενά

2061 3458 2296 3523 ἀπιστεῖς,
2329 3466 2436 3517 ἴσως
2466 3460 2552 3511 κᾶν
2572 3461 2791 3526 ἐπιδιίξῲ
2808 3482 2883 3511 σοι
2911 3468 3079 3528 νεκρὸν
3102 3464 3348 3529 ἐγερθέντα,
3368 3461 3432 3511 καὶ
3456 3461 3573 3521 ζῶντι,

2062 3553 2141 3602 καὶ
2173 3557 2311 3606 τοῦτο
2342 3555 2659 3610 ἀπιστιὺσεις.
2691 3550 2745 3604 Si
2773 3550 2951 3604 credis
2980 3546 3290 3613 Herculem,
3321 3566 3449 3619 quem
3472 3550 3572 3603 (latn-

2063 3658 2145 3693 ma
2174 3642 2482 3709 assumpsit,
2518 3643 2720 3708 vivere,
2764 3641 3145 3712 E~culapium
3188 3643 3388 3697 fulmine
3414 3652 3567 3702 tactum,

2062 3737 2185 3790 vitae
2221 3735 2547 3799 restitutum,
2590 3753 2711 3806 qua:
2741 3737 3016 3791 dementia
3062 3748 3144 3793 est
3175 3737 3309 3792 nolle
3337 3736 3442 3791 dare
3463 3735 3563 3789 ﬁdem

2062 3827 2187 3892 illis,
2242 3843 2360 3898 qua:
2416 3826 2555 3882 Deus
2604 3828 2881 3899 loquitur?
2913 3828 3190 3884 Dubitatio
3231 3841 3281 3885 te
3325 3836 3491 3889 teneret,
3525 3838 3558 3879 et

2058 3919 2104 3973 si
2160 3904 2255 3973 tibi
2307 3930 2687 3988 iirmsetitzirern
2736 3921 2968 3993 aliquem
2998 3937 3035 3978 e
3083 3924 3302 3978 mortuis
3340 3931 3564 3979 evocatum.

2056 4027 2122 4067 an
2146 4012 2285 4081 apud
2314 4024 2364 4068 te
2390 4013 2549 4069 ﬁdem
2580 4015 2821 4071 invenire
2850 4018 3105 4086 possem?
3137 4038 3158 4070 ›
3191 4014 3568 4091 (Tlieoph.,lib.ad

2058 4105 2317 4177 Aula!yc.,
2370 4123 2490 4177 pag.
2544 4106 2661 4179 77.)
2700 4107 2919 4163 Poterat
2990 4110 3173 4167 adhuc
3235 4111 3317 4167 ille
3362 4108 3569 4164 allatumt

2057 4199 2279 4256 Platone
2308 4200 2434 4257 Heri
2465 4203 2728 4268 Armenii,
2757 4201 2825 4257 de
2866 4218 2974 4273 quo
3022 4219 3123 4259 nos
3149 4206 3291 4267 alibi,
3321 4202 3566 4270 exemplum,

2054 4292 2269 4361 aliaque
2309 4294 2482 4364 plura,
2517 4294 2586 4350 ab
2616 4292 2848 4350 ethnicis
2894 4293 3188 4361 venditata,
3222 4298 3271 4351 in
3298 4296 3490 4353 medium
3509 4289 3569 4345 atl-

2056 4384 2285 4452 ducere;
2331 4385 2425 4441 sed
2458 4385 2573 4441 haec
2605 4398 2855 4458 tanquam
2895 4403 3294 4458 supervacanea
3342 4388 3568 4456 Scriptores

2057 4481 2225 4533 nostri
2260 4480 2529 4548 aspernati
2582 4489 2726 4535 sunt.
2770 4478 3039 4536 Caeterum
3086 4482 3133 4536 si
3191 4481 3258 4537 de
3286 4479 3436 4535 futura
3470 4487 3568 4529 mor-

2056 4578 2266 4626 tuorum
2320 4573 2721 4629 resurrecuone
2763 4573 2912 4643 plura
2963 4573 3161 4643 adhuc,
3212 4589 3358 4644 quam
3399 4579 3565 4638 eaque

423 4658 621 4714 Verum
658 4658 901 4731 insurget
946 4661 1194 4717 ethnicus
1222 4663 1439 4734 aliquis,
1473 4676 1566 4721 aut
1603 4670 1785 4726 nescio
1826 4673 1947 4742 quis
1971 4667 2023 4727 D
2050 4685 2114 4724 ex
2163 4670 2339 4726 citatis
2393 4671 2702 4726 auctoribus
2751 4671 3031 4726 retulimus
3060 4712 3076 4735 ,
3130 4671 3318 4740 aliquis
3350 4664 3557 4727 desideret,

354 4749 695 4817 incredulus,
752 4750 1015 4822 nobisque
1058 4752 1308 4822 objiciet,
1364 4759 1636 4826 preposita
1688 4758 1948 4819 hactenus

352 4845 417 4897 ad
461 4845 789 4914 probandam
812 4847 1057 4916 corporis
1085 4849 1251 4902 nostri
1280 4853 1731 4910 resurrectionem
1757 4871 1947 4913 exem-

353 4939 461 5009 pla,
496 4940 699 4995 minimi
731 4949 825 4996 aut
852 4944 1029 5011 potius
1059 4941 1258 4996 nullius
1287 4957 1410 4999 esse
1453 4950 1731 5005 momenti.
1761 4949 1947 5023 Neque

350 5035 492 5088 enim
532 5036 613 5089 sol
669 5045 722 5091 et
764 5046 907 5091 astra
941 5036 1262 5101 moriuntur,
1311 5052 1484 5109 neque
1511 5040 1672 5098 iidem
1716 5059 1946 5102 numero

348 5124 509 5180 ﬂores
547 5136 602 5181 et
653 5127 858 5182 fructus
903 5128 1098 5182 mortui
1140 5128 1487 5186 reviviscunt.
1544 5136 1616 5189 At
1661 5149 1792 5192 sane
1838 5151 1943 5195 non

348 5217 483 5272 adeo
512 5218 662 5272 bardi
704 5228 756 5272 et
810 5217 1031 5273 hebetes
1070 5217 1288 5274 fuerunt
1325 5220 1543 5295 laudati,
1567 5239 1596 5279 a
1624 5226 1781 5282 nobis
1810 5228 1944 5285 doc-

347 5312 543 5367 tissimi
590 5312 663 5365 illi
712 5310 849 5377 viri;
901 5323 960 5366 ut
1012 5312 1127 5368 haec
1155 5322 1245 5368 aut
1280 5314 1661 5386 ignoraverint,
1711 5329 1804 5375 aut
1833 5336 1942 5378 non

345 5403 843 5460 animadverterint.
870 5404 1042 5461 Nescii
1065 5408 1263 5478 quippe
1285 5424 1389 5465 non
1410 5421 1769 5468 erantomnes
1790 5428 1941 5469 com-

344 5497 653 5565 parationes
693 5498 892 5567 aliqua,
949 5507 1006 5553 υι
1056 5500 1238 5567 aiunt,
1291 5516 1357 5557 ex
1413 5513 1565 5572 parte
1613 5503 1936 5562 claudicare.

337 5590 701 5656 Quamobrem
758 5606 850 5648 eas
898 5591 1016 5648 ideo
1061 5594 1365 5661 instituunt,
1420 5604 1477 5648 ut
1504 5611 1572 5652 ex
1623 5597 1729 5653 illis
1785 5609 1937 5669 pate-

336 5681 537 5738 faciant
591 5684 756 5739 mnlta
786 5697 1070 5757 suppetere
1093 5688 1249 5742 nobis
1279 5690 1547 5759 exempla,
1587 5708 1705 5761 qua:
1730 5692 1933 5763 aliquid

334 5787 457 5827 cum
498 5778 723 5833 mortuis
750 5781 1069 5849 corporibus
1098 5782 1316 5846 n05tris,
1348 5781 1414 5836 ad
1453 5782 1615 5838 vitam
1643 5785 1932 5856 aliquando

327 5867 665 5940 revocandis,
715 5885 1004 5931 commune
1047 5887 1112 5931 ac
1139 5871 1319 5933 simile
1356 5871 1612 5947 habeant,
1654 5885 1708 5935 et
1736 5880 1929 5949 quibus

2052 4761 2098 4817 is
2124 4762 2406 4817 Tatianum
2436 4805 2451 4830 ,
2491 4764 2853 4837 Ambrosium,
2898 4765 3142 4834 aliosque
3174 4764 3341 4829 adeat,
3369 4762 3443 4830 qui
3476 4758 3563 4810 iltle'

2051 4869 2177 4925 gres
2216 4853 2319 4909 hoc
2374 4854 2441 4909 de
2486 4866 2803 4926 argumento
2845 4865 3103 4912 tractatus
3155 4846 3565 4921 edideruntle

2050 4964 2066 5001 ι
2113 4948 2363 5017 Apparat.
2422 4948 2511 5002 lib.
2574 4964 2662 5015 ιιι,
2739 4948 2943 5003 dissert.
2990 4948 3056 5016 2,
3106 4965 3223 5019 cap.
3275 4947 3365 5011 ‘16,
3407 4950 3483 4996 art.
3520 4938 3563 4998 1»

2051 5057 2169 5112 pag.
2191 5034 2390 5112 1116).
3514 5035 3520 5041 ’

2660 5169 2959 5211 Αιιτιουιυδ
2985 5172 3061 5210 ΙΙΙ.

2048 5286 2423 5359 Εειτρθηάιιιιιιιι·
2466 5299 2785 5360 argumenta,
2840 5288 3020 5360 quibus
3069 5276 3561 5352 ostendilurimprobos

2120 5381 2347 5437 homines
2401 5384 2560 5452 pretiis
2589 5385 2791 5438 cateruis
2834 5393 2985 5453 atque
3033 5385 3149 5454 igne
3177 5382 3450 5451 sempiterno
3474 5387 3555 5425 mt-

2117 5475 2361 5541 ciandos;
2405 5478 2515 5549 pios
2542 5487 2711 5531 autem
2738 5487 2784 5533 et
2808 5479 2980 5548 justas
3012 5487 3249 5548 perpetua
3278 5472 3481 5545 felicitate
3494 5462 3560 5515 do-

2112 5568 2347 5631 mmdos;
2387 5567 2469 5622 ubi
2515 5568 2579 5622 de
2604 5569 2788 5623 montis
2844 5566 3021 5624 ,Ειιιω
3056 5578 3104 5621 et
3168 5564 3358 5621 Vesuvii
3381 5557 3552 5632 ignibus,

2112 5657 2295 5730 Stygia
2324 5657 2529 5730 palude,
2563 5670 2609 5713 et
2636 5659 2781 5732 ignea
2816 5659 3003 5729 inferni
3040 5659 3271 5729 ﬂumine.

2106 5785 2569 5854 Quemadmodum
2618 5786 2864 5842 Οειεείιίιιε
2899 5785 3203 5842 christiana:
3232 5779 3342 5836 ﬁdei
3365 5777 3424 5831 de
3447 5782 3551 5867 luot-

2034 5890 2248 5939 tuorum
2286 5878 2560 5936 hominum
2598 5880 2662 5935 ad
2712 5880 2884 5936 vitam
2906 5894 3173 5949 regressu,
3214 5877 3280 5933 ita
3327 5881 3374 5930 et
3403 5868 3458 5924 de
3480 5865 3548 5916 imo

3692 2110 3695 2131 ι

3692 2444 3695 2549 ἕ

3692 2644 3695 2705 1

3692 2714 3695 2748 1
