3818 6282
213 418 292 478 489
1558 410 1721 469 DISSI

1932 410 2028 469 ΙΙΟ.
3328 406 3440 467 470

215 533 440 607 proborum
499 523 665 601 pontis
719 525 1097 598 sempiternis,
1156 534 1466 597 aeternaque
1518 527 1728 597 piorum
1756 530 2040 595 Ararum,
2086 525 2316 599 ﬂagrant
2362 539 2464 583 nec
2511 535 2831 598 erogantur:
2889 525 2958 582 ita
3009 526 3241 598 poenale
3302 525 3435 582 illud

211 626 407 683 felicitate
445 620 649 691 dogma,
684 634 795 674 non
844 620 962 674 sine
989 618 1237 674 irrisione
1264 620 1441 689 reiicit
1467 634 1532 674 ac
1561 635 1728 690 repu-
1839 617 2168 686 incendium,
2217 634 2321 672 non
2391 617 2602 673 damnis
2660 618 2961 674 ardentium
3012 623 3281 690 pascitur,
3336 617 3436 675 sed

210 715 488 779 diat.«iioc,
538 712 729 781 inquit,
784 726 993 777 errore,
1024 730 1043 764 ι
1102 709 1264 766 iuturi
1321 710 1387 766 de
1440 721 1613 768 morte
1663 711 1730 766 ad
1835 709 2052 765 inexesa
2105 724 2391 779 corporum
2448 710 2778 765 laceratione
2832 711 3085 767 nutritur.
3124 731 3145 764 ι
3193 713 3259 766 At
3311 709 3430 766 haec

217 818 342 871 vitam
374 809 564 873 reditus,
603 805 902 861 Christiani
938 805 1190 873 «decepti
1245 803 1454 859 beatum
1491 805 1615 873 sibi,
1673 814 1730 860 ut
1837 803 1925 856 ille
1973 802 2240 858 delibasse
2291 803 2504 857 videtur
2534 818 2597 856 ex
2642 802 2744 857 hoc
2790 801 3107 858 Tertulliani
3134 802 3200 857 de
3244 802 3435 858 iisdem

225 907 361 969 bonis,
390 913 434 959 et
456 907 708 972 perpetem
732 898 896 953 vitam
928 901 1153 953 mortuis
1190 888 1539 968 pollicentur;
1570 906 1730 953 ctete-
1835 896 2053 949 aeternis
2082 894 2291 964 ignibus
2338 894 2658 964 diSputantis
2685 893 2833 949 loco:
2883 913 2902 947 «
2931 893 3209 949 Noverunt
3234 904 3287 949 et
3318 893 3435 965 piti-

231 1005 289 1060 ris
318 995 556 1069 utiujusiis,
588 1008 802 1063 pmtam
837 995 1387 1063 sempiternam...”
1418 991 1554 1059 Quid
1606 1000 1729 1061 post
1834 986 2047 1056 losophi
2093 987 2460 1041 diversitatem
2517 987 2699 1040 arcani
2768 993 2823 1039 et
2880 985 3079 1056 publici
3132 987 3287 1057 ignis.
3357 986 3433 1041 Ita

237 1104 401 1151 mortem
431 1085 730 1157 impendeat.
764 1087 949 1142 miseri
981 1085 1108 1140 dum
1142 1086 1343 1151 vivitis,
1391 1084 1727 1141 aestimate...
1834 1081 1992 1150 longe
2034 1079 2173 1133 alius
2223 1088 2341 1145 est,
2399 1078 2489 1147 qui
2553 1081 2674 1132 usui
2730 1081 2985 1145 humano,
3033 1076 3173 1133 alius
3214 1078 3305 1149 qui
3347 1079 3433 1150 ju-

236 1179 800 1255 anniitntnortalitatem
832 1178 1169 1248 posthumam
1199 1177 1457 1236 somnias.
1481 1192 1603 1231 cum
1634 1193 1727 1245 pe-
1833 1173 1975 1227 dicio
2020 1172 2113 1227 Dei
2153 1182 2394 1241 apparet,
2422 1171 2536 1224 sive
2590 1170 2656 1225 de
2702 1169 2839 1225 etelo
2871 1169 3093 1225 fulmina
3138 1172 3433 1241 stringens,

229 1279 346 1334 ricqu
367 1273 587 1345 quateris,
616 1286 740 1327 cum
773 1270 1017 1328 febribus
1060 1272 1253 1339 ureris,
1281 1287 1404 1325 cum
1429 1271 1614 1325 dolore
1644 1271 1724 1325 la-
1831 1266 1946 1321 sive
1974 1264 2042 1319 de
2093 1274 2230 1318 terra
2278 1278 2375 1333 per
2414 1262 2646 1318 vertices
2680 1262 2939 1316 tnontium
2986 1273 3257 1318 eructans.
3313 1262 3432 1319 Non

224 1365 613 1429 ceratis,nundttm
638 1366 1008 1420 conditionem
1041 1373 1184 1419 tuam
1208 1364 1402 1419 sentis?
1428 1383 1448 1417 ι
1486 1364 1725 1434 Denique
1832 1361 1975 1416 enim
2018 1359 2272 1425 absumit,
2325 1356 2468 1428 quod
2522 1358 2743 1412 exurit:
2796 1357 2890 1411 sed
2940 1356 3067 1412 dum
3098 1365 3303 1427 erogat,
3345 1374 3432 1414 re-

224 1477 298 1522 tain
326 1462 536 1519 audacter
575 1474 733 1530 quam
791 1460 954 1530 impie
1003 1461 1093 1516 ille
1142 1459 1493 1531 pronuntiat:
1529 1458 1726 1514 «Sicut
1830 1464 2001 1526 parat.
2057 1452 2206 1507 Adeo
2279 1461 2493 1506 manent
2549 1460 2761 1516 montes
2810 1466 3025 1519 semper
3063 1451 3333 1517 ardentes,
3380 1461 3438 1509 et

226 1558 439 1620 nascimur,
466 1562 516 1608 et
541 1555 843 1615 interimus,
876 1570 894 1605 t
933 1551 986 1608 id
1007 1562 1110 1618 est;
1140 1551 1591 1623 quemadmodum
1622 1565 1723 1605 an-
1831 1548 1921 1618 qui
1969 1546 2037 1601 de
2087 1545 2228 1600 etelo
2267 1545 2520 1616 tangitur.
2558 1545 2738 1599 salvus
2775 1554 2877 1614 est,
2909 1556 2965 1598 ut
2993 1545 3137 1600 nullo
3163 1546 3273 1616 jam
3321 1546 3433 1617 igni

222 1661 376 1722 sequam
397 1662 738 1714 nasceremur,
787 1644 915 1703 nihil
947 1662 1182 1714 eramus,
1232 1647 1304 1701 ita
1352 1646 1470 1716 post
1497 1657 1725 1702 mortem
1829 1641 2221 1697 decinerescat.
2272 1640 2337 1694 Et
2387 1639 2489 1694 hoc
2515 1640 2618 1694 erit
2642 1639 3009 1695 testimonium
3052 1640 3187 1708 ignis
3216 1642 3429 1705 aeterni,

235 1746 282 1800 all
296 1745 396 1800 idem
418 1742 625 1795 nihilum
656 1742 884 1807 redacti,
913 1742 1046 1796 nihil
1075 1741 1289 1811 penitus
1311 1742 1535 1796 erimus.
1570 1742 1633 1795 Et
1653 1742 1724 1796 ita
1831 1733 1934 1789 hoc
1982 1733 2286 1802 exemplum
2323 1731 2465 1801 jugis
2491 1731 2677 1801 judicii
2706 1746 2916 1800 plenam
2949 1731 3257 1786 nutrientis.
3284 1731 3433 1788 Mon—

242 1837 386 1908 qu‘uletu
406 1833 854 1903 trgumetttaiiutur
880 1835 1149 1899 Caecilius,
1183 1834 1252 1889 At
1282 1833 1368 1888 hic
1412 1834 1586 1888 obiter
1622 1834 1722 1888 ob-
1833 1837 1911 1881 tes
1942 1838 2166 1881 uruntur
2196 1834 2250 1879 et
2278 1825 2494 1878 durant.
2530 1822 2666 1891 Quid
2699 1832 2955 1878 nocentes
3002 1833 3054 1877 et
3079 1824 3171 1878 Dei
3202 1823 3386 1879 hostes
3409 1826 3434 1878 ?

242 1927 464 1985 servandum
488 1927 536 1979 in
578 1926 681 1981 hoc
720 1936 866 1981 textu
893 1926 1055 1981 verba
1086 1926 1312 1996 periculo
1336 1927 1577 1998 quateris,
1610 1926 1728 1995 qui-
1754 1926 1803 1985 B
1834 1923 1957 1978 Haec
1997 1931 2123 1976 sunt
2148 1937 2265 1992 qua:
2312 1921 2365 1974 in
2413 1921 2566 1974 nobis
2592 1920 2719 1974 solis
2748 1919 3203 1989 praesumptiones
3232 1933 3431 1972 vocan-

233 2020 386 2077 bnstiatn
420 2017 765 2087 displicuisse,
791 2034 992 2090 eosque
1019 2018 1231 2072 ariolart
1264 2016 1727 2088 legendumquer-
1832 2027 1934 2083 tur,
1980 2018 2035 2072 in
2092 2016 2425 2087 philOStiphis
2482 2023 2538 2071 et
2586 2016 2757 2084 poetis
2800 2028 3025 2069 summa:
3074 2013 3316 2067 scientiae
3379 2022 3435 2067 et

223 2129 343 2181 quan,
387 2111 428 2164 id
455 2120 548 2174 est,
599 2110 800 2181 frigore
824 2119 882 2165 et
926 2120 1177 2176 tremore,
1212 2110 1326 2165 sive
1372 2110 1505 2165 febri
1538 2109 1723 2179 frigida
1828 2107 2268 2178 insigniajudicia
2299 2105 2540 2179 (Tertull.
2571 2104 2841 2176 Apologet.
2874 2120 2992 2175 cap.
3023 2102 3099 2156 48
3126 2120 3247 2174 pag.
3272 2100 3426 2173 45).»

213 2204 396 2274 quateris.
421 2203 513 2260 Sed
542 2204 665 2259 huic
690 2205 1017 2273 conjectum
1040 2212 1301 2274 repugnat
1330 2205 1724 2272 manuscriptus
1830 2202 2031 2258 Eodem
2081 2217 2295 2272 quoque
2355 2200 2515 2254 modo
2562 2199 2898 2265 Lactantius,
2947 2205 3068 2268 post
3108 2208 3430 2267 utrumque,

206 2298 333 2352 codex
358 2298 533 2368 regius,
562 2313 624 2353 ac
649 2297 814 2353 verba
846 2298 1008 2352 etiam
1039 2295 1423 2367 subsequentia
1467 2309 1586 2352 eam
1628 2296 1725 2351 ad-
1827 2295 2214 2351 Tertullianum
2267 2309 2332 2348 ac
2379 2293 2667 2348 Minucium
2718 2291 2985 2358 Felicem,
3042 2290 3155 2343 hzrc
3185 2289 3344 2359 plane
3376 2289 3432 2344 in

194 2390 302 2443 mitti
330 2390 608 2459 prohibent.
1829 2388 2015 2451 verba,
2045 2385 2113 2439 ab
2142 2383 2263 2439 aliis
2284 2385 2442 2454 paulo
2471 2384 2710 2451 diversa,
2740 2391 3143 2454 argumentatus
3165 2390 3247 2436 est
3274 2378 3432 2453 (Lac-

242 2481 461 2536 Octavius
483 2492 659 2537 autem
692 2476 907 2536 Cmcilio
940 2481 1054 2535 iure
1074 2478 1395 2535 Christianis
1423 2479 1722 2550 objicienti,
1825 2489 1981 2545 tant.,
2035 2480 2125 2533 lib.
2173 2494 2247 2533 vn
2296 2478 2456 2531 divin.
2503 2476 2731 2529 lnstilut.
2791 2492 2912 2546 cap.
2949 2475 3011 2529 21
3073 2491 3195 2546 pag.
3248 2473 3355 2528 715
3385 2483 3435 2527 et

176 2571 246 2626 vel
280 2573 433 2642 potius
466 2582 780 2644 arroganter
822 2573 1194 2642 exprobranti,
1231 2572 1477 2627 modeste
1504 2586 1725 2641 respon-
1828 2570 1987 2644 seq.).
2026 2572 2170 2642 Ignis
2200 2569 2517 2640 sempiterni
2545 2587 2564 2620 «
2601 2577 2789 2622 natura
2844 2568 3055 2621 diversa
3099 2576 3185 2622 est
3213 2566 3282 2620 ab
3330 2569 3435 2620 hoc

170 2662 247 2717 «iet
269 2665 532 2735 plerosque
563 2684 583 2717 «
607 2666 935 2720 conscientia
967 2666 1301 2730 meritorum,
1333 2684 1352 2716 ι
1384 2663 1435 2718 id
1467 2672 1571 2729 est,
1602 2679 1678 2732 pet

1923 2680 2040 2735 utro,
2116 2667 2293 2739 quoad
2358 2667 2479 2720 vita:
2539 2663 2838 2718 neceSsaria
2889 2663 3108 2728 utimur,
3172 2661 3290 2731 qui
3326 2660 3431 2714 nisi

151 2758 280 2809 satis
304 2757 540 2825 vitiisque
585 2758 973 2813 conscientiam
1006 2756 1215 2812 illorum
1250 2757 1722 2826 redarguennbus.
1828 2763 2057 2831 alicujus
2107 2762 2346 2816 materia:
2396 2760 2582 2813 fomite
2622 2758 2796 2811 alatur
2817 2756 3192 2825 exstinguitur.
3237 2757 3307 2808 At
3337 2755 3432 2809 ille

148 2851 309 2919 meis
336 2861 537 2920 οριθτθι
567 2864 730 2922 illlam
756 2867 817 2907 ΥΘ
846 2853 961 2921 ipsa
991 2851 1216 2907 "ﬁdem
1244 2851 1520 2907 hominem
1549 2858 1725 2905 morie
1827 2856 2041 2911 divinus
2098 2870 2195 2925 per
2245 2870 2305 2909 se
2351 2853 2527 2923 ipsum
2573 2865 2789 2920 semper
2833 2850 2964 2903 vivit
3013 2831 3078 2903 ac
3129 2848 3271 2918 viget
3311 2849 3431 2903 sine

152 2944 401 3015 essliugui
444 2946 678 3016 penitus,
720 2961 821 3001 nec
850 2945 915 2999 ad
971 2945 1079 3000 ulla
1123 2954 1306 3015 postea
1338 2942 1600 3013 supplicia
1634 2957 1724 2998 rc-
1828 2950 1955 3005 ullis
2009 2947 2309 3014 alimentis,
2368 2960 2468 3001 nec
2521 2943 2817 2998 admixtum
2869 2941 3025 2995 habet
3056 2938 3282 3006 fumum,
3331 2938 3429 2995 sed

164 3039 354 3091 servari.
398 3037 465 3091 Et
510 3052 641 3092 sane
664 3038 885 3093 dubium
917 3054 1025 3092 non
1055 3048 1162 3104 est,
1197 3039 1326 3109 quin
1374 3038 1426 3092 in
1464 3037 1583 3092 illos
1623 3035 1724 3091 hoc
1827 3051 1909 3099 est
1967 3057 2131 3113 purus
2179 3056 2242 3096 ac
2299 3038 2550 3110 liquidus,
2605 3048 2660 3093 et
2687 3037 2741 3091 in
2774 3050 2929 3105 aquae
2960 3033 3177 3088 modum
3206 3031 3426 3087 ﬂuidus.

165 3139 315 3183 errore
344 3130 549 3199 seipsos
581 3130 851 3193 fallentes,
904 3147 966 3186 ac
992 3131 1212 3186 liberius
1255 3140 1557 3201 peccantes,
1613 3145 1722 3201 quo
1826 3138 1941 3193 Nun
1983 3139 2123 3192 enim
2174 3137 2223 3189 vi
2274 3134 2453 3203 aliqua
2491 3146 2704 3186 sursum
2760 3144 2950 3185 versus
3008 3138 3249 3196 urgetur,
3290 3127 3432 3181 sicut

166 3222 356 3287 tardius,
400 3236 464 3278 eo
507 3224 1074 3295 scveriusjustissimo
1107 3224 1198 3279 Dei
1244 3224 1449 3293 judicio
1478 3224 1674 3276 animat

1922 3240 2107 3285 item...
2153 3228 2299 3284 Idem
2356 3226 2516 3297 igitur
2560 3224 2776 3280 divinus
2826 3223 2962 3293 ignis
3003 3235 3108 3275 una
3132 3217 3430 3287 eademque

161 3320 389 3370 τετίδιυτ-
438 3314 590 3373 Unde
612 3316 860 3372 Valerius
882 3318 1140 3373 Maximus
1183 3317 1250 3372 de
1280 3314 1534 3387 Dionysio
1562 3317 1794 3387 Syra-C
1827 3326 1914 3389 vi,
1973 3332 2133 3394 atque
2176 3322 2414 3392 potentia
2459 3328 2513 3374 et
2561 3316 2826 3375 cremabit
2854 3316 3067 3384 impios,
3118 3322 3171 3367 et
3212 3323 3429 3365 recrea-

156 3417 453 3463 cusanﬂrtlm
485 3418 749 3480 ιῖῒίιηηοτ
785 3428 805 3461 ⁸
843 3409 1034 3475 LW“),
1077 3409 1269 3479 imiimi
1300 3410 1467 3478 grati"
1497 3407 1563 3462 ad
1592 3409 1712 3461 Vin“
1830 3417 1935 3481 hit;
1987 3426 2041 3470 et
2107 3424 2364 3485 quantum
2437 3428 2467 3465 a
2511 3409 2829 3480 corporibus
2881 3408 3147 3470 absumet,
3219 3410 3427 3457 tantum

152 3496 331 3556 dictam
353 3503 431 3558 Sili
448 3502 623 3558 divina
650 3501 891 3573 procedit
920 3506 1019 3571 ira,
1043 3504 1453 3571 tarditatemque
1475 3501 1724 3572 supplicii
1829 3517 2054 3579 reponet
2092 3507 2304 3582 (noster
2336 3503 2509 3560 codex
2564 3498 2807 3573 νεεηῃιρι)
2862 3515 2925 3554 ac
2978 3497 3077 3551 sibi
3107 3497 3220 3567 ipse
3259 3505 3421 3549 ωιειο-

151 3594 389 3658 gravitate
421 3596 958 3667 compensat(Valer.
991 3594 1163 3664 Mam,
1190 3596 1276 3651 lib.
1312 3611 1350 3661 ι,
1385 3610 1495 3664 cap.
1532 3594 1583 3662 i,
1615 3594 1725 3650 Ex-
1829 3616 1957 3657 num
2007 3600 2256 3668 pabulum
2306 3595 2757 3653 subministrabit.
2807 3591 2961 3659 Quod
3003 3600 3173 3661 poetae
3230 3589 3280 3642 iu
3312 3585 3427 3642 vul-

154 3690 263 3739 ient.
299 3685 329 3757 §
357 3689 410 3754 5,
440 3704 558 3760 pag.
586 3689 704 3754 2|).

1916 3711 2001 3752 em
2056 3694 2195 3766 Tityi
2240 3691 2665 3749 transtulerunt;
2720 3688 2789 3742 ita
2840 3686 2956 3740 sine
3014 3684 3121 3739 ullo
3189 3681 3424 3737 revires-

216 3777 280 3831 At
305 3781 369 3844 si,
403 3781 596 3837 latente
619 3781 838 3837 ethnico
868 3781 1102 3849 homine,
1136 3782 1314 3838 «livina
1347 3781 1578 3836 vindicta
1614 3796 1723 3837 non
1826 3791 2061 3847 centium
2109 3802 2396 3858 corporum
2447 3784 2773 3839 detrimento
2825 3780 3015 3834 aduret
3080 3784 3306 3839 tantum,
3363 3789 3429 3831 ac

160 3863 269 3921 είηὶι
310 3873 610 3939 graviorum
651 3876 938 3929 criminum
969 3890 1091 3930 rens
1117 3876 1266 3930 abire
1295 3876 1603 3945 impunitos
1636 3889 1720 3931 no-
1829 3898 1992 3939 sensu
2031 3882 2235 3936 doloris
2262 3878 2462 3934 afliciet
2486 3876 2731 3950 (Βίτωνι.
2763 3874 2817 3927 iu
2844 3872 3088 3926 Lactant.
3122 3866 3420 3938 cap.29).t

158 3970 271 4025 we
299 3965 472 4031 procul
516 3965 680 4021 dubio
708 3966 799 4020 alii
829 3974 932 4021 mm
966 3977 1189 4038 possunt
1226 3968 1519 4036 improlms.
1553 3967 1722 4022 scele—
1828 3975 1935 4033 Sed
1988 3973 2057 4029 de
2101 3973 2203 4028 hac
2246 3972 2507 4027 Lactantii
2584 3964 3010 4032 Tertulliauique
3077 3966 3426 4029 argumenta-

160 4060 308 4118 ηίθει
336 4065 387 4110 (τι
410 4057 595 4127 impios
620 4059 885 4123 hominem
916 4061 1004 4129 (ιυῖ
1036 4060 1349 4116 criminibus
1370 4059 1544 4114 adhuc
1571 4059 1723 4115 COiH-
1823 4074 1970 4125 t‘one
2018 4066 2195 4121 adhuc
2224 4062 2424 4133 aliquid
2456 4076 2554 4115 suo
2585 4061 2703 4114 loco
2757 4057 2999 4113 dicemus
3040 4050 3420 4109 ostendemus-

157 4144 345 4210 quinati
368 4151 693 4217 moriuntur,
740 4152 935 4208 debitis
976 4163 1095 4222 post
1123 4161 1348 4206 mortem
1395 4152 1566 4221 pretiis
1601 4165 1722 4207 esse
1826 4175 1933 4230 que
1962 4174 2069 4229 quo
2098 4171 2259 4212 sensu
2287 4155 2375 4208 hic
2399 4163 2454 4207 et
2479 4152 2742 4207 Minucius
2774 4150 2997 4204 veritum
3043 4159 3254 4215 erogare
3275 4155 3425 4197 accc-

156 4233 461 4299 aiﬁeiendos.
493 4243 645 4301 Tunc
673 4248 816 4301 enim
856 4263 988 4316 quas
1021 4247 1071 4300 in
1126 4246 1223 4300 hac
1264 4247 1370 4299 vita
1415 4260 1518 4299 non
1551 4244 1719 4299 dede-
1826 4251 2007 4322 perint
2051 4247 2296 4316 (Dissert.
2352 4245 2405 4297 in
2444 4241 2658 4296 Tertull.
2716 4256 2832 4308 cup.
2880 4236 2994 4307 ii).

174 4337 310 4393 “mi.
336 4333 379 4387 in
407 4337 589 4404 altera,
622 4354 743 4408 qme
788 4347 987 4392 teter-na
1020 4339 1144 4405 erit,
1187 4339 1546 4407 sempiternas
1596 4336 1720 4407 igne
1897 4342 2193 4410 Pergamus
2241 4334 2479 4397 interim,
2524 4334 2695 4401 iisque
2716 4342 3085 4393 occurramus,
3127 4327 3218 4398 qui
3250 4325 3425 4396 genti-

200 4426 361 4476 interm
390 4429 536 4486 luent.
595 4432 730 4486 Nam
780 4432 1039 4502 «sapiens
1095 4433 1252 4503 ignis,
1306 4433 1380 4485 ait
1424 4430 1717 4495 Minucius,
1826 4433 1955 4488 lium
2008 4431 2225 4486 nomine
2254 4429 2407 4484 nobis
2436 4425 2654 4481 forsitan
2695 4424 2969 4495 objicient,
3018 4437 3236 4491 prorsus
3266 4422 3421 4491 inep-

200 4514 394 4571 membra
438 4525 540 4592 urit,
593 4533 648 4580 et
697 4523 895 4589 reiicit,
939 4525 1105 4589 carpit
1147 4534 1201 4579 et
1257 4524 1441 4578 nutrit.
1474 4542 1491 4575 ι
1540 4522 1723 4592 Neque
1828 4538 1909 4583 tas
1957 4540 2078 4582 esse
2124 4524 2431 4589 fulminum,
2473 4520 2735 4575 montium
2792 4534 2855 4573 ac
2892 4529 3157 4573 terrarum
3206 4529 3423 4583 semper

193 4605 358 4666 eii'iiit‘i
392 4620 700 4686 respondere
750 4626 996 4688 poterant
1042 4618 1168 4674 illud
1202 4617 1576 4689 quorumdam,
1631 4616 1721 4686 qui
1826 4620 2163 4684 ardentium,
2185 4630 2306 4673 cum
2336 4614 2629 4670 inferorum
2653 4615 2773 4684 igne
2801 4610 3245 4682 comparationes
3276 4607 3423 4663 Nou-

181 4699 297 4757 ah'ns
329 4715 506 4767 terrere
558 4713 841 4778 volebant,
891 4727 1012 4767 esse
1061 4720 1445 4768 commentum.
1505 4711 1619 4766 Non
1667 4710 1719 4766 id
1749 4711 1797 4770 D
1826 4728 1894 4768 ne
1931 4710 2155 4778 etenim,
2189 4709 2416 4779 inquiet,
2446 4707 2645 4777 aliquid
2676 4720 2741 4761 ex
2771 4704 3004 4760 hominis
3045 4704 3264 4759 iulminc
3294 4699 3423 4755 tacti

179 4794 339 4866 (ιιιίιφε
375 4806 713 4875 omnipotenti
774 4806 882 4861 Deo
926 4790 1203 4860 difﬁcilius
1232 4814 1333 4870 est,
1366 4816 1524 4873 quam
1569 4819 1718 4858 mor-
1825 4805 2124 4862 substantia
2172 4803 2331 4870 hujus
2376 4802 2573 4857 ardore
2623 4799 2995 4857 consumitur?
3039 4798 3225 4853 Nonne
3261 4795 3423 4849 etiam

182 4895 299 4943 tuum
334 4893 589 4954 hominem
628 4899 696 4953 ad
727 4900 887 4953 vitam
940 4900 1194 4955 excitare.
1239 4896 1448 4952 Sufiicit
1476 4895 1633 4966 igitur
1664 4905 1723 4951 ut
1827 4900 2038 4969 ignibus
2094 4896 2275 4952 IEtnze
2325 4895 2654 4965 Vesuviique
2698 4895 2773 4964 (iu
2823 4893 3185 4961 manuscripto
3233 4889 3424 4945 codice

176 4978 222 5033 id
248 4986 363 5040 velit.
394 4990 547 5061 Atqui
569 5008 692 5048 eum
726 4993 796 5046 ita
828 4992 964 5047 velle
993 5007 1097 5046 non
1139 4991 1312 5046 solum
1342 5005 1508 5044 sacra:
1543 4989 1723 5060 Scrip-
1831 4991 2028 5046 lletntei
2078 5001 2125 5045 et
2170 4989 2339 5057 lauti,
2392 4996 2665 5057 corrupte,
2714 4985 2790 5039 ttti
2833 4984 3006 5054 vides)
3063 4998 3161 5037 seu
3191 4982 3424 5037 aliorum

173 5080 282 5129 tunc
304 5077 582 5146 declarant,
626 5084 722 5140 sed
759 5083 943 5138 divina
969 5082 1128 5138 etiam
1169 5081 1313 5137 illius
1338 5082 1569 5151 iustitia,
1603 5094 1722 5152 qua:
1830 5083 2112 5147 montium,
2181 5091 2275 5136 aut
2339 5080 2644 5134 ardentium
2694 5088 2956 5131 terrarum
3017 5089 3152 5128 nova
3209 5087 3426 5142 semper

168 5165 343 5227 nullam
376 5177 545 5232 scelus
582 5178 810 5233 inultum
851 5176 1156 5247 relinquere
1212 5184 1410 5246 potest.
1829 5174 2267 5230 subministratur
2318 5170 2582 5225 materia?
2653 5168 2848 5223 Contra
2911 5182 3043 5223 vero
3131 5165 3426 5221 Christiani

221 5263 278 5314 Α(
324 5266 573 5326 Minucius
595 5280 653 5327 ut
697 5269 824 5325 illud
867 5268 1095 5325 ethnicis
1123 5267 1332 5323 facilius
1377 5268 1723 5337 persuadeat,
1827 5268 2208 5324 asseverabant
2258 5264 2506 5321 eumdem
2556 5278 2771 5331 semper
2822 5261 2935 5316 fore
2993 5261 3166 5329 ignem
3223 5257 3425 5313 infero—

152 5351 199 5405 i"
239 5351 394 5429 ii'iilis
440 5363 749 5419 ἀθθυιηθηιί
801 5361 1267 5417 ουιιίίΐιιιθιῖοηοῐη
1298 5358 1540 5425 omnium
1570 5354 1728 5413 “ﬁeri
1830 5383 1969 5432 runt,
1997 5363 2234 5427 nihilque
2263 5362 2473 5429 penitus
2512 5357 2730 5411 immani
2757 5355 3001 5425 corporis
3026 5354 3094 5407 ab
3125 5352 3213 5407 illo
3242 5353 3426 5407 exus1i

165 5452 379 5519 ειειιηδια
425 5456 654 5526 ignium.
699 5456 1013 5521 fulminum.
1062 5469 1125 5509 ac
1178 5454 1439 5507 montium
1471 5450 1649 5506 Ᾱῖιηω
1672 5459 1728 5506 ει
1831 5456 2097 5527 deperire.
2145 5451 2340 5506 Verum
2373 5449 2758 5513 Tertullianus,
2815 5462 2973 5517 quem
3001 5445 3260 5499 Minucius
3300 5458 3427 5499 nos-

178 5535 382 5613 Vlesuvii,
444 5558 604 5619 atque
663 5557 929 5602 terrarum
978 5547 1175 5616 ubique
1217 5546 1549 5612 ardentium,
1608 5559 1729 5615 quas
1836 5559 1950 5611 ter,
1995 5546 2069 5599 uti
2095 5543 2206 5613 jam
2236 5543 2566 5606 monuimus,
2608 5538 2871 5610 sequitur,
2908 5536 3011 5591 huc
3048 5536 3271 5590 rationis
3312 5549 3428 5589 tuo-

180 5634 353 5701 quidem
399 5643 503 5697 illis
546 5640 818 5711 incognita
853 5642 1035 5709 procul
1083 5640 1248 5693 «inhio
1277 5656 1383 5693 non
1410 5648 1580 5693 erant.
1615 5640 1728 5692 Au-
1836 5648 2076 5694 mentum
2123 5633 2355 5688 ethnicis
2400 5634 2559 5702 plane
2625 5630 2885 5701 pra-cidit.
2911 5629 3193 5684 Maximam
3232 5628 3430 5698 quippe

175 5723 280 5780 dias
320 5734 465 5789 velim
522 5741 644 5789 eum
698 5734 1047 5802 loquentem:
1098 5751 1117 5784 ι
1151 5732 1301 5787 Sicut
1349 5732 1498 5801 ignes
1552 5730 1732 5784 fulmi-
1839 5732 1995 5800 hujus
2042 5728 2342 5798 argumenti
2381 5729 2484 5782 vim
2544 5726 2594 5780 in
2624 5724 2726 5779 hoc
2757 5726 2981 5793 positam
3024 5738 3145 5778 esse
3170 5720 3428 5787 ostendit,

177 5834 308 5884 num.
339 5825 525 5897 inquit,
579 5842 810 5898 corpora
839 5835 1082 5897 tangunt,
1113 5842 1212 5881 nec
1246 5827 1563 5889 absumunt;
1595 5825 1731 5880 sicut
1839 5823 1980 5893 quod
2025 5821 2272 5892 gentiles,
2313 5819 2529 5876 nemine
2578 5818 2925 5883 reclamante,
2954 5815 3247 5871 faterentur
3272 5828 3436 5885 quos-

176 5909 308 5977 igncs
330 5916 502 5973 lEtua:
549 5928 605 5973 et
643 5916 884 5984 Vesuvii,
933 5926 987 5973 et
1031 5917 1332 5974 ardentium
1376 5916 1570 5984 ubique
1623 5926 1733 5970 ter-
1842 5918 1965 5973 dam
2016 5915 2321 5981 fulminum,
2373 5912 2659 5981 montium,
2709 5920 2763 5967 et
2828 5919 3091 5967 terrarum
3128 5909 3278 5980 ignes
3322 5920 3446 5963 esse
