3774 6270
375 344 480 400 471

378 468 606 528 prorsus
657 443 1132 509 extraordinarios.
1186 439 1374 496 Nonne
1408 444 1587 493 autem
1615 433 1742 489 inde
1772 432 1971 487 inferre
1997 430 2051 490 A

382 524 591 622 potuit,
638 545 705 601 ab
737 542 927 599 iisdem
982 536 1212 592 ethnicis
1271 545 1550 605 perperam
1605 527 1785 599 negari
1814 524 1978 580 alium

390 619 499 700 non
535 645 707 712 posse
763 634 967 691 infinita
1016 631 1109 686 Dei
1175 628 1412 700 potentia
1461 622 1689 681 excitari
1760 619 1978 690 ignem,

315 782 318 791 .
389 736 479 805 qui
534 733 673 788 idem
715 742 935 798 semper
983 730 1218 786 maneat,
1286 718 1680 789 impiornmque
1751 725 1982 781 corpora

384 804 493 883 non
537 820 931 884 consumendo,
982 826 1241 872 teternum
1294 818 1504 874 exuret,
1545 823 1609 862 ac
1659 804 1943 861 cruciahit.

457 918 642 990 Neque
684 930 849 987 porro
886 912 959 968 ibi
1009 908 1159 965 stetit
1182 904 1466 968 Minucius,
1522 899 1615 955 sed
1665 898 1769 951 alia
1808 895 1985 951 adhuc

389 989 815 1080 comparatiOne,
858 1019 954 1059 seu
1006 1002 1134 1062 alio,
1186 1007 1245 1052 ιιι
1309 996 1475 1059 aiunt,
1534 992 1601 1047 ad
1673 989 1982 1055 hominem,

388 1110 707 1173 argumento
745 1094 1054 1159 confirmat,
1103 1105 1263 1163 quam
1299 1089 1478 1156 inepte
1513 1084 1760 1139 ﬁmcilitts
1788 1081 1987 1149 aliique

387 1172 617 1267 gentiles
639 1192 691 1248 id
718 1189 1033 1246 abnuerint:
1069 1183 1494 1248 «Admonentur,
1519 1176 1711 1247 inquit,
1742 1172 1989 1228 homines

389 1265 827 1343 doctissimorum
858 1281 1030 1346 libris,
1063 1288 1118 1333 et
1136 1273 1466 1333 carminibus
1490 1279 1793 1341 poetarum,
1842 1265 1988 1321 illius

393 1380 533 1453 ignei
561 1378 817 1438 ﬂuminis.
873 1384 927 1430 et
966 1373 1033 1428 de
1060 1370 1242 1442 Stygia
1292 1365 1486 1438 palude
1510 1365 1707 1434 smpius
1749 1361 1991 1416 ambien-

391 1472 461 1527 tis
499 1470 738 1533 ardoris,
792 1482 911 1538 qua:
960 1460 1288 1520 cruciatibus
1323 1458 1541 1512 aeternis
1587 1463 1907 1523 praeparata,
1937 1458 1994 1505 et

392 1564 701 1617 daemonum
751 1558 962 1613 indiciis
1000 1564 1055 1610 et
1081 1554 1150 1608 de
1195 1551 1433 1606 oraculis
1476 1546 1865 1616 Prophetarum
1902 1557 1991 1598 co-

396 1658 545 1726 gnita
578 1653 931 1709 tradiderunt.
965 1669 984 1702 ι
1013 1646 1089 1702 lbi
1140 1655 1320 1700 autem
1368 1640 1631 1698 Minucius
1656 1646 1711 1693 et
1741 1635 1993 1707 profanos

401 1757 458 1805 et
501 1760 686 1803 sacros
720 1744 1016 1811 scriptores
1049 1738 1237 1811 procul
1277 1737 1443 1794 dnhio
1487 1735 1691 1791 citavit.
1745 1729 1990 1800 Prophe-

390 1850 568 1895 tarum
634 1836 898 1908 siquidem
962 1832 1230 1899 nomine,

392 1932 582 1998 menti,
633 1939 793 2001 atque
859 1928 1042 1994 etiam,
1083 1927 1128 1980 si
1173 1924 1330 1989 velis,
1370 1920 1722 1992 Sibyllarum,
1776 1922 1832 1971 et
1854 1914 1991 1970 alio-

394 2041 550 2091 rum,
599 2039 736 2095 quos
783 2022 981 2079 ethnici
1029 2019 1321 2092 prophetas
1357 2032 1479 2072 esse
1513 2014 1792 2087 putabant,
1834 2010 1991 2066 effata

395 2118 673 2190 designat:
723 2137 741 2170 ‹
779 2117 1085 2172 daemonum
1128 2129 1260 2170 vero
1305 2112 1539 2178 indiciis,
1579 2128 1599 2161 ι
1635 2121 1818 2164 sacros
1860 2104 1994 2161 Novi

396 2210 729 2267 TeStamenti
779 2208 1021 2273 codices;
1071 2207 1159 2263 ubi
1219 2206 1443 2275 legimus
1482 2201 1758 2257 dzentones
1793 2198 1991 2269 palam,

391 2317 459 2358 ac
483 2301 737 2358 omnibus
765 2300 1128 2364 audientibus,
1153 2296 1434 2353 confessos
1461 2292 1627 2348 fuisse
1672 2288 1887 2346 aeternis
1935 2302 1995 2342 se

397 2397 611 2468 ignibus
673 2396 927 2452 cruciari.
983 2392 1224 2449 Ethnicis
1292 2391 1469 2459 itaque
1529 2384 1791 2456 publicam
1849 2380 1993 2435 illam

394 2488 701 2544 dtemomtm
737 2485 1131 2542 confessionem
1167 2480 1373 2552 objicit,
1424 2492 1585 2549 quam
1616 2490 1717 2531 nec
1768 2472 1865 2538 illi,
1896 2484 1996 2526 nec

402 2581 543 2637 ullus
589 2581 727 2637 alius
777 2595 975 2651 negare
1031 2585 1260 2649 poterat.

472 2674 775 2744 Scriptores
825 2687 955 2728 vero
996 2672 1270 2741 profanos,
1339 2667 1453 2722 sive
1506 2663 1774 2728 ethnicos,
1830 2668 1997 2716 testes

401 2766 630 2839 appellat
666 2786 686 2819 ι
716 2765 857 2838 ignei
902 2763 1139 2819 ﬂuminis
1186 2763 1254 2816 de
1306 2759 1487 2830 Stygia
1537 2755 1748 2827 palude,
1790 2772 1810 2806 ι
1872 2761 1996 2822 puta

401 2859 756 2924 Acherontis,
788 2872 947 2927 quem
989 2856 1149 2911 iidem
1204 2850 1405 2909 ethnici
1461 2864 1624 2903 unum
1654 2862 1721 2903 ex
1767 2852 1999 2914 quatuor

402 2949 841 3004 celebratissimis
877 2947 1171 3003 inferorum
1200 2944 1377 2999 ﬂuviis
1428 2954 1550 2995 esse
1597 2937 1993 3001 fabulabantur,

400 3044 748 3114 ignibusque,
796 3052 853 3098 ut
895 3043 969 3096 ait
1022 3041 1266 3105 Servius,
1310 3037 1550 3105 plenum,
1583 3032 1672 3103 qui
1716 3029 1995 3102 Pyriphle-

401 3134 676 3204 gethontis
719 3148 885 3206 aquas
934 3130 1228 3201 recipiebat
1288 3127 1460 3201 (Serv.
1491 3126 1544 3179 iu
1575 3124 1662 3178 lib.
1707 3138 1762 3177 vt
1814 3120 1995 3192 Virgil.

404 3225 625 3281 Aineid.
686 3243 807 3297 pag.
836 3224 989 3295 404).
1020 3224 1121 3291 Qui
1161 3231 1341 3276 autem
1373 3218 1572 3274 fuerint
1599 3215 1650 3271 lti
1677 3215 1873 3284 aliique
1892 3212 2001 3267 duo
2026 3219 2071 3282 ρ

405 3316 701 3372 inferorum
737 3316 907 3381 ﬂuvii,
947 3330 1012 3371 ex
1060 3314 1315 3376 Platone,
1364 3311 1457 3382 qui
1509 3310 1629 3365 illos
1684 3305 2001 3376 descripsit,

404 3419 568 3479 atque
596 3410 716 3464 aliis
757 3424 916 3478 quam
950 3407 1195 3477 plurimis
1221 3407 1432 3461 discere
1472 3402 1700 3474 quilibet
1754 3398 2007 3454 facillime

402 3499 806 3572 poterit(Plato
850 3500 994 3554 Phor.
1046 3509 1165 3554 tant.
1215 3515 1254 3564 ι,
1297 3513 1417 3569 pag.
1470 3494 1574 3550 112
1615 3503 1664 3549 et
1709 3490 1898 3563 seqq.).

479 3592 562 3649 Ab
611 3592 704 3647 illo
748 3608 961 3665 quoque
1014 3593 1236 3648 Platone
1280 3591 1470 3646 eadem
1509 3586 1767 3642 facilitate
1813 3584 2007 3639 edoce-

405 3688 573 3753 bitur,
609 3703 706 3744 cur
743 3688 875 3761 Styx
924 3705 952 3743 a
1002 3688 1235 3743 Minucio
1263 3687 1436 3756 palus,
1486 3697 1657 3753 eaque
1684 3679 1878 3735 ardore
1908 3692 2009 3732 sae.-

405 3780 528 3851 pius
569 3781 762 3836 ambiri
808 3781 1052 3843 dicatur;
1104 3780 1316 3834 tametsi
1363 3777 1453 3832 alii
1486 3775 1707 3831 ﬂuvium
1741 3786 1861 3827 esse
1902 3781 2010 3825 tra—

409 3873 670 3941 diderint,
715 3874 869 3943 cujus
922 3875 1059 3929 adeo
1111 3872 1302 3943 frigida
1356 3880 1439 3926 est
1487 3883 1647 3939 aqua,
1680 3875 1825 3921 utea
1851 3870 2007 3933 epota

409 3965 584 4036 quivis
637 3967 880 4036 protinus
952 3966 1235 4020 moriatur.
1288 3961 1419 4034 Styx
1470 3960 1638 4024 enim,
1703 3958 1893 4029 inquit,
1955 3955 2009 4009 in

408 4060 688 4116 horridum
712 4061 1110 4132 immanemque
1162 4058 1339 4112 locum
1391 4054 1609 4118 incidit,
1652 4052 2010 4123 paludemque

409 4150 596 4208 efficit.
631 4151 826 4225 (Idem,
880 4151 1008 4206 ibid.
1053 4168 1172 4223 pag.
1214 4145 1364 4220 115).
1411 4146 1632 4202 Terram
1665 4159 1795 4198 vero
1833 4144 2011 4213 ingre-

412 4246 580 4315 ditur,
609 4258 659 4303 et
686 4248 1082 4304 circumrotaus
1112 4242 1286 4299 inﬂuit
1313 4242 1366 4296 in
1418 4237 2007 4312 Pyriphlegethontem,

411 4339 539 4409 igne
579 4338 884 4406 ardentem,
928 4352 1102 4407 neque
1147 4336 1265 4406 ejus
1291 4344 1469 4389 tamen
1511 4347 1649 4402 aqua
1680 4331 1866 4385 illiaut
1891 4329 2009 4384 cui-

409 4432 553 4501 piam
597 4433 747 4486 alteri
799 4431 961 4485 ﬂuvio
1004 4431 1282 4485 miscetur.
1344 4425 1558 4481 Circulo
1607 4433 1786 4478 autem
1834 4420 2005 4484 facto,

408 4523 635 4580 effundit
678 4538 739 4578 se
790 4522 844 4576 in
899 4534 1177 4576 tartarum.
1228 4517 1396 4572 Totus
1438 4530 1602 4587 porro
1650 4513 1741 4568 ille
1771 4511 2009 4567 Platonis

405 4618 559 4675 locus
605 4619 673 4673 ab
713 4617 946 4671 Eusebio
1000 4616 1303 4683 descriptus
1358 4622 1441 4667 est
1521 4608 1734 4681 (Euseb.
1803 4607 1890 4661 lib.
1954 4614 2089 4674 χιι)

404 4710 645 4782 Ρναεραν.
675 4707 875 4779 Erang.
905 4723 1022 4777 cup.
1044 4707 1137 4772 '25,
1166 4701 1385 4775 p.567).
1409 4702 1541 4769 Quis
1570 4715 1699 4756 vero
1721 4699 1821 4754 sibi
1852 4698 2010 4755 facile

407 4818 516 4859 non
563 4800 910 4873 persuadebit
966 4799 1107 4853 hunc
1155 4798 1331 4867 ipsum
1378 4795 1431 4848 in
1475 4793 1666 4863 primis
1706 4791 2007 4856 Platonem,

405 4895 838 4950 doctissimorum
880 4892 1176 4957 hominum,
1224 4889 1347 4952 vel,
1384 4895 1442 4942 ιιι
1465 4887 1543 4942 ait
1599 4885 2002 4949 Tertullianus,

410 4988 887 5058 philosophorum,
943 4985 1182 5049 nomine,
1255 4984 1502 5052 Itnncqne
1553 4980 1672 5052 ejus
1718 4979 1911 5035 librum
1977 4992 2008 5033 a

407 5079 642 5137 Minucio
678 5091 865 5135 noStro
908 5077 1103 5134 citari?
1131 5076 1319 5132 Nullus
1373 5089 1587 5147 quoque
1633 5073 1839 5130 inficias
1892 5071 2013 5126 for-‘

406 5184 553 5229 tasse
583 5172 708 5235 ibit,
763 5186 793 5225 c
851 5171 1079 5225 laudatis
1121 5169 1189 5224 ab
1233 5183 1299 5224 eo
1339 5176 1394 5224 et
1445 5166 1775 5222 Tertulliano
1811 5163 2004 5234 poetis,

406 5267 637 5336 primum
668 5264 921 5330 Homero,
953 5274 1007 5319 et
1028 5261 1322 5317 secundum
1355 5260 1573 5330 Virgilio
1602 5257 1837 5313 dandum
1878 5269 2002 5311 esse

402 5363 602 5419 locum.
656 5362 921 5417 Homerus
964 5359 1242 5415 enimvero
1279 5357 1504 5412 cecinit:

655 5479 750 5529 έιοα
768 5490 831 5540 μὶν
852 5492 900 5536 tl;
924 5480 1109 5540 Ᾰχίροντα
1136 5486 1399 5538 Πυριφλιγίθων
1420 5499 1459 5523 τι
1483 5486 1618 5535 elatas,

658 5552 827 5597 Κώκυτός
860 5552 910 5597 δ’,
929 5551 968 5597 ὃς
987 5546 1035 5598 δὴ
1054 5550 1183 5596 Στυτὸς
1206 5545 1341 5592 ὕδατός
1366 5550 1465 5586 iactv
1485 5545 1666 5597 ὰιοῤῥὼε.

658 5616 775 5664 lli.qu
807 5629 863 5659 τι,
886 5614 1023 5659 iunci;
1048 5626 1086 5651 τι
1118 5608 1193 5650 δὺω
1212 5616 1384 5659 ποταμῶν
1408 5605 1618 5660 ιθιδοὺπων.

496 5708 590 5758 Hic
612 5708 809 5771 quidem
834 5710 885 5757 in
926 5706 1259 5757 Acberoutem
1301 5705 1848 5771 Pyyriphlegethqnque
1888 5716 2004 5754 con-

498 5830 819 5893 Cocylusque,
845 5831 928 5891 qui
954 5833 1092 5878 certe
1113 5827 1280 5889 Stygis
1299 5839 1440 5891 aquae
1465 5833 1544 5879 est
1574 5767 1852 5879 ηυέθεῗωη

1678 318 1767 375 DE
1806 312 2063 373 MlNUCll
2094 309 2392 369 OCTAVIO
3493 314 3568 369 ιιι

2171 424 2442 488 Petraque,
2472 426 2525 473 et
2564 431 2832 472 concursus
2874 420 3077 470 duorum
3114 421 3347 488 ﬂuviorum
3368 424 3480 474 valde
3514 442 3569 475 so-

3163 483 3390 545 (nautium.

2703 545 2893 608 (Hom,
2916 543 3090 611 Odyss.
3114 543 3233 605 πυ.
3256 544 3372 610 MS.)

2086 656 2280 713 Postea
2335 668 2464 710 vero
2510 653 2767 725 Virgilius
2788 671 2799 707 :

2209 767 2336 839 Hinc
2351 768 2437 839 _v_ia
2457 766 2703 839 Tartarei,
2728 779 2855 839 qute
2864 763 2961 815 fert
2975 764 3256 839 Acherontis
3276 765 3328 814 ad
3347 767 3484 831 undas,

2208 829 2457 880 Turbidus
2479 829 2559 877 hic
2576 840 2736 886 emno,
2759 834 2989 891 vastaque
3012 830 3237 889 voragine
3259 839 3423 891 gurges

2217 891 2427 952 lEstuat,
2446 900 2599 952 atque
2618 890 2814 952 omnem
2841 889 3016 952 Cocyto
3031 896 3216 952 eructat
3236 889 3423 940 arenam.

2492 949 2720 1018 (γὴ-θα..
2747 949 2783 1002 ι.
2809 949 3083 1014 νιΛῖὶιείάη
3109 950 3256 1002 11.295
3274 959 3317 1003 et
3336 956 3465 1019 seqq.)

2161 1063 2309 1132 Quos
2357 1062 2410 1117 in
2463 1074 2654 1116 versus
2697 1059 2813 1115 hate
2853 1059 3071 1116 Servius
3107 1059 3367 1115 observat:
3395 1078 3412 1111 ‹
3462 1062 3579 1119 Ache-

2088 1168 2246 1211 ronta
2294 1155 2407 1209 vult
2451 1153 2604 1224 quasi
2661 1152 2728 1208 de
2773 1153 2882 1207 imo
2917 1153 3060 1208 nasci
3108 1160 3322 1217 tartara;
3363 1151 3487 1221 hujus
3516 1170 3580 1209 es-

2094 1247 2268 1302 tuaria
2322 1248 2544 1319 Stygem
2588 1259 2796 1309 creare,
2838 1243 2905 1299 de
2958 1243 3118 1315 Styge
3160 1253 3325 1297 autem
3357 1245 3470 1298 nasci
3509 1244 3580 1298 Co-

2092 1348 2296 1412 cytum.
2336 1358 2356 1391 ι
2404 1338 2541 1394 Vide
2585 1336 2764 1393 adhuc
2810 1336 2855 1391 si
2913 1337 3063 1401 velis,
3116 1350 3230 1405 qua:
3290 1334 3371 1390 ille
3408 1337 3513 1404 prius
3541 1337 3579 1390 ia

2092 1433 2336 1504 ejusdem
2383 1432 2503 1487 libri
2558 1447 2772 1486 versum
2803 1430 2905 1486 107
2941 1437 3296 1484 annotaverat.
3322 1428 3412 1484 Sed
3448 1427 3583 1500 Stygis

2095 1524 2306 1596 paludis
2354 1524 2609 1594 frequens
2659 1522 2803 1592 apud
2854 1522 3032 1577 varios
3075 1521 3360 1591 Scriptores
3401 1523 3562 1575 mentio.

2167 1616 2302 1672 Tum
2335 1615 2531 1672 deinde
2552 1615 2817 1671 Minucius
2842 1633 2856 1669 :
2892 1632 2912 1666 ι
2946 1613 3014 1669 Ει
3039 1613 3158 1668 ideo
3180 1613 3310 1683 apud
3330 1627 3436 1675 eos,
3454 1612 3586 1682 inquit,

2097 1710 2260 1765 etiam
2292 1711 2407 1780 ipse
2431 1725 2528 1766 rex
2572 1708 2785 1779 Jupiter
2815 1723 2913 1778 per
2939 1715 3205 1764 torrentes
3231 1706 3363 1776 ripas
3398 1714 3444 1760 et
3473 1714 3588 1759 atram

1306 1830 1473 1883 libros
1540 1824 1748 1882 Veteris
1801 1794 1972 1878 Testa

2122 1800 2411 1873 toraginem
2436 1801 2581 1870 jurat
2612 1800 2881 1870 religiose,
2920 1817 2940 1852 ι
2976 1798 3080 1854 hoc
3111 1806 3212 1862 est,
3259 1811 3344 1865 per
3377 1809 3508 1865 aquas
3525 1794 3588 1849 du-

2078 1890 2187 1949 ‘bio
2235 1892 2420 1963 procul
2469 1891 2704 1964 Stygias,
2755 1891 2824 1947 de
2871 1891 3065 1961 quibus
3092 1889 3362 1945 Homerus:

2346 2006 2453 2071 Ᾰγριι
2474 2022 2535 2056 νῦν
2559 2031 2623 2067 μοι
2642 2018 2804 2068 ὀμόσσον
2825 2017 2966 2055 ἀάατον
2986 2014 3114 2067 ῑτυτὸς
3131 2010 3237 2065 ὕδωρ.

2192 2110 2304 2173 Age
2326 2123 2465 2160 nunc.
2479 2109 2600 2160 mihi
2632 2110 2743 2173 jura
2765 2106 3108 2173 inviolabilem
3127 2107 3287 2173 Stygis
3306 2117 3468 2173 aquam.

2772 2170 3023 2237 (ﬂamen,
3042 2167 3195 2222 Iliad;
3211 2167 3308 2229 itv,
3328 2167 3371 2219 ti.
3388 2167 3495 2230 271.)

2099 2280 2219 2337 Alio
2238 2281 2399 2337 etiam
2429 2281 2482 2335 in
2514 2280 2652 2335 libro
2674 2279 2931 2335 canebat:

2349 2430 2423 2468 Κιὶ
2445 2430 2492 2468 πὸ
2515 2430 2773 2479 κιτιισόμινον
2798 2429 2930 2479 Στυγὸς
2951 2425 3067 2481 ὕδωρ,
3087 2430 3183 2467 ὥστε,
3205 2430 3363 2478 pinno;

2347 2482 2480 2543 ὅρκος.
2503 2487 2714 2539 διινὸτατός
2737 2505 2779 2531 τι
2800 2492 2902 2530 πάλιν.
2921 2493 3134 2544 putescat
3152 2492 3273 2530 θεοῖσι.

2193 2561 2256 2626 Et
2278 2562 2383 2624 ipsa
2406 2563 2670 2624 suhjaceus
2685 2562 2852 2625 Stygis
2869 2575 3017 2626 aqua,
3041 2560 3170 2626 quod
3183 2561 3428 2626 maximum

2193 2619 2556 2684 Juramentum,
2578 2619 3025 2688 graviesi'tnumque
3048 2619 3217 2674 existit
3232 2623 3379 2673 beatis
3398 2619 3497 2669 Diis.

2536 2707 2721 2770 (Idem,
2751 2708 2928 2775 Odyss.
2957 2704 2997 2757 ι.
3021 2719 3129 2768 v,v.
3149 2705 3236 2756 185
3250 2712 3292 2756 et
3312 2702 3448 2768 seqq.)

2104 2814 2341 2871 Homero
2384 2815 2543 2886 plane
2593 2816 2831 2871 concinit
2880 2814 3135 2886 Virgilius
3172 2813 3313 2870 hisce
3359 2804 3600 2864 carminibus

2104 2908 2286 2964 latinis
2307 2926 2320 2963 :

2198 3023 2359 3088 gocyti
2383 3029 2559 3086 stagna
2581 3023 2677 3075 alta
2702 3025 2843 3076 vides
2888 3022 3213 3088 Stygiamque
3238 3020 3456 3085 paludem.

2199 3037 2359 3087 cocyti
2383 3037 2559 3086 stagna
2581 3037 2677 3075 alta
2702 3037 2843 3076 viues
2888 3037 2947 3073 St
2980 3037 3213 3088 gtamque
3238 3037 3294 3085 pa

2199 3085 2261 3135 Di
2285 3088 2605 3150 cujusjurare
2623 3088 2803 3138 timent
2827 3095 2879 3137 et
2904 3037 3081 3137 fallere
3100 3097 3294 3135 numen.

2627 3169 2820 3235 (l’irg.,
2836 3168 2871 3219 ι.
2892 3184 2942 3221 v1
2968 3165 3188 3229 λΕηείάη
3214 3179 3258 3217 υ.
3280 3164 3362 3215 323
3377 3157 3542 3227 etseqq-l

2184 3270 2343 3327 Plura
2372 3272 2418 3327 si
2450 3272 2603 3339 velis,
2629 3273 2716 3328 adi
2740 3272 3087 3343 Apollonium
3116 3271 3376 3343 Argonaut.
3404 3265 3477 3320 lib.
3496 3277 3538 3327 ιι,
3564 3273 3599 3311 t-

2111 3363 2235 3420 290.
2274 3364 2567 3421 Hesiodum
2620 3365 2887 3438 Theogon.
2918 3382 2993 3434 tv,
3025 3367 3131 3424 583
3154 3374 3206 3422 et
3233 3380 3371 3434 seqq.
3396 3370 3441 3416 et
3461 3374 3501 3412 ι.
3530 3353 3602 3409 775

2109 3466 2166 3515 et
2204 3473 2355 3531 seqq.
2400 3459 2650 3516 Ovidium
2699 3460 2793 3515 lib.
2830 3459 3220 3534 tMetamot-plt.
3249 3475 3297 3514 v.
3327 3456 3416 3512 184
3439 3462 3602 3517 eli-“lil-

2109 3551 2392 3622 Apuleium
2439 3552 2535 3608 lib.
2579 3569 2653 3609 vn
2706 3551 3053 3623 Metamorph.
3105 3556 3245 3611 circa
3289 3543 3604 3607 tned.N.tta|em

2110 3642 2373 3700 Comitem
2424 3647 2515 3700 I'th.
2545 3662 2605 3702 ιιι
2638 3645 2927 3718 Mytholog.
2955 3663 3079 3719 cap.
3131 3650 3156 3704 1
3189 3658 3240 3703 et
3267 3660 3399 3715 seqq.
3427 3636 3605 3694 Vossittm

2110 3735 2204 3792 lib.
2246 3753 2284 3792 ιι
2323 3739 2386 3794 de
2429 3737 2575 3810 Orig.
2618 3750 2666 3794 et
2730 3737 2916 3811 Progr.
2955 3739 3134 3797 Idolo.
3165 3755 3282 3811 cap.
3320 3737 3373 3793 81
3420 3723 3606 3803 pag-559

2112 3840 2168 3887 et
2217 3846 2369 3903 seqq.

2185 3924 2356 3993 Quam
2403 3935 2610 3982 certum
2654 3942 2817 3997 porro
2856 3936 2942 3983 est
2990 3928 3268 3999 improbos
3303 3918 3512 3981 homines,
3541 3906 3608 3979 qui

2114 4031 2182 4074 ex
2212 4016 2314 4074 huc
2363 4020 2465 4073 vita
2492 4019 2780 4075 criminum
2830 4021 3036 4075 conscii
3076 4021 3316 4091 migrant,
3340 4008 3512 4069 auersis
3528 4014 3611 4069 sup

2114 4110 2291 4180 pliciis
2340 4129 2369 4167 a
2428 4112 2576 4183 justo
2624 4126 2671 4169 et
2743 4115 3116 4183 omnipotente
3200 4112 3300 4168 Deo
3351 4103 3491 4167 aﬂici,
3536 4105 3606 4151 ιαω

2113 4214 2366 4259 constare
2408 4205 2572 4260 debet
2606 4205 2804 4273 justus.
2832 4205 2887 4261 in
2927 4206 3136 4275 iustitia
3170 4193 3525 4261 niorietues,ab
3548 4199 3608 4240 eo-

2114 4292 2236 4349 dem
2290 4295 2400 4350 Deo
2428 4296 2757 4365 sempiterna
2799 4297 3053 4353 felicitate
3079 4296 3283 4352 donari.
3312 4286 3603 4348 Miuuciusav-

2115 4392 2222 4440 tem
2266 4399 2333 4440 eo
2372 4388 2508 4455 ipso,
2565 4403 2672 4457 quo
2716 4390 2941 4457 primum
2968 4388 3229 4459 probavit,
3254 4378 3504 4442 secundum
3524 4367 3609 4424 satis

2113 4489 2174 4529 se
2218 4475 2622 4533 demonstrasse
2675 4478 2966 4534 arbitratus
2995 4488 3100 4533 est.
3141 4476 3386 4545 Quocirca
3412 4463 3511 4523 illud
3532 4471 3609 4512 am-

2116 4569 2255 4639 plins
2296 4568 2630 4639 probandum
2679 4584 2787 4624 non
2836 4570 3194 4631 existimavit,
3254 4566 3498 4639 palamque
3529 4561 3610 4621 Plo'

2118 4661 2362 4715 nuntiare
2394 4676 2501 4715 non
2539 4660 2776 4716 dubitat:
2816 4680 2833 4713 ι
2864 4660 2976 4716 Hos
3006 4662 3123 4731 pios
3158 4660 3391 4714 videlicet
3416 4644 3610 4706 homines.

2110 4767 2209 4823 spe
2257 4750 2453 4807 futura:
2503 4750 2770 4808 felicitatis
2800 4767 3021 4809 securos
3062 4757 3265 4809 vivere.
3305 4770 3322 4802 ι

2712 4908 3005 4949 ARTICULUS
3031 4908 3107 4948 IV.

2109 5032 2491 5090 Examinanmr
2530 5045 2828 5107 argumenta
2880 5037 3060 5106 quibus
3109 5031 3341 5088 Octavius
3380 5028 3524 5079 contra
3541 5009 3616 5065 Ct!-

2184 5129 2355 5183 cilium
2402 5129 2582 5200 probat
2620 5127 2869 5182 mundum
2916 5128 3033 5198 igne
3057 5122 3330 5194 aliquando
3375 5114 3618 5186 periturum;

2184 5236 2244 5274 ac
2295 5219 2359 5275 de
2410 5219 2726 5283 Stoicorum,
2777 5217 3168 5291 Epicureorum,
3244 5225 3288 5270 et
3342 5200 3538 5264 Platani:
3580 5205 3619 5245 ια

2183 5311 2248 5366 de
2283 5326 2339 5365 re
2359 5310 2704 5381 opinionibus.

2183 5446 2474 5503 Christiani
2526 5460 2625 5517 pro
2669 5454 2820 5501 certo
2869 5443 3044 5499 adhuc
3091 5451 3311 5509 raloque
3354 5420 3620 5489 decreloha'

2110 5540 2308 5597 hebant
2355 5550 2523 5595 totum
2568 5539 2711 5594 hunc
2761 5537 3037 5605 mttudum,
3094 5532 3345 5590 etomuia
3382 5518 3618 5613 qumiuet)

2108 5642 2268 5698 sunt,
2315 5633 2438 5703 igne
2477 5631 2863 5686 consumenda.
2905 5630 3010 5686 Sed
3050 5625 3178 5683 illud
3218 5620 3446 5680 Caecilius
3488 5614 3620 5703 mnf“

2108 5725 2193 5780 his
2223 5696 2402 5779 verbis
2441 5722 2749 5795 impugnat:
2789 5743 2808 5774 ι
2860 5722 3021 5790 Quasi
3049 5729 3140 5773 aut
3167 5725 3363 5772 natura:
3385 5696 3621 5764 divinisle

2103 5818 2262 5891 gibus
2283 5794 2611 5873 constitutus
2656 5826 2893 5874 aeternus
2939 5814 3073 5869 ordo
3123 5810 3378 5871 turbetur,
3404 5808 3479 5857 aut
3506 5794 3620 5860 ruP‘°
