3818 6282
144 334 253 391 675

1540 338 2010 399 DISSERTATIO.

3343 343 3450 401 474

142 455 545 509 elementorum
601 453 841 509 omnium
890 451 1122 519 foedere,
1152 460 1207 508 et
1256 454 1466 510 ctelesti
1494 469 1750 525 compage
1776 456 1829 517 Α
1856 455 2085 512 humore
2130 456 2358 513 mundus
2409 456 2495 512 hic
2543 456 2721 511 omnis
2748 456 3006 527 ignescat.
3046 475 3064 509 ι
3101 456 3291 513 Mirum
3319 470 3451 510 sane

140 545 334 612 divisa,
363 548 545 603 moles
572 550 698 613 ista,
729 564 850 617 qua:
875 549 1203 614 continetur,
1247 558 1303 603 et
1342 549 1592 620 cingitur,
1624 548 1754 603 sub-

140 649 347 695 ruatur.
390 659 410 692 ι
461 640 571 696 Sed
645 640 792 695 illum
841 640 1097 695 Octavius
1126 640 1207 693 his
1260 639 1437 695 verbis
1484 643 1751 711 castigat:

157 749 175 784 ι
213 734 322 789 Aut
367 734 724 804 improvisum
778 733 957 804 ignem
1011 733 1229 797 cadere,
1275 743 1366 787 aut
1405 731 1620 787 difﬁcile
1649 748 1753 788 non

156 825 410 895 credere,
459 826 693 896 vulgaris
739 826 944 881 erroris
993 834 1096 880 est.
1138 844 1156 877 ι
1194 823 1371 879 Multis
1412 834 1591 881 autem
1643 825 1756 880 lucc

163 918 397 974 obscura
437 918 695 973 videntur.
727 915 1089 983 Quamobrem
1125 915 1404 985 Rigaltius,
1433 926 1487 970 et
1536 915 1753 986 quidam

170 1010 264 1065 alii
318 1010 538 1065 duorum
566 1008 861 1065 verborum
916 1008 1357 1078 transpositione,
1399 1007 1477 1061 sic
1523 1010 1575 1061 in
1597 1006 1755 1062 editis

173 1114 412 1158 correcta
432 1102 586 1157 scribi
635 1101 961 1157 voluerunt:
997 1119 1016 1153 ι
1069 1100 1540 1171 Autimprovisnm
1579 1100 1753 1171 ignem

174 1194 405 1255 credere.
456 1203 549 1248 aut
598 1192 822 1249 difﬁcile
856 1207 963 1247 non
990 1191 1185 1248 cadere
1215 1193 1449 1263 vulgaris
1487 1192 1756 1263 opinionis

171 1295 264 1340 est.
299 1304 317 1336 ι
352 1285 606 1341 Ouzelius
654 1299 788 1341 vero
833 1285 994 1340 unius
1043 1285 1191 1340 verbi
1239 1284 1513 1339 additione
1554 1284 1758 1353 putavit

166 1381 410 1437 tuendum
437 1381 638 1436 debere
661 1381 734 1434 ita
758 1380 936 1436 sanari
974 1398 1032 1433 ε(
1073 1382 1181 1434 Aut
1205 1380 1551 1449 improvisum
1579 1380 1753 1447 ignem

177 1472 377 1539 cadere,
428 1483 522 1527 aut
570 1471 823 1527 sufﬁcere
862 1487 968 1527 non
1046 1472 1301 1537 credere,
1345 1472 1582 1542 vulgaris
1607 1486 1757 1526 erro-

182 1568 252 1623 ris
286 1577 385 1625 est.
420 1586 439 1618 ›
470 1566 576 1622 Sed
630 1582 931 1637 perperam,
974 1581 1037 1621 ac
1084 1576 1270 1621 contra
1330 1566 1489 1620 ﬁdem
1540 1579 1755 1621 manus-

200 1660 333 1729 cripti
366 1657 587 1723 codicis,
640 1673 703 1713 ac
753 1657 967 1713 Minucii
1016 1667 1272 1712 mentem.
1303 1656 1566 1714 Omnibus
1590 1659 1757 1729 siqui-

214 1750 315 1807 dem
350 1751 463 1804 satis
514 1761 737 1819 apertus
785 1759 871 1806 est
924 1751 1011 1806 hic
1061 1750 1202 1806 illius
1249 1750 1756 1822 sensus:Vulgaris

1860 558 2114 619 quantum
2152 550 2203 604 in
2256 550 2357 605 hoc
2382 550 2523 615 loco,
2555 565 2714 620 quem
2746 560 3055 621 corruptum
3093 564 3216 605 esse
3241 547 3445 612 volunt,

1860 642 2197 697 emendando
2256 642 2449 698 eruditi
2495 642 2593 697 viri
2638 656 2669 695 a
2718 656 2778 696 se
2832 640 3058 695 invicem
3110 640 3449 695 dissentiant.

1859 733 1991 788 Nam
2043 734 2256 804 quidam
2297 734 2632 788 retinendam
2685 740 2909 788 censent
2960 732 3309 800 manuscripti
3358 746 3452 787 co-

1859 826 1993 883 dicis
2034 828 2340 893 lectionem,
2394 827 2486 883 sed
2539 836 2659 897 post
2714 829 2828 880 hzec
2866 825 3064 881 verba:
3117 843 3135 877 ι
3199 833 3455 881 constans

1859 920 2044 989 opinio
2094 930 2207 989 est,
2257 940 2275 972 ι
2319 936 2438 991 qua?
2468 921 2538 976 ibi
2577 921 2995 989 subsequuntur,
3040 926 3312 988 tamquam
3358 930 3453 972 su-

1862 1013 2164 1083 perﬂuum,
2218 1013 2363 1084 quod
2409 1029 2477 1068 ex
2530 1013 2769 1078 margine
2840 1015 2890 1067 in
2951 1021 3152 1067 textum
3197 1010 3451 1080 irrepsit,

1859 1106 2282 1162 additamentum
2337 1106 2553 1177 penitus
2588 1107 2857 1176 rejicinnt.
2908 1104 3036 1159 Eam
3075 1111 3255 1159 autem
3304 1103 3455 1158 aiunt

1859 1213 1980 1255 esse
2028 1199 2243 1254 Minucii
2296 1208 2571 1255 mentem:
2622 1198 2797 1253 lentes
2843 1198 2954 1252 suis
2996 1196 3241 1252 dulcibus
3300 1195 3455 1267 aquis

1860 1310 1968 1350 non
2026 1294 2259 1365 amplius
2313 1294 2549 1349 nutrient
2590 1293 2754 1348 maris
2783 1306 2989 1363 aquas:
3040 1289 3134 1346 sed
3179 1288 3312 1344 illud
3356 1304 3455 1344 nu.

1864 1389 2014 1451 trire,
2046 1390 2160 1443 sive
2199 1388 2361 1443 maris
2402 1389 2821 1453 nutrimentum,
2864 1387 2939 1440 uti
2969 1385 3275 1443 Stoicorum
3326 1382 3449 1454 opi-

1860 1485 1951 1539 nio
1974 1493 2088 1551 est,
2116 1484 2168 1538 in
2199 1484 2361 1538 nivim
2390 1466 2527 1552 ignis
2569 1482 2768 1541 abibit.
2803 1495 2897 1537 seu
2947 1482 3069 1548 igne
3114 1478 3451 1534 conticietur.

1860 1576 1964 1632 Alii
2016 1577 2144 1631 nihil
2200 1577 2253 1631 in
2306 1585 2452 1631 textu
2485 1575 2830 1645 manuscripti
2880 1572 3104 1638 codicis,
3152 1571 3251 1626 nisi
3275 1570 3451 1624 dulces

1858 1686 2048 1741 aqum,
2095 1686 2189 1735 pro
2229 1669 2392 1723 dulcis
2416 1685 2571 1737 aqua,
2631 1664 3020 1722 immutandum
3087 1663 3451 1733 suspicantur,

1859 1776 2089 1832 eumque
2118 1776 2238 1816 esse
2266 1761 2501 1816 auctoris
2546 1762 2715 1814 nostri
2764 1774 3019 1813 sensum:
3078 1755 3314 1820 Nutrire,
3341 1753 3455 1807 sive

228 1845 389 1902 erroris
408 1852 475 1899 est
508 1843 740 1901 credere
786 1844 1141 1915 improvisum
1180 1846 1357 1915 ignem
1401 1860 1507 1900 non
1533 1845 1751 1913 cadere,

1916 1855 2228 1917 nrimenta,
2273 1868 2393 1923 qua:
2454 1850 2627 1908 fontes
2678 1860 2734 1906 et
2786 1850 2953 1905 maria
3007 1846 3145 1904 cmlo
3211 1844 3453 1912 debent,

230 1949 303 1995 aut
333 1940 374 1993 id
396 1953 496 1993 esse
522 1936 768 2004 difﬁcile,
817 1939 1071 1994 nimirum
1121 1938 1255 2005 Deo,
1292 1938 1383 2008 qui
1415 1938 1526 2008 pari
1572 1938 1757 2007 utique

228 2033 437 2098 facilitate,
465 2047 567 2102 qua
607 2033 790 2089 omnia
836 2035 1074 2099 creavit,
1108 2032 1198 2086 illa
1244 2040 1422 2102 potest
1446 2031 1752 2087 destruere.

217 2128 272 2181 At
303 2124 418 2180 banc
459 2139 578 2179 esse
652 2140 840 2181 veram
895 2124 1013 2194 ejus
1064 2135 1297 2180 mentem
1359 2124 1560 2194 liquido
1613 2132 1757 2194 patet

210 2233 265 2274 ex
322 2218 752 2289 subsequentibus
829 2218 998 2288 ipsius
1055 2218 1231 2273 verbis
1303 2228 1356 2273 et
1414 2228 1759 2288 argumenta-

209 2316 345 2369 tione.

265 2405 439 2462 Verum
499 2406 780 2463 enimvero
847 2406 1270 2478 propositionem
1312 2420 1485 2469 suam,
1535 2404 1619 2459 his
1671 2404 1760 2460 ille

198 2504 368 2571 probat
389 2507 746 2575 argumentis;
783 2521 846 2561 ac
869 2508 1041 2577 primo
1065 2507 1309 2577 quidem:
1348 2526 1367 2558 r
1394 2506 1526 2573 Quis
1548 2504 1760 2573 sapien-

203 2594 343 2663 tium,
388 2599 569 2668 inquit,
622 2599 831 2669 ignorat
898 2598 1077 2655 omnia
1122 2614 1241 2669 qua:
1282 2607 1398 2652 orta
1444 2606 1588 2662 sunt,
1620 2597 1760 2652 occi-

198 2685 338 2752 dere;
367 2704 477 2760 quze
525 2689 666 2746 facta
693 2700 839 2755 sunt,
871 2691 1127 2745 interire?
1153 2691 1359 2746 Caelum
1392 2705 1604 2760 quoque
1638 2706 1759 2744 cum

178 2780 437 2846 omnibus,
475 2797 596 2852 qua:
650 2783 791 2838 οωΙο
842 2782 1223 2847 continentur,
1257 2784 1327 2837 ita
1378 2794 1436 2837 ut
1487 2782 1758 2852 cmpisse,

157 2872 441 2931 desinere.
479 2895 499 2929 ι
540 2876 620 2932 lbi
667 2877 847 2948 procul
873 2876 1038 2931 dubio
1066 2878 1294 2932 indoctae
1322 2876 1595 2931 hominum
1626 2875 1763 2931 mulc

156 2966 384 3021 titudini
421 2971 645 3038 opponit
697 2969 993 3039 sapientes,
1040 2970 1155 3025 sive
1204 2985 1269 3024 eo
1312 2971 1532 3025 nomine
1581 2969 1759 3040 philo-

156 3059 373 3128 sophos
411 3059 676 3129 designet,
703 3062 841 3116 sivct
870 3062 1003 3116 alios
1031 3062 1316 3131 quoslibet,
1369 3063 1455 3132 qui
1498 3062 1761 3132 imperita:

159 3150 343 3219 plebis
370 3153 715 3222 opinionibus
752 3154 874 3207 duci
915 3169 974 3209 se
1017 3170 1123 3207 non
1155 3155 1448 3223 patiuntur.
1490 3153 1644 3208 Prius
1667 3169 1762 3207 au-

1861 1947 2061 2017 pariter
2103 1961 2226 2001 cum
2274 1946 2368 2000 illo
2412 1946 2464 2000 in
2510 1946 2615 1999 vim
2656 1945 2797 2014 ignis
2838 1942 3064 1997 abitura.

1932 2038 2036 2093 Sed
2074 2037 2409 2104 Gronovius,
2448 2036 2685 2108 explosis
2718 2036 2865 2089 hisce
2894 2033 3143 2088 omnibus
3172 2029 3454 2099 conjectu-

1861 2132 1967 2198 ris,
2016 2141 2167 2202 putat
2209 2130 2423 2185 Minucii
2467 2129 2647 2184 verbis
2676 2129 2856 2183 omnia
2886 2122 3304 2196 comprehendi,
3336 2136 3457 2191 qua:

1864 2226 2087 2295 triplicis
2113 2224 2432 2281 differentia:
2462 2233 2586 2281 sunt
2612 2266 2627 2290 ,
2660 2223 2927 2294 liquorum
2958 2235 3175 2293 genera.
3223 2218 3458 2287 Quamo-

1861 2318 2012 2373 brem
2046 2327 2247 2373 textum
2279 2319 2395 2388 ejus
2441 2318 2519 2373 sic
2565 2314 2943 2387 corrigendum
2991 2327 3114 2370 esse
3161 2311 3455 2382 opinatur:

1868 2427 1888 2461 ι
1908 2409 2365 2476 Fontium,dnlcis
2390 2424 2566 2480 aqum,
2595 2410 2760 2463 maris
2788 2408 3058 2462 nutrimen
3088 2404 3141 2459 in
3168 2404 3275 2459 vim
3318 2401 3457 2473 ignis

1863 2502 2151 2557 abiturum.
2178 2522 2197 2555 ›
2227 2501 2426 2557 Verum
2458 2512 2814 2573 praeterquam
2845 2500 2987 2569 quod
3035 2500 3150 2552 hrec
3189 2496 3457 2552 correctio

1863 2596 2181 2650 auctoritate
2212 2594 2356 2649 tmlla
2400 2595 2669 2650 stabilitur
2692 2635 2706 2657 ,
2735 2592 3007 2662 quodnam
3032 2632 3046 2654 ,
3079 2592 3306 2645 obsecro
3330 2630 3343 2652 ,
3373 2595 3459 2642 est

1863 2687 2013 2773 intes
2028 2688 2249 2743 fontium
2272 2697 2326 2742 et
2344 2686 2518 2741 dulcis
2543 2702 2694 2757 aqua:
2720 2686 3101 2740 nutrimentum
3126 2678 3456 2737 discrimen?

1936 2784 2006 2837 At
2050 2796 2208 2853 quam
2253 2781 2477 2836 obscura
2517 2790 2569 2836 et
2611 2779 2897 2836 emendatn
2949 2777 3185 2833 difﬁcilia
3217 2783 3342 2830 sunt
3369 2789 3459 2829 au-

1863 2876 2030 2931 ctoris
2070 2875 2236 2929 nostri
2276 2874 2470 2937 verba,
2503 2885 2609 2928 tam
2636 2883 2843 2928 certum
2876 2870 3118 2941 profecto
3143 2868 3356 2923 videtur
3387 2867 3453 2921 il-

1864 2970 1974 3025 lum
2000 2970 2066 3025 ad
2092 2969 2208 3025 inec
2230 2970 2531 3040 respexisse
2552 2968 2831 3025 Ciceronis
2855 2967 3052 3023 verba:
3083 2985 3102 3019 ι
3127 2964 3262 3022 Sunt
3285 2962 3458 3020 stella:

1865 3071 2051 3118 natura
2084 3062 2379 3117 ﬂammeae:
2413 3062 2666 3132 quocirca
2711 3071 2868 3117 terrm
2893 3102 2909 3127 ,
2952 3061 3120 3116 maris
3142 3101 3160 3129 ,
3197 3073 3457 3125 aquarum

1865 3155 2158 3226 vaporibus
2186 3155 2403 3209 aluntur
2429 3154 2525 3220 iis,
2557 3154 2649 3225 qui
2681 3169 2711 3209 a
2740 3154 2854 3208 sole
2879 3167 2945 3208 ex
2974 3150 3114 3221 agris
3142 3150 3421 3220 tepefactis
3441 3190 3455 3215 ,

162 3252 282 3297 tem
322 3241 536 3310 Cit-ero,
587 3245 851 3301 Velleium
902 3246 1221 3316 Epicureum
1274 3246 1353 3301 sic
1399 3246 1758 3317 disputantem
1787 3246 1832 3310 C
1865 3260 1920 3306 et
1946 3267 2010 3305 ex
2041 3251 2194 3321 aquis
2224 3252 2556 3307 excitantur.
2577 3288 2591 3303 .
2614 3288 2628 3303 .
2651 3288 2664 3303 .
2691 3250 2771 3305 Ex
2804 3265 2910 3319 quo
2937 3257 3253 3304 eventurum
3288 3246 3458 3301 nostri

159 3336 492 3393 induxerat:
537 3356 555 3390 ι
616 3339 769 3395 Hunc
812 3339 1166 3413 (Platonem)
1217 3356 1407 3396 censes
1453 3342 1660 3412 primis,
1705 3351 1762 3397 ut

160 3427 385 3494 dicitur,
419 3431 585 3487 labris
612 3443 856 3502 gustasse
874 3434 1261 3505 physiologiam
1283 3476 1296 3498 ,
1329 3434 1420 3505 qui
1446 3434 1757 3505 quidquam,

160 3525 309 3590 quod
358 3533 535 3579 ortmn
579 3527 670 3592 sit,
730 3537 880 3597 putet
922 3538 1180 3583 teternum
1239 3544 1357 3585 esse
1401 3530 1592 3598 pOSse?
1632 3530 1760 3596 anc

165 3626 253 3672 est
310 3620 450 3674 enim
499 3626 897 3693 coagmentatio
938 3639 1042 3679 non
1084 3625 1452 3680 dissolubilis?
1478 3626 1584 3680 Aut
1631 3624 1758 3696 quid

166 3723 277 3776 ρετ,
320 3715 469 3785 cujus
505 3717 827 3787 principium
874 3717 1073 3788 aliquid
1119 3720 1218 3784 sit,
1276 3718 1406 3773 nihil
1448 3719 1518 3772 sit
1579 3727 1760 3773 extre-

168 3802 359 3853 mum?
393 3822 411 3853 ι
451 3800 583 3875 (Cic.
620 3802 711 3857 lib.
755 3804 885 3857 nde
934 3802 1124 3858 Natur.
1164 3803 1322 3859 Deor.
1357 3820 1477 3874 pag.
1531 3803 1635 3859 198
1666 3804 1757 3857 lin.

173 3892 237 3946 31
278 3904 322 3947 et
364 3898 523 3968 seqq.)

249 3985 536 4058 Cyprianus
579 4007 710 4047 vero
757 3992 823 4047 ad
859 3993 1255 4050 Demetrianum
1298 3993 1486 4048 scribit
1528 3993 1663 4048 hanc
1696 3996 1762 4050 ab

184 4076 397 4146 ipsemet
443 4083 554 4140 Deo
596 4086 941 4141 constitutam
989 4101 1109 4143 esse
1161 4087 1351 4156 legem.
1397 4096 1600 4157 utqme
1643 4097 1761 4142 orta

192 4180 326 4237 sunt,
349 4178 517 4231 omnia
545 4177 817 4243 occidant,
847 4188 903 4234 et
945 4178 1234 4249 aliquando
1258 4180 1541 4233 liniantur:
1564 4198 1582 4229 ι
1613 4180 1759 4247 Hmc,

194 4259 379 4333 inquit,
411 4271 672 4326 sententia
703 4273 902 4327 mumlo
932 4273 1052 4326 data
1105 4282 1187 4328 est
1209 4314 1223 4337 ,
1271 4274 1384 4328 lucc
1417 4274 1509 4328 Dei
1540 4274 1622 4328 lex
1656 4284 1758 4337 est;

186 4362 256 4406 tit
295 4361 451 4412 omnia
498 4371 615 4416 orta
661 4364 934 4429 occidant,
981 4373 1035 4418 ct
1072 4374 1223 4418 aucta
1272 4377 1575 4428 senescant,
1601 4373 1655 4418 et
1684 4365 1760 4418 in-

187 4439 458 4503 ﬁrmentur
502 4455 679 4519 fortia,
735 4466 790 4509 et
841 4471 1028 4525 magna
1070 4457 1399 4522 minuantur,
1450 4465 1504 4511 et
1527 4472 1648 4511 cum
1682 4457 1761 4511 in-

202 4531 400 4595 ﬁrmata
449 4555 496 4599 et
537 4548 800 4603 diminuta
850 4549 1080 4613 fuerunt,
1137 4549 1407 4604 liniantur.
1445 4569 1463 4601 ι
1492 4549 1758 4620 (Cyprian.

1868 3342 2114 3413 (scilicet
2151 3342 2356 3413 Stoici)
2385 3352 2573 3413 putant
2604 3342 2656 3397 id
2675 3385 2689 3407 ,
2722 3342 2790 3397 de
2819 3356 2926 3412 quo
2956 3341 3253 3396 Pananium
3285 3338 3457 3394 addu-

1867 3436 2037 3492 bitare
2082 3436 2365 3502 dicebant;
2424 3444 2482 3490 ut
2526 3436 2592 3491 ad
2647 3447 2950 3493 extremum
3001 3436 3177 3491 omnis
3226 3434 3461 3490 mundus

1867 3529 2197 3600 ignesceret,
2222 3544 2367 3594 cum,
2398 3528 2622 3585 humore
2647 3538 2989 3600 consumpto,
3020 3543 3195 3598 neque
3224 3537 3365 3584 terra
3389 3527 3461 3583 ali

1866 3633 2084 3694 posset.
2116 3638 2291 3693 neque
2318 3633 2582 3679 remearet
2610 3640 2724 3688 aer,
2750 3623 2904 3694 cujus
2934 3631 3113 3691 ortus,
3145 3637 3282 3693 aqua
3312 3621 3460 3676 omni

1866 3715 2158 3777 exhausta,
2190 3730 2312 3770 esse
2343 3732 2447 3770 non
2481 3725 2683 3786 posset.
2725 3715 2801 3770 Ita
2830 3714 3061 3785 relinqui
3094 3713 3223 3769 nihil
3264 3723 3463 3786 pra=ter

1866 3806 2077 3878 ignem,
2110 3823 2140 3862 a
2183 3822 2290 3878 quo
2330 3823 2541 3863 rursum
2582 3808 2856 3863 animante
2895 3821 2959 3862 ac
2996 3806 3138 3870 Deo,
3178 3804 3464 3861 renovatio

1866 3899 2048 3955 mundi
2083 3900 2264 3965 fleret,
2296 3913 2456 3971 atque
2488 3901 2627 3956 idem
2660 3909 2882 3956 ornatus
2911 3902 3146 3956 oriretur
3180 3899 3198 3969 (
3229 3898 3339 3953 Cic.
3368 3897 3457 3953 lib.

1865 4009 1903 4048 ll
1962 3994 2026 4047 de
2074 3992 2264 4048 Natur.
2294 3992 2452 4049 Deor.
2483 4012 2606 4065 pag.
2634 3993 2773 4057 2'52,
2804 3995 2899 4048 lin.
2931 3994 2999 4048 l2
3035 4002 3084 4047 et
3109 4009 3243 4062 seqq.
3268 3991 3306 4064 ).
3336 3991 3493 4046 »Ὑί-ι

1865 4085 1961 4141 des
1991 4087 2132 4141 enim
2165 4086 2408 4157 qntedam
2440 4101 2506 4141 ex
2548 4087 2613 4140 iis
2642 4086 2819 4140 verbis
2859 4084 3048 4139 eadem
3096 4097 3253 4148 esse,
3305 4092 3465 4151 atque

1865 4182 2003 4251 apml
2036 4182 2323 4237 Minucium
2343 4224 2357 4245 ,
2390 4182 2481 4252 qni
2525 4180 2749 4251 proinde
2778 4194 2995 4235 sensum
3025 4178 3305 4234 Ciceronis
3337 4175 3463 4230 red-

1867 4273 1998 4328 dere
2031 4274 2218 4327 voluit.
2251 4274 2300 4327 ls
2332 4287 2461 4325 vero
2490 4287 2611 4325 esse
2649 4270 2895 4324 videtur:
2939 4269 3208 4323 neminem
3251 4268 3465 4338 sapien-

1869 4369 1997 4419 timn
2031 4367 2277 4435 ignorare
2306 4364 2536 4428 caelum,
2582 4377 2645 4416 ac
2672 4362 2885 4427 omnia,
2929 4376 3048 4430 qua:
3090 4362 3142 4414 in
3182 4375 3250 4415 eo
3291 4362 3465 4416 conti-

1867 4465 2085 4521 nentur,
2111 4464 2216 4509 tam
2245 4454 2387 4510 dulci
2416 4453 2674 4518 fontium,
2700 4468 2859 4521 quam
2890 4453 3050 4506 maris
3076 4466 3209 4522 aqua
3236 4454 3461 4518 nutriri;

1866 4547 2104 4618 illudque
2149 4548 2320 4617 ipsum
2365 4547 2597 4609 caelum,
2642 4560 2967 4617 omnemque
3008 4545 3299 4604 mundum.
3336 4559 3467 4601 con-

211 4632 283 4683 Gd
318 4633 506 4697 Drmelr.
558 4655 685 4698 tant.
737 4661 748 4698 I
797 4662 918 4715 pag.
979 4644 1123 4715 187).
1164 4644 1232 4698 Et
1260 4645 1375 4699 haec
1403 4646 1618 4714 quidem
1675 4640 2121 4711 illeDsumpto,
2170 4641 2244 4695 uti
2290 4641 2455 4698 Stoici
2501 4639 2876 4711 Opinabantur,
2930 4640 3190 4706 humore,
3243 4638 3295 4693 in
3345 4651 3464 4692 eam

204 4720 352 4784 fusius
382 4736 738 4805 prosequitur,
786 4751 905 4805 quae
934 4738 984 4790 in
1014 4737 1134 4807 ejus
1161 4736 1300 4791 libro
1328 4737 1506 4807 legere
1535 4738 1754 4806 poteris,

198 4817 333 4878 sicuti
355 4838 406 4882 et
442 4830 650 4884 infinita
681 4831 1069 4901 propemodum
1101 4831 1227 4896 alia,
1254 4832 1304 4884 in
1347 4831 1592 4887 eamdem
1644 4847 1757 4885 rem

194 4911 270 4966 ³1)
301 4922 400 4978 aliis
441 4926 801 4994 scriptoribus
857 4926 1071 4993 tradita,
1119 4942 1238 4995 qme
1281 4941 1422 4981 nunc
1465 4942 1758 4998 congerere

186 5005 311 5066 nihil
352 5033 570 5074 necesse
607 5031 711 5075 est.

257 5097 404 5164 Ροιτο
449 5122 629 5166 autem
706 5112 967 5167 Minucius
1016 5122 1200 5167 noster
1243 5112 1578 5166 verissimam
1609 5112 1755 5166 illam

173 5189 591 5277 gbristiannrttm
637 5204 705 5260 de
759 5205 942 5260 mundi
988 5206 1114 5269 fine,
1160 5204 1447 5275 futuroque
1502 5205 1643 5259 illius
1674 5206 1755 5257 iu-

162 5289 357 5351 (Ὲηάίο
393 5299 740 5363 sententiam,
790 5313 894 5352 non
949 5298 1111 5352 modo
1140 5296 1412 5352 communi
1458 5297 1757 5365 sapientum

141 5373 414 5445 Opinione
439 5389 762 5453 confirmat,
793 5390 887 5444 sed
914 5390 1269 5459 quorumdam
1299 5404 1511 5458 quoque
1544 5388 1756 5442 tametsi

293 5483 537 5553 ejusdem
569 5494 732 5538 sccttu
767 5482 1206 5553 philosophorum
1242 5482 1583 5538 testimoniis,
1632 5481 1760 5536 Ροει

110 5557 319 5647 {mu
337 5576 620 5632 enimvero
642 5591 673 5630 a
700 5575 859 5629 nobis
882 5576 1158 5643 superiora
1187 5576 1329 5629 illius
1376 5574 1536 5629 verba
1560 5615 1575 5635 ,
1622 5586 1756 5627 con-

88 5647 392 5725 ¹¹¹²δδιιρτ
420 5666 693 5737 subjecit:
723 5686 743 5719 ι
792 5666 1039 5722 Fontium
1070 5667 1209 5721 dulci
1238 5668 1367 5739 (ms.
1393 5666 1588 5736 dulcis)
1621 5680 1757 5735 aqua

56 5739 231 5775 "mm
250 5760 389 5819 ἵετο
421 5759 620 5815 nutriri
643 5758 770 5831 (ms.
788 5760 952 5813 maria
972 5756 1194 5829 nutrire)
1212 5760 1264 5813 in
1292 5761 1399 5814 vim
1416 5760 1554 5830 ignis
1579 5758 1756 5813 abitu-

80 5834 281 5907 Ἆχῇ
302 5892 320 5914 ,
369 5853 563 5909 Stoicis
611 5861 869 5906 constans
892 5851 1074 5921 opinio
1105 5861 1216 5917 est,
1246 5851 1386 5922 quod
1438 5859 1759 5919 consumpto

1862 4735 2004 4791 unde
2046 4742 2319 4804 coeperat,
2362 4733 2469 4787 vim
2516 4733 2655 4803 ignis
2695 4731 2988 4787 abiturum.
3030 4731 3085 4785 Si
3117 4729 3243 4800 quid
3289 4741 3465 4783 tamen

1861 4827 2054 4893 aliquis
2080 4828 2282 4881 certius
2312 4827 2579 4896 proferat,
2614 4822 2740 4879 huic
2771 4838 2879 4879 non
2912 4821 3319 4887 refragabimnr.

1937 4919 2010 4973 De
2040 4918 2139 4972 hoc
2167 4927 2346 4979 autem
2375 4916 2681 4973 Stoicorum
2712 4915 2929 4984 placito,
2962 4921 3158 4981 praeter
3186 4910 3466 4967 laudatum

1861 5028 1892 5067 a
1920 5012 2075 5067 nobis
2104 5011 2439 5075 Ciceronem,
2458 4989 2617 5065 Philo
2650 5009 2765 5063 lucc
2790 5007 3007 5076 scriptis
3036 5006 3291 5060 tradidit:
3326 5014 3388 5061 Οἱ
3419 5011 3469 5061 δὲ

1860 5108 2060 5161 Στωϊκοὶ
2084 5108 2255 5171 damn
2280 5112 2382 5166 ἱνα,
2408 5111 2620 5173 ’γενξσιως
2650 5100 2690 5152 δ’
2712 5105 2861 5155 αὐτοῦ
2879 5106 2994 5153 Θεὸν
3022 5108 3202 5161 diu“,
3223 5105 3394 5167 φθοθᾶς
3414 5102 3463 5152 δὲ

1859 5206 2034 5265 μηκέτι
2054 5206 2171 5252 Θεὸν
2188 5239 2201 5261 ,
2223 5202 2349 5251 ἀλλὰ
2376 5206 2463 5251 τὶν
2493 5200 2798 5262 ὑπάρχουσαν
2832 5199 2878 5246 ἰν
2905 5196 3005 5251 τοῖς
3035 5190 3136 5244 οὖσι
3161 5200 3311 5260 πυρός
3341 5195 3468 5244 sitta-

1852 5301 2012 5359 μὲτου
2042 5296 2256 5357 ﬁbulam,
2292 5294 2462 5359 χρὲνων
2501 5291 2714 5356 μικραῖς
2759 5288 2992 5354 περιὸδςιις
3023 5324 3040 5350 ,
3072 5286 3368 5337 declinans
3406 5288 3469 5339 τὰ,

1858 5393 2019 5442 πάντα.
2043 5389 2109 5445 sic
2137 5392 2330 5446 ἑαυτσὶν,
2364 5389 2413 5447 ἐξ
2437 5386 2492 5443 ἧς
2522 5387 2666 5433 πάλιν
2692 5377 2754 5431 αὖ
2776 5381 3078 5444 ἀναγεννησιν
3103 5381 3277 5446 κόσμου
3304 5381 3468 5432 ἵστασ-

1861 5488 1944 5533 θιι
1970 5491 2029 5551 τῇ
2058 5485 2323 5548 προμηθε¹ᾳ
2351 5481 2433 5530 rei;
2474 5482 2708 5541 τεχνίτου.
2745 5488 2763 5520 ι
2793 5470 2959 5525 Stoici
3000 5485 3162 5522 unum
3206 5468 3465 5523 mundum

1864 5578 2151 5632 asserunt,
2180 5576 2235 5620 et
2270 5567 2432 5620 Deum
2464 5572 2741 5617 auctorem
2769 5563 2889 5631 ejus
2914 5560 3316 5630 generationis;
3346 5575 3468 5615 (or-

1862 5662 2131 5732 ruptionis
2161 5675 2288 5713 vero
2319 5674 2423 5713 non
2459 5658 2584 5713 item
2620 5658 2783 5711 Deum
2804 5697 2817 5719 ,
2851 5656 2945 5710 sed
2992 5655 3314 5710 indefessam
3360 5656 3466 5709 vim

1862 5756 2034 5826 ignis,
2062 5754 2222 5808 rebus
2244 5752 2458 5806 insitam
2481 5792 2495 5816 ,
2524 5759 2645 5819 post
2671 5749 2856 5819 longas
2881 5759 3181 5815 temporum
3207 5747 3464 5816 ambages

1862 5848 2269 5916 absmnpturam
2289 5886 2302 5909 ,
2327 5852 2382 5899 et
2407 5844 2460 5897 in
2491 5852 2664 5899 semet
2689 5849 3012 5896 mutaturam
3038 5838 3218 5895 omnia
3236 5879 3251 5906 ,
3275 5853 3339 5893 ex
3363 5853 3466 5911 qua
