3818 6282
422 390 529 456 47ἒὶ

1622 361 1633 383 ’
1716 377 1800 435 DE
1842 373 2099 432 MINUCII
2138 370 2438 430 OCTAVIO
3534 385 3601 443 ηδ

426 515 606 573 denuo
638 509 891 569 mundum
920 505 1336 564 instauraturam
1366 496 1586 570 Opiﬁc‘ts
1629 494 2020 567 providentiam
2049 496 2103 557 Α
2128 490 2289 547 modo
2320 490 2580 560 Epicurus
2609 485 2693 543 vel
2726 484 2842 556 ejus
2870 492 3162 542 sectatores
3192 486 3416 546 mundum
3439 495 3606 558 interior
3700 498 3701 539 Τ

431 608 450 681 (
476 608 642 661 Philo.
669 605 755 659 lib.
784 602 932 667 Quod
954 615 1094 653 num.
1119 599 1184 650 sit
1205 602 1458 665 corrupt.,
1483 608 1604 663 pag.
1627 589 1812 658 940).»
1837 587 2032 642 Postea

432 679 612 755 tamen
642 694 867 764 adjecit:
905 711 924 744 ‹
957 689 1192 745 Boethus
1213 729 1227 749 .
1262 684 1612 742 Possidonius
1644 691 1698 736 et
1728 679 2023 741 Panaetius,

431 794 533 848 viri
574 791 751 845 Stoica
795 784 1036 843 doetrina
1070 781 1421 837 valentissimi
1446 820 1460 845 ,
1498 788 1766 845 tamquam
1799 771 2033 840 correpti

432 886 686 948 numine,
739 880 956 934 omissis
1005 874 1377 933 exustionibus
1421 881 1475 926 et
1518 865 2028 929 instaurationibus,

435 978 839 1046 transfugerunt
865 973 933 1028 ad
959 972 1194 1027 divinius
1222 970 1288 1023 de
1318 964 1822 1035 incorruptibilitate
1848 958 2032 1015 mttndi

434 1077 710 1145 placitum.
744 1090 762 1122 ι
798 1078 918 1140 Πρὸς
946 1076 1177 1137 θειότερον
1215 1069 1399 1133 δόγμα,
1443 1069 1497 1116 τὸ
1542 1074 1626 1121 τῆς
1657 1060 1922 1129 ἀφθαρσίας
1954 1059 2036 1108 τοῦ

437 1174 614 1237 κόσμου
646 1174 818 1224 παντὸς
838 1203 853 1229 ,
887 1163 1236 1229 αὐτομόλησαν.
1285 1157 1533 1209 Animum
1566 1161 1743 1204 autem
1767 1189 1779 1212 ,
1814 1160 1996 1216 ψιωδο
2021 1186 2034 1210 ,

438 1264 689 1318 advertas
717 1277 784 1315 an
819 1260 901 1315 his
944 1259 1121 1313 verbis
1159 1252 1464 1309 conﬁrmari
1514 1251 1717 1319 possit,
1767 1244 1906 1315 quod
1954 1244 2036 1298 di-

438 1362 583 1411 clunt
613 1372 642 1408 ιι
669 1354 930 1410 Cicerone
953 1349 1186 1404 vidimus
1207 1387 1220 1409 ,
1251 1360 1356 1399 non
1384 1343 1673 1418 l’ana'tittm
1703 1340 1873 1391 solum
1900 1378 1914 1398 ,
1946 1339 2041 1389 sed

442 1448 576 1503 alios
598 1448 759 1501 etiam
792 1443 1002 1498 Stoicos
1022 1439 1370 1495 addubitasse
1393 1446 1568 1488 utrum
1597 1448 1719 1486 vt-ra
1745 1440 1885 1484 esset
1910 1428 2037 1481 alio-

442 1552 561 1595 rum
594 1539 856 1595 sodalium
883 1550 1101 1590 suorum
1129 1532 1195 1585 de
1221 1530 1402 1585 futuro
1432 1527 1612 1580 mundi
1647 1523 1895 1578 incemlio
1921 1536 2044 1575 sen-

447 1635 632 1687 tentia.
664 1631 768 1687 Sed
797 1628 1027 1684 Minucio
1055 1633 1243 1680 nostro
1273 1624 1411 1676 hanc
1436 1622 1593 1690 longe
1622 1618 1850 1684 plurium
1882 1615 2046 1670 fuisse

444 1724 766 1779 sulliciebat.
803 1718 1014 1775 Videsis
1045 1719 1096 1772 in
1137 1716 1357 1770 citatum
1395 1710 1671 1768 Ciceronis
1713 1710 1885 1764 locum
1921 1708 2047 1762 Les-

445 1815 719 1886 calopierii
744 1812 1153 1867 observationes
1172 1849 1187 1873 ,
1211 1817 1265 1861 ct
1285 1805 1534 1875 Origenis
1555 1803 1811 1856 adversus
1830 1799 2044 1856 Celsum

2136 600 2252 639 rum
2283 583 2545 646 dixerint,
2595 589 2774 635 utrum
2813 594 2977 649 aqua,
3018 595 3085 634 an
3116 581 3262 649 igne,
3289 592 3370 637 aut
3390 596 3604 651 atomorum

2136 674 2663 746 corpusculorumve,
2701 674 2836 728 sicut
2875 672 3177 726 Lactantius
3211 673 3307 737 ait,
3332 676 3606 757 dissolutione,

2139 769 2220 822 vel
2272 782 2459 822 eorum
2511 764 2797 829 conﬂictu,
2852 777 2914 817 ac
2961 764 3400 836 percussionibus.
3443 781 3611 842 quemad-

2140 859 2354 914 tnodum
2384 858 2536 913 Philo
2565 858 2649 911 his
2674 856 2937 927 signiﬁcat
2962 856 3026 910 de
3056 856 3369 921 Democrito,
3394 870 3438 914 ct
3459 863 3611 934 Epicuro
3700 856 3701 927 ἓ

2138 953 2317 1007 verbis
2354 969 2367 1005 :
2400 959 2605 1011 Ποὶὶωῖις
2633 954 2831 1019 κὸσμθυς
2856 955 3198 1020 ὕπογράγυυσιν
3215 989 3230 1011 ,
3256 954 3311 1004 ὧν
3334 964 3409 1012 τήν
3424 964 3492 1022 μιν
3508 966 3613 1024 γένεσι,

2140 1052 2511 1107 ainant-utri“;
2531 1084 2545 1108 ,
2577 1047 2657 1097 καὶ
2689 1045 2971 1102 intricaret};
3001 1047 3189 1109 ἀτόμων
3214 1044 3482 1110 ἀνατιθέασι,
3510 1065 3566 1111 τὴν
3589 1060 3614 1109 ἃ

2141 1141 2317 1208 φθορὰν
2344 1139 2642 1201 ἀνταὺπαῖς,
2672 1139 2754 1188 καὶ
2779 1138 3073 1189 ἀποστάσεσι
3097 1152 3183 1190 τῶν
3204 1139 3443 1205 γεγονότων.
3468 1142 3616 1202 ιέιΙιιΙιιις

2146 1227 2375 1281 mundos
2424 1228 2798 1297 imaginantur,
2829 1242 3055 1297 qum-um
3100 1230 3464 1295 generationem
3502 1238 3617 1295 catilli-

2145 1318 2467 1373 ctationihus
2486 1327 2539 1372 et
2565 1320 2986 1373 connexionihns
3008 1327 3299 1372 atomorum
3326 1321 3619 1389 tribuuntur.

2148 1412 2447 1478 rnptionem
2482 1410 2920 1480 percussionihus
2949 1419 3003 1464 et
3034 1409 3616 1483 tlissultibus(Pliilon.,lil.
3700 1402 3701 1469 ὲ

2152 1502 2302 1570 Quod
2330 1504 2506 1556 mund.
2537 1504 2602 1557 sit
2626 1504 2935 1573 iucorrupt.,
2965 1520 3087 1573 pag.
3114 1502 3273 1577 940).
3299 1522 3316 1556 ι
3345 1504 3500 1562 Multos
3520 1514 3622 1567 cnim.

2149 1614 2280 1653 vero
2312 1599 2540 1652 mundos
2581 1598 2625 1651 si
2669 1599 2831 1652 variis
2874 1597 3096 1666 hujusce
3135 1597 3273 1651 modi
3310 1597 3623 1661 conﬂictionibus

2150 1708 2213 1747 ac
2241 1693 2677 1764 percnssionibus
2707 1691 2983 1760 corrumpi
3015 1704 3171 1759 posse
3200 1690 3435 1759 Epicurus
3465 1708 3623 1751 annum.

2152 1788 2264 1851 vit,
2289 1802 2383 1840 cur
2409 1803 2512 1839 non
2542 1796 2593 1840 et
2621 1785 2842 1839 omnes?
2868 1782 3177 1839 Cassendns
3202 1790 3365 1837 tamen
3388 1785 3625 1844 verisimilius
3700 1782 3701 1857 l

447 1872 868 1978 disputationem
900 1902 921 1975 (
948 1903 1095 1971 Orig.
1130 1872 1220 1956 lib.
1253 1916 1307 1954 v.
1335 1872 1499 1952 contr.
1537 1896 1670 1950 Cels.
1705 1912 1824 1965 pug.
1858 1893 1963 1948 244
1990 1891 2008 1964 )
2031 1935 2046 1960 ,
2079 1896 2125 1955 Β
2154 1882 2405 1950 υρίηωυτ
2446 1878 2591 1932 illum
2634 1877 2884 1931 (Ῑυθυίδεθ
2923 1874 3183 1930 "immuni
3213 1872 3345 1929 hunc
3370 1874 3494 1944 isne.
3517 1890 3626 1949 υτιιῡιι
3700 1878 3701 1887 “

448 2015 512 2056 ac
540 2016 601 2054 ea
632 2002 794 2053 etiam
815 2036 832 2063 ,
875 1996 922 2051 si
953 1994 1121 2059 velis,
1152 2008 1270 2062 qua:
1299 2007 1330 2046 a
1363 1989 1517 2044 nobis
1547 1990 1601 2042 in
1629 1988 1894 2057 superiori
1936 1989 2050 2056 Ap-

447 2105 665 2167 paratus
687 2094 851 2149 nostri
881 2101 1025 2146 tomo
1051 2090 1332 2145 observata
1359 2094 1481 2140 sunt
1514 2083 1702 2155 (Tom.
1728 2082 1767 2136 Ι.
1796 2082 2045 2152 Apparet.

449 2192 540 2245 lib.
575 2206 668 2253 ut,
701 2189 902 2243 dissert.
932 2186 968 2239 2
997 2200 1110 2254 cap.
1149 2183 1232 2236 16.
1270 2189 1370 2236 art.
1408 2181 1460 2244 l,
1493 2190 1613 2249 pag."
1652 2176 1846 2246 lll7).

522 2283 708 2353 Neque
734 2298 896 2353 porro
925 2279 1063 2334 hanc
1092 2274 1356 2332 Minucius
1387 2282 1570 2326 noster
1595 2270 1899 2325 Stoicorum
1931 2276 2050 2322 lan-

453 2376 732 2434 tummodo
772 2375 841 2431 de
874 2375 1267 2431 elementorum
1308 2365 1727 2437 conﬂagratione
1747 2404 1761 2428 ,
1789 2372 1841 2417 et
1869 2363 2051 2417 mundi

458 2471 613 2526 ruina
639 2484 762 2524 esse
789 2468 1095 2538 opinionem
1125 2464 1357 2527 asserit;
1387 2460 1481 2516 sed
1512 2462 1673 2514 etiam
1704 2476 1722 2509 ι
1750 2457 2050 2527 Epicureis,

454 2564 662 2634 inquit,
693 2562 880 2618 eadem
913 2560 1027 2630 ipsa
1058 2556 1328 2615 sententia
1355 2562 1457 2610 est.
1490 2571 1510 2605 ι
1548 2550 1736 2608 Utrum
1768 2560 1947 2606 autem
1981 2550 2052 2604 ibi

452 2658 519 2713 de
549 2656 831 2723 omnibus,
863 2655 944 2711 vel
983 2654 1051 2709 de
1086 2650 1406 2723 quibusdam
1451 2648 1733 2703 dumtaxat
1778 2645 2053 2739 Epiinreis

456 2749 835 2821 intelligendus
864 2748 969 2811 sit,
999 2756 1054 2802 et
1084 2755 1261 2801 utrum
1311 2743 1601 2813 Epicurum
1645 2756 1673 2793 τι
1721 2750 2055 2810 praeceptore

451 2859 553 2900 suo
583 2843 921 2907 Democrito,
952 2839 1001 2894 id
1028 2839 1304 2907 accepisse
1328 2833 1637 2893 crediderit,
1667 2847 1772 2886 non
1802 2830 2055 2885 minimus

455 2935 614 2990 datur
638 2933 918 2989 dubitandi
950 2932 1119 2986 locus.
1166 2928 1246 2983 Ad
1279 2926 1593 2998 Pythoclem
1625 2924 1908 2978 enimvero
1940 2924 2056 2977 hac

455 3027 717 3096 Epicurus
747 3025 963 3093 scripsit
993 3023 1011 3092 (
1041 3020 1194 3091 Apud
1221 3020 1395 3072 Luert.
1430 3016 1518 3070 lib.
1550 3032 1610 3079 χ,
1649 3014 1677 3086 §
1710 3013 1813 3087 88)
1847 3016 1900 3069 in
1928 3031 2054 3070 ver-

453 3119 551 3173 ba:
582 3121 765 3186 Κόσμος
794 3119 894 3172 ἰπὶ
926 3128 1130 3185 περιοχή
1161 3135 1235 3171 τις
1265 3113 1490 3179 οὐρανοῦ,
1522 3113 1677 3177 ἄστρα.
1703 3127 1754 3162 τε
1786 3110 1869 3161 καὶ
1898 3112 2057 3162 πάντα

453 3214 716 3281 φαινόμενα,
746 3217 1064 3279 περιέχουσα,
1098 3210 1346 3268 ἀποτομὴν
1375 3208 1548 3267 ἔχευα-α
1578 3204 1679 3253 ἀπὸ
1707 3205 1793 3254 rei}
1819 3206 2049 3267 ἀπείρου,

2156 1974 2366 2029 Caeteris
2412 1973 2660 2027 omnibus
2708 1970 2993 2025 elementis
3039 1971 3206 2039 magis
3241 1976 3464 2034 actuosa,
3496 1974 3626 2040 penitus

2154 2068 2565 2123 ahsumendnm.
2611 2065 2977 2139 (Gussendus,
3017 2062 3213 2135 Synlag
3260 2062 3626 2136 Philosophiae

2158 2160 2184 2233 §
2217 2160 2252 2214 2
2276 2203 2291 2225 ,
2321 2176 2438 2228 cap.
2473 2160 2525 2225 7,
2559 2169 2681 2213 tom.
2728 2174 2784 2213 ιιι
2807 2196 2822 2220 ,
2863 2173 2984 2228 pag.
3017 2156 3087 2211 32
3116 2156 3159 2225 ).
3198 2157 3265 2209 At
3300 2155 3344 2209 si
3379 2156 3505 2209 citata
3536 2159 3628 2226 paulo

2156 2266 2281 2309 ante
2307 2270 2335 2306 a
2367 2253 2523 2307 nobis
2552 2250 2788 2307 auctoris
2818 2250 2988 2304 nostri
3036 2248 3197 2303 verba
3234 2256 3319 2301 aut
3354 2247 3547 2317 legisset,
3572 2260 3624 2304 aut

2155 2364 2213 2401 se
2240 2345 2532 2414 aliquando
2563 2345 2756 2414 legisse
2785 2342 3151 2407 meminisset,
3184 2349 3375 2409 poterat
3398 2342 3540 2409 procul
3566 2342 3622 2395 du-

2157 2440 2245 2493 bio
2277 2438 2361 2493 illa
2392 2439 2443 2491 in
2476 2438 2801 2505 conjectttrte
2848 2450 2961 2491 sua:
3013 2433 3154 2489 haud
3198 2447 3401 2504 prorsus
3438 2432 3626 2488 invalidam

2154 2533 2398 2604 proferre
2424 2531 2911 2587 conﬁrmationem.

2226 2628 2387 2684 Venit
2413 2637 2684 2696 postremo
2705 2623 2965 2678 Minucius
2988 2622 3063 2677 ad
3088 2621 3379 2687 Platonem,
3399 2621 3495 2691 qui,
3511 2620 3627 2690 utitst

2156 2720 2357 2777 refert:
2396 2739 2413 2771 r
2447 2719 2705 2788 Loquitur
2726 2718 2876 2773 Plato
2921 2726 3107 2787 partes
3140 2715 3280 2770 orbis
3312 2729 3431 2768 nunc
3460 2713 3628 2768 inundare

2155 2812 2285 2866 dicit
2319 2832 2338 2864 ι
2371 2812 2506 2881 (sed
2538 2810 2638 2865 hoc
2666 2811 2909 2865 ultimum
2951 2808 3183 2863 vet-hum
3220 2806 3438 2878 quidam,
3468 2816 3535 2860 aut
3559 2806 3628 2874 reji-

2155 2904 2428 2967 ciunt,aut
2456 2906 2708 2968 retinent,
2740 2903 2783 2956 si
2816 2913 2934 2971 post
2969 2900 3148 2962 Pluto.
3176 2898 3422 2967 addatur),
3448 2916 3461 2949 t
3487 2907 3526 2951 et
3546 2911 3627 2951 nunc

2156 2998 2379 3052 alternis
2420 2997 2625 3051 vicibus
2666 2994 2983 3059 ardescere;
3036 3003 3092 3047 et
3129 3007 3247 3047 cum
3285 2991 3433 3061 ipsum
3464 2988 3627 3043 mundum

2160 3100 2504 3159 perpetuum,
2539 3100 2594 3144 et
2636 3087 2979 3142 instilubilem
3008 3085 3224 3139 diceret
3251 3098 3361 3138 esse
3388 3080 3623 3139 fabricatum.

2157 3181 2301 3237 addit
2345 3192 2522 3235 tamen
2568 3180 2664 3247 ipsi
2707 3177 2898 3232 artiﬁci
2942 3178 3058 3232 Deo
3099 3175 3235 3239 soli,
3274 3184 3320 3230 et
3349 3173 3628 3235 solubilem,et

456 3263 469 3281 ῐ
492 3263 497 3264 ⁷
806 3263 816 3279 ι
885 3263 914 3276 ιι
1054 3263 1064 3270 ι
1253 3263 1262 3268 -
1399 3263 1429 3267 --
1938 3263 1946 3267 _

456 3306 538 3358 καὶ
571 3310 908 3365 καταλήγουσα
946 3306 990 3352 ἰν
1035 3304 1240 3366 πέρατι,
1275 3301 1304 3353 ἢ
1335 3297 1523 3363 ἀραιῷ,
1572 3297 1601 3352 ἦ
1652 3301 1827 3359 πυκνῷ.
1873 3293 1956 3342 καὶ
1997 3291 2052 3343 οὗ

2158 3294 2277 3333 esse
2304 3277 2605 3332 mortalem.
2641 3274 2717 3329 lta
2751 3273 2884 3327 nihil
2914 3272 3114 3326 mirum
3146 3280 3258 3335 est,
3286 3270 3326 3324 si
3356 3269 3438 3322 ista
3462 3266 3569 3320 moles
3584 3263 3625 3316 ab

459 3395 712 3459 lue/1.5209,
741 3396 899 3444 πάντα.
918 3402 978 3443 τά
1006 3393 1050 3441 ἰν
1079 3393 1207 3454 ἀντῷ
1233 3393 1457 3453 σύγχυσιν
1484 3390 1753 3449 litabatur...
1785 3387 1829 3435 ἕν
1855 3384 1889 3434 ὧ
1917 3388 2054 3452 Atye»

461 3491 543 3539 οὒκ
573 3494 672 3539 ἔστι
700 3489 1007 3538 κατιλιϐιῖν.
1046 3501 1065 3534 ι
1088 3479 1317 3535 Mundus
1345 3488 1428 3534 est
1456 3476 1577 3531 creti
1606 3476 1848 3547 quaedam
1877 3476 2052 3529 conti-

461 3577 677 3643 nentia,
712 3576 932 3641 stellas,
964 3584 1019 3629 et
1060 3583 1290 3639 terram,
1332 3584 1388 3627 et
1426 3587 1547 3641 quae
1590 3569 1834 3624 videntur
1876 3568 2053 3622 omnia

460 3670 772 3731 continens,
816 3669 1310 3739 abscissionemque
1346 3682 1414 3722 ex
1452 3665 1659 3720 inlinito
1690 3663 1927 3729 habens,
1971 3672 2052 3717 at-

469 3776 575 3831 que
604 3762 653 3814 in
688 3760 917 3815 termino
946 3760 1200 3815 desinens
1228 3761 1343 3813 sive
1371 3773 1495 3813 raro
1517 3797 1531 3824 ,
1564 3756 1678 3811 sive
1716 3755 1915 3810 denso:
1949 3769 2057 3825 quo

462 3856 669 3919 Soluto,
699 3871 818 3926 qum
848 3856 900 3909 in
931 3855 1022 3910 illo
1063 3864 1188 3909 sunt
1232 3855 1408 3906 omnia
1431 3894 1446 3919 ,
1492 3849 1864 3906 confusionem
1912 3850 2055 3903 acci-

464 3949 646 4018 pient:
679 3957 770 4001 aut
799 3947 1082 4012 desinens,
1113 3956 1204 4000 attt
1243 3946 1294 3999 in
1334 3960 1427 4013 eo,
1472 3944 1612 4014 quod
1654 3942 2054 4007 circumagitur,

463 4050 557 4096 aut
587 4043 636 4095 in
664 4058 763 4107 eo,
789 4039 931 4110 quod
958 4039 1304 4094 stabilitatem
1334 4036 1526 4091 habet.
1548 4074 1561 4088 .
1582 4074 1595 4088 .
1620 4073 1633 4088 .
1663 4035 1714 4087 in
1742 4049 1850 4102 quo
1879 4032 2061 4095 termi-

464 4150 591 4190 num
642 4133 1102 4199 comprehendere
1148 4134 1453 4202 nequimus.
1483 4149 1502 4183 ι
1528 4127 1850 4184 Plutarchus
1894 4142 2057 4191 vero,

462 4227 612 4295 cujus
641 4226 906 4282 Eusebius
936 4226 1097 4281 verba
1127 4226 1342 4293 retulit,
1378 4224 1492 4278 lucc
1524 4231 1708 4278 ttarrat
1739 4223 1789 4275 in
1821 4219 2062 4275 secundo

462 4321 530 4376 tle
568 4320 784 4375 Placitis
837 4320 1279 4390 philosophorum
1331 4318 1500 4372 libro:
1549 4323 1808 4383 Επίκουρος
1852 4320 2062 4385 φθαρτὸν

465 4411 678 4487 (κόσμον)
708 4420 782 4469 ὅτι
805 4423 985 4485 ⁵μικτόν
1006 4454 1018 4476 ,
1048 4419 1107 4476 ὣς
1134 4423 1279 4478 ςῶιν,
1309 4419 1368 4473 ὡς
1397 4419 1558 4483 φυτὸν.
1594 4428 1610 4461 1
1636 4407 1895 4476 Epicurus
1924 4404 2064 4475 peri-

466 4514 645 4561 turum
668 4548 680 4569 ,
707 4504 842 4559 dixit
871 4503 1201 4576 (mundum)
1230 4503 1349 4571 quia
1378 4502 1590 4571 genitus
1617 4501 1686 4553 sit
1705 4540 1718 4558 ,
1749 4507 1803 4551 ut
1830 4498 2065 4551 animan-

467 4605 608 4664 tem,
653 4606 709 4651 et
750 4597 985 4665 plantam
1030 4592 1350 4664 (Plutarch.
1395 4592 1483 4646 lib.
1531 4606 1569 4646 ιι
1600 4592 1663 4644 tle
1693 4589 1881 4644 Plucit.
1922 4588 2063 4644 Phil.

2158 3387 2255 3436 eo,
2287 3387 2393 3439 quo
2422 3379 2663 3423 extructa
2692 3376 2807 3432 est,
2839 3365 3175 3420 destruatur.
3204 3381 3222 3414 ι
3254 3362 3358 3416 Duo
3383 3360 3439 3413 ibi
3464 3357 3626 3411 Minucius

2157 3482 2184 3519 a
2214 3465 2439 3520 Platone
2468 3475 2675 3516 ttSS:'t‘la
2708 3467 2908 3514 narrat.
2938 3452 3128 3512 Primo
3156 3454 3395 3511 mundum
3415 3466 3439 3504 a
3459 3448 3626 3504 Decline

2158 3557 2438 3614 solubilem
2469 3574 2486 3608 ι
2518 3563 2792 3620 creatum,
2825 3550 2917 3606 sed
2949 3551 3025 3604 ita
3052 3560 3229 3603 tamen
3256 3555 3310 3601 ut
3332 3547 3390 3600 ali
3412 3542 3483 3597 illo
3500 3539 3626 3594 soluet

2158 3653 2358 3708 destrui
2391 3650 2581 3722 possit.
2618 3645 2870 3704 Secundo
2912 3655 3100 3714 partes
3138 3639 3316 3697 mundi
3352 3634 3521 3692 alternis
3547 3630 3624 3683 tici-

2162 3746 2258 3798 lms
2282 3783 2297 3805 ,
2330 3754 2419 3796 aut
2451 3741 2741 3804 inundare,
2773 3739 2824 3791 id
2854 3744 2938 3791 est
2957 3778 2972 3804 ,
3002 3736 3162 3807 aquis
3187 3733 3367 3800 obrui,
3394 3738 3463 3783 aut
3484 3722 3625 3780 tardes-

2160 3854 2317 3903 cerc,
2349 3856 2368 3888 ι
2402 3839 2503 3889 hoc
2535 3845 2617 3889 cst
2648 3837 2769 3903 igne
2796 3830 3160 3887 concremari.

2235 3931 2303 3983 At
2355 3927 2586 3998 primum
2631 3925 2846 3995 quidem
2881 3924 3035 3979 Plato
3066 3919 3390 3991 apertissime
3415 3911 3544 3972 edixit:
3566 3917 3623 3966 Δϊ

2164 4030 2379 4092 λούμενος
2396 4020 2475 4077 οὖν
2501 4029 2692 4093 ἄριστον
2718 4030 2927 4088 γέννημα
2954 4042 3131 4084 πολιν,
3162 4028 3321 4074 τοῦτον
3347 4020 3468 4069 ἐποίει
3487 4015 3629 4067 Θεὰννεν

2161 4130 2319 4183 νητὸν,
2350 4125 2532 4173 eiii-tend.
2558 4106 2902 4189 ᾳθέιρησόμενον
2932 4115 3012 4170 ὑπ’
3042 4117 3174 4184 ἄλλῳ
3198 4116 3336 4181 αἰτίῳ
3364 4150 3376 4173 ,
3401 4116 3470 4173 ἔξω
3486 4114 3533 4171 τᾷ
3548 4103 3627 4151 αῧτδτ

2165 4220 2519 4281 σηντεταγμένῳ
2548 4219 2649 4281 Θεᾷ
2669 4251 2685 4277 ,
2718 4219 2891 4266 cirroth
2929 4214 3097 4272 δήλετο
3136 4212 3277 4264 ιιῦτὸν
3311 4207 3499 4258 auditu.
3523 4192 3626 4246 (cum

2168 4308 2327 4377 igitur
2379 4308 2517 4362 Deus
2565 4306 2726 4360 vellet
2776 4304 3199 4375 pulcherrimum
3245 4302 3437 4361 limum,
3470 4284 3625 4346 mtiliti“

2168 4401 2503 4473 producere,
2549 4399 2690 4453 hunc
2728 4397 2908 4453 eﬂ‘erit
2953 4398 3119 4452 Deum
3160 4395 3412 4461 genitum.
3446 4390 3628 4450 numquam

2169 4494 2620 4564 corrumpendum
2650 4493 2718 4548 ab
2747 4494 2850 4547 alia
2881 4507 3075 4560 causa,
3111 4499 3302 4562 printer
3336 4497 3469 4557 quam
3498 4493 3518 4532 a
3546 4474 3629 4534 Deo,

2169 4592 2259 4661 qui
2288 4591 2459 4661 ipsum
2490 4590 2829 4659 composuit,
2859 4589 2903 4643 si
2931 4587 3148 4658 quando
3177 4585 3333 4641 voluit
3360 4582 3498 4649 ipsum
3515 4564 3632 4626 dissol’

463 4662 601 4761 cap.
629 4689 688 4742 4.
733 4662 853 4758 pag.
911 4662 1048 4742 886.
1087 4685 1277 4740 Euseb.
1312 4686 1401 4739 lib.
1438 4700 1505 4739 xv
1535 4683 1773 4754 Praepar.
1836 4683 2060 4752 Evnng.,
2090 4688 2142 4747 D
2172 4700 2296 4739 vere
2337 4682 2356 4754 (
2387 4682 2558 4737 Plato.
2603 4684 2655 4737 in
2686 4681 2910 4747 Timwo,
2954 4691 3079 4736 tom.
3108 4696 3197 4744 nt,
3230 4693 3342 4749 pag.
3369 4669 3506 4742 94).!

467 4801 587 4854 pag.
643 4781 793 4850 842).
848 4801 866 4833 ι
902 4781 1179 4836 Testatum
1223 4794 1357 4835 vero
1426 4778 1735 4833 Lactantius
1783 4778 1907 4832 facit
1953 4778 2066 4832 lucc

469 4877 658 4932 hausta
709 4876 778 4929 ah
829 4875 1063 4942 Epicuro
1111 4890 1180 4929 ex
1236 4873 1529 4929 Democriti
1577 4871 1854 4926 fantibus:
1894 4889 1913 4922 ι
1943 4870 2069 4939 Epi-

469 4984 662 5030 curus,
709 4977 930 5023 auctore
977 4967 1280 5021 Democrito
1299 5006 1316 5032 ,
1346 4968 1422 5021 ait
1450 4965 1706 5020 mundum
1726 5004 1741 5031 ,
1772 4976 1824 5019 et
1856 4975 2030 5018 ortum
2053 5006 2069 5031 ,

470 5071 525 5118 et
545 5060 837 5131 aliquando
860 5074 980 5114 esse
1009 5060 1327 5129 periturum.
1364 5080 1383 5112 ι
1414 5060 1601 5114 Postea
1630 5074 1757 5113 vero
1785 5058 1926 5114 illius
1951 5059 2072 5128 epi-

473 5156 687 5210 nionem
714 5153 1046 5208 enucleatius
1068 5154 1321 5223 exponit:
1350 5172 1369 5205 ι
1399 5153 1693 5223 Epicurus,
1727 5153 1929 5223 inquit,
1961 5155 2075 5208 sive

476 5246 814 5303 Democritus
860 5261 954 5301 sua
994 5256 1185 5316 sponte
1216 5258 1393 5301 natum
1425 5261 1546 5302 esse
1575 5246 1744 5311 dixit,
1775 5245 2072 5300 seminibus

477 5341 618 5395 inter
659 5353 721 5394 se
760 5338 1114 5405 coeuntibus,
1146 5339 1338 5408 quibus
1378 5340 1570 5393 iterum
1602 5338 1876 5401 reSolntis,
1907 5335 2070 5390 dissi-

472 5434 621 5489 dinm
646 5474 659 5496 ,
691 5442 853 5500 atque
881 5432 1154 5486 interitum
1180 5444 1487 5487 secuturum
1520 5431 1820 5502 (Lactant.,
1850 5428 1937 5483 lib.
1971 5442 2065 5493 vu,

477 5527 648 5581 Dicin.
673 5524 867 5593 lnstit.,
892 5542 1008 5595 cap.
1037 5543 1155 5596 pag.
1179 5525 1304 5588 647.
1330 5536 1373 5580 et
1401 5543 1517 5593 cap.
1543 5525 1599 5591 ὅ,
1625 5540 1747 5596 pag.
1774 5523 1878 5577 657
1900 5522 1971 5590 ).t
2005 5520 2072 5576 Et

474 5631 621 5677 recte
649 5618 885 5689 quidem.
925 5618 1058 5675 Nam
1101 5619 1259 5690 paulo
1299 5633 1457 5689 supra
1503 5617 1823 5688 Epicureum
1865 5614 2071 5670 audivi-

473 5730 626 5778 mus,
656 5713 746 5783 qui
775 5713 913 5782 apud
942 5711 1260 5768 Ciceronem
1291 5720 1564 5767 asseverat
1593 5725 1783 5778 omne,
1816 5708 1956 5780 quod
1984 5723 2072 5763 or-

476 5820 584 5861 tum
630 5819 744 5872 est,
771 5808 1080 5864 necessario
1110 5807 1427 5875 periturum.

549 5900 616 5955 At
666 5902 901 5956 nendum
956 5900 1088 5957 satis
1137 5899 1475 5969 exploratum
1526 5898 1787 5955 habemus
1837 5910 2069 5966 quonam

2169 4793 2301 4833 sane
2338 4776 2408 4831 ob
2446 4791 2664 4831 causam
2703 4776 2771 4830 ab
2812 4772 3048 4828 Arnobio
3088 4771 3277 4827 litteris
3320 4767 3409 4821 hoc
3433 4756 3631 4815 nuntiatum

2170 4873 2432 4941 legimus:
2462 4888 2480 4921 ‹
2502 4869 2654 4924 Plato
2681 4868 2769 4923 ille
2796 4868 3007 4923 divinus
3036 4866 3201 4921 multa
3226 4863 3293 4918 de
3316 4862 3410 4915 Deo
3427 4855 3560 4925 digna.
3577 4852 3633 4897 Del

2172 4965 2476 5022 communia
2524 4963 2764 5018 sentiens
2813 4959 3173 5026 multitudini,
3216 4958 3267 5011 in
3292 4968 3352 5010 eo
3389 4953 3573 5004 sermmlc
3600 4946 3632 4985 π

2174 5060 2346 5125 libro,
2394 5058 2479 5112 cui
2525 5072 2721 5113 nomen
2750 5056 2973 5111 Timwus
3016 5052 3336 5113 inscribitur,
3370 5045 3479 5102 deos
3502 5033 3635 5092 dicitel

2180 5152 2436 5208 mundum
2482 5151 2859 5220 corruptibiles
2904 5164 3025 5206 esse
3067 5157 3285 5213 natura,
3324 5153 3471 5211 neque
3500 5126 3633 5190 omnim

2173 5246 2544 5303 dissolutionis
2589 5253 2874 5314 expertes:
2920 5242 3013 5298 sed
3056 5240 3322 5295 voluntate
3358 5232 3435 5289 Dei
3474 5223 3571 5294 regis
3596 5227 3632 5314 ,κ

2175 5340 2466 5410 principis,
2514 5308 2785 5391 vinctione
2824 5337 2878 5391 in
2926 5344 3179 5407 perpetua
3217 5308 3632 5389 comitiorum"

2172 5438 2261 5494 lib.
2292 5455 2328 5493 tt
2351 5481 2366 5507 ,
2400 5455 2519 5510 pag.
2552 5436 2685 5510 68).
2723 5454 2744 5489 ι

2247 5507 2522 5588 Testatttm
2569 5507 2746 5586 autem
2794 5527 2918 5584 fecit
2959 5524 3109 5581 Philo
3145 5520 3349 5579 Judteus
3381 5514 3493 5569 hanc
3521 5507 3632 5593 rete}

2174 5628 2340 5683 fuisse
2383 5626 2622 5682 Platonis
2666 5623 2734 5678 de
2785 5620 2987 5676 nmndo
3025 5624 3203 5674 creato
3253 5620 3303 5668 et
3360 5585 3632 5692 incorrupliltill

2175 5721 2534 5783 sententiam,
2583 5717 2705 5788 quia
2752 5715 2821 5770 ab
2867 5716 2957 5771 illo
3005 5714 3142 5768 Deus
3180 5714 3433 5776 supremus
3462 5689 3632 5788 llltlllflw:

2177 5817 2293 5872 hare.
2337 5815 2403 5869 ad
2448 5767 2979 5868 aliosjdeosilec—isse
3018 5806 3216 5862 verba:
3246 5767 3275 5871 -(
3296 5795 3418 5852 Phil.
3450 5786 3517 5842 lib.
3548 5767 3635 5883 illi“

2174 5909 2354 5965 mund.
2400 5908 2463 5962 sit
2501 5922 2707 5977 corrup.
2757 5920 2877 5975 pag.
2919 5900 3093 5974 950).
3133 5905 3239 5954 Θεοι
3272 5901 3397 5956 θιῶν,
3432 5885 3479 5937 ὧν
3503 5882 3563 5946 ἠὼ
3586 5882 3635 5923 έησ
