3818 6282
133 421 240 483 Πῖ

1615 445 2082 508 DISSERTATIO.

3371 465 3478 524 478

133 569 362 631 uicena;
393 586 571 638 ςατιρ
598 589 653 621 τε
684 571 834 640 ἔργων
861 607 876 632 ,
907 571 1066 622 ἄλυτα
1091 571 1208 636 ἐμοῦ
1235 577 1306 638 (sit
1336 576 1567 634 θέλοντος.
1601 581 1657 629 τὸ

1900 589 1994 628 :um
2043 585 2284 649 tempore
2324 576 2645 638 dissnlutum
2690 582 2776 638 iri.
2824 582 3056 642 Docebat
3096 585 3240 643 enim
3281 587 3473 656 Plato,

137 648 212 706 θῦν
242 655 303 707 δὲ
323 658 463 710 ὂεθὶνν
495 665 598 710 πᾶν
630 661 792 714 ὶυτὸν·
824 660 875 714 τό
901 682 953 728 γε
979 669 1080 727 pia
1107 660 1258 722 κάλὸς
1285 665 1534 732 ἁρμοσθὲν,
1554 666 1637 718 καὶ
1669 671 1778 733 ἕχον

134 748 185 800 εὖ
201 787 222 815 ,
251 753 388 804 ὶῦειν
410 757 540 806 “iis
551 776 593 806 ιν
616 745 794 808 κᾱὶοῧ.
822 755 896 806 διδ
920 759 1001 809 καὶ
1028 760 1215 828 ἔπειπερ
1243 764 1480 824 νεγὲνησθε
1497 798 1511 822 ,
1542 760 1772 816 ἀθάνατοι

137 849 230 905 μὲν
260 847 354 898 οὗ..
381 853 526 912 ἐστὶ,
552 849 651 902 ὡδὶ
673 850 848 902 silv-rat
873 853 1158 916 τοπέμπανθ
1193 855 1295 904 οὕτι
1325 873 1376 917 γε
1403 862 1495 918 μὶν
1522 859 1770 913 λυθήσεσθέ

138 956 196 1004 γε
220 976 237 998 ,
270 941 388 993 οῦδὲ
414 946 621 1005 τεύξεσθε
643 945 848 994 Bari-rw
875 951 1045 1012 [so/pag
1065 983 1080 1007 ,
1111 957 1195 1006 τῆς
1222 949 1338 1010 ἓμῆς
1367 953 1636 1016 βουλήσεως
1660 957 1768 1014 μεί-

140 1031 288 1092 ζονος
317 1040 395 1087 ἔτι
429 1037 620 1100 amasti,
647 1036 730 1087 καὶ
759 1044 1046 1106 κυριωτέρου
1072 1040 1295 1106 λαχόντες
1319 1043 1499 1092 ἐκείνων
1517 1081 1532 1104 ,
1562 1039 1629 1102 οἷς
1648 1082 1662 1105 ,
1694 1040 1766 1097 ὅτ’

134 1123 418 1188 Ili-paea.
445 1129 689 1180 amatae.
731 1125 751 1193 (
775 1125 950 1193 Plato,
1005 1126 1138 1183 Tim.
1184 1139 1307 1183 tom.
1353 1147 1424 1198 tt,
1477 1149 1596 1202 pag.
1626 1133 1688 1187 41

134 1211 287 1280 Qua-
318 1219 540 1286 quidem
571 1219 623 1272 in
658 1219 898 1274 Platonis
928 1219 1132 1274 Timer
1152 1263 1167 1286 ,
1202 1223 1442 1290 exceptis
1487 1224 1761 1279 nonnullis

121 1302 374 1366 diversis
400 1311 728 1366 lectionibus
751 1353 765 1376 ,
799 1311 1159 1366 inveniuntur.
1192 1313 1366 1368 Prima
1393 1325 1568 1369 autem
1596 1315 1758 1372 verba

132 1397 210 1454 ab
253 1401 610 1473 Athenagora
657 1403 821 1458 citata
875 1414 1000 1458 sunt
1049 1403 1069 1476 (
1096 1407 1376 1477 Athenag..
1435 1405 1616 1478 Legat.
1664 1425 1756 1476 pro

153 1491 454 1562 Christian,
487 1511 608 1563 pag.
641 1492 744 1565 7);
779 1495 956 1548 omnia
987 1511 1116 1550 vero
1154 1497 1205 1550 in
1247 1497 1480 1564 quodam
1528 1513 1754 1568 operum

151 1583 424 1638 Ciceronis
455 1584 797 1655 fragmento,
828 1585 907 1641 sic
947 1585 1111 1642 latine
1149 1587 1357 1644 reddita
1396 1589 1750 1649 exhibentur:

159 1673 316 1728 illac
359 1688 500 1737 vos,
544 1675 636 1744 qui
676 1675 900 1730 deorum
943 1685 1058 1731 satu
1099 1679 1203 1732 orti
1246 1679 1412 1745 estis,
1453 1682 1748 1739 attendite:

156 1764 384 1832 Quorum
429 1780 662 1835 cperam
707 1781 809 1836 ego
850 1783 1046 1839 parens
1086 1767 1414 1842 eti‘ectorque
1443 1789 1596 1838 sum,
1629 1789 1750 1843 quae

151 1873 256 1928 per
283 1873 372 1913 me
393 1859 520 1913 tacta
552 1869 711 1925 sunt,
745 1875 852 1914 non
899 1871 1024 1917 sunt
1067 1861 1358 1932 dissolma,
1411 1881 1495 1921 me
1541 1867 1708 1922 invito
1730 1911 1744 1934 ,

1879 669 2328 737 quemadmodum
2355 671 2616 740 vidimus,
2649 675 2904 731 mundum
2932 677 3045 736 sola
3076 677 3169 734 Dei
3200 680 3476 737 voluntate

1875 757 2275 818 dissolvendum
2294 805 2310 831 ,
2340 774 2502 834 atque
2533 767 2730 823 idcirco
2755 785 2821 824 ex
2849 785 2939 838 se,
2971 785 3035 825 ac
3063 773 3163 826 nisi
3193 773 3332 827 Deus
3358 774 3474 829 vel-

1875 847 1950 906 let
1969 894 1984 921 ,
2015 867 2277 926 perpetuo
2304 873 2634 915 mansurum.
2664 861 2796 918 Vide
2819 864 2978 919 etiam
3005 881 3073 919 an
3101 865 3193 920 ille
3214 867 3336 934 jure
3361 883 3476 924 nte-

1871 947 1978 1002 rito
2003 963 2032 1002 a
2061 946 2350 1014 Cicerone,
2385 954 2542 1023 paulo
2568 965 2723 1010 antea
2751 957 2934 1024 citato,
2965 969 3245 1029 propterea
3275 975 3471 1030 argua-

1871 1049 1988 1104 tur,
2019 1043 2161 1110 qttod
2196 1045 2450 1099 mundum
2481 1054 2534 1101 et
2565 1058 2739 1102 orttnn
2774 1048 2966 1116 fuisse,
3011 1051 3102 1105 sed
3145 1066 3210 1107 eo
3253 1061 3470 1122 tamen,

1866 1147 1974 1200 quo
2011 1131 2277 1198 diximus,
2321 1137 2482 1192 modo
2522 1147 2780 1194 a'lernutn
2823 1139 2938 1194 fore
2983 1145 3262 1211 putaverit.
3296 1144 3466 1212 Quid-

1864 1225 1989 1293 quid
2018 1240 2178 1294 porro
2207 1232 2550 1296 pronunties,
2586 1247 2783 1302 negare
2820 1249 2922 1287 non
2949 1237 3149 1305 poteris
3175 1236 3464 1294 Minucium

1862 1332 1927 1374 ex
1960 1319 2056 1375 hac
2085 1319 2324 1377 Platonis
2367 1325 2704 1395 aliormnque
2759 1328 2827 1382 de
2869 1329 3070 1382 mundo
3099 1333 3312 1385 tandem
3342 1331 3468 1388 des-

1863 1411 2093 1466 truendo
2130 1417 2432 1480 sententia,
2469 1416 2606 1470 haud
2638 1417 2871 1474 absurde
2911 1419 3176 1476 conﬁcere
3215 1422 3462 1480 ethnicos

1859 1519 1965 1558 non
1997 1508 2236 1575 potuISse
2268 1507 2492 1564 inliciari
2525 1526 2710 1565 verum
2731 1527 2851 1566 esse
2879 1511 3308 1570 CbriSIianorum
3339 1517 3460 1586 pla-

1857 1597 2019 1652 citum
2039 1639 2056 1666 ,
2087 1615 2192 1668 quo
2233 1601 2490 1657 mundum
2521 1604 2643 1673 igne
2669 1605 2959 1675 aliquando
2988 1607 3278 1676 periturum
3309 1623 3460 1664 asse—

1855 1688 2063 1746 rebant.
2101 1691 2174 1745 De
2203 1691 2292 1746 illo
2319 1705 2498 1748 autem
2527 1695 2724 1764 aliquid
2759 1698 3060 1751 notavimus
3091 1699 3142 1752 in
3173 1701 3456 1768 superiore

1851 1780 2156 1850 Apparatus
2186 1786 2352 1838 nostri
2388 1797 2562 1851 tonio,
2594 1795 2648 1842 et
2679 1789 2730 1841 in
2765 1787 3214 1858 subsequentibus
3245 1789 3452 1846 dissere-

1853 1873 2142 1926 tationibus
2185 1876 2380 1932 nostris
2419 1877 2598 1934 adhuc
2637 1879 2878 1934 dicemus
2930 1877 3112 1951 (Tant.
3138 1883 3454 1955 tApparat.,

146 1967 470 2022 quamquam
497 1968 664 2009 omne
693 1954 1002 2024 colligatum
1033 1957 1166 2012 solvi
1209 1968 1420 2028 potest:
1465 1961 1558 2016 sed
1602 1962 1742 2020 haud
1772 1964 1820 2023 B
1849 1979 1969 2034 pag.
2016 1963 2155 2020 1117
2175 1963 2217 2037 ).

139 2061 407 2117 quaquam
438 2046 563 2102 boni
595 2056 679 2104 est
703 2089 718 2114 ,
748 2049 956 2105 ratione
984 2050 1219 2105 vinctum
1251 2054 1388 2110 velle
1415 2055 1735 2112 dissolvere.

129 2136 244 2192 Sed
269 2137 522 2208 quoniam
549 2140 653 2194 orti
679 2142 841 2210 estis,
873 2143 1198 2198 immortales
1225 2161 1322 2200 vos
1347 2148 1562 2218 quidem
1591 2165 1734 2218 esse,

118 2239 184 2282 et
213 2229 621 2288 indiSSolubiles
649 2250 754 2287 non
788 2235 1040 2303 poteSIis;
1078 2239 1384 2310 neutiquam
1419 2251 1594 2298 tamen
1627 2244 1738 2300 dis-

103 2323 454 2390 solvemini,
487 2341 587 2382 nec
617 2343 712 2381 vos
759 2328 862 2384 ulla
912 2332 1100 2386 mortis
1146 2333 1249 2387 fata
1297 2337 1588 2403 periment,
1637 2355 1737 2396 nec

95 2415 277 2471 fraus
309 2417 599 2484 valentior,
631 2435 792 2490 quam
825 2421 1106 2477 consilium
1141 2440 1317 2481 meum
1339 2469 1354 2494 ,
1385 2430 1526 2500 quod
1560 2431 1736 2500 majus

84 2517 206 2562 est
255 2507 535 2565 vinculum
585 2511 653 2566 ad
703 2515 1149 2584 perpetuitatem,
1197 2534 1357 2589 quam
1406 2521 1494 2576 illa
1541 2525 1736 2594 quibus

81 2600 259 2652 estis
306 2607 423 2656 tum
448 2643 463 2666 ,
507 2617 630 2657 cum
676 2605 1069 2674 gignebamini,
1121 2609 1353 2681 colligati
1387 2612 1412 2682 (
1437 2610 1603 2670 Cicer.
1639 2617 1730 2672 lib.

73 2693 188 2746 de
215 2691 460 2750 Unicus.
487 2696 750 2768 Append.,
785 2715 903 2770 pag.
930 2698 1021 2755 29.
1055 2701 1146 2756 lin.
1179 2701 1212 2758 6
1237 2713 1285 2758 et
1312 2722 1448 2776 seqq.
1473 2709 1509 2776 ).
1539 2727 1556 2760 ι

193 2787 268 2840 At
299 2785 356 2839 hi
387 2803 494 2842 non
535 2785 808 2858 explicant
850 2801 1026 2846 utrum
1068 2792 1219 2849 Plato
1259 2801 1531 2852 censuerit
1573 2815 1732 2856 mun-

66 2875 250 2931 dum
298 2879 523 2936 alternis
566 2881 775 2936 vicibus
817 2882 936 2953 igne
973 2894 1028 2939 et
1074 2902 1210 2956 aqua
1253 2895 1729 2962 corrumpendum.

59 2973 377 3031 Clemens
427 2992 560 3032 vero
611 2979 1004 3036 Alexandrinus
1058 2983 1187 3039 illud
1241 2987 1390 3043 hisce
1443 2991 1734 3050 edisseruit

63 3066 338 3121 verbis:
377 3062 418 3122 ό
455 3074 506 3122 δὶ
543 3075 742 3128 Πλάτων
775 3083 866 3129 τίν
896 3090 983 3144 γῆν
1019 3078 1201 3146 κρίνοις
1230 3082 1328 3134 τισὶ
1357 3085 1437 3134 διὰ
1470 3094 1610 3154 πυρὸς
1637 3111 1731 3140 xst-

59 3163 372 3228 ἅσιιίρεσθαι
409 3173 489 3215 uti
530 3166 740 3228 ὓδατος,
779 3167 867 3218 ὧδέ
909 3189 1002 3230 πως
1031 3179 1168 3240 φησι·
1201 3177 1380 3226 {Iolla}
1413 3183 1540 3230 κα.τά
1577 3181 1733 3234 πολλὰ

63 3258 291 3320 ςτςεεςιὶ
321 3256 554 3322 γεγόνασιν
580 3261 868 3326 ἀνθρώπων,
900 3271 981 3312 καὶ
1010 3268 1200 3316 ἔσονται
1229 3269 1341 3334 πυρὶ
1371 3273 1453 3333 μὶν
1480 3272 1560 3322 καὶ
1591 3275 1731 3328 ὕδατι

2455 2103 2682 2161 CAPUT
2715 2104 2840 2160 VIII.

1839 2253 1908 2291 DE
1959 2253 2146 2294 TRIBUS
2218 2255 2578 2297 EXSECRANDIS
2636 2257 2970 2309 CRIMINIBUS,
3036 2257 3444 2310 INFANTICIDIO,

1908 2345 2126 2387 COIESIS
2179 2348 2406 2389 HUMANIS
2459 2349 2749 2401 CARNIBUS,
2801 2347 2870 2390 ΕΤ
2926 2351 3174 2403 INCESTU,
3223 2353 3444 2402 ρῠοιιυιι

1915 2437 2214 2478 CIIRISTIANI
2251 2441 2287 2480 Α
2324 2439 2546 2482 CAECILIO
2598 2443 2666 2482 ΕΤ
2722 2443 2860 2484 ALIIS
2913 2444 3160 2485 ETIINICIS
3205 2445 3440 2486 ACCUSA‘

1908 2527 2135 2569 BANTUB.

2373 2644 2666 2685 AIITICULUS
2704 2646 2912 2687 PRIIUS.

1839 2761 1967 2828 Quae
1987 2761 2210 2832 qualisve
2229 2764 2382 2836 nterii
2417 2781 2477 2820 ea
2505 2769 2784 2831 accusatio,
2812 2785 2927 2840 quw
2949 2770 3090 2826 illius
3119 2773 3432 2839 occasiones,

2296 2865 2343 2912 ct
2378 2861 2620 2930 quamdiu
2646 2861 2939 2917 duraverit?

1905 2993 2148 3049 Vidimus
2198 2993 2456 3050 hactenus
2501 3013 2658 3069 quam
2700 3015 2836 3053 vano
2887 2999 3168 3070 inutilique
3233 3009 3431 3056 conatu

1837 3081 2086 3140 Ca-cilius
2154 3089 2421 3158 pra'cipua
2485 3091 2728 3160 qturdatn
2784 3091 3210 3148 Christianorum
3267 3093 3434 3149 docu-

1835 3187 2012 3231 menta
2063 3178 2390 3236 labefactare
2423 3183 2636 3237 molitus
2673 3185 2738 3238 sit
2766 3227 2778 3248 ,
2834 3201 2896 3240 ac
2923 3185 3118 3254 quibus
3159 3185 3428 3242 rationum

1836 3269 2126 3324 momentis
2152 3270 2219 3324 :tb
2246 3269 2466 3327 Octavio
2487 3316 2500 3338 ,
2545 3290 2636 3328 seu
2669 3276 2843 3346 potius
2871 3275 3098 3330 Minucio
3122 3277 3296 3331 Felice
3323 3289 3434 3330 sta-

55 3351 366 3408 μέτμπαι,
396 3356 596 3416 μυρίαις
629 3351 676 3400 δὲ
702 3352 784 3402 καὶ
813 3351 982 3412 ἄλλαις
1001 3357 1159 3424 ἕτεραι
1177 3362 1495 3427 βραχύτεραι.
1518 3365 1598 3414 καὶ
1628 3387 1670 3430 μί

1900 3363 2105 3417 liantur.
2139 3363 2218 3419 Ad
2248 3380 2339 3422 eas
2367 3382 2506 3420 nunc
2537 3371 2812 3422 veniamus
2842 3372 3264 3436 criminationes,
3304 3371 3429 3441 qui-

55 3439 133 3486 ὲὶ-
180 3445 258 3505 ἦα
299 3443 522 3508 ετῳέρεν
565 3446 637 3492 Τὸ
679 3445 726 3492 δὲ
764 3444 971 3506 ἀληθὲς,
1005 3451 1106 3502 ἔστι
1137 3463 1226 3501 τῶν
1254 3453 1363 3518 περὶ
1389 3465 1475 3520 νῖν
1512 3456 1594 3506 xxi
1617 3455 1727 3510 κατ’

57 3531 135 3580 οὗ
171 3537 312 3580 ανδ-ν
347 3532 511 3584 ὄντων
550 3537 886 3602 παράλλαξις,
919 3539 1004 3588 καὶ
1047 3540 1129 3589 διὰ
1156 3557 1350 3610 μικρῶν
1381 3550 1595 3612 γινομένη
1634 3559 1725 3602 τῶν

55 3621 192 3670 ἐτ’-ἱ
215 3633 306 3688 γῆς
344 3627 458 3692 πυρὶ
501 3631 662 3692 πολλῷ
702 3633 868 3696 φθορά.
903 3635 1073 3681 ἔπειτα
1113 3636 1221 3700 rvpi
1261 3645 1346 3688 τοῦ
1385 3645 1724 3706 καιτοικὶυσμσῦ

61 3704 440 3782 ἐτίλξγενὸιθ
470 3719 533 3768 ἄν
561 3719 611 3768 δὲ
639 3713 702 3770 αὖ
730 3721 828 3772 θεθὶ
853 3735 936 3789 γῆν
970 3724 1108 3776 ὕδασι
1137 3719 1444 3795 κάθειίρεντες
1475 3737 1720 3784 κατακλύ-

73 3809 284 3867 ζςκιν.
316 3811 362 3859 οἶ
390 3817 477 3874 μὲν
504 3814 551 3862 ἓν
577 3813 675 3871 τοῖς
702 3816 832 3880 ὄρεσι
861 3815 1174 3879 διασώζονται
1203 3819 1428 3886 βουκόλοι
1454 3824 1536 3873 aut.)
1567 3839 1721 3890 νομεῖς

85 3905 142 3948 si
173 3902 226 3950 δὲ
257 3905 305 3951 ἐν
332 3916 442 3962 ταῖς
475 3901 592 3972 παρ’
625 3907 741 3971 ἡμῖν
768 3907 992 3969 eriles-tv,
1025 3911 1092 3968 εἰς
1121 3919 1208 3966 τήν
1237 3916 1476 3966 θάλασσαν
1507 3919 1598 3968 ὑπὸ
1627 3927 1718 3970 τῶν

87 4004 328 4056 semper:
372 4002 620 4064 φέρονται.
677 4014 696 4046 ι
726 3994 879 4050 Plato
925 4005 1100 4051 autem
1151 4009 1346 4054 terrain
1396 4003 1712 4072 quibUstlatn

101 4084 440 4152 temporibus
469 4085 602 4140 dicit
633 4101 728 4154 per
755 4087 962 4157 ignem,
993 4103 1044 4144 et
1075 4107 1266 4161 aquam
1297 4098 1579 4166 expurgati
1612 4098 1714 4154 hoc

99 4173 296 4229 modo:
341 4175 489 4231 Multi
535 4193 681 4248 smpe
723 4178 935 4235 fuerunt
977 4184 1254 4252 interitus,
1297 4197 1351 4243 et
1389 4201 1547 4245 erunt
1590 4191 1712 4262 igne

117 4263 360 4360 quidem,
403 4277 456 4324 et
496 4285 632 4340 aqua
674 4273 925 4340 maximi;
968 4277 1094 4347 quin
1135 4279 1296 4334 etiam
1337 4281 1456 4338 aliis
1494 4299 1711 4360 quoque

113 4349 582 4418 innumerabilibus
609 4363 698 4418 alii
728 4363 1022 4424 breviores.
1057 4364 1125 4425 Et
1149 4373 1306 4439 paulo
1339 4385 1458 4443 post
1487 4349 1709 4448 s-uhjt-nt;

127 4447 243 4536 git:
270 4449 470 4509 Revera
492 4466 660 4515 autem
691 4471 775 4516 est
802 4477 986 4518 eorum
1011 4507 1026 4532 ,
1056 4481 1174 4536 qua:
1205 4477 1400 4524 terram
1429 4480 1483 4525 et
1509 4474 1703 4528 malum

116 4535 365 4610 obeunt,
421 4545 737 4620 immutatio,
791 4564 845 4610 et
894 4556 983 4626 qui
1039 4535 1157 4626 post
1211 4560 1366 4631 longa
1422 4565 1701 4623 intervalla

97 4645 332 4725 eorum,
365 4653 483 4710 quae
505 4654 620 4698 sunt
651 4645 704 4700 in
747 4655 920 4713 terra,
965 4649 1136 4704 multo
1176 4651 1295 4725 igne
1337 4653 1394 4709 llt
1423 4655 1695 4714 interitus.

1831 3455 1930 3510 bus
1959 3454 2206 3512 Czccilius
2235 3458 2432 3529 aliique
2460 3458 2657 3516 ethnici
2687 3477 2871 3517 sacros
2905 3461 3221 3518 earumdem
3269 3463 3428 3518 (τινί.

1830 3551 2127 3604 stianorum
2162 3552 2298 3606 ritus
2321 3593 2336 3618 ,
2379 3569 2662 3624 moresque
2693 3556 3060 3610 sanctissimos
3089 3573 3220 3611 ausu
3268 3557 3424 3626 plane

1829 3645 2116 3697 temerario
2139 3643 2399 3700 infamare
2427 3647 2606 3701 conati
2636 3663 2782 3702 sunt.
2812 3647 3050 3702 Primum
3086 3659 3266 3704 autem
3301 3647 3423 3704 Cie-

1823 3735 1978 3788 cilius
2016 3735 2352 3792 Christianos
2397 3755 2586 3794 omnes
2631 3739 3022 3796 borrendormn
3057 3757 3279 3812 prorsus
3307 3744 3415 3798 cri-

1821 3825 2024 3880 minum
2073 3827 2124 3880 in
2165 3830 2458 3900 synaxibus
2479 3873 2492 3895 ,
2529 3840 2581 3884 et
2609 3834 2887 3887 nocturnis
2915 3835 3422 3904 congregationilnts

1819 3917 2207 3985 admissurum,
2251 3932 2484 3978 accusat.
2521 3923 2606 3978 Ait
2634 3927 2776 3980 enim
2805 3941 2900 3980 eos
2923 3927 3146 3980 solemni
3175 3925 3406 3994 quodam

1817 4007 1902 4062 die
1941 4007 2005 4062 ad
2047 4007 2236 4078 epulas
2263 4052 2277 4075 ,
2323 4013 2374 4066 in
2426 4013 2489 4066 iis
2521 4017 2796 4085 nocturnis
2825 4017 3115 4088 synaxibus
3157 4014 3414 4087 agendas,

1814 4099 2009 4156 alicubi
2039 4105 2378 4174 congregari.
2411 4109 2654 4162 Accenso
2685 4117 2862 4162 autem
2898 4107 2967 4162 ibi
3000 4107 3204 4163 lumine
3233 4110 3409 4164 inlan-

1816 4201 1920 4248 tem
1949 4194 2016 4248 ab
2057 4195 2185 4264 ipsis
2211 4195 2586 4253 crudelissime
2617 4199 2828 4264 necari,
2857 4215 3058 4269 eosque
3083 4201 3231 4254 rabie
3261 4201 3410 4270 plus-

1811 4300 1970 4356 quam
2003 4285 2170 4342 I'eriua
2200 4289 2344 4342 vesci
2368 4287 2517 4342 iIlitts
2541 4289 2823 4353 carnibus,
2847 4299 2902 4345 et
2931 4289 3169 4344 lambere
3197 4289 3412 4362 sangui-

1809 4393 1932 4432 nem
1963 4396 1975 4432 :
2003 4379 2252 4434 extinctis
2268 4377 2481 4434 demum
2501 4380 2724 4444 facibus,
2745 4395 2934 4436 omnes
2955 4381 3193 4452 quolibet
3217 4383 3410 4454 stupri,

1805 4469 2074 4536 adulterii,
2102 4475 2440 4545 incestusque
2464 4475 2668 4530 scelere
2695 4474 2880 4546 pollui.

1875 4564 1990 4620 Jam
2038 4563 2252 4634 quidem
2290 4566 2341 4621 in
2392 4568 2671 4636 superiore
2718 4569 3018 4637 Apparatus
3059 4569 3226 4626 neSIri
3261 4579 3407 4626 tomo

1803 4653 2207 4714 observavimus
2247 4674 2276 4712 a
2305 4658 2622 4730 quibusdam
2659 4659 2878 4715 secundi
2911 4659 3166 4717 Ecclesiae
3221 4663 3407 4718 sa'culi

79 4721 300 4818 Deinde
339 4736 616 4811 subjungit
645 4741 717 4798 de
760 4742 994 4802 diluvio:
1027 4721 1254 4815 Quando
1291 4762 1470 4807 autem
1515 4769 1700 4811 rursus
1723 4743 1778 4810 D
1805 4750 2181 4819 scriptoribus,
2214 4767 2277 4806 ac
2308 4753 2608 4823 presertim
2641 4751 2851 4808 Iustino
2877 4764 3135 4826 martyre,
3165 4752 3402 4809 Athena-

69 4817 175 4918 (ξὶἱ
193 4835 385 4886 terram
409 4833 569 4904 aquis
594 4828 992 4908 expurgnantes
1016 4840 1297 4910 inundant,
1313 4845 1401 4914 qui
1431 4857 1553 4901 sunt
1579 4849 1699 4918 qui-

61 4909 206 4973 dem
251 4923 304 4977 in
345 4925 629 4984 montibus
668 4927 880 4986 bubulci
911 4943 964 4988 et
996 4943 1238 5002 pastores
1266 4950 1691 4998 conservantur:

53 5006 174 5075 qui
193 5027 376 5072 autem
403 5019 614 5075 suntin
645 5021 741 5089 iis,
769 5039 888 5094 qua:
913 5035 1034 5080 sunt
1058 5027 1197 5096 apud
1225 5042 1322 5082 vos
1346 5029 1568 5086 urbibus
1587 5073 1601 5096 ,
1632 5033 1688 5088 in

43 5112 222 5189 {nare
268 5110 527 5169 feruntur
571 5130 602 5169 a
653 5115 832 5173 ﬂuviis
876 5115 1155 5189 (Clemens
1205 5119 1458 5178 Alexand.
1501 5122 1589 5179 lib.
1631 5141 1684 5181 v.

35 5184 264 5283 s‘fom.
295 5222 422 5277 pag.
454 5204 564 5262 549
589 5215 636 5260 et
662 5225 798 5280 seqq.

119 5277 432 5365 I’erpende
463 5305 676 5366 autem,
709 5277 967 5369 obsecro,
998 5313 1179 5357 utrum
1208 5302 1473 5360 Minucius
1505 5317 1690 5363 noster

17 5365 98 5418 ’ά
149 5375 316 5441 lmnc
347 5385 652 5443 Clementis
680 5365 1025 5447 Alexandrini
1067 5393 1244 5449 locum
1285 5393 1685 5464 collineaverit,

0 5467 228 5564 "Ehe
253 5497 325 5536 ex
354 5482 522 5538 dictis
551 5484 584 5538 ii
616 5487 890 5542 conciliari
923 5489 1063 5545 inter
1091 5505 1151 5546 se
1180 5491 1420 5562 possint,
1454 5492 1581 5564 qui,
1615 5492 1688 5548 si-

3 5555 164 5656 ξιξμί
193 5572 516 5629 Lactantius
543 5573 816 5647 (Lactant.
842 5579 930 5634 lib.
961 5595 1031 5636 vtt
1073 5555 1332 5650 lnslitut.,
1355 5555 1524 5654 σαρξί
1555 5555 1677 5656 pag.

0 5637 195 5743 ᾗ(ὶὲ
228 5676 282 5720 ει
308 5682 432 5736 ταρ-
461 5668 516 5722 5ο
549 5637 673 5740 img-
700 5667 837 5743 6'36)
857 5714 871 5737 ,
914 5671 1100 5728 dicunt
1126 5637 1682 5732 Platoniettt'ductiisse

69 5750 319 5816 ‘1’!!!"
351 5755 410 5812 in
442 5768 710 5814 :etcrnum
739 5776 859 5818 esse
883 5779 1226 5832 mansurum,
1254 5767 1333 5821 vel
1361 5778 1417 5822 ut
1447 5767 1682 5837 Epipha-

0 5830 84 5931 δ’
108 5858 186 5902 ’ξε
224 5847 542 5921 \Epiplmn.
573 5851 665 5907 lib.
697 5868 715 5908 ι
742 5854 858 5910 adv.
897 5855 1090 5914 "teres.
1137 5830 1258 5931 poq.
1292 5859 1380 5916 19..
1409 5871 1455 5915 et
1484 5830 1680 5931 ίῐιέροε.

9 5912 384 6016 ἲλε-ίοίραξι..
415 5943 560 6001 1088
584 5947 604 6014 )
626 5985 643 6015 ,
675 5945 824 6004 illum
849 5963 970 6008 esse
993 5912 1644 6026 cort'tipt‘iott—iohno—xilttn
1661 5993 1678 6024 ,

1802 4858 1953 4911 gora,
1997 4849 2052 4898 et
2081 4841 2382 4914 TheOphilo
2421 4847 2755 4902 Antiocheno
2799 4847 3072 4902 memoria:
3111 4842 3400 4917 proditttm,

1799 4933 2134 4991 Christianos
2161 4935 2421 4994 horumce
2445 4941 2727 4994 criminum
2771 4939 2838 4994 ab
2868 4939 3098 4995 ethnicis
3129 4938 3296 4996 fuisse
3324 4941 3404 4994 itt-

1793 5027 2095 5082 simulatos.
2123 5028 2228 5084 Sed
2253 5032 2460 5086 etiamsi
2494 5031 2546 5085 hi
2569 5031 2768 5101 aliique
2791 5033 2960 5086 nostri
2993 5041 3240 5087 auctores
3262 5047 3398 5088 con-

1789 5120 2054 5176 cesserint
2080 5123 2342 5191 quosdam
2367 5123 2668 5186 Ita-retices,
2700 5139 2728 5175 a
2751 5123 2902 5177 nobis
2927 5123 3123 5179 ibidem
3151 5134 3386 5194 notatos,

1789 5218 1914 5281 puta
1963 5209 2362 5284 Cataplnygas.
2395 5213 2478 5267 vel
2524 5213 2834 5276 Basilidem.
2876 5225 2968 5268 aut
3011 5213 3391 5286 Carpocratem

1791 5304 2014 5375 ejusque
2068 5316 2403 5370 sectatores,
2457 5317 2548 5358 aut
2616 5301 2902 5361 Gnosticos
2945 5307 3100 5362 sicuti
3152 5307 3387 5362 lrena-us

1785 5396 1976 5469 (lren.,
2014 5399 2104 5454 lib.
2170 5415 2184 5454 ι
2253 5399 2451 5454 advers.
2487 5395 2711 5461 literas,
2761 5416 2876 5470 cap.
2933 5397 3048 5470 24),
3119 5397 3388 5453 Eusebius

1787 5489 1998 5560 (Euseb.
2037 5492 2122 5546 lib.
2158 5509 2208 5548 tv
2244 5491 2379 5546 Hist.
2412 5508 2528 5556 cap.
2561 5489 2613 5552 7,
2669 5509 2788 5563 pag.
2839 5487 2993 5565 I20),
3053 5491 3386 5562 Epiphanius

1785 5582 2134 5638 testificantur
2152 5579 2369 5656 (Epiph.
2395 5584 2446 5638 in
2469 5583 2666 5638 eres.
2688 5581 2830 5655 26,§
2859 5583 2912 5646 5,
2933 5601 2984 5654 ρ.
3011 5581 3101 5648 87.
3131 5593 3178 5638 et
3201 5584 3384 5638 lateres.

1782 5675 1871 5740 27,
1906 5674 1934 5748 δ
1966 5675 2020 5743 5,
2057 5693 2176 5747 pag.
2209 5675 2356 5746 104),
2391 5673 2680 5744 praebuisse
2718 5675 2948 5746 aliquam
2991 5676 3148 5744 hujus
3173 5675 3376 5730 Calum-

1785 5769 1887 5823 nite
1911 5768 2278 5835 occasionem;
2313 5767 2484 5839 palam
2519 5780 2696 5822 tamen
2727 5783 2792 5824 ac
2817 5769 3251 5825 constantiSsime
3293 5785 3381 5824 as-

1783 5870 1968 5916 serunt
2021 5859 2359 5916 falsissimam
2407 5877 2526 5918 esse
2571 5861 2710 5916 hanc
2751 5861 3203 5918 criminationem.
3239 5862 3380 5930 Quin

1781 5954 1948 6011 immo
1975 5953 2186 6026 publice
2209 5960 2584 6016 contestantur
2605 5957 2852 6014 ethnicos
2871 5973 3162 6030 nmnquam
3193 5957 3373 6014 iuves-
