3818 6282
468 281 575 352 4‘79

470 500 900 557 Christianorum
929 499 1178 566 crimina,
1204 517 1273 556 tte
1298 501 1429 557 falsa
1449 516 1569 557 esse
1595 502 1886 573 aliquando
1908 517 2072 575 agno-

470 604 704 652 scerent.
737 594 948 650 Nullum
978 610 1194 666 quoque
1215 596 1502 667 cujuslibet
1530 597 1855 653 conditionis
1886 597 2068 653 homi-

471 703 620 757 nem,
651 698 710 743 ut
738 699 921 759 postea
950 690 1182 756 dicetur,
1214 693 1458 747 invenire
1479 709 1729 765 umquam
1759 701 2069 764 potuerunt,

470 780 576 836 nisi
619 782 977 853 paucissimos
1002 780 1431 841 Christianorum
1464 786 1753 842 mendaces
1791 801 2012 855 servos,
2044 803 2073 841 a

472 875 669 945 quibus
697 878 1104 934 crudelissimus
1134 880 1372 934 omnium
1406 892 1683 952 tyrannus,
1712 882 2078 953 exquisitissi-

472 968 577 1024 mis
603 970 997 1040 quantumlibet
1047 972 1325 1044 suppliciis
1351 983 1672 1045 extorquere
1709 978 1975 1045 potuerit,
2018 987 2076 1031 ut

472 1057 591 1116 hzcc
646 1063 872 1119 crimina
902 1080 1030 1122 vera
1069 1076 1125 1123 et
1154 1081 1182 1120 a
1210 1064 1529 1122 Christianis
1560 1076 1768 1137 patrata
1808 1066 1973 1123 fuisse
2000 1066 2076 1122 fa-

479 1163 705 1214 teretur.

548 1247 807 1315 Quamvis
838 1259 1017 1307 autem
1061 1251 1165 1308 hoc
1193 1263 1300 1308 tam
1328 1264 1533 1309 certum
1557 1296 1571 1322 ,
1600 1269 1761 1326 quam
1802 1255 2075 1327 publicum

476 1342 844 1399 testimonium
897 1344 962 1399 ad
1002 1344 1215 1400 Minucii
1270 1347 1438 1402 nostri
1491 1347 1607 1403 btrc
1636 1348 1936 1403 execranda
1974 1350 2082 1405 cri-

475 1435 620 1489 mina
666 1436 791 1505 jure
831 1439 1024 1492 merito
1067 1437 1346 1507 praefracte
1376 1440 1659 1509 negantis,
1705 1441 2075 1510 explicandam

476 1530 1009 1603 coitlirmandamque
1036 1533 1360 1586 sententiam
1400 1532 1701 1598 sufficiant;
1734 1533 1858 1605 quia
1890 1543 2071 1591 tamen

478 1622 732 1679 Cmciiius
758 1626 917 1695 paulo
955 1624 1146 1691 aliter,
1177 1639 1339 1695 quam
1370 1624 1517 1681 citati
1541 1640 1570 1679 a
1601 1627 1755 1682 nobis
1782 1628 2077 1699 scriptores

478 1714 619 1770 hanc
647 1717 861 1773 instruit
903 1718 1337 1785 accusationem,
1365 1719 1515 1789 juvat
1546 1735 1667 1775 eum
1706 1721 1915 1777 audire.
1956 1722 2073 1792 Quo

479 1809 682 1865 etenim
736 1808 896 1864 modo
924 1809 1123 1865 ethnici
1165 1820 1289 1865 tunc
1332 1809 1634 1869 detestabili
1676 1813 1767 1868 illo
1798 1814 2077 1871 mendacio
2107 1808 2154 1869 Β
2184 1813 2443 1884 Sanguine
2513 1811 2730 1866 infantis
2799 1810 3232 1866 inltttmauissime
3297 1815 3429 1869 occisi
3479 1816 3606 1871 adorna

484 1900 827 1970 impudenter
864 1902 1232 1969 abuterentur,
1282 1904 1425 1959 hunc
1472 1903 1561 1960 ille
1598 1905 1827 1973 explicat
1865 1907 1918 1961 in
1966 1923 2080 1964 mo-

482 1992 609 2049 dum
651 2012 665 2048 :
722 2013 741 2046 ‹
783 1993 858 2050 De
906 1994 1181 2050 initiandis
1212 1995 1493 2051 tirunculis
1537 1996 1708 2052 fabula
1758 2006 1864 2053 tam
1908 1998 2081 2056 detes

484 2086 666 2154 lauda,
697 2102 857 2158 quam
886 2098 1010 2143 n0ta
1035 2097 1137 2145 est.
1170 2088 1349 2144 lufans
1381 2088 1523 2145 farre
1547 2098 1853 2158 contectus,
1886 2101 1945 2147 ut
1978 2093 2077 2148 de-

483 2183 686 2254 cipiant
717 2183 959 2239 incautos
984 2224 999 2249 ,
1030 2184 1321 2254 apponitur
1344 2184 1393 2239 ei
1416 2186 1503 2253 qui
1528 2186 1695 2241 sacris
1718 2186 1991 2243 imbuitur.
2027 2188 2077 2243 Is

482 2272 661 2331 infans
699 2291 730 2331 a
762 2276 1029 2332 tirunculo
1057 2275 1214 2331 farris
1242 2276 1547 2349 superficie,
1572 2279 1725 2349 quasi
1747 2280 1812 2334 ad
1834 2280 2082 2336 innoxios

484 2368 623 2424 ictus
646 2378 967 2439 provocato,
998 2370 1155 2425 circis
1189 2371 1519 2442 occultisque
1548 2371 1856 2428 volucribus
1883 2374 2084 2429 occidi-

487 2470 593 2517 tttr.
620 2462 809 2533 ilujus,
827 2462 963 2535 proh
987 2462 1170 2519 nefas!
1205 2464 1450 2520 sitienter
1475 2466 1788 2537 sanguinem
1818 2467 2082 2535 lambunt,

487 2552 649 2625 hujus
676 2556 922 2611 certatim
961 2554 1203 2611 membra
1231 2556 1674 2626 dispertiunt.....
1708 2557 1776 2613 Et
1804 2558 1872 2613 de
1902 2561 2086 2613 convi-

485 2647 576 2703 vio
606 2658 790 2703 notum
822 2655 1028 2704 est.....
1060 2647 1143 2704 Ad
1173 2650 1360 2718 epulas
1379 2650 1602 2706 solemni
1633 2649 1721 2705 die
1751 2660 1946 2706 coeunt
1962 2666 2084 2706 cum

486 2742 738 2797 omnibus
765 2740 951 2797 liberis
974 2784 991 2809 ,
1036 2743 1312 2798 sororibus
1332 2784 1346 2807 ,
1381 2743 1640 2799 matribus
1664 2786 1679 2811 ,
1720 2759 1882 2799 sexus
1911 2745 2087 2799 omnis

489 2833 759 2901 homines,
778 2843 831 2889 et
847 2835 1025 2889 omnis
1045 2835 1238 2889 astatis.
1269 2834 1384 2890 Illic
1406 2846 1522 2904 post
1551 2835 1751 2889 multas
1770 2836 1976 2901 epulas,
1999 2836 2088 2891 ubi

491 2929 799 2985 convivium
827 2929 1030 2992 caluit,
1053 2936 1110 2983 et
1140 2929 1358 2983 incestae
1385 2927 1626 2983 libidinis
1653 2927 1801 2983 furor
1826 2929 2089 2985 ebrietate

489 3015 719 3083 exarsit,
756 3017 902 3071 canis
925 3014 1011 3083 qui
1040 3012 1368 3069 candelabro
1392 3029 1560 3067 nexus
1584 3022 1705 3077 est,
1733 3012 1880 3083 jactu
1910 3012 2089 3069 offulae

490 3113 630 3169 ultra
660 3114 890 3184 Spatium
921 3114 1111 3178 lineas.
1135 3126 1239 3181 qua
1261 3111 1471 3167 vinctus
1497 3121 1609 3175 est,
1639 3111 1705 3166 ad
1749 3113 2003 3179 impetum
2035 3124 2089 3169 et

1765 292 1853 348 DE
1897 290 2151 349 MlNUCIl
2188 290 2486 349 OCTAVIO

471 410 688 478 tigasse,
724 408 807 463 vel
831 421 990 463 ausos
1021 406 1346 478 investigare
1373 416 1549 463 utrum
1595 423 1720 464 vera
1750 417 1932 464 essent
1974 408 2065 463 illa
2095 411 2141 470 Α
2175 410 2422 478 ptismate
2468 408 2843 477 iuitiabantur,
2891 417 3086 485 quoties
3132 422 3375 488 Christian;

3523 332 3581 390 l8l)

3416 452 3527 491 sulem

2178 440 2422 478 [maturata
2469 440 2843 477 Illumuuuull‘,
2891 440 3086 485 ιιυυιιθε
3132 440 3375 488 ωιτιειιθιιῑ
3416 440 3589 505 solemnes

2178 503 2395 573 quidem
2422 519 2546 560 suos
2574 515 2746 562 cintus
2765 548 2780 573 ,
2813 506 2903 563 scd
2931 524 3153 570 secretos
3187 516 3388 578 inibant?
3423 529 3520 591 Bene
3544 550 3590 597 ta-

2181 615 2303 655 men
2358 607 2483 667 est,
2528 601 2670 671 quod
2724 600 3020 659 Gronovius
3063 607 3265 667 infantes
3312 620 3441 676 sacris
3485 626 3592 700 Bapli.

2180 693 2368 747 smatis
2436 692 2594 748 undis
2634 701 2793 750 aetate
2854 693 3056 753 Minucii
3105 700 3281 760 Felicis
3313 708 3472 770 ablutos
3501 692 3595 782 luisse

2179 786 2323 840 ultro
2353 784 2605 840 fateatur.

2253 876 2404 945 Quod
2437 892 2566 932 vero
2596 887 2804 948 spectat
2829 879 2895 936 ad
2939 883 3179 954 crimina,
3206 904 3396 957 quorum
3416 894 3596 964 CliriSliani

2185 979 2290 1026 tam
2327 971 2493 1039 falso,
2539 988 2698 1043 quam
2743 983 2942 1033 temere
2966 978 3350 1048 postulabantur,
3376 987 3428 1041 dc
3454 990 3599 1053 bisTa-

2182 1064 2433 1118 lullianus
2461 1066 2717 1135 scriptum
2748 1066 2899 1121 nobis
2929 1068 2979 1123 id
3008 1070 3204 1138 reliquit
3242 1091 3255 1126 :
3298 1093 3313 1126 ι
3352 1076 3523 1137 Dicimur
3537 1082 3627 1144 sce.‘

2182 1154 2488 1210 leratissimi
2514 1157 2581 1211 de
2606 1168 2946 1213 sacramento
2972 1158 3283 1231 infanticidii,
3302 1175 3348 1220 et
3366 1169 3598 1241 pabuloiutle,

2181 1257 2237 1302 et
2276 1257 2396 1317 post
2421 1249 2724 1303 convivium
2760 1250 2996 1316 incesto;
3034 1252 3168 1321 quod
3196 1269 3433 1314 eversores
3451 1265 3601 1322 luminum
3678 1268 3679 1311 Ὺ

2181 1353 2374 1407 canes,
2408 1340 2630 1397 lenones
2668 1341 2876 1397 scilicet
2905 1343 3175 1407 tenebras,
3217 1353 3314 1400 tum
3359 1358 3404 1404 et
3433 1352 3602 1413 libidinum

2182 1435 2467 1505 impiarum
2502 1436 2935 1492 inverecundiam
2983 1448 3255 1506 procurent
3278 1439 3473 1512 (Tertull.
3494 1446 3604 1516 Apolo-

2181 1537 2282 1600 get.
2313 1544 2431 1598 cap.
2457 1531 2511 1595 7,
2532 1547 2654 1600 pag.
2673 1527 2754 1602 8).
2781 1529 2855 1584 Ibi
2878 1539 3052 1583 autem
3075 1528 3160 1585 ille
3184 1531 3345 1600 paucis
3362 1536 3494 1590 verbis
3508 1542 3605 1594 ontnit

2182 1624 2424 1693 congerit
2454 1624 2700 1689 crimina,
2733 1640 2853 1695 qua:
2880 1621 3142 1686 Cmcilius,
3174 1625 3277 1680 sive
3302 1625 3506 1684 Minucius
3525 1632 3611 1700 pluri-

2185 1719 2284 1775 bus
2310 1719 2510 1786 edixit,
2536 1734 2728 1789 nempe
2753 1717 3166 1781 iufanticidium,
3193 1720 3446 1775 convivium
3465 1738 3605 1781 carnea

2185 1916 2297 1962 tum
2319 1948 2334 1971 ,
2364 1918 2647 1960 eversores
2676 1902 2872 1959 dehinc
2911 1903 3164 1958 luminum
3193 1918 3371 1970 canes,
3403 1920 3451 1961 ac
3478 1911 3609 1977 ιιιιιιιιῑς.

2182 2012 2316 2053 cuos
2346 1997 2615 2066 quoslibet
2640 1996 2960 2052 concubitus
2985 2007 3146 2065 atque
3198 1996 3417 2052 incestus.
3442 1998 3497 2053 Ibi
3518 2008 3614 2056 tamen

2184 2090 2543 2146 Tertullianus
2589 2106 2693 2144 non
2741 2091 3023 2159 pempicue
3057 2090 3264 2145 omnino
3296 2089 3613 2163 edisserit,quo-
3674 2150 3675 2159 χ

2188 2185 2351 2240 modo
2381 2183 2558 2238 infans
2580 2182 2852 2239 diceretur
2876 2199 2905 2238 a
2932 2182 3245 2238 Christianis
3270 2182 3434 2238 occidi.
3674 2182 3675 2247 Τ

2262 2280 2461 2346 Aperte
2485 2286 2662 2330 autem
2693 2288 2877 2346 pos:ea
2909 2275 3146 2331 declarat
3173 2273 3388 2330 ethnicos
3410 2291 3540 2330 revera
3556 2292 3618 2330 cre-

2187 2371 2390 2428 didisse
2437 2388 2464 2424 a
2508 2369 2828 2426 Christianis
2855 2377 3138 2439 exceptum
3167 2367 3362 2424 infantis
3385 2370 3540 2435 rudem,
3563 2372 3619 2425 sive

2187 2450 2412 2521 crudum
2440 2464 2762 2535 sanguinem,
2786 2477 2961 2532 eoque
2991 2476 3177 2532 panem
3204 2461 3460 2527 iutinctum,
3480 2471 3618 2529 quotum

2188 2558 2436 2629 quidem,
2472 2556 2922 2628 quemadmodum
2972 2564 3027 2610 ct
3065 2555 3293 2625 ejusdem
3328 2552 3498 2609 infantis
3525 2556 3620 2609 carni-

2190 2650 2309 2713 bus,
2339 2648 2690 2704 vescebantur
2721 2647 2882 2717 (Ibid.
2915 2662 3037 2717 cap.
3065 2646 3099 2702 8
3124 2688 3139 2711 ,
3182 2663 3293 2717 pag.
3333 2645 3401 2714 9).
3426 2645 3511 2699 Alio
3526 2656 3621 2699 autem

2192 2743 2244 2798 in
2278 2742 2413 2796 libro
2438 2741 2719 2796 obscurius
2746 2741 3010 2809 loquitur,
3046 2738 3278 2808 nihilque
3305 2737 3425 2792 aliud
3449 2747 3621 2793 metuunt.

2193 2834 2296 2889 nisi
2343 2850 2361 2882 ι
2404 2832 2795 2887 infauticidium
2821 2874 2836 2899 ,
2887 2831 3079 2886 horam
3118 2831 3448 2893 lucernarum,
3482 2828 3623 2882 caninum

2194 2926 2570 2990 ministerium,
2605 2932 2660 2978 et
2683 2924 2891 2994 ingenia
2922 2923 3285 2987 tenebrarum,
3319 2940 3335 2972 ι
3366 2921 3510 2990 quibus
3527 2917 3626 2972 faten-

2195 3020 2359 3080 tibus.
2388 3018 2678 3074 Christiani
2706 3017 2947 3087 quolibet
2972 3025 3181 3083 stupro,
3209 3015 3438 3069 adulterio
3455 3024 3496 3068 et
3513 3015 3625 3065 incestu

2193 3112 2542 3168 contaminari
2597 3111 2914 3167 dicebantur
2960 3110 3136 3180 (Idem
3164 3151 3178 3175 ,
3227 3109 3308 3163 lib.
3350 3125 3365 3163 ι
3403 3105 3454 3159 ad
3490 3104 3623 3165 Nalioa,

492 3205 688 3261 saltum
716 3214 1059 3276 provocatur.
1095 3204 1185 3261 Sic
1210 3218 1402 3259 everso
1425 3212 1478 3259 et
1503 3204 1743 3260 extincto
1768 3207 1987 3262 conscio
2009 3207 2090 3261 lu-
2117 3203 2161 3266 C
2194 3224 2315 3277 cap.
2345 3206 2413 3261 15
2446 3215 2493 3260 et
2533 3205 2601 3260 16
2620 3248 2632 3269 ,
2666 3222 2785 3276 pag.
2815 3204 2931 3273 60).
2968 3204 3079 3261 Sed
3110 3203 3223 3258 lucc
3249 3216 3339 3256 suo
3365 3202 3459 3254 loco
3483 3197 3631 3252 enodet.

492 3299 660 3360 mine,
692 3296 1095 3365 impudentibus
1136 3295 1392 3363 tenebris,
1424 3311 1595 3352 nexus
1627 3297 1858 3352 infandae
1885 3300 2090 3370 cupidi-

496 3389 621 3445 tatis
644 3388 951 3455 involvunt,
982 3405 1076 3458 per
1108 3390 1370 3445 incertum
1399 3390 1583 3459 sortis,
1609 3400 1666 3446 et
1685 3392 1728 3446 si
1765 3407 1871 3447 non
1902 3409 2091 3449 omnes

496 3497 682 3553 opera,
712 3482 1046 3540 conscientia
1070 3494 1248 3542 tamen
1278 3485 1489 3542 incesti.
1530 3505 1549 3538 ι
1584 3487 1721 3554 Quid
1753 3486 1837 3542 his
1864 3488 2090 3543 sceleri-

497 3578 598 3634 bus
638 3577 805 3650 magis
841 3578 1088 3645 crudele,
1134 3579 1353 3650 impium
1380 3620 1396 3646 ,
1441 3578 1826 3645 inhumanum,
1860 3590 1914 3635 ct
1962 3581 2088 3636 hor-

500 3671 713 3728 ridum?
1008 3729 1017 3737 _

571 3768 641 3820 At
685 3766 995 3837 priusquam
1042 3766 1268 3822 ulterius
1319 3766 1743 3837 progrediamur,
1798 3767 2092 3822 observan—

502 3857 628 3913 dum
659 3867 743 3914 est
783 3859 833 3914 in
875 3858 1241 3930 manuscripto
1272 3858 1456 3914 codice
1484 3859 1584 3929 legi
1616 3878 1630 3915 :
1671 3879 1689 3912 ‹
1725 3859 1949 3915 Incesta:
1976 3860 2095 3916 libi-

500 3951 639 4007 dinis
683 3950 859 4007 fervor
885 3951 1192 4015 ebrietatis;
1229 3970 1248 4004 ι
1297 3950 1393 4005 sed
1436 3949 1637 4006 librarii
1667 3950 1945 4006 oscitantia
1971 3993 1987 4017 ,
2040 3961 2097 4007 ut

504 4044 748 4115 plerique
777 4044 1017 4099 arbitrati
1046 4053 1192 4100 sunt.
1232 4043 1494 4113 Quocirca
1537 4045 1590 4099 in
1633 4045 1875 4115 pluribus
1900 4045 2096 4103 editio-

504 4135 660 4190 nibus
684 4136 941 4207 scriptum
971 4137 1251 4192 voluerunt
1281 4138 1516 4192 ebrietate
1537 4177 1553 4201 ,
1584 4142 1716 4193 satis
1743 4138 1925 4208 utiqtte
1951 4138 2097 4193 claro

502 4237 554 4283 et
588 4238 772 4298 aperto
802 4243 983 4284 sensu.
1017 4229 1214 4285 Verum
1254 4230 1371 4285 haec
1407 4230 1714 4286 emendatio
1753 4248 1858 4285 non
1902 4231 2100 4301 placuit

503 4319 801 4389 Gronovio,
831 4324 920 4394 qui
952 4338 1112 4379 voces
1140 4326 1344 4379 incesta:
1372 4324 1599 4380 libidinis
1629 4324 1946 4395 depravatas
1974 4338 2096 4379 sus-

504 4414 711 4484 picatus
753 4423 870 4479 est,
910 4430 974 4469 ac
999 4415 1280 4485 legendum
1316 4435 1334 4467 ι
1368 4416 1419 4470 in
1449 4430 1620 4470 caecas
1646 4415 1892 4470 libidines
1923 4414 2101 4471 fervor

505 4509 782 4564 ebrietatis
818 4509 1037 4563 exarsit.
1075 4528 1093 4561 ι
1145 4508 1278 4562 Nam
1322 4508 1390 4562 de
1430 4508 1664 4575 incesm,
1698 4509 1899 4578 inquit,
1944 4508 2101 4575 paulo

504 4606 630 4670 post
668 4598 864 4653 dicitur
908 4600 1264 4653 :conscientia
1311 4607 1477 4651 tamen
1526 4600 1717 4668 pariter
1764 4603 1958 4654 incesti.
1991 4600 2092 4656 Sed

2202 4608 2357 4658 mm
2385 4609 2533 4659 αὗτοῧ
2560 4620 2651 4659 τῶν
2679 4619 2880 4674 σαριῶν’
2914 4609 2995 4657 καὶ
3028 4612 3198 4668 πάλιν,
3239 4608 3312 4655 ὃτι
3335 4599 3465 4652 σεάτό
3488 4597 3645 4643 “arma

507 4701 713 4747 tantum
759 4692 943 4756 abest,
975 4701 1033 4745 nt
1075 4690 1159 4745 his
1183 4691 1365 4745 verbis
1406 4690 1605 4745 ultimis
1634 4692 1984 4748 excludantur
2007 4708 2098 4748 su-

510 4784 718 4855 periora
746 4785 949 4839 incesta:
975 4782 1217 4847 libidinis,
1246 4783 1372 4852 quin
1399 4797 1461 4837 ea
1490 4782 1666 4851 potius
1693 4782 1969 4838 videantur
1988 4786 2099 4853 jam

509 4875 648 4931 dicta
676 4876 935 4932 indicare.
974 4874 1056 4930 Ad
1094 4890 1277 4929 vermn
1322 4874 1500 4945 itaque
1539 4874 1755 4944 pr0pius
1793 4877 1997 4930 accedit
2024 4878 2101 4930 al-

513 4976 626 5023 tera
654 4968 847 5031 lectio;
894 4965 1134 5021 melioris
1170 4974 1346 5020 tamen
1373 4965 1572 5021 codicis
1599 4968 1916 5024 auctoritate
1943 4970 2105 5024 debet

512 5061 845 5114 confirmari.

589 5152 658 5207 At
686 5151 831 5205 omni
861 5150 1235 5221 probabilitate
1268 5152 1399 5208 illud
1421 5164 1604 5220 caret,
1633 5154 1775 5226 quod
1805 5153 2111 5210 Gronovius

514 5245 712 5301 ibidem
767 5243 997 5315 adjecit,
1045 5246 1130 5301 his
1174 5245 1372 5302 Caecilii
1422 5247 1489 5304 de
1538 5248 1963 5303 Christianarum
2015 5262 2108 5317 sy-

514 5355 744 5393 naxeum
777 5340 956 5396 verbis
975 5382 989 5403 .
1019 5341 1280 5413 designari
1310 5343 1587 5399 infantium
1617 5341 1904 5411 Baptisma.
1939 5339 2108 5395 Num-

513 5432 641 5505 quid
671 5432 813 5488 enim
841 5434 1089 5491 Caecilius
1112 5434 1399 5491 Gentilium
1430 5436 1667 5499 nomine,
1698 5434 1747 5489 iu
1778 5432 2112 5488 Christianos

515 5526 870 5597 disputando.
900 5527 968 5584 de
994 5529 1163 5583 sacris
1194 5528 1384 5584 horum
1412 5529 1644 5584 antibus
1685 5527 1831 5593 loijui
1861 5540 1966 5579 non
2011 5540 2107 5592 po-

518 5623 648 5689 tuit,
681 5623 780 5677 nisi
814 5625 1137 5679 mentionem
1182 5622 1434 5693 Baptismi
1464 5621 1698 5677 faceret?
1737 5618 2001 5687 Numquid
2035 5617 2110 5673 illi

517 5716 823 5775 etetbnicis
847 5726 1181 5787 compertum
1225 5727 1339 5772 erat
1363 5716 1620 5786 quidquid
1666 5717 1717 5771 in
1761 5714 1846 5769 his
1881 5714 2110 5770 coetibus

518 5813 812 5887 agebatur?
851 5811 1116 5884 Numquid
1153 5811 1314 5866 etiam
1358 5807 1589 5866 infantes
1616 5807 1775 5865 toties
1812 5822 1966 5864 sacro
2004 5806 2111 5864 Ba-

2197 4706 2266 4755 τὰ
2292 4706 2374 4755 τοῦ
2404 4701 2568 4754 σκότου
2614 4704 2835 4769 πράττειν
2875 4703 3180 4769 βρυλὸμενοι,
3209 4688 3648 4754 rhyada-mima?”

2200 4798 2393 4854 ἕκαστος
2432 4795 2480 4844 δὲ
2501 4804 2563 4861 τῇ
2589 4796 2927 4863 παρκτυχοὺῖῃ
2954 4801 3197 4856 μίγνυται,
3226 4798 3253 4849 ἧ
3276 4812 3341 4845 τις
3366 4784 3541 4842 δυσπμίι
3559 4786 3647 4863 Ὗς-

2172 5064 2177 5069 .
2211 5077 2306 5133 [τι.
2331 5073 2503 5137 ἀπατᾷ
2525 5091 2676 5131 τινας,
2705 5073 3117 5138 famaquam/45w»;
3156 5069 3237 5117 3ιά
3277 5068 3334 5117 τά
3371 5058 3541 5112 “maga,
3562 5060 3651 5138 nisi

2195 3298 2302 3353 tius
2347 3297 2736 3369 explicabimus
2780 3296 3031 3368 (Dissert.
3110 3298 3165 3350 in
3209 3293 3433 3358 Tertull.,
3471 3307 3546 3361 cap.
3576 3288 3630 3341 ill.

2195 3403 2299 3450 art.
2334 3393 2406 3464 l).

2267 3485 2525 3556 Origenes
2575 3501 2701 3540 vero
2759 3484 2844 3540 ubi
2906 3484 3128 3540 Celsum
3186 3484 3295 3537 harc
3336 3479 3473 3536 adhuc
3507 3474 3632 3531 crimini

2195 3576 2515 3632 Christianis
2545 3577 2700 3631 solita
2734 3577 3069 3646 procacitate
3094 3576 3423 3646 objectantem
3445 3586 3511 3641 pro
3529 3564 3635 3621 merita

2196 3671 2440 3741 castigat,
2474 3670 2543 3724 ibi
2576 3668 2889 3725 testificatur
2918 3667 3084 3737 hujus
3110 3667 3390 3731 calumnias,
3411 3662 3461 3717 ab
3478 3661 3552 3730 ipso
3567 3669 3635 3707 nas-

2197 3762 2365 3818 centis
2417 3762 2671 3817 Ecclesia)
2725 3760 2874 3816 initio
2926 3758 3248 3815 Christianis
3292 3758 3452 3819 iliate,
3488 3757 3638 3804 πυθιονθὲ

2197 3857 2361 3912 fuisse
2388 3873 2490 3911 non
2513 3856 2728 3927 quidem
2755 3855 3026 3921 ethnicos,
3057 3864 3149 3909 aut
3175 3852 3438 3914 haereticos,
3456 3837 3638 3899 ιιιῑδῐιιὶῐε

2204 3952 2365 4023 paulo
2408 3959 2531 4006 ante
2559 3950 2760 4005 dictum
2792 3950 3045 4016 vidimus,
3075 3949 3168 4005 sed
3195 3947 3406 4003 Jltdll‘OS.
3431 3938 3540 3995 Addit
3562 3948 3636 4031 prs-

2201 4055 2344 4100 terea
2398 4061 2496 4098 suo
2543 4044 2717 4099 adhuc
2759 4056 2999 4114 tempore
3030 4042 3286 4114 quosdam
3329 4038 3400 4092 his
3433 4038 3636 4104 quantnmm

2200 4135 2497 4192 falsiSsimis
2536 4136 2839 4191 rumoribus
2874 4137 2942 4191 ab
2980 4134 3345 4206 amplectenda
3369 4123 3637 4184 Christianam-

2201 4229 2396 4299 ligione
2425 4228 2707 4284 deterritos
2733 4271 2747 4295 ,
2781 4232 3131 4300 omniumque
3159 4212 3637 4283 Citrisrianorumluili“

2199 4324 2488 4395 colloquia.
2519 4329 2661 4379 Δοκεῖ
2695 4349 2778 4392 μοι
2812 4330 3156 4395 παριτλήσιον
3196 4315 3408 4379 iamiam;
3428 4316 3635 4371 ςεπθιιῖιῗαίν

2201 4432 2298 4479 τοῖς
2324 4424 2450 4474 κειτά
2473 4427 2558 4475 τὴν
2586 4423 2743 4489 ἀρχῆν
2784 4424 3174 4487 Χριστιανισμςῧ
3211 4414 3529 4471 κκταακεδέσιισι

2204 4523 2321 4580 μίαν
2359 4522 2442 4566 τοῦ
2484 4515 2638 4582 λόγον’
2666 4518 2726 4572 ὡς
2755 4518 2853 4582 ἄρα
2880 4519 3236 4570 καταίῦσαντες
3260 4509 3429 4563 παιδίον
3456 4497 3645 4567 (μηκέθ

2206 4886 2338 4955 λθγθε
2361 4890 2508 4938 ’πάλη
2542 4892 2627 4951 μὲν
2651 4893 2882 4940 ’πλείττων
2912 4889 3028 4936 ὅτων
3066 4889 3254 4951 ἐκράτει
3274 4884 3466 4931 πῖίθονσᾱ
3486 4857 3650 4955 τινςα’)ξ’

2210 4987 2372 5046 *βίους
2413 4982 2498 5031 τοῦ
2542 4977 2698 5047 λόγω,
2743 4981 2818 5030 ὃτι
2856 4984 3073 5029 rotati-ro!
3098 4964 3649 5047 cinXpmrtuai.xalrﬂi'

2209 5170 2452 5213 κοινωνίαν
2488 5161 2811 5228 ἁπλουστέραν
2842 5176 2930 5214 τῶν
2959 5161 3105 5223 λόγων
3166 5164 3295 5216 ἥκειν
3329 5161 3427 5220 πρὶς
3459 5147 3649 5228 ximam:

2219 5269 2238 5302 ι
2273 5250 2517 5317 Videtur,
2545 5213 2741 5311 aiebat:
2775 5251 2903 5305 mihi
2924 5293 2939 5317 ,
2970 5248 3166 5305 Celsus
3188 5289 3203 5313 ,
3233 5244 3411 5301 fecisse
3435 5213 3651 5292 idrmAtW"1

2213 5341 2409 5409 Judtei,
2440 5343 2760 5399 Christiauze
2800 5342 3059 5398 doctrina:
3113 5339 3284 5403 initio,
3337 5342 3494 5401 sparso
3521 5324 3650 5374 τυηιοπο

2214 5434 2356 5505 quod
2383 5435 2503 5505 ejus
2531 5446 2690 5490 sectze
2737 5436 2981 5490 homines
3009 5430 3233 5487 mactati
3278 5422 3415 5497 pueri
3441 5410 3651 5505 γθεοεπξίξῖ

2212 5528 2495 5592 carnibus;
2554 5536 2610 5583 et
2638 5526 2776 5596 quod
2823 5527 3030 5596 quoties
3083 5525 3167 5578 eis
3214 5521 3367 5575 libeat
3408 5517 3570 5582 opm!"
3591 5494 3653 5596 ἀπξ

2214 5619 2439 5675 occultis
2461 5592 2789 5683 libidinibus,
2814 5592 3053 5674 extincto
3084 5614 3302 5675 lumine,
3319 5592 3654 5695 consttti’m'qff

2216 5713 2442 5784 quisque
2474 5715 2697 5784 primam
2741 5721 2928 5768 nactus
2971 5708 3155 5765 fuerit.
3198 5707 3324 5774 Qum
3360 5698 3466 5754 falsa
3498 5697 3537 5744 el

2216 5807 2399 5881 opinio
2429 5806 2626 5861 dudum
2654 5806 2808 5862 valde
2833 5806 3023 5861 multos
3053 5817 3084 5856 a
3117 5799 3369 5870 religione
3386 5795 3529 5846 nostra
3544 5775 3660 5831 alieni!S
