3818 6282
126 332 231 388 481

125 447 335 515 tenuit,
379 463 680 520 persuasus
720 456 862 526 quod
895 459 1031 516 tales
1058 462 1168 518 sint
1195 463 1524 539 Christiani;
1569 483 1623 528 et
1668 473 1734 529 ad

124 535 227 594 hoc
274 543 544 612 temporis
606 548 901 605 nonnullos
968 550 1141 621 fallit;
1192 557 1312 626 quia
1361 576 1423 616 ea
1467 535 1537 620 de
1575 581 1740 623 causa

123 630 468 693 Christianos
522 639 599 694 ita
653 655 1015 713 aversantur,
1064 658 1121 703 ut
1169 665 1237 706 ne
1296 653 1530 723 simplex
1579 661 1750 716 collo-

124 727 314 797 quium
341 746 468 787 cum
497 733 723 791 homine
754 736 1064 796 Christiano
1087 741 1286 801 habere
1315 747 1744 823 velint.t(0rig.,

128 820 228 876 lib.
263 840 319 881 Vt
346 837 509 881 contr.
537 825 693 897 Cela,
727 848 851 903 pag.
882 833 989 890 293
1012 846 1058 890 et
1080 840 1247 908 seqq.)

211 915 593 976 Verumtamen
638 922 684 976 si
743 922 914 979 Judaei
958 926 1119 997 hujus
1165 931 1448 988 calumniie
1494 946 1744 995 auctores

143 1007 391 1080 fuerunt,
414 1031 523 1070 eam
548 1017 727 1085 procul
757 1017 924 1073 dubio
949 1033 1220 1079 auxerunt
1253 1028 1489 1097 quidam,
1520 1031 1571 1085 in
1600 1032 1741 1103 Lug-

144 1105 415 1163 dunensis
443 1108 861 1183 Viennensisqne
886 1113 1149 1171 Ecclesiae
1184 1118 1444 1190 Epistola,
1472 1124 1540 1179 ab
1568 1125 1741 1181 Euse—

139 1198 234 1255 bio
260 1201 539 1270 descripta,
564 1204 732 1258 notati
754 1207 986 1274 gentiles
1009 1208 1434 1269 Christianorum
1454 1218 1616 1284 servi,
1646 1218 1739 1290 qui

132 1308 163 1347 a
190 1294 429 1364 praeside
446 1297 612 1366 capti,
635 1313 758 1354 cum
789 1309 1054 1357 tormenta
1083 1304 1518 1379 reformidarent,
1547 1322 1602 1367 et
1628 1312 1741 1367 da:-

122 1400 351 1441 mouum
383 1389 646 1444 instinctu
667 1432 682 1454 ,
715 1400 771 1446 et
800 1393 1055 1449 militibus
1099 1397 1445 1456 incitantihus
1474 1447 1484 1464 ,
1530 1406 1737 1461 mentiti

117 1478 340 1535 fuerant
368 1480 807 1540 Christianorum
834 1496 1053 1543 θυέστεια
1075 1494 1240 1546 δείτνα
1260 1534 1276 1559 ,
1307 1498 1389 1548 καὶ
1422 1500 1737 1563 οἱδιποδέιους

118 1584 303 1639 μίξεις,
334 1591 355 1625 ι
396 1574 716 1647 'l‘hywsteas
738 1593 945 1647 Cinnas,
976 1590 1030 1637 et
1053 1582 1286 1639 incestos
1310 1583 1503 1657 ΟΕάὶμὶ
1532 1604 1735 1644 enncu-

121 1666 294 1732 bitus,
332 1686 352 1719 ι
378 1684 503 1740 qtae
530 1670 692 1740 paulo
719 1682 892 1741 posta
920 1673 1074 1729 nobis
1087 1676 1497 1746 explicabuntur
1522 1680 1734 1753 (Euseb.

137 1760 232 1813 lib.
262 1777 319 1827 v,
348 1778 462 1832 cap.
489 1762 549 1827 2,
580 1780 704 1835 pag.
738 1764 890 1836 156).

220 1855 296 1908 At
336 1855 470 1909 brevi
507 1867 699 1926 postea
754 1868 994 1929 tempore
1022 1862 1238 1919 duravit
1288 1864 1402 1922 haec
1447 1868 1734 1925 calumnia.
1770 1878 1817 1938 Β
1848 1902 1911 1960 Cl

147 1945 284 2001 Nam
318 1957 444 2004 teste
464 1948 641 2006 adhuc
680 1953 934 2020 Eusebio,
985 1968 1264 2029 postquam
1306 1960 1733 2021 Christianorum

142 2039 444 2096 innocentia
470 2042 726 2100 omnibus
759 2046 1079 2104 innotuisset
1102 2090 1118 2117 ,
1153 2052 1609 2121 impudentissima
1646 2058 1734 2114 illa

132 2132 437 2188 criminatio
463 2135 679 2204 penitus
720 2138 954 2194 extincta
986 2151 1086 2195 est.
1140 2160 1158 2194 ι
1212 2142 1319 2200 Sed
1359 2146 1440 2200 liae
1471 2147 1736 2205 dannonis

128 2234 295 2289 artes,
326 2246 346 2278 ι
392 2225 569 2297 inquit
596 2230 840 2286 eruditos
871 2232 961 2288 ille
989 2235 1089 2297 vir,
1119 2253 1138 2286 ι
1175 2252 1510 2310 nequaquam
1540 2243 1591 2296 in
1615 2243 1737 2299 diu-

128 2328 345 2376 turnum
387 2331 598 2394 tempus
648 2325 699 2382 ei
752 2341 1099 2398 processere;
1131 2331 1329 2401 quippe
1374 2349 1495 2389 cum
1538 2338 1734 2393 veritas

125 2413 245 2484 ipsa
274 2431 336 2471 se
364 2416 535 2484 ipsam
587 2429 876 2489 astrueret,
905 2430 961 2476 et
1009 2425 1448 2494 commendaret,
1481 2444 1732 2500 progres-

127 2523 306 2578 saque
358 2511 619 2581 temporis
650 2512 704 2567 in
730 2512 842 2569 dies
876 2515 1326 2575 elucesceret.....
1367 2520 1541 2577 Simul
1571 2525 1730 2580 etiam

124 2599 395 2654 exstincta
459 2611 543 2656 est
587 2605 847 2673 temporis
899 2606 1052 2675 lapsu
1103 2610 1369 2665 calumnia
1423 2611 1553 2678 illa,
1613 2631 1734 2684 qua:

128 2704 332 2748 nostra:
376 2695 620 2769 religioni
665 2696 839 2755 allicta
880 2700 1054 2756 fuerat
1103 2701 1351 2774 (Euseb,
1382 2705 1472 2762 lib.
1506 2724 1558 2763 tv
1613 2708 1734 2766 His-

116 2793 253 2850 τοι,
280 2802 401 2856 cap.
428 2788 481 2852 7,
509 2806 631 2860 pag.
680 2791 827 2862 120).
868 2813 889 2845 ι
922 2792 1175 2850 Jamvero
1201 2800 1616 2856 exan‘tinandum
1649 2815 1733 2859 est

120 2879 400 2945 quomodo
444 2878 706 2940 Minucius
746 2883 863 2941 haec
912 2896 1019 2942 tam
1066 2886 1221 2957 falsa,
1255 2906 1415 2962 quam
1462 2894 1728 2952 horrenda

117 2969 357 3028 crimina
381 2972 572 3030 diluat.

722 3091 1013 3135 ARTICULUS
1051 3095 1085 3135 ΙΙ
1096 3123 1108 3136 .

120 3154 506 3231 Experiamur
547 3169 809 3239 generales
854 3172 1099 3241 rationes,
1154 3173 1335 3244 quibus
1369 3175 1609 3232 Octavius
1640 3178 1728 3233 ob-

1596 358 2066 426 DISSERTATIO.

3341 388 3447 444 482

1765 476 1817 533 Α
1842 480 2120 539 vobiscum
2167 488 2435 557 quondam
2467 492 2643 549 adhuc
2686 495 2819 550 caeci
2845 505 2899 552 et
2928 496 3149 556 hebetes
3175 501 3446 560 sentieba-

1852 588 1993 640 mus,
2025 580 2178 648 quasi
2206 580 2497 640 Christiani
2525 601 2764 645 monstra
2789 590 3026 647 colerent
3050 635 3064 658 ,
3094 594 3325 652 infantes
3351 613 3447 655 vo-

1849 678 2050 734 rarent,
2075 675 2318 731 convivia
2362 677 2563 735 incesta
2596 683 2907 739 miscerent.
2950 683 3062 740 Nec
3104 688 3441 761 intelligeba-

1848 776 1967 815 mus
1994 762 2062 817 ab
2088 764 2171 821 bis
2204 766 2412 825 fabulas
2446 773 2574 829 istas
2605 790 2822 846 semper
2848 778 3126 846 ventilari,
3176 798 3276 838 nec
3320 801 3437 840 unt—

1846 869 2006 923 quam
2034 857 2116 911 vel
2149 859 2476 933 investigari,
2511 866 2591 921 vel
2620 867 2868 937 probari;
2901 886 3001 928 nec
3030 882 3178 929 tanto
3205 887 3446 948 tempore

1847 948 2079 1020 aliquem
2111 955 2370 1025 existere,
2396 961 2491 1029 qui
2545 962 2796 1031 proderet
2827 981 2932 1020 non
2966 976 3169 1023 tantum
3196 971 3318 1026 facti
3353 989 3444 1031 ve-

1847 1042 2013 1104 niam.
2059 1061 2243 1102 verum
2274 1052 2435 1105 etiam
2476 1053 2657 1110 indicii
2696 1057 2923 1127 gratiam
2951 1073 3389 1120 consecuturum.
3420 1087 3440 1121 ι

1846 1133 2103 1193 Eamdem
2134 1151 2312 1197 autem
2353 1144 2585 1201 vidimus
2635 1146 2798 1205 fuisse
2848 1150 3204 1221 aequissimam
3246 1155 3445 1214 Justiui

1846 1232 2100 1300 martyris
2119 1275 2132 1296 ,
2183 1234 2517 1308 aliormnque
2553 1253 2583 1293 a
2615 1240 2771 1296 nobis
2799 1243 2957 1312 paulo
2985 1256 3110 1302 ante
3132 1248 3441 1318 citatorum,

1844 1322 2255 1390 querimoniam.
2277 1326 2383 1383 Sed
2408 1344 2526 1384 eam
2553 1330 2728 1387 adhuc
2748 1338 2925 1391 acrius
2948 1336 3225 1410 fusiusque
3255 1353 3442 1398 contra

1843 1413 2090 1472 ethnicos
2120 1430 2272 1490 urget
2297 1420 2659 1479 Tertullianus
2678 1466 2692 1490 ,
2722 1436 2775 1483 et
2806 1438 2926 1497 post
2952 1445 3072 1485 eum
3112 1431 3438 1503 Lactantius,

1844 1518 2007 1578 atque.
2037 1512 2154 1578 alii,
2183 1515 2322 1569 sicut
2351 1532 2379 1569 a
2411 1517 2567 1574 nobis
2594 1534 2693 1574 suo
2716 1522 2835 1578 loco
2856 1524 3334 1585 demonstrandum
3361 1541 3444 1588 cst

1845 1602 2084 1672 (Tertull.
2136 1608 2379 1680 Apolog.,
2444 1627 2561 1683 cap.
2604 1614 2628 1668 1
2662 1628 2708 1669 et
2740 1616 2797 1684 2,
2838 1628 2886 1671 et
2924 1617 3061 1675 lib.t
3102 1622 3172 1676 ad
3220 1621 3440 1682 Nation.

1840 1714 1956 1767 cap.
1990 1699 2042 1753 7.
2069 1698 2309 1757 Lactant.
2340 1704 2429 1757 lib.
2456 1722 2509 1773 v,
2534 1723 2648 1778 cap.
2685 1709 2758 1780 l).

1916 1814 2101 1883 Neque
2131 1817 2201 1872 ibi
2245 1828 2423 1876 tamen
2452 1824 2599 1879 stetit
2628 1840 2838 1882 summa
2873 1832 3150 1899 gentilium
3181 1834 3443 1894 adversus

1914 1907 2192 1962 tristianos
2219 1918 2405 1965 contra
2429 1912 2517 1982 jus
2549 1930 2710 1971 omne
2751 1916 3022 1989 iniquitas.
3074 1922 3338 1982 Minucius
3364 1928 3442 1982 si-

1841 1999 2058 2070 quidem
2104 2012 2160 2056 et
2189 2002 2463 2068 Octavius,
2505 2020 2631 2061 cum
2668 2009 2843 2065 adhuc
2869 2014 3145 2082 gentilium
3173 2021 3438 2088 supersti-

1843 2094 2080 2149 tionibus
2108 2095 2346 2164 addicti,
2381 2097 2594 2168 publico
2620 2103 2907 2172 causidici,
2940 2114 2997 2161 ιιι
3023 2107 3289 2175 diximus,
3322 2128 3442 2168 mu-

1839 2203 1991 2244 nere~
2019 2188 2369 2261 fungerentur
2390 2235 2405 2260 ,
2439 2198 2707 2265 quoslibet
2745 2200 3070 2272 sacrilegus,
3123 2205 3438 2277 parricidas,

1839 2279 2176 2354 aliorumque
2201 2286 2465 2341 scelerum
2489 2289 2930 2358 gravissimorum
2962 2310 3086 2349 reos
3131 2311 3313 2352 coram
3344 2297 3439 2368 ju-

1838 2371 2053 2429 dieibus
2082 2373 2479 2444 defendebant,
2528 2380 2846 2452 illorumqne
2870 2386 3233 2457 suscipiebant
3258 2399 3442 2457 patro-

1838 2464 2061 2521 cinium.
2087 2468 2284 2524 Contra
2312 2485 2441 2525 vero
2468 2472 2519 2527 in
2548 2472 2904 2545 Christianos,
2928 2479 3086 2551 impia
3112 2499 3334 2554 prorsus
3358 2496 3439 2543 at-

1837 2575 1943 2630 que
1992 2561 2248 2618 hactenus
2297 2564 2533 2622 inaudita
2575 2572 3077 2639 commiseratione,
3114 2580 3434 2649 saevientes,

1837 2654 1951 2708 dira
1979 2657 2277 2720 quaestione
2301 2659 2767 2733 acerbissimisque
2796 2667 3074 2737 suppliciis
3093 2685 3208 2739 eos,
3245 2671 3294 2726 si
3319 2672 3436 2730 ﬁeri

1839 2755 2041 2816 posset,
2067 2748 2365 2821 cogebant,
2395 2766 2501 2806 non
2535 2764 2589 2807 nt
2612 2755 2835 2811 crimina
2864 2756 2957 2815 illa
2989 2760 3306 2833 faterentur,
3336 2767 3435 2823 sed

1835 2852 1897 2896 se
1921 2839 2244 2897 christianos
2271 2857 2392 2899 esse
2420 2855 2693 2916 negarent.
2727 2866 2747 2899 ι
2778 2848 3123 2920 Exercentes,
3149 2856 3243 2923 ait,
3275 2856 3328 2911 in
3351 2857 3436 2914 his

1836 2946 2145 3001 perversam
2180 2937 2555 3004 quwslionem,
2588 2953 2695 2995 non
2723 2954 2843 3010 quae
2870 2956 3055 2998 verum
3086 2949 3433 3018 erueret,sed

1834 3039 1956 3094 qua:
1984 3025 2320 3082 mendacium
2349 3040 2587 3097 cogeret.
2621 3051 2641 3083 ι

1906 3142 2265 3199 Tertullianus
2295 3160 2507 3216 quoque
2533 3148 2778 3206 eamdem
2818 3150 3113 3209 Gentilium
3160 3156 3432 3228 iniquissi-

206 3253 333 3316 καί,
359 3255 662 3314 utramuis
714 3276 745 3314 α
795 3259 1000 3317 emilio
1073 3238 1120 3318 ἐι
1165 3238 1455 3322 Cena-“bus
1516 3270 1732 3324 crimina
1757 3270 1803 3333 ε
1839 3252 1977 3291 mam
2003 3238 2369 3294 crudelitatem
2400 3240 2480 3296 sic
2507 3244 2737 3313 exagitat
2769 3265 2788 3297 ι
2826 3245 3009 3319 Itaque
3036 3265 3136 3305 nec
3167 3251 3218 3306 in
3246 3253 3337 3310 illo
3364 3270 3431 3311 cx

203 3344 370 3403 diluit.

203 3440 404 3511 Duplici
474 3445 829 3515 responsione
894 3447 1149 3504 Octavius
1203 3450 1420 3521 planum
1478 3454 1731 3511 omnibus

116 3533 276 3599 facit,
317 3534 451 3590 nihil
494 3552 717 3606 prorsus
762 3538 846 3594 his
872 3539 1156 3597 calumniis
1197 3558 1321 3600 esse
1362 3544 1619 3615 putidius,
1662 3548 1729 3602 ab

118 3625 350 3699 ipsaque
394 3631 656 3696 veritate,
713 3642 769 3688 et
810 3636 954 3689 omni
1011 3651 1231 3705 prorsus
1260 3637 1729 3697 verisimilitudine

116 3720 293 3790 magis
316 3721 577 3778 alienum.
611 3723 789 3780 Prima
818 3736 997 3782 autem
1022 3731 1301 3799 responsio
1323 3732 1589 3798 generalis
1617 3720 1723 3799 est,

122 3819 282 3881 atque
324 3816 505 3870 omnia
556 3816 720 3872 simul
771 3819 1147 3887 complectitur
1194 3822 1281 3876 illa
1322 3825 1571 3894 crimina,
1602 3842 1724 3897 qua:

126 3898 377 3959 Octavius
425 3905 713 3963 falsissima
782 3920 942 3982 atque
996 3913 1217 3967 omnino
1245 3914 1577 3972 incredibilia
1606 3933 1725 3975 eSse

130 3995 476 4054 demonstrat.
526 4000 774 4057 Secunda
806 4019 935 4060 vero
963 4007 1377 4079 unumquodque
1403 4010 1609 4065 crimen
1636 4002 1719 4066 di-

132 4085 243 4155 luit,
269 4106 333 4144 ac
364 4095 644 4171 perspicue
674 4097 909 4151 ostendit
937 4098 1142 4169 singula
1166 4109 1270 4154 tam
1303 4102 1435 4156 falso
1460 4100 1725 4158 Christia-

144 4181 217 4236 nis
240 4184 453 4254 inferri,
481 4205 639 4258 quam
672 4191 1032 4263 itnpudenler,
1058 4203 1113 4247 et
1138 4193 1355 4264 impune
1379 4213 1407 4250 a
1429 4198 1722 4267 gentilibus

146 4281 589 4346 perpetrabanmr.
617 4285 774 4340 Prior
809 4286 897 4341 illa
930 4288 1210 4354 responsio
1242 4290 1294 4343 in
1327 4289 1428 4344 hoc
1465 4291 1718 4360 articulo,

158 4373 405 4438 posterior
419 4375 467 4430 in
487 4378 944 4449 subsequentibus
969 4380 1321 4437 examinanda
1351 4393 1455 4438 est.

226 4461 460 4522 Octavius
478 4470 650 4542 itaque
673 4513 691 4539 ,
721 4486 817 4526 seu
844 4470 1131 4537 Minucius,
1166 4473 1396 4530 lidenter
1426 4476 1720 4546 respondet

156 4553 306 4610 malis
334 4555 601 4617 dzcmonum
649 4562 857 4618 artibus
910 4562 1143 4631 factum,
1197 4575 1253 4619 ut
1303 4565 1501 4622 ethnici
1544 4586 1565 4620 (
1594 4579 1719 4624 ante

1839 3327 2009 3385 forma
2054 3331 2316 3386 malorum
2355 3331 2766 3402 judicandorum
2806 3339 2962 3410 agitis
2986 3356 3110 3413 erga
3139 3359 3258 3410 nos,
3288 3347 3432 3416 quod

1835 3425 2046 3479 caeteris
2077 3424 2392 3495 negantibus
2434 3426 2700 3484 adhibetis
2754 3438 3015 3488 tormenta
3059 3435 3125 3490 ad
3170 3438 3433 3495 confiten-

1834 3517 1981 3579 dum,
2014 3516 2145 3571 solis
2172 3516 2496 3573 Christianis
2536 3519 2602 3574 ad
2641 3522 2967 3592 negandum,
3008 3542 3128 3582 cum
3156 3529 3199 3582 si
3230 3531 3432 3588 malum

1833 3618 1999 3676 esset,
2029 3624 2127 3667 nos
2157 3609 2374 3681 quidem
2395 3626 2736 3683 negaremus,
2769 3632 2864 3673 vos
2890 3634 3019 3674 vero
3046 3622 3295 3680 confiteri
3317 3634 3430 3681 tor-

1831 3704 2026 3757 tuentis
2067 3704 2584 3774 compelleretis.....
2615 3708 2955 3767 Vociferatur
3002 3713 3165 3771 homo
3198 3735 3211 3771 :
3244 3717 3429 3775 Chris-

1832 3799 2009 3853 tianus
2035 3815 2174 3854 sum.
2208 3799 2362 3867 Quod
2391 3810 2493 3863 est,
2526 3801 2657 3857 dicit
2682 3822 2695 3857 :
2723 3813 2778 3859 tu
2826 3806 2910 3861 vis
2935 3807 3122 3865 audire
3149 3813 3290 3882 quod
3322 3830 3428 3870 non

1829 3903 1931 3948 est.
1965 3893 2214 3950 Veritatis
2252 3898 2636 3969 extorquenda:
2678 3899 2936 3967 praesides
2982 3903 3051 3958 de
3103 3905 3260 3960 nobis
3298 3907 3431 3963 solis

1826 3989 2165 4045 mendacium
2198 3992 2483 4049 elaboratis
2514 3994 2719 4049 audire.
2752 3995 2866 4051 Hoc
2891 4012 3032 4063 sum,
3062 3999 3254 4070 inquit,
3285 4000 3429 4070 quod

1826 4083 2022 4149 qumris
2042 4100 2108 4139 an
2140 4080 2261 4139 sim.
2290 4087 2426 4154 Quid
2460 4102 2547 4143 me
2571 4097 2787 4158 torques
2817 4090 2868 4143 in
2904 4105 3214 4160 perversum
3238 4093 3263 4147 ?
3287 4092 3431 4149 Con.

1827 4173 2001 4243 liteor,
2028 4188 2081 4232 et
2127 4189 2380 4249 torques;
2414 4181 2539 4250 quid
2589 4182 2814 4248 faceres,
2841 4182 2884 4237 si
2917 4198 3175 4252 negarem
3202 4186 3227 4241 ?
3261 4185 3429 4246 Planc

1824 4271 1947 4327 aliis
1973 4274 2409 4343 negantibusnou
2436 4273 2591 4328 facile
2614 4273 2772 4329 fidem
2790 4279 3211 4337 accommodatis
3238 4301 3250 4335 :
3273 4282 3428 4339 nobis

1822 4366 1868 4420 si
1918 4370 2326 4437 negaverimus,
2361 4369 2541 4434 statim
2568 4367 2808 4422 creditis.
2851 4369 3113 4441 Suspecta
3161 4375 3232 4430 sit
3276 4377 3427 4433 vobis

1823 4459 1923 4514 ista
1957 4461 2302 4530 perversitas,
2336 4480 2404 4521 ne
2429 4480 2530 4536 qua
2559 4463 2636 4517 vis
2668 4462 2826 4518 lateat
2851 4465 2902 4519 in
2927 4466 3158 4531 occulto,
3188 4485 3307 4540 qua:
3331 4485 3427 4527 vos

1821 4552 2080 4610 adversus
2112 4555 2362 4620 formam,
2405 4557 2668 4613 adversus
2700 4567 2943 4614 naturam
2967 4560 3260 4631 judicandi,
3294 4578 3427 4619 con-

151 4656 236 4699 nos
262 4647 501 4720 incipiant
548 4653 798 4712 homines
827 4654 1041 4724 odisse,
1079 4672 1237 4726 quam
1281 4672 1480 4724 nosse;
1514 4674 1582 4714 ne
1624 4674 1718 4715 co-

1956 4646 2099 4715 ipsas
2125 4662 2336 4719 quoque
2385 4649 2531 4721 leges
2571 4650 2839 4708 ministret
2875 4672 2894 4706 ι
2929 4651 3171 4724 (Tertull.
3203 4656 3423 4729 Apolog.

147 4740 305 4804 gnitns
330 4757 414 4798 ant
451 4746 648 4803 imitari
696 4752 905 4817 possint
940 4758 1032 4803 aut
1062 4749 1320 4804 damnare
1348 4766 1453 4804 non
1489 4751 1718 4822 possint.

146 4825 275 4895 Quod
302 4837 509 4906 quidem
552 4842 775 4896 totidem
803 4842 980 4897 verbis
1030 4842 1223 4910 repetit
1256 4841 1555 4915 Cyprianus
1588 4843 1718 4919 (Cy-

134 4935 231 4993 ll".,
266 4929 351 4986 lib.
377 4931 438 4987 de
467 4930 607 4987 ldol.
648 4932 845 4999 Vauit.,
869 4952 989 5006 pag.
1023 4934 1135 5003 M).
1156 4936 1515 5002 Quamobrem
1538 4937 1722 5009 justis-

130 5011 255 5076 Sitne
280 5038 397 5078 cum
424 5023 648 5081 Cmcilio
685 5027 911 5098 aliisque
944 5027 1235 5098 gentilibus
1263 5029 1353 5084 ille
1382 5032 1717 5101 expostulat,

119 5113 259 5168 (ιιιοά
287 5113 628 5174 Christianos
677 5119 982 5190 incognitos
1004 5163 1019 5188 ,
1063 5122 1452 5191 inexploratos,
1482 5133 1538 5178 et
1564 5141 1721 5179 num-

108 5205 270 5264 quam
321 5211 538 5267 auditos
581 5214 1024 5270 condemnarent.
1075 5214 1152 5272 Ne
1190 5226 1367 5271 autem
1413 5217 1463 5272 id
1517 5218 1721 5274 ethnici

83 5294 308 5373 "ligare
334 5303 623 5371 auderent,
655 5316 1029 5362 asseveranter
1064 5307 1302 5363 affirmat
1338 5324 1398 5364 se
1451 5308 1577 5364 illud
1609 5326 1715 5367 non

65 5386 101 5472 ξ’
114 5374 177 5442 1)
199 5397 317 5452 aliis
339 5406 549 5453 tantum
573 5407 728 5453 certo
751 5398 1124 5466 didicisse,sed
1138 5408 1474 5472 compertum
1502 5403 1720 5459 omnino

36 5458 310 5554 ,Ιδῆιιεινε
364 5489 737 5547 funestissima
800 5506 893 5547 sua
955 5494 1326 5565 experientia,
1389 5494 1543 5565 cujus
1593 5504 1717 5550 tunc

10 5561 287 5656 ,{qum
312 5587 548 5642 maxime
580 5585 893 5655 ptenitebat.
926 5587 979 5644 Si
1012 5587 1169 5644 nobis
1197 5605 1302 5645 non
1327 5589 1519 5645 credas
1544 5632 1559 5656 ,
1592 5605 1717 5647 ecce

0 5653 332 5755 (“semet
378 5683 533 5740 illius
560 5653 732 5739 verba
759 5725 774 5749 ,
821 5703 838 5736 ι
865 5684 1032 5753 Quam
1066 5683 1304 5754 iniquum
1332 5686 1404 5743 sit
1440 5686 1509 5742 de
1537 5687 1718 5755 incog-

0 5744 53 5851 ξ
120 5782 225 5840 itis
250 5789 308 5835 et
338 5777 713 5849 inexploratis
738 5777 993 5847 judicare,
1014 5779 1156 5851 quod
1181 5780 1382 5847 facitis;
1407 5778 1561 5835 nobis
1589 5778 1717 5848 ipsis

207 5871 508 5931 nitentibus
536 5869 768 5927 credite.
798 5870 862 5929 Et
888 5887 983 5931 nos
1011 5871 1152 5931 idem
1177 5872 1377 5929 fuimus
1399 5911 1418 5942 ,
1449 5880 1505 5931 et
1526 5868 1716 5929 eadem

1822 4756 1936 4813 cap.
1985 4740 2042 4804 2,
2077 4758 2194 4811 pag.
2230 4743 2284 4808 5,
2325 4754 2374 4799 ει
2403 4745 2492 4799 lib.
2550 4761 2565 4800 ι
2604 4747 2671 4799 ad
2728 4744 2943 4804 Nation.
2976 4765 3090 4818 cap.
3114 4750 3170 4817 Ξ,
3204 4768 3325 4821 pag.
3356 4752 3425 4807 46

1823 4842 1871 4887 ει
1919 4833 2106 4906 seqq.)
2162 4833 2271 4889 Nec
2336 4836 2385 4891 id
2440 4837 2609 4893 semel
2637 4837 2839 4896 dixisse
2865 4850 3147 4896 contentus
3179 4842 3295 4910 fuit,
3326 4843 3424 4899 scd

1823 4943 2009 4983 rursus
2049 4938 2231 5000 postea
2259 4930 2507 4986 ethnicos
2538 4941 2710 5001 urget,
2741 4934 2921 5003 aitque
2955 4951 2971 4988 :
3009 4952 3028 4985 ι
3065 4933 3249 5006 Longe
3277 4936 3423 4993 aliud

1825 5036 2018 5077 munus
2038 5022 2279 5078 carnifici
2323 5020 2377 5078 in
2408 5024 2747 5080 Christianos
2774 5027 3067 5096 imperatis,
3116 5042 3226 5084 non
3255 5038 3312 5084 ut
3338 5029 3425 5085 di-

1824 5126 1968 5181 cant,
1994 5133 2112 5188 qua:
2141 5116 2363 5183 faciunt,
2397 5119 2492 5174 sed
2521 5129 2577 5173 ut
2600 5128 2815 5191 negent,
2846 5121 2988 5190 quod
3020 5129 3165 5177 sunt.
3199 5140 3219 5174 ι

1897 5212 2197 5285 Cyprianus
2225 5228 2352 5268 vero
2380 5212 2434 5268 in
2465 5211 2683 5269 eosdem
2716 5214 2942 5284 gentiles
2969 5214 3129 5270 simili
3152 5216 3314 5274 modo
3335 5232 3426 5274 ar-

1823 5314 2189 5377 gumentatur,
2220 5321 2422 5377 eosque
2485 5307 2586 5360 hoc
2623 5306 2864 5363 confutat
2914 5308 3301 5381 confunditque
3339 5311 3422 5367 di-

1824 5400 2076 5457 lemmate
2107 5419 2121 5456 :
2159 5419 2177 5453 ‹
2214 5398 2577 5457 Christianum
2626 5415 2749 5456 esse
2796 5409 2890 5455 aut
2928 5411 3010 5457 est
3063 5402 3290 5468 crimen,
3330 5409 3421 5459 aut

1821 5509 1927 5550 non
1957 5503 2064 5550 est.
2096 5493 2151 5551 Si
2182 5495 2386 5550 crimen
2413 5503 2516 5562 est,
2561 5493 2686 5564 quid
2718 5510 2824 5549 non
2875 5494 3132 5550 interﬁcis
3156 5496 3416 5553 confiten-

1820 5589 1974 5645 tem?
2002 5589 2057 5644 Si
2088 5589 2290 5643 crimen
2323 5604 2427 5643 non
2458 5596 2561 5654 est,
2614 5587 2742 5657 quid
2775 5588 3113 5658 persequeris
3154 5588 3416 5644 innocen-

1822 5683 1965 5738 tem?
1994 5682 2252 5754 Torqueri
2289 5681 2433 5739 enim
2481 5682 2676 5747 debui,
2724 5683 2768 5737 si
2812 5697 3092 5753 negarem,
3123 5683 3166 5737 si
3201 5699 3415 5754 pomum

1821 5785 1969 5832 tuam
1997 5789 2275 5841 metuens,
2326 5776 2381 5833 id
2425 5775 2568 5854 quod
2602 5776 2750 5847 prius
2774 5774 3005 5844 fueram,
3036 5784 3091 5831 ct
3114 5776 3417 5849 quod'dcus

1819 5877 1941 5927 tuos
1968 5885 2073 5926 non
2101 5869 2371 5927 colueram
2396 5915 2412 5939 ,
2443 5869 2726 5931 mendacio
2754 5869 2974 5928 fallente
2998 5870 3251 5941 ceiarem,
3291 5879 3420 5933 tunc
