3774 6270
407 278 516 342 485

1736 277 1823 335 DE
1863 267 2122 335 MINUCIl
2160 266 2456 334 OCTAVIO

3562 268 3651 330 £84

410 404 738 475 torquendus
774 402 1015 465 fuissem,
1049 407 1178 455 tune
1210 397 1277 452 ad
1320 396 1719 454 confessionem
1764 395 2006 451 criminis
2033 395 2083 453 Α
2112 393 2332 464 Apolog.
2375 407 2492 462 cap.
2534 389 2602 457 2,
2632 404 2753 462 pag.
2788 386 2904 464 4)?
2940 407 2959 440 ι
3002 387 3198 457 Quanti
3235 394 3406 442 autem
3447 386 3537 445 hoc
3581 406 3652 445 aro

408 496 459 549 vi
505 496 704 550 doloris
740 491 1051 564 adigendus,
1099 493 1235 544 sicut
1274 490 1326 545 in
1365 490 1576 545 caeteris
1615 488 2003 559 qumstionihus

411 596 724 659 torquentur
751 586 849 653 rei,
877 586 965 656 qui
998 600 1057 640 se
1089 594 1283 655 negant
1313 584 1559 651 crimine,
1590 599 1698 654 quo
1738 596 2001 638 accusan-

412 691 518 747 tur,
552 679 752 740 teneri;
781 688 836 731 ut
868 676 1123 732 facinoris
1154 677 1371 743 veritas,
1397 692 1515 746 qum
1544 676 1721 730 indice
1745 689 1878 730 voce
1896 689 2002 728 non

409 773 686 842 premitur,
715 769 901 824 dolore
921 770 1164 840 corporis
1178 768 1528 839 exprimatur.
1544 766 1697 822 Nunc
1723 782 1852 822 vero
1874 781 1995 820 cum

403 874 595 933 sponte
643 862 929 927 confitear,
961 871 1013 915 et
1047 861 1299 927 clamem,
1333 871 1387 915 et
1422 859 1626 916 crebris
1656 874 1720 914 ac
1757 858 2000 929 repetitis

410 954 702 1009 identidem
742 955 965 1009 vocibus
1006 952 1370 1008 Christianum
1422 966 1509 1007 me
1551 965 1671 1006 esse
1702 959 2000 1017 contestor,

404 1047 535 1119 quid
580 1057 849 1101 tormenta
885 1045 1108 1101 adhibes
1139 1043 1418 1100 confitenti
1452 1043 1631 1117 (Cypr.
1683 1043 1774 1100 lib.
1801 1043 1870 1097 ad
1903 1041 2005 1098 De-

398 1152 517 1197 met.
545 1141 797 1211 pag.190
843 1149 891 1195 et
932 1137 1136 1211 seqq)?
1174 1159 1193 1191 ι

474 1236 636 1291 Aliud
662 1233 985 1307 iniquissimi
1037 1231 1313 1303 gentilium
1362 1229 1413 1285 in
1444 1229 1780 1287 Christianos
1818 1226 2004 1301 judicii

402 1340 561 1400 caput
592 1329 712 1394 fuit,
744 1328 886 1399 quod
916 1328 959 1381 si
980 1328 1099 1397 quis
1117 1327 1449 1380 crnciatuum
1479 1324 1528 1379 vi
1562 1324 1775 1379 tandem
1806 1327 1999 1391 victus,

404 1421 775 1476 Christianum
821 1434 881 1475 se
909 1434 1029 1473 esse
1079 1418 1428 1483 inliciaretnr,
1473 1425 1601 1470 tunc
1646 1417 1694 1471 ei
1728 1415 1995 1483 favebant,

399 1514 649 1570 laudibus
695 1513 841 1566 illum
884 1511 1231 1577 extollebant,
1262 1510 1633 1579 augebantqne
1681 1508 1997 1563 honoribus.

401 1605 567 1672 Quasi
598 1621 725 1660 vero
750 1604 831 1659 fas
877 1604 955 1657 eis
988 1604 1176 1656 fuisset
1204 1602 1304 1655 hac
1334 1600 1462 1656 falsa
1501 1602 1698 1670 pietate
1731 1601 1998 1665 homines,

401 1709 480 1755 tot
511 1710 886 1768 tantorumque
909 1697 1194 1751 criminum
1220 1706 1522 1758 accusatos,
1551 1710 1649 1749 nec
1680 1710 1743 1749 ea
1774 1710 1834 1750 se
1853 1709 2001 1749 com-

2111 497 2425 559 gumentum
2457 486 2528 541 sit
2555 484 2810 555 ponderis
2835 493 2885 539 et
2917 482 3199 549 momenti,
3245 481 3365 536 inde
3405 481 3652 552 colligitur,

2111 581 2253 653 quod
2287 582 2401 636 lieri
2447 596 2551 634 non
2593 579 2785 649 possit,
2818 586 2876 632 ut
2925 577 3087 631 homo
3128 586 3206 631 tot
3251 576 3514 631 criminum
3545 592 3651 633 con-

2109 678 2276 739 scius,
2315 676 2397 731 vel
2451 656 2809 730 solahvindice
2858 670 3223 735 conscientia,
3261 684 3363 724 non
3391 669 3653 736 erubuerit;

2112 769 2195 823 vel
2221 783 2345 823 eum
2372 783 2478 821 non
2505 764 3016 835 poenitueritsectae,
3051 763 3117 818 ad
3149 762 3266 817 haec
3288 761 3478 817 scelera
3506 761 3654 832 impel-

2114 862 2306 927 lenlis,
2357 875 2514 915 suum
2545 859 2759 914 dedisse
2789 872 3018 924 nomen;
3045 865 3135 911 aut
3179 855 3409 928 denique
3435 865 3504 911 tot
3525 870 3650 912 exse-

2110 956 2431 1011 crandorum
2482 954 2804 1025 flagitiorum
2831 961 3135 1014 accusatus.
3169 966 3357 1021 pmnas
3385 951 3546 1011 subire
3570 967 3653 1009 non

2108 1047 2267 1102 fuerit
2308 1047 2532 1103 veritus.
2584 1046 2745 1116 Atqui
2803 1044 2936 1099 nihil
2980 1045 3083 1099 tale
3121 1043 3439 1100 Christianis
3488 1044 3656 1099 ac’citlit.

2108 1141 2360 1210 Quiuimo
2388 1151 2445 1196 et
2473 1140 2541 1195 de
2586 1141 2805 1197 nomine
2855 1153 2976 1204 suo,
3018 1148 3074 1194 et
3120 1137 3454 1208 professione
3491 1153 3657 1210 semper

2105 1233 2361 1306 gloriati,
2425 1248 2520 1304 pro
2567 1232 2843 1302 utriusque
2892 1229 3211 1286 defensione
3259 1228 3505 1302 quaelibet
3537 1230 3659 1285 etiam

2108 1326 2478 1381 crudelissima
2520 1324 2585 1378 ad
2626 1332 2856 1380 mortem
2889 1338 3057 1397 usque
3085 1330 3356 1378 tormenta
3383 1323 3659 1378 constantis-

2107 1420 2244 1474 sime
2276 1418 2633 1488 pertulcrunt.
2980 1402 2983 1407 ’

2180 1510 2350 1565 Porro
2377 1519 2553 1567 autem
2578 1509 2843 1566 Minucius
2871 1519 3056 1566 noster
3093 1508 3236 1566 ferre
3266 1525 3377 1565 non
3408 1519 3567 1591 potest
3586 1513 3661 1571 sibi

2107 1602 2177 1659 ab
2197 1603 2426 1657 ethnicis
2454 1602 2616 1672 objici
2650 1600 2992 1658 Christianos
3023 1611 3101 1657 tot
3128 1606 3663 1676 tantorumquecrimi-

2108 1714 2235 1753 num
2260 1697 2398 1753 fama
2427 1698 2625 1768 ubique
2648 1699 2859 1767 vulgata
2890 1699 3128 1770 coargui.
3161 1700 3402 1756 Primum
3430 1702 3560 1757 enim
3594 1702 3666 1757 fal-

399 1793 614 1846 misisse
642 1800 921 1860 negantes,
957 1804 1060 1842 non
1090 1788 1262 1841 solum
1294 1786 1596 1849 absolvere.
1627 1785 1721 1841 sed
1750 1784 1999 1840 omnibus
2030 1790 2077 1851 B
2106 1805 2196 1846 sos
2243 1791 2340 1845 hos
2369 1805 2614 1845 rumores
2646 1791 2821 1860 pravis
2861 1791 3169 1847 daemonum
3200 1794 3408 1848 artibus
3454 1793 3661 1851 dissemi-

402 1884 575 1946 hortis,
607 1884 676 1935 oh
718 1881 889 1935 solam
940 1881 1171 1935 nominis
1200 1878 1476 1933 christiani
1506 1879 1868 1949 negationem,
1904 1891 2000 1932 cu-

402 1974 653 2029 mulare?
686 1973 776 2030 Sic
804 1974 982 2042 itaque
1019 1971 1324 2025 fatebantur
1348 1970 1400 2025 in
1430 1972 1568 2037 solo,
1604 1980 1661 2024 nt
1682 1972 1756 2025 ait
1783 1971 1999 2026 Tertul-

401 2069 595 2129 lianns,
627 2066 1062 2121 Christianorum
1117 2065 1335 2119 nomine
1387 2064 1557 2135 posita
1608 2062 1775 2119 fuisse
1818 2064 1998 2118 omnia

402 2174 590 2215 eorum
620 2160 845 2213 crimina
874 2155 1116 2229 (Tertull.
1150 2156 1371 2227 Apolog.
1414 2172 1530 2227 cap.
1563 2155 1600 2209 2
1628 2165 1675 2210 et
1699 2156 1751 2221 5,
1787 2171 1909 2226 pag.
1941 2156 1996 2221 4,

394 2262 441 2306 et
471 2251 561 2306 lib.
594 2266 610 2305 1
637 2250 706 2303 ad
739 2249 956 2303 Nation.
986 2264 1099 2317 cap.
1133 2249 1186 2312 5,
1220 2245 1300 2319 5).

472 2344 668 2398 Verum
690 2343 789 2395 hac
817 2342 961 2411 impii
994 2341 1239 2395 homines
1266 2339 1453 2397 fraude
1473 2351 1527 2395 et
1544 2342 1738 2396 astutia
1764 2341 1903 2396 alios
1928 2341 1998 2397 ad

398 2437 715 2508 ejurandatn
743 2436 1093 2490 christianum
1149 2433 1307 2489 fidem
1355 2434 1559 2489 facilius
1587 2435 1804 2490 allicere
1844 2436 1996 2490 vole-

401 2531 551 2584 bant.
581 2528 767 2598 Neque
799 2528 850 2582 id
878 2529 1044 2599 gratis
1075 2542 1105 2581 a
1137 2527 1293 2582 nobis
1314 2526 1493 2582 fictum
1526 2538 1700 2598 putes.
1736 2528 1997 2584 Minucius

399 2624 595 2679 etenim
629 2623 759 2677 illud
785 2639 814 2676 a
842 2638 901 2677 se
931 2621 1151 2685 factum,
1194 2637 1300 2676 non
1345 2622 1465 2676 sine
1504 2622 1740 2676 maxime
1780 2621 1999 2677 contriti

398 2719 577 2773 cordis
601 2717 787 2771 dolore
817 2716 1124 2770 confitetur.
1162 2734 1180 2767 σ
1223 2716 1290 2770 Ει
1318 2716 1362 2770 si
1409 2718 1550 2787 quis,
1583 2716 1677 2780 ait,
1708 2716 1996 2784 infirmior,

400 2811 539 2865 malo
566 2824 785 2881 pressus
807 2818 861 2863 et
885 2809 1060 2863 victus
1079 2849 1095 2876 ,
1127 2808 1479 2867 christianum
1510 2823 1568 2863 se
1597 2818 1868 2879 negasset,
1915 2807 1995 2861 fa.

397 2905 654 2959 vehamus
682 2904 753 2969 ei,
784 2904 934 2971 quasi
966 2902 1173 2972 eierato
1216 2903 1434 2957 nomine
1455 2943 1468 2966 ,
1507 2902 1618 2972 jam
1650 2903 1829 2956 nuntia
1860 2901 1993 2955 facta

403 3010 499 3049 sua
531 2995 617 3048 illa
645 3009 741 3049 sua
769 2995 1052 3064 negatione
1083 3003 1356 3063 purgaret.
1401 2993 1777 3063 Agnoscitisne
1803 2993 1992 3048 eadem

397 3103 495 3142 nos
515 3086 751 3142 sensisse
779 3096 832 3142 et
860 3086 1055 3155 egisse,
1084 3100 1205 3155 quae
1252 3084 1464 3140 sentitis
1502 3094 1555 3139 et
1583 3086 1770 3155 geritis
1797 3085 1818 3139 ?
1850 3084 1983 3141 Cum

395 3178 439 3234 si
469 3179 628 3239 ratio,
673 3193 778 3231 non
830 3176 1099 3246 instigatio
1130 3174 1395 3247 daemonis
1428 3174 1732 3244 iudicaret,
1768 3175 1992 3246 urgendi
2018 3182 2064 3249 (ζ

398 3273 592 3343 magis,
622 3286 728 3326 nou
754 3281 811 3325 ut
840 3269 1198 3327 diffiterentur
1233 3283 1291 3323 se
1310 3267 1673 3337 Christianos,
1706 3269 1799 3325 sed
1822 3269 1889 3324 de
1914 3270 1995 3325 in-

399 3365 583 3428 cesns,
603 3362 825 3431 Stupris,
849 3362 917 3416 de
944 3362 1196 3431 impiatis,
1230 3361 1282 3416 id
1304 3374 1407 3427 est,
1439 3362 1678 3433 pollutis,
1707 3365 1896 3430 sacris,
1925 3363 1994 3423 de

399 3455 695 3509 infantibus
752 3454 1040 3510 immolatis
1086 3456 1398 3517 faterentur.
1462 3474 1482 3507 ι
1525 3455 1727 3510 Eadem
1779 3472 1994 3529 quoque

400 3549 710 3605 Lactantius
750 3563 1029 3605 memoria:
1084 3556 1268 3620 postea
1307 3548 1392 3603 his
1443 3548 1773 3620 totidemque
1814 3550 1995 3607 verbis

401 3643 664 3706 prodidit:
692 3661 711 3694 ι
746 3643 800 3699 Si
822 3643 911 3712 qui
935 3651 1117 3699 autem
1146 3642 1352 3699 doloris
1376 3643 1459 3697 vel
1494 3645 1684 3697 mortis
1711 3654 1878 3708 metu,
1906 3644 1991 3700 vel

396 3744 586 3805 suapte
612 3735 832 3805 perlidia
849 3735 1072 3792 eteleste
1103 3743 1498 3790 sacramentum
1515 3734 1878 3803 deseruerint,
1906 3737 1989 3793 vel

392 3826 459 3882 ad
495 3829 701 3881 funesta
751 3827 1016 3883 sacrificia
1057 3827 1455 3896 consenserint,
1504 3843 1599 3883 eos
1631 3828 1875 3897 laudant,
1935 3838 1991 3886 et

392 3921 685 3976 honoribus
728 3930 987 3988 mactant,
1032 3929 1091 3975 ut
1119 3936 1309 3976 eorum
1353 3921 1604 3990 exemplo
1631 3923 1989 3979 cmterosilli—

388 4015 528 4071 ciant
551 4013 811 4089 (Lactant.
836 4014 927 4069 lib.
967 4029 1005 4081 l,
1039 4030 1158 4083 cap.
1180 4014 1236 4079 9,
1264 4031 1385 4087 pag.
1411 4011 1570 4085 482).
1602 4030 1627 4071 ι

458 4109 617 4165 Aliud
644 4109 1002 4166 certissimum
1033 4108 1352 4178 integritatis
1379 4116 1435 4164 et
1465 4107 1785 4163 innocentia:
1824 4106 1989 4163 Chri-

387 4208 687 4264 stiauorum
722 4204 975 4261 indicium
998 4212 1133 4268 erat,
1167 4201 1308 4272 quod
1331 4202 1376 4258 si
1407 4212 1548 4257 tanta
1579 4202 1774 4273 ﬂagitia
1817 4201 1990 4256 admi-

385 4304 623 4367 sissent,
651 4299 861 4369 aliquos
905 4297 1098 4353 saltem
1147 4310 1335 4351 eorum
1377 4295 1666 4365 aliquando
1706 4296 1990 4366 paenituis-

386 4402 470 4450 set
503 4434 518 4457 ,
564 4401 656 4446 aut
688 4391 997 4445 timuissent
1042 4402 1234 4459 pmnas
1262 4381 1580 4443 criminibus
1620 4389 1733 4443 suis
1776 4388 1986 4444 debitas

382 4487 552 4552 luere,
602 4497 692 4539 aut
720 4483 935 4539 tandem
962 4482 1306 4537 eruthiSseltt
1334 4496 1529 4535 nomen
1571 4480 1619 4535 ei
1648 4480 1864 4535 dedisse
1895 4496 1986 4539 re-

2106 1891 2261 1938 natos
2295 1882 2458 1938 fuisse
2478 1882 2775 1938 contendit.
2807 1881 3011 1940 Deinde
3034 1900 3201 1942 vero:
3233 1904 3253 1937 t
3293 1884 3475 1954 Fama,
3510 1888 3663 1958 inquit,

2103 1991 2319 2047 semper
2339 1975 2539 2047 sparsis
2566 1975 2862 2031 mendaciis
2886 1975 3067 2042 alitur,
3098 1988 3313 2033 ostensa
3338 1978 3551 2034 veritate
3568 1993 3670 2034 con-

2104 2069 2350 2122 sumitur.
2394 2085 2412 2118 ι
2447 2066 2551 2123 Sed
2584 2066 2686 2123 hoc
2713 2065 3079 2123 Tertullianns
3108 2066 3271 2139 longe
3318 2068 3484 2125 fusius
3519 2084 3670 2140 prosc-

2103 2160 2307 2230 quitur,
2342 2173 2407 2214 ac
2432 2159 2596 2215 citato
2620 2158 2781 2216 etiam
2818 2160 3032 2231 Virgilii
3059 2162 3326 2227 carmine,
3361 2160 3671 2218 invictissime

2104 2252 2440 2307 demonstrat
2470 2252 2599 2306 nihil
2637 2255 2740 2306 hoc
2767 2264 3085 2325 argumento
3120 2268 3241 2309 esse
3268 2253 3547 2325 quidquam
3573 2268 3672 2308 ma-

2104 2346 2191 2416 gis
2240 2346 2379 2408 leve,
2422 2344 2717 2409 inftrmum,
2773 2357 2829 2400 et
2874 2345 3166 2401 absurdum
3206 2345 3449 2416 (Tertull.
3475 2345 3664 2418 Apolog.

2101 2455 2216 2509 cap.
2245 2438 2299 2506 7,
2344 2447 2392 2492 et
2418 2438 2504 2492 lib.
2532 2436 2639 2491 tatl
2666 2435 2885 2493 Nation.
2912 2454 3031 2509 cap.
3066 2435 3145 2512 7).
3180 2437 3289 2494 Sed
3343 2439 3601 2511 quomodo
3623 2437 3652 2492 il

2104 2531 2219 2597 lud,
2239 2533 2449 2601 aliaque
2480 2546 2509 2586 a
2543 2532 2697 2585 nobis
2723 2533 2963 2598 extrusita
2993 2542 3202 2603 urgeat.
3229 2547 3331 2587 suo
3361 2532 3479 2588 loco
3497 2531 3673 2587 exami-

2101 2627 2350 2683 nabimus
2375 2623 2616 2698 (Disserl.
2649 2627 2702 2681 in
2731 2624 2950 2681 Tertull.
2983 2643 3100 2699 cap.
3123 2625 3217 2693 '20,
3246 2637 3352 2682 art.
3385 2626 3463 2699 1).

2732 2736 2957 2797 CAPUT
2987 2737 3082 2795 IX.

2100 2832 2537 2891 Dsuousrns'roa
2580 2847 2727 2897 eum
2781 2846 2949 2889 ιιἈιεΑ
2977 2848 3093 2889 snt'r
3126 2846 3233 2889 nuo
3282 2847 3446 2889 eum
3487 2847 3672 2888 cntum

2174 2940 2503 2980 CHRISTIANIS
2517 2939 2776 2991 OBJECTA,
2811 2940 3078 2979 INFANTEI
3107 2940 3174 2980 ΑΒ
3200 2940 3330 2981 IPSIS
3356 2939 3520 2982 SACRL
3546 2939 3675 2981 ιεετει

2170 3034 2435 3074 κῖετειιη
2470 3034 2667 3085 OCCIDI,
2698 3034 2763 3075 AC
2795 3033 2997 3077 POSTEA
3028 3034 3300 3076 DEVORLBI
3329 3036 3453 3077 EJUS
3479 3033 3672 3082 CARNES,

2170 3126 2348 3174 ATQUE
2389 3126 2657 3168 ETBNICOS
2702 3127 2734 3165 Ε
2777 3126 3081 3169 CONTRARIO
3121 3127 3305 3169 HORUI
3334 3129 3549 3173 BSYBM
3576 3128 3675 3170 ιεδε

2171 3220 2326 3261 REOS.

2643 3291 2935 3334 ABTICULUS
2973 3293 3182 3335 PRIIIUS.

2098 3368 2448 3425 Excutiuntur
2496 3381 2814 3443 argumenta,
2869 3373 3048 3443 quibus
3098 3373 3366 3429 Minucius
3394 3372 3683 3430 Christianas

2387 3462 2482 3515 hoc
2511 3473 2721 3533 utroque
2745 3462 2954 3517 crimine
2980 3480 3189 3536 prorsus
3218 3465 3420 3520 liberal.

2169 3552 2402 3609 Tametsi
2452 3554 2714 3610 Minucius
2782 3556 3126 3625 generalibus
3190 3557 3473 3628 responsis
3523 3558 3677 3613 inusta

2097 3643 2463 3701 Cbristianisa
2497 3645 2731 3710 Caecilio,
2757 3657 2811 3701 et
2832 3645 2952 3701 aliis
2981 3648 3274 3719 gentilibus
3301 3649 3402 3703 tria
3434 3645 3679 3704 horrenda

2096 3741 2419 3811 infandaque
2487 3741 2693 3797 scelera
2757 3740 2888 3796 satis
2962 3757 3233 3814 superque
3276 3740 3558 3808 diluisset,
3624 3740 3685 3793 ad

2095 3833 2519 3905 unumquodque
2551 3841 2728 3889 tamen
2773 3834 2939 3899 venit,
2971 3833 3112 3905 quod
3143 3834 3449 3905 singulatim
3488 3830 3686 3902 duplici

2095 3926 2305 3980 ratione
2327 3923 2570 3981 confutat
2592 3934 2646 3979 et
2688 3923 2939 3979 destruit.
2970 3925 3152 3980 Primo
3178 3926 3319 3981 enim
3345 3923 3467 3979 illud
3493 3921 3686 3978 falsum

2095 4016 2320 4071 omnino
2348 4030 2469 4070 esse
2496 4015 2852 4071 demonstrat.
2886 4014 3091 4071 Deinde
3120 4031 3251 4071 vero
3278 4015 3685 4072 luculentissime

2095 4109 2288 4179 probat
2319 4108 2582 4179 ipsosmet
2609 4108 2836 4179 gentiles
2860 4148 2874 4175 ,
2916 4107 3347 4163 Christianorum
3374 4107 3588 4163 odiosos
3609 4119 3685 4159 ac-

2094 4211 2392 4267 cusatOt-es,
2427 4201 2572 4256 illius
2600 4201 2778 4271 reipsa
2805 4214 2925 4256 esse
2946 4215 3072 4257 reos
3101 4216 3164 4256 ac
3191 4200 3469 4257 conscios.

2168 4294 2381 4350 Initium
2412 4303 2590 4349 autem
2617 4293 2685 4347 ab
2724 4294 2925 4349 infante
2947 4296 3151 4360 occiso,
3183 4293 3367 4348 adesis
3385 4294 3505 4364 ejus
3525 4289 3684 4348 carni-

2095 4388 2213 4457 bus,
2254 4396 2541 4460 potatoque
2573 4389 2851 4460 sanguine,
2892 4388 2975 4444 his
3006 4388 3095 4443 ille
3140 4388 3324 4443 verbis
3349 4388 3513 4445 duxit
3542 4407 3555 4443 :
3588 4385 3683 4441 «ιι-

2104 4483 2212 4537 lttm
2236 4483 2345 4554 jam
2380 4482 2535 4538 velim
2578 4484 2888 4552 convenire,
2914 4485 3004 4554 qui
3050 4483 3248 4537 initiari
3287 4499 3393 4540 nos
3437 4484 3585 4550 dicit,
3609 4485 3690 4534 aut

380 4579 590 4652 ligiuni,
643 4592 762 4647 quae
803 4576 870 4630 ad
903 4575 989 4628 illa
1029 4572 1385 4644 perpetranda
1413 4573 1792 4642 eotnpellehat.
1829 4593 1848 4627 ί
1885 4576 1979 4630 At-
2007 4577 2061 4641 D
2087 4576 2260 4632 credit
2301 4575 2367 4630 de
2418 4576 2565 4630 crede
2612 4574 2859 4641 infantis,
2910 4583 3001 4630 aut
3029 4576 3314 4647 sanguine.
3345 4577 3515 4632 Putas
3544 4584 3684 4645 posse

377 4675 469 4748 qui
497 4673 694 4728 malum
719 4669 857 4723 adeo
885 4683 991 4724 non
1017 4675 1121 4731 est,
1146 4667 1221 4721 ait
1251 4665 1534 4733 Minucius,
1568 4676 1623 4718 ut
1650 4665 1984 4723 Christianus

383 4785 508 4825 reus
535 4781 641 4820 non
674 4761 1046 4823 erubesceret,
1083 4773 1182 4813 nec
1229 4756 1474 4824 timeret,
1505 4768 1558 4812 et
1585 4773 1745 4811 unum
1776 4759 1979 4815 solum-

378 4863 562 4923 modo.
613 4858 752 4929 quod
805 4871 911 4910 non
941 4862 1066 4909 ante
1114 4851 1294 4912 fuerit,
1330 4850 1632 4920 pwniteret.
1673 4870 1690 4903 ο
1727 4852 1832 4908 Sed
1865 4852 1980 4908 hmc

381 4956 548 5012 fusius
583 4969 611 5009 a
645 4949 978 5007 Tertulliano
999 4956 1156 5001 antea
1189 4945 1330 5000 dicta
1362 4945 1524 5001 fuisse
1554 4946 1798 5018 legimus.
1834 4947 1983 5018 Ipsa-

380 5058 487 5105 met
538 5048 684 5102 enim
733 5043 876 5097 illius
927 5039 1112 5095 isthaec
1164 5047 1285 5093 sunt
1338 5039 1544 5093 verba:
1581 5056 1600 5091 ι
1639 5039 1981 5095 Christianus

381 5158 507 5198 vero
537 5137 664 5211 quid
698 5133 918 5201 simile?
964 5131 1241 5189 Neminem
1272 5131 1455 5202 pudet,
1501 5132 1769 5189 neminem
1800 5134 1979 5205 paeni-

382 5246 478 5297 tet.
508 5235 610 5289 nisi
652 5241 796 5288 retro
824 5244 927 5284 non
956 5225 1139 5282 fuisse.
1174 5224 1230 5282 Si
1258 5226 1567 5288 denotetur,
1597 5226 1857 5297 gloriatur
1888 5244 1900 5281 :
1937 5226 1983 5281 si

385 5336 687 5391 accusatur,
714 5340 821 5393 non
845 5321 1085 5379 defendit
1109 5338 1124 5376 :
1159 5320 1543 5390 interrogatus,
1579 5320 1663 5375 vel
1689 5320 1831 5374 ultro
1852 5335 1985 5374 eon-

326 5474 331 5479 .
384 5425 561 5483 litetur
595 5439 608 5476 ;
641 5420 960 5481 damnatus,
993 5414 1191 5485 gratias
1228 5413 1357 5482 agit.
1392 5411 1530 5480 Quid
1560 5411 1664 5468 hoc
1704 5412 1827 5489 mali
1877 5422 1979 5483 est,

384 5522 526 5589 quod
559 5511 821 5569 naturalia
853 5509 984 5579 (ms.
1015 5514 1205 5561 natura
1232 5503 1384 5579 alia),
1414 5504 1536 5559 mali
1567 5521 1674 5559 non
1700 5504 1878 5571 habet,
1915 5506 1985 5560 ti-

382 5623 608 5669 morem,
627 5603 908 5676 pudorem,
930 5600 1447 5669 tergiversationem,
1476 5597 1868 5670 paenitentiam,
1886 5598 1985 5654 de-

389 5698 781 5773 ploratiouem?
807 5694 947 5765 Quid
999 5694 1101 5749 hoc
1133 5693 1257 5747 ntali
1300 5700 1403 5759 est,
1438 5692 1590 5763 cujus
1618 5708 1742 5749 reus
1767 5692 1983 5765 gaudet,

384 5793 536 5867 cuius
567 5788 838 5848 accusatio
863 5794 1045 5844 votum
1070 5793 1184 5853 est,
1214 5792 1268 5840 et
1299 5799 1454 5856 poena
1481 5784 1706 5841 felicitas
1737 5785 1984 5860 (Tertull.

2090 4670 2230 4735 fieri,
2262 4680 2318 4722 ut
2342 4678 2449 4723 tam
2478 4668 2659 4734 molle,
2695 4677 2802 4723 tam
2836 4669 3117 4740 parvulum
3151 4683 3351 4738 corpus
3382 4669 3486 4725 fata
3508 4668 3688 4721 vulne-

2087 4778 2207 4816 rum
2238 4761 2436 4831 eapiat,
2480 4771 2539 4815 ut
2590 4760 2877 4831 quisquam
2926 4760 3074 4815 illum
3117 4761 3311 4816 rudem
3361 4760 3691 4834 sanguinem,

2087 4854 2304 4928 (eodem
2334 4852 2698 4908 Tertullianns
2726 4851 2892 4907 verbo
2921 4851 3111 4924 utitur)
3138 4853 3364 4920 novelli,
3396 4866 3450 4909 et
3470 4856 3557 4908 vix
3580 4850 3695 4906 dum

2088 4950 2200 5005 nati
2223 4948 2459 5003 hominis
2487 4947 2681 5012 caedat,
2707 4945 2909 5008 fundat,
2934 4945 3254 5001 exhauriat?
3286 4945 3459 5003 Nemo
3484 4948 3589 5001 hoc
3611 4958 3690 5015 po-

2092 5052 2196 5097 test
2221 5041 2467 5105 credere,
2492 5040 2593 5095 nisi
2628 5040 2716 5111 qui
2743 5039 3135 5110 possitaudere
3183 5038 3440 5108 (Tertull.
3485 5038 3692 5111 Apolog.

2086 5153 2205 5205 cap.
2237 5134 2289 5197 8,
2318 5152 2435 5205 pag.
2471 5132 2551 5201 9).
2585 5152 2604 5185 ι
2640 5132 2773 5189 Dicit
2802 5133 2979 5204 itaque
3003 5132 3143 5188 hanc
3178 5133 3618 5191 eritninatiunent
3640 5131 3697 5185 alt

2088 5230 2235 5284 omni
2263 5244 2485 5301 prorsus
2514 5229 2739 5284 veritate
2776 5227 2853 5282 sic
2882 5226 3177 5283 abhorrere
3203 5245 3219 5291 ;
3253 5239 3311 5282 ut
3340 5228 3413 5283 ab
3440 5230 3510 5285 iis
3534 5228 3696 5283 salum

2089 5321 2236 5376 credi
2268 5320 2433 5392 possit
2460 5362 2475 5385 ,
2525 5320 2613 5390 qui
2661 5320 2839 5375 scelus
2881 5318 3023 5373 idem
3063 5319 3477 5389 perpetrabant.
3511 5319 3700 5390 Μῆτιν

2085 5429 2217 5469 vero
2263 5409 2512 5468 Justinus
2555 5411 2791 5467 rationes
2827 5411 2982 5465 nobis
3028 5410 3238 5475 reddit,
3268 5427 3370 5467 cur
3400 5413 3456 5468 id
3495 5427 3698 5469 omnem

2089 5505 2376 5559 humanam
2420 5504 2576 5559 fidem
2609 5510 2827 5572 superet
2869 5500 3101 5575 (Justiti.
3156 5500 3349 5571 Mart.,
3382 5508 3549 5578 Apol.
3593 5522 3697 5579 pag.

2093 5595 2211 5669 50).
2247 5595 2458 5651 Nemini
2499 5596 2779 5652 enimvero
2818 5594 3100 5662 credibile,
3127 5594 3326 5667 inquit,
3354 5598 3479 5655 fieri
3513 5606 3699 5671 potest.

2091 5701 2145 5746 ut
2193 5690 2440 5746 homines
2488 5688 2920 5761 ﬂagitiosissimis
2961 5688 3328 5759 voluptatibus
3362 5691 3578 5758 dediti,
3610 5694 3701 5749 liu-

2093 5786 2372 5860 manisque
2397 5786 2521 5843 caesi
2550 5783 2768 5841 infantis
2797 5782 3069 5852 carnibus,
3103 5783 3296 5856 quales
3319 5782 3622 5845 ChriSIiani
3641 5782 3710 5849 ab
