3818 6282
137 255 241 316 483

1542 259 2023 328 DISSERTATIO.

3347 279 3452 341 486

146 373 368 430 ethnicis
397 374 771 446 ﬁngebantur,
806 383 1115 444 vescentes,
1167 385 1360 449 SpOnle
1395 393 1456 436 se
1496 383 1748 438 omnibus
1773 391 1822 447 Α
1856 387 2018 442 modo
2041 389 2346 459 quisquam,
2370 389 2445 444 ait
2468 389 2668 457 ille,vcl
2691 389 3078 458 homicidii,vel
3098 393 3452 450 humanarum
3493 403 3501 411 '

137 468 303 532 bonis,
351 469 567 524 divitiis
607 481 664 524 et
693 469 1036 526 facultatibus
1064 474 1362 543 privarent,
1397 475 1745 547 sinerentque

131 579 189 619 se
215 565 285 617 ob
309 565 490 620 solam
540 567 824 637 religionis
867 566 1004 622 adeo
1045 567 1281 623 crudelis
1324 568 1741 638 confessionem,

129 657 570 726 exquisitissimis
605 659 894 714 tormentis
915 658 1110 724 occidi,
1141 675 1205 715 ac
1226 660 1368 716 ultro
1387 664 1547 718 etiam
1578 678 1747 733 quan-

133 750 308 823 doque
324 752 488 807 morti
517 765 578 806 se
600 749 882 806 offerrent.

209 845 353 914 Quid
382 853 578 908 autem,
607 845 754 914 quod
786 845 1007 918 Trypho
1035 845 1255 903 Judaeus
1281 847 1350 903 ab
1389 847 1583 904 eodem
1613 849 1740 905 Jus-

138 938 258 994 tino
287 950 520 1011 martyre
558 937 938 1008 interregatus,
983 955 1048 993 an
1095 956 1280 996 verum
1329 956 1451 998 esse
1494 952 1744 998 censeret

140 1029 276 1084 illud
317 1041 374 1086 et
411 1031 650 1095 alterum,
693 1029 839 1100 quod
875 1029 1196 1086 Christianis
1226 1033 1465 1104 infligere
1496 1034 1744 1092 solebant

137 1121 404 1194 ﬂagitium
446 1141 461 1177 :
507 1141 526 1174 ι
557 1121 818 1178 Homines
863 1139 1074 1191 vorare,
1119 1136 1173 1181 et
1217 1137 1336 1196 post
1373 1127 1612 1198 epulum,
1660 1129 1742 1183 lu-

131 1217 309 1270 cernis
353 1214 648 1287 extinctis,
702 1215 912 1272 nefario
961 1219 1266 1292 promiscue
1324 1221 1610 1276 concubitu
1655 1221 1739 1277 in-

122 1307 299 1375 volvi;
341 1325 364 1359 ›
404 1306 513 1362 ulla
545 1308 747 1379 absque
798 1309 1134 1366 litesitatione
1165 1312 1444 1382 respondit
1488 1331 1502 1366 :
1546 1317 1662 1386 Περὶ
1692 1319 1742 1369 δὲ

108 1399 172 1452 ὃν
201 1402 373 1456 πολλοὶ
407 1402 642 1472 λέγωσιν,
667 1404 720 1456 οὗ
749 1408 1002 1458 πιστεῦσαι
1027 1409 1182 1474 ἄξιον·
1207 1407 1362 1478 πόῤῥω
1391 1412 1485 1479 γὰρ
1503 1416 1740 1479 κεχώρηκε

105 1507 194 1556 τίς
223 1497 536 1564 ἀνθρωπίνης
560 1501 756 1570 θύσεως.
790 1515 809 1548 i
844 1499 975 1567 Qua:
1002 1515 1032 1554 a
1060 1500 1244 1557 multis
1269 1501 1566 1578 jactantur,
1601 1503 1743 1560 indi-

105 1601 211 1654 gna
259 1598 398 1641 sunt
447 1585 596 1655 ﬁde;
647 1591 805 1660 longe
851 1591 995 1644 enim
1047 1607 1078 1646 a
1130 1603 1319 1651 natura
1367 1594 1600 1650 humana
1641 1596 1740 1650 ab-

111 1690 244 1732 sunt
284 1678 562 1752 (lamin,
589 1679 804 1753 Dialog.
855 1693 1034 1737 contra
1081 1681 1277 1756 Tryplt.
1329 1704 1452 1756 pag.
1499 1686 1608 1740 227
1713 1708 1734 1740 ›

1814 482 2092 537 'carnium
2137 483 2464 552 epulationis
2507 485 2843 542 insimularet
2885 486 3024 549 illos.
3058 504 3192 558 quos
3219 489 3453 559 nejustc

1847 573 2068 643 quidem
2115 575 2393 632 occidendi
2436 576 2669 632 hominis
2715 579 3035 649 supplicium
3093 580 3286 636 intueri
3319 582 3456 638 velle

1846 676 1938 719 aut
1968 682 2128 736 posse
2189 669 2519 740 cognoverit.
2559 689 2577 722 ί
2625 675 2718 732 Οὓς
2766 680 2860 744 γὰρ
2908 679 3064 730 ἴσασιν
3089 674 3340 742 οὔδ’ἶδεῖν,
3367 678 3455 750 κᾷν

1848 761 2040 822 δικαίως
2067 765 2364 831 φονευόμενον
2386 769 2700 832 ὑπομένοντας
2718 807 2731 829 ,
2760 770 2936 820 τσῦτων
2957 777 3028 828 τίς
3058 769 3117 820 ἂν
3150 779 3390 834 κατείποι,
3422 776 3451 830 ἣ

1845 856 2238 926 ἀνθρωπθφονίειν,
2284 863 2314 917 ἣ
2344 862 2752 928 ἀνθρωποεορίκνς
2785 877 2804 909 ι
2837 858 3020 930 Pergit
3047 861 3134 916 ille
3189 876 3202 912 τ
3253 880 3272 913 t
3321 861 3454 930 Quis

1844 961 1952 1000 non
1983 949 2289 1016 spectacula
2323 949 2434 1014 illa,
2486 951 2538 1004 in
2583 952 2776 1021 quibus
2803 951 3130 1023 gladiatores
3161 962 3216 1010 et
3244 955 3450 1022 belluas

1846 1040 2046 1108 populo
2077 1044 2376 1110 prtesertim
2405 1057 2502 1098 vos
2524 1042 2883 1114 Imperatores
2911 1047 3196 1113 exhibetis,
3227 1047 3446 1103 maximi

1843 1129 2006 1186 faeit?
2039 1131 2148 1187 Nos
2190 1149 2320 1189 vero
2361 1151 2467 1188 non
2514 1136 2586 1189 ita
2645 1137 2891 1200 inultum.
2925 1139 3038 1192 sive
3069 1148 3342 1208 spectator
3381 1140 3452 1196 sit

1843 1222 2058 1294 aliquis,
2083 1223 2198 1280 sive
2219 1235 2410 1281 auctor
2429 1227 2616 1289 caedis,
2634 1228 3244 1302 interessejudicantes,
3267 1231 3447 1288 alieno

1843 1317 1913 1372 ab
1943 1319 2026 1372 his
2049 1319 2372 1388 spectaculis
2401 1321 2582 1376 animo
2610 1336 2816 1377 sumus.
2849 1320 3134 1392 Quomodo
3175 1326 3336 1396 igitur
3357 1327 3449 1396 qui

1845 1425 1912 1464 ne
1958 1411 2023 1466 ab
2049 1411 2168 1466 aliis
2213 1412 2430 1482 quidem
2474 1413 2610 1482 fieri,
2661 1429 2728 1470 ne
2774 1417 2902 1485 quid
2949 1415 3071 1471 inde
3119 1418 3361 1484 sceleris,
3393 1427 3448 1474 et

1845 1504 2038 1575 piaculi
2067 1506 2118 1560 in
2147 1522 2244 1562 nos
2275 1506 2559 1576 redundet,
2607 1507 2797 1564 videre
2840 1514 3190 1578 sustinemus,
3225 1511 3448 1567 homici-

1844 1596 1990 1652 dium
2017 1601 2416 1656 committemns
2455 1601 2555 1672 ipsi
2584 1600 2860 1675 (Allienag.
2883 1646 2900 1671 ,
2938 1601 3122 1676 Legnt.
3156 1621 3250 1690 pro
3277 1603 3452 1660 Chris-

1843 1691 1996 1759 ft'an.,
2025 1710 2144 1765 pag.
2178 1694 2250 1750 58
2270 1693 2334 1765 )?
2372 1715 2391 1746 ι

127 1769 373 1826 Audisue
415 1769 657 1826 ludamm
689 1790 797 1828 non
829 1789 924 1830 sua
958 1786 1163 1838 tantum
1211 1788 1404 1848 spantc
1435 1783 1586 1836 lateri
1620 1783 1737 1838 haec
1765 1797 1814 1858 Β
1918 1785 2183 1840 Eumdem
2214 1787 2376 1858 plane
2405 1786 2456 1840 in
2482 1785 2702 1842 modum
2733 1798 2919 1844 contra
2946 1787 3192 1846 Gentiles
3213 1789 3453 1861 disputat

134 1877 264 1918 esse
291 1865 647 1934 incredibilia;
695 1869 792 1924 sed
843 1870 1107 1926 rationem
1157 1874 1316 1928 etiam
1364 1875 1594 1933 reddere
1640 1893 1736 1934 cur

140 1959 236 2015 illa
277 1960 401 2016 Msa
447 1978 571 2020 esse
621 1967 868 2034 omnino,
921 1983 1022 2032 nec
1052 1969 1200 2026 credi
1231 1986 1389 2041 posse
1417 1987 1734 2044 persuasum

128 2051 372 2110 habuerit
388 2054 414 2108 ?

193 2143 564 2204 Tertullianus
617 2159 797 2209 autem
847 2149 990 2208 haud
1038 2153 1306 2210 immerito
1344 2155 1537 2212 asserit
1578 2166 1734 2215 extra

119 2251 332 2292 omnem
373 2240 592 2311 penitus
638 2255 760 2298 esse
809 2245 1246 2314 credibilitatem,
1299 2257 1460 2320 atque
1502 2249 1734 2306 hominis

115 2347 225 2385 non
253 2341 440 2388 mente
470 2337 685 2404 penitus
731 2338 874 2410 capti
921 2339 1251 2408 opinionem,
1297 2358 1363 2398 eo
1398 2341 1736 2408 Christianos

113 2425 338 2482 venisse
367 2427 668 2484 dementia:
688 2471 705 2498 ,
750 2442 806 2486 ut
845 2431 1007 2486 vitam
1039 2433 1452 2506 mercedemque
1477 2445 1734 2493 aeternam

113 2517 190 2571 iis
217 2519 622 2588 promitterent,
671 2521 762 2600 qui
805 2523 968 2578 tantis
1000 2535 1215 2596 tamque
1246 2526 1532 2583 horrendis
1561 2527 1734 2582 scele-

111 2607 275 2666 ribus
308 2628 415 2664 non
446 2612 619 2678 semel
645 2624 737 2668 aut
774 2631 918 2681 raro,
963 2617 1059 2675 sed
1102 2625 1214 2672 toto
1255 2616 1428 2686 ferme
1472 2619 1592 2674 vita:
1619 2633 1732 2674 sua:

111 2713 370 2776 tempore
396 2709 915 2764 contaminarentur.
949 2711 1179 2766 l'rzestat
1200 2727 1328 2767 vero
1358 2727 1481 2768 eum
1511 2713 1734 2784 loquen-

105 2805 238 2851 tem
275 2799 460 2855 audire
493 2818 507 2853 :
545 2817 565 2850 t
602 2799 671 2856 Ut
717 2802 874 2857 fidem
919 2814 1122 2859 natura:
1155 2805 1321 2874 ipsius
1347 2805 1608 2878 appellem
1635 2806 1732 2862 ad-

103 2905 318 2946 versus
339 2906 454 2960 eos,
487 2895 578 2964 qui
604 2895 728 2950 talia
757 2896 1024 2952 credenda
1052 2911 1174 2952 esse
1205 2908 1578 2970 praesumunt;
1605 2914 1733 2956 ecce

87 2987 476 3060 proponimus
530 2986 726 3047 horum
794 2989 1091 3046 facinorum
1149 2991 1480 3051 mercedem.
1557 2994 1730 3050 Vitam

87 3077 382 3134 imternam
410 3083 812 3151 repromittunt.
854 3083 1068 3140 Credite
1091 3087 1328 3152 interim.
1369 3089 1440 3154 De
1464 3091 1566 3144 hoc
1587 3090 1731 3146 enim

1841 1876 2176 1948 Theophilus
2219 1877 2616 1934 Antiochenns.
2646 1879 2726 1934 Ad
2784 1881 3108 1953 Autolycum
3160 1879 3448 1954 (TlieOp/i.

1841 1969 1929 2026 lib.
1989 1987 2045 2026 Ill
2092 1971 2161 2024 ad
2225 1973 2488 2044 Autolyc.,
2540 1989 2658 2044 pag.
2719 1972 2878 2046 126)
2957 1976 3155 2044 quippe
3224 1975 3340 2029 hrcc
3397 1975 3448 2028 in

1839 2065 2000 2120 verba
2041 2065 2259 2136 scripsit
2309 2085 2323 2122 :
2372 2087 2391 2120 ι
2429 2065 2580 2122 Nunc
2607 2067 2729 2122 vide
2757 2083 2826 2122 an
2868 2065 2921 2122 lti
2965 2068 3054 2138 qui
3086 2069 3210 2123 talia
3237 2087 3256 2120 ι
3283 2109 3298 2136 ,
3348 2067 3452 2122 hoc

1839 2169 1940 2224 est,
1977 2171 2301 2216 memoratas
2332 2176 2362 2216 a
2393 2177 2452 2216 se
2479 2159 2852 2217 sanctissimas
2879 2159 3080 2217 Christi
3115 2161 3282 2232 leges,
3323 2159 3450 2216 ido-

1839 2261 2046 2317 centur,
2082 2252 2314 2323 taliaque
2338 2252 2572 2320 discunt,
2621 2251 2833 2322 possint
2856 2269 3007 2308 more
3032 2253 3314 2308 brutorum
3335 2253 3452 2308 aui-

1837 2345 2058 2400 malinm
2085 2347 2285 2413 vivere,
2313 2355 2366 2400 et
2395 2340 2556 2416 pollui
2583 2346 2804 2401 nefariis
2831 2345 3330 2415 cowmixtionibus,
3355 2353 3448 2400 aut

1838 2440 2068 2510 possint,
2123 2439 2265 2510 quod
2311 2441 2548 2493 onniium
2593 2439 3042 2494 immanissimum
3091 2449 3194 2506 est,
3253 2453 3445 2495 carnes

1838 2531 2137 2596 humanas,
2189 2532 2408 2586 infantis
2451 2531 2660 2586 scilicet
2688 2546 2718 2586 a
2759 2547 2817 2586 se
2840 2532 3035 2598 occisi,
3069 2532 3334 2600 attingere
3363 2529 3386 2583 ?
3418 2548 3435 2580 ι

1835 2615 1975 2679 ὅπου
1998 2649 2048 2692 νε
2079 2637 2162 2680 χαί
2188 2630 2274 2687 τὰς
2303 2632 2409 2686 θέαις
2439 2642 2530 2680 τῶν
2546 2648 2835 2696 μσνρμαχων
2866 2629 2981 2694 ἡμῖν
3007 2629 3278 2696 ἀπερὶηιτιι
3301 2630 3414 2698 ἐρᾷν
3433 2665 3448 2692 ,

1840 2724 1917 2772 ἵνα.
1941 2731 2014 2788 μή
2033 2726 2268 2784 κοινωνοὶ,
2297 2720 2379 2772 καὶ
2416 2729 2682 2789 συνίστορες
2717 2729 2809 2772 τῶν
2860 2721 3002 2790 φόνων
3030 2724 3285 2788 γενώμεθα.
3337 2717 3448 2774 ἀλλ’

1838 2815 1947 2866 οὐδὲ
1977 2815 2063 2870 τὰς
2088 2816 2262 2871 λοιπὰς
2289 2816 2482 2883 Θεωρίας
2508 2815 2623 2881 apes
2649 2819 2766 2880 χρσὶι,
2799 2815 2876 2862 ἵνα
2895 2821 2968 2879 prii
2995 2814 3287 2878 μολύνωνται
3319 2817 3452 2880 ἡμῶν

1840 2910 1883 2957 οἱ
1912 2903 2164 2974 ὀφθαλμώ.
2193 2913 2278 2955 καὶ
2308 2907 2370 2958 τὲι
2390 2907 2509 2964 ὦτα,
2532 2905 2754 2971 γενόμενοι
2781 2909 3064 2971 συμμέτοχοι
3089 2917 3181 2957 τῶν
3209 2908 3306 2956 ἑξεῖ
3348 2925 3449 2972 φω-

1838 3012 1922 3051 νῶν
1950 2997 2187 3064 ᾀδομένων
2205 3036 2218 3058 ,
2246 2998 2289 3048 εἰ
2309 2998 2406 3067 γὰρ
2429 3000 2556 3050 εἴποι
2597 3018 2675 3056 τις
2702 2995 2812 3064 περὶ
2842 2996 3223 3066 ἀνθρωποϐορίας
3259 2997 3358 3048 lite?
3385 2996 3450 3049 τὲ

1835 3095 2064 3153 Θυέστου,
2097 3099 2180 3141 καὶ
2203 3093 2383 3159 Τερὲως
2427 3095 2568 3143 τέκνα
2603 3089 2867 3156 ἃσθιὸμενιι.
2906 3104 2924 3137 t
2962 3085 3270 3140 Prmsertim
3321 3101 3442 3140 cum

87 3187 334 3244 quam),
361 3190 429 3228 an
460 3187 515 3230 et
542 3177 631 3245 qui
656 3177 972 3244 credideris,
1007 3181 1138 3232 tanti
1169 3179 1369 3234 habeas
1398 3181 1465 3236 ad
1489 3198 1610 3238 eam
1638 3183 1730 3246 tali
1757 3189 1802 3253 (ζ
1835 3180 1998 3236 etiam
2031 3179 2436 3235 monomachias
2479 3169 2724 3249 spectare
2774 3178 2928 3233 nobis
2973 3177 3316 3232 interdictum
3347 3179 3442 3244 sit,

86 3269 455 3324 conscientia
488 3272 793 3340 pervenire.
825 3270 984 3337 Veni,
1029 3270 1284 3344 demerge
1331 3274 1530 3330 ferrum
1564 3277 1615 3329 in
1650 3276 1730 3330 in-

77 3362 354 3430 fantem,
404 3364 604 3420 nullius
657 3366 957 3430 inimicum,
1008 3368 1208 3426 nullius
1259 3384 1436 3436 reum,
1485 3369 1726 3428 omnium

79 3453 296 3509 filium
327 3471 342 3510 :
373 3455 456 3511 vel
498 3458 544 3510 si
590 3458 814 3514 alterius
842 3457 1078 3514 oflicium
1109 3468 1226 3524 est,
1261 3470 1314 3514 tu
1347 3461 1508 3526 modo
1537 3461 1731 3516 assiste

75 3549 378 3604 tuor-ictui
404 3549 630 3615 homini,
653 3563 942 3622 antequam
968 3551 1122 3608 vixit.
1152 3551 1472 3624 Fugientem
1495 3554 1728 3611 animam

72 3658 118 3696 ιι
159 3654 318 3697 oram
345 3653 626 3713 exspecta.
662 3642 864 3713 Excipe
901 3644 1088 3703 rudem
1119 3646 1474 3718 sanguinem;
1527 3661 1593 3704 eo
1638 3662 1731 3720 μ-

81 3752 128 3790 tt
150 3750 240 3797 ein
276 3745 426 3792 tuum
471 3739 649 3804 satia;
708 3753 926 3794 vescere
958 3739 1208 3802 libenter.
1259 3738 1467 3796 Interea
1494 3741 1731 3798 discum-

83 3824 286 3892 bens,
343 3828 626 3884 dinumera
657 3828 832 3896 “loca;
879 3829 966 3886 ubi
1007 3839 1199 3897 mater,
1239 3831 1328 3888 ubi
1367 3847 1544 3904 soror,
1601 3841 1729 3890 nota

91 3920 426 3992 diligenter,
475 3931 532 3978 ut
571 3937 694 3978 cum
736 3922 974 3985 tenebrre
1018 3923 1316 3980 ceciderint
1359 3927 1586 3993 caninae,
1618 3941 1728 3982 non

100 4028 293 4070 erres.
325 4014 606 4072 Piaculum
647 4017 791 4074 enim
819 4017 1128 4084 admiseris,
1157 4017 1262 4072 nisi
1293 4017 1556 4076 incestum
1585 4017 1728 4074 fece-

103 4104 226 4160 ris.
249 4105 398 4167 Talia
429 4109 694 4174 initiatus,
736 4117 792 4167 et
831 4109 1200 4180 consignatus,
1249 4109 1389 4166 vivis
1431 4111 1483 4174 in
1527 4125 1726 4166 acvunt.

111 4197 296 4268 Cupio
315 4204 666 4272 respondeas,
691 4203 737 4259 si
763 4205 893 4265 tanti
924 4203 1238 4263 :cternitas?
1260 4205 1366 4262 Ant
1391 4205 1434 4258 si
1453 4219 1584 4270 non,
1611 4203 1730 4262 ideo

119 4305 241 4346 nec
281 4296 556 4351 credenda.
602 4297 826 4355 Etiamsi
871 4295 1189 4360 credideris,
1240 4313 1378 4368 nego
1430 4307 1481 4352 te
1535 4297 1727 4359 velle;

133 4382 358 4439 etiamsi
378 4387 616 4454 volneris,
640 4403 780 4458 nego
805 4399 856 4443 te
887 4403 1065 4458 posse.
1091 4386 1202 4447 Cur
1231 4405 1360 4464 ergo
1381 4389 1468 4449 alii
1498 4390 1726 4460 possint,

125 4473 202 4529 si
232 4491 326 4531 vos
369 4495 467 4536 non
507 4483 756 4550 potestis?
795 4479 905 4540 Cur
933 4499 1039 4538 non
1086 4482 1324 4554 possitis,
1373 4484 1417 4538 si
1463 4483 1552 4538 alii
1601 4499 1728 4554 pos-

1835 3289 1903 3329 ne
1935 3273 2184 3328 videlicet
2219 3272 2507 3344 participes
2536 3271 2840 3342 huiusmodi
2873 3271 3102 3328 caedium
3131 3270 3448 3326 reddamur.

1831 3367 1942 3424 Nec
1985 3377 2184 3423 caetera
2229 3364 2532 3436 spectacula
2576 3373 2820 3434 spectare
2859 3363 3141 3428 audemus,
3195 3377 3271 3418 ne.
3307 3362 3451 3417 oculi

1831 3460 2001 3514 nostri
2033 3459 2400 3528 inquinentur,
2433 3466 2488 3512 et
2513 3471 2674 3512 aures
2705 3465 2906 3512 nostra:
2932 3457 3152 3511 audiant
3192 3454 3444 3526 profana,

1833 3565 1951 3622 qua:
1978 3552 2048 3606 ibi
2079 3551 2454 3615 decantantur,
2483 3549 2760 3615 carmina;
2793 3565 2985 3620 nempe
3014 3549 3141 3604 dum
3183 3547 3438 3620 Thyestis

1835 3643 2032 3714 tragica
2056 3643 2291 3698 facinora
2305 3649 2756 3708 commemorant,
2783 3649 2837 3699 et
2858 3641 3014 3698 Terei
3042 3641 3246 3698 liberos
3273 3641 3444 3696 ἀεὶ·οη

1833 3746 1978 3790 ratos
2005 3737 2254 3792 recitant.
2296 3755 2315 3788 ι

1873 3831 1880 3839 ‘
1905 3827 2076 3884 Nemo
2101 3839 2183 3885 est
2210 3838 2390 3884 autem
2419 3827 2510 3899 qui
2543 3827 2750 3884 nesciat
2777 3841 2898 3898 quae
2927 3826 3036 3882 sint
3062 3825 3152 3880 illa
3181 3823 3442 3896 Thyestis

1835 3923 2099 3992 Tereique
2153 3923 2354 3993 tragica
2425 3921 2925 3990 immanissimaque
2981 3919 3252 3980 facinora,
3319 3931 3440 3987 quae

1832 4018 2032 4072 ethnici
2067 4017 2294 4087 publicis
2318 4015 2369 4070 in
2400 4015 2725 4085 Spectaculis
2747 4012 3232 4085 repraasentabant.
3263 4009 3451 4082 Thyeo

1833 4122 1916 4167 tes
1947 4113 2088 4168 enim
2136 4112 2304 4168 fertur
2341 4111 2493 4166 Atrei
2542 4112 2720 4166 fratris
2769 4111 2851 4165 sui
2899 4125 3123 4164 uxorem
3175 4108 3444 4164 adulterio

1833 4205 2074 4260 vitiasse.
2125 4205 2291 4276 Cujus
2346 4202 2528 4274 flagitii
2583 4205 2638 4258 in
2687 4203 2978 4256 vindictam
3030 4204 3228 4256 Atreus
3276 4201 3442 4256 filium

1833 4299 2156 4369 epulandum
2194 4299 2242 4353 ei
2292 4297 2572 4365 apposuit,
2601 4311 2722 4366 qua:
2772 4295 2989 4366 quidem
3017 4293 3218 4350 scelera
3265 4311 3330 4350 ne
3361 4297 3446 4352 sol

1832 4391 2064 4452 videret,
2098 4405 2254 4443 suum
2288 4388 2490 4442 idcirco
2537 4402 2756 4442 cursum
2785 4397 2930 4442 retro
2984 4389 3319 4442 convertisse
3368 4389 3448 4444 fa-

1834 4486 2102 4540 bulantur.
2131 4483 2337 4538 Tereus
2365 4495 2514 4548 vero,
2557 4479 2826 4536 Thracum
2873 4481 2988 4536 Rex
3011 4523 3025 4547 ,
3083 4480 3445 4538 Philomelam

107 4579 269 4628 sunt
299 4569 549 4644 (Tarium,
570 4575 922 4648 Apolog.cap.
956 4576 1010 4640 8,
1043 4591 1163 4646 pag.
1194 4576 1249 4631 9.
1283 4575 1430 4633 Idem
1483 4574 1726 4644 Tertull.,
1753 4583 1807 4644 Ι)
1833 4579 2072 4651 Prognes
2131 4579 2322 4634 uxoris
2375 4591 2488 4632 suae
2543 4591 2785 4632 sororem
2816 4617 2830 4640 ,
2905 4584 3190 4648 postquam
3232 4585 3449 4631 constu-

89 4663 223 4722 [ὕ.
244 4685 269 4724 ι
289 4668 367 4732 ad
385 4667 590 4727 Notice.
632 4689 755 4742 cap.
815 4671 848 4726 7
884 4687 1005 4744 pag.
1036 4671 1131 4727 52.
1158 4669 1379 4727 Dissert.
1423 4671 1476 4728 in
1506 4671 1726 4727 Tertull.

75 4773 237 4826 cup.
264 4762 338 4818 ΞΟ
365 4773 464 4818 art.
505 4763 534 4819 1
568 4776 616 4820 et
641 4761 858 4835 seqq.)?
895 4783 913 4816 ι
964 4768 1035 4820 At
1085 4764 1178 4832 ille
1235 4763 1408 4818 fusius
1450 4763 1626 4818 adhuc
1656 4763 1729 4820 ibi

63 4859 170 4908 et
202 4857 327 4913 alibi
361 4859 473 4916 hac
503 4869 744 4928 enarrat,
796 4874 917 4929 quae
961 4874 993 4914 a
1043 4859 1202 4928 nobis
1240 4873 1340 4914 suo
1383 4858 1503 4914 loco
1543 4859 1727 4928 expla-

45 4950 294 5009 nanda
323 4961 473 5008 sunt.

151 5032 324 5107 Huic
347 5055 532 5108 autem
565 5046 908 5116 responsioni
953 5043 1247 5110 secundum
1280 5043 1542 5112 Minucius
1584 5045 1723 5118 adji-

3 5129 162 5187 ci"
233 5141 646 5200 infanticidium
685 5142 817 5198 illud
845 5153 952 5198 tam
981 5143 1050 5198 ab
1085 5143 1197 5212 ipsa
1230 5143 1476 5212 veritate,
1507 5156 1665 5212 quam
1693 5155 1726 5198 a

0 5217 548 5296 Cb'ﬁstianornm
595 5237 838 5292 moribus
881 5245 938 5292 et
987 5236 1248 5306 institutis
1295 5250 1416 5290 esse
1467 5234 1724 5306 alienum.

0 5308 398 5385 ὶυῂἣιιιοίιο
439 5329 588 5384 enim
621 5329 734 5384 illis
770 5327 1028 5384 Ecclesiae
1066 5343 1178 5383 suae
1212 5336 1306 5382 aut
1338 5325 1728 5382 consuetudine

0 5404 139 5452 “\
233 5431 544 5493 pucepto,
592 5421 854 5478 infantem
900 5424 1118 5492 impune
1163 5421 1471 5479 interﬁcere
1516 5420 1728 5487 liceret,

15 5494 192 5574 Ψίὶ
221 5511 352 5568 Νι
371 5515 787 5583 homicidium;
812 5515 889 5571 uti
917 5515 1010 5572 ille
1038 5515 1234 5587 arguit,
1265 5529 1396 5572 inec
1424 5513 1606 5570 videre
1627 5513 1728 5580 fas,

67 5608 258 5658 nec
270 5607 432 5666 audire
443 5611 469 5662 ἲ
505 5627 526 5661 ι

235 5685 282 5742 1η
316 5701 553 5759 eosdem
615 5699 868 5770 publicos
921 5699 1264 5772 nefariosque
1313 5699 1732 5758 calumniatores

51 5778 264 5838 δείδιε)
280 5804 504 5868 Quoque
537 5793 714 5852 telum
741 5793 1456 5866 conmrquctAthenagoras
1484 5808 1499 5850 :
1531 5810 1552 5846 ‹
1583 5791 1729 5862 Quo-

1834 4685 2042 4744 prasset
2063 4717 2076 4742 ,
2105 4672 2337 4744 linguam
2367 4670 2416 4725 ei
2442 4669 2726 4741 praecidit,
2755 4670 3170 4740 arctissimaque
3201 4668 3447 4726 custodia

1831 4769 2070 4824 inclusit.
2101 4767 2207 4822 Sed
2249 4765 2374 4820 inde
2404 4781 2432 4818 a
2462 4765 2676 4836 Progne
2724 4764 2919 4820 educta
2949 4773 3068 4832 est,
3113 4779 3176 4818 ac
3219 4772 3448 4833 utraque

1827 4863 1984 4935 Itym,
2019 4861 2324 4921 adulterino
2346 4861 2636 4916 concubitu
2670 4869 3012 4930 prognatum,
3035 4857 3208 4913 Tereo
3231 4858 3366 4926 patri
3391 4857 3443 4912 in

1828 4955 2079 5012 convivio
2103 4952 2501 5012 comedendum
2523 4951 2690 5006 dedit.
2719 4950 2821 5005 Tot
2849 4951 3074 5005 crimina
3105 4957 3301 5019 printer
3321 4945 3448 5003 Ovi-

1829 5048 1974 5102 dium
1999 5056 2053 5104 et
2077 5048 2236 5114 alios,
2257 5045 2516 5100 Martialis
2545 5044 2758 5098 duobus
2777 5043 3108 5098 carminibus
3129 5041 3200 5096 ita
3226 5041 3444 5097 cecinit.

2023 5161 2118 5238 ms
2143 5163 2302 5224 meis
2320 5159 2778 5238 lustratisque}?
2801 5158 3142 5238 eaeaeae?!

2077 5221 2290 5283 Tereos,
2314 5233 2400 5272 aut
2421 5221 2609 5272 orenam
2630 5222 2784 5272 crude
2802 5221 3023 5285 Thyeste
3040 5229 3197 5272 tuam.

1828 5307 2014 5374 (Ovid,
2042 5308 2078 5360 Ι.
2121 5324 2168 5360 vt
2191 5315 2238 5360 et
2260 5322 2340 5358 xrv
2361 5304 2718 5370 Metamorph.;
2751 5302 2990 5368 Martial.,
3036 5304 3072 5354 Ι.
3098 5299 3270 5370 Epigr.
3299 5304 3397 5370 19).

1838 5411 2001 5469 Vides
2042 5414 2201 5485 igitur
2227 5427 2387 5484 quam
2416 5410 2610 5466 merito
2631 5409 2754 5480 jure
2781 5405 3046 5464 Minucius
3101 5419 3286 5464 noster
3327 5407 3447 5464 alii-

1835 5523 1940 5580 que
1963 5505 2324 5578 antiquissimi
2353 5503 2612 5560 Ecclesize
2653 5502 2844 5558 Patres
2873 5510 3256 5558 asseverarent
3282 5501 3443 5557 Chri-

1835 5603 2040 5659 stianos
2068 5604 2136 5657 ab
2167 5601 2398 5656 ethnicis
2439 5599 2716 5655 homicidii
2760 5598 2896 5654 falso
2940 5598 3127 5654 falsius
3159 5599 3438 5664 accusari;

1835 5696 2144 5768 quippcqui
2173 5693 2302 5748 illud
2343 5693 2481 5748 adeo
2513 5691 2909 5760 abhorrebant,
2960 5699 3018 5746 ut
3048 5690 3177 5746 illud
3213 5707 3280 5747 ne
3323 5692 3443 5763 qui-

1834 5788 1956 5845 dem
2007 5790 2058 5844 in
2117 5787 2346 5860 publicis
2398 5787 2722 5860 Spectaculis
2777 5792 3226 5860 reprzesentatum
3255 5784 3443 5847 videre
