3774 6270
360 383 462 442 48Ἰ

364 591 441 647 cis
471 591 592 647 illos
621 600 850 644 comesa:
887 586 1135 638 humana:
1175 574 1355 632 carnis
1409 583 1516 626 tam
1574 567 1746 631 falso,
1797 576 1958 630 quam

1624 358 1712 414 DE
1752 348 2009 412 MINUCII
2043 342 2343 404 OCTAVIO
3519 321 3611 377 $88

361 505 457 553 aut
478 494 663 551 audire
698 503 946 563 umquam
972 484 1190 541 vellent.
1217 479 1330 536 Nec
1372 477 1552 533 minus
1573 473 1717 529 clare
1746 467 1956 537 conspi-
1981 468 2035 529 Α

2676 480 2978 528 Αιιτιοῠωε
3010 481 3072 522 ll.

363 703 494 744 vere
531 681 789 756 quosdam
841 677 1090 735 ethnicos
1141 664 1458 725 insimulari.
1510 662 1566 717 Si
1612 659 1732 731 quis
1782 668 1961 710 autem

2127 657 2367 714 itenditur
2414 670 2566 727 quam
2608 660 2743 707 certo
2801 644 3062 704 Minucius
3127 639 3352 698 ethnicos
3400 636 3624 691 homicirﬁi

364 780 503 834 alios
524 777 771 831 similiter
795 775 1234 844 argumentantes
1261 760 1360 816 sibi
1382 756 1560 812 adhuc
1613 751 1840 823 proferri
1870 762 1962 803 ve-

366 873 448 939 lit,
479 870 868 927 Tertullianum
913 861 1198 921 citabimus
1243 855 1335 910 lib.
1370 853 1432 906 de
1461 845 1810 920 Spectaculis,
1844 856 1965 912 cap.

369 934 445 1021 i9,
482 974 533 1019 et
581 962 674 1029 20,
725 960 1078 1034 Cyprianum,
1104 948 1337 1021 Epistola
1384 944 1452 1000 ad
1482 943 1673 997 Donat.
1714 954 1834 1008 eap.
1878 934 1967 990 15.

368 1056 705 1115 Lactantium
734 1029 826 1108 libi
862 1068 941 1120 Vl,
971 1063 1095 1119 cap.
1131 1044 1225 1112 ‘20,
1250 1056 1372 1112 pag.
1402 1038 1530 1102 619,
1555 1043 1611 1091 et
1645 1034 1700 1089 in
1732 1029 1972 1101 Epitome

370 1168 490 1222 cap.
520 1151 578 1217 6,
611 1163 733 1221 pag.
757 1148 887 1203 745.

445 1219 630 1315 Neque
678 1255 842 1313 porro
885 1238 988 1293 hoc
1015 1241 1259 1294 tantum,
1313 1225 1410 1282 sed
1454 1222 1561 1278 alio
1610 1219 1771 1274 etiam
1819 1231 1977 1286 argu-

374 1348 558 1399 mento
609 1308 874 1392 Minucius
927 1330 1072 1385 illam
1125 1323 1448 1381 calumniam
1508 1313 1708 1371 refellit
1738 1329 1750 1365 :
1783 1329 1802 1362 ι
1839 1308 1981 1363 Tan-

376 1528 613 1586 edulium
662 1535 916 1595 pecorum
967 1517 1021 1571 in
1069 1512 1205 1570 cibis
1234 1505 1551 1577 sanguinem
1591 1503 1921 1555 noverimus.
1959 1514 1978 1546 ι

384 1621 578 1678 Acrius
616 1631 748 1672 vero
778 1622 834 1668 et
878 1604 1254 1666 vehementius
1281 1596 1645 1655 Tertullianus
1682 1591 1736 1646 in
1767 1586 1986 1645 eosdem

383 1713 632 1773 ethnicos
664 1708 803 1763 hanc
841 1696 1365 1775 argumentationem
1399 1698 1573 1760 urget.
1610 1686 1772 1756 Digna
1805 1691 1988 1735 autem

384 1804 630 1881 profecto
670 1807 826 1862 sunt,
862 1774 983 1866 quae
1032 1792 1120 1847 hic
1168 1786 1548 1843 describantur
1588 1778 1734 1833 illius
1779 1774 1941 1829 verba
1974 1789 1989 1826 :

390 1919 409 1953 ι
446 1898 746 1955 Erubescat
773 1905 926 1947 error
948 1895 1129 1942 vester
1160 1876 1511 1940 Christianis,
1545 1872 1637 1942 qui
1667 1886 1735 1924 ne
1785 1867 1992 1922 anima-

386 1994 518 2050 lium
560 1986 776 2060 quidem
820 1978 1133 2051 sanguinem
1190 1974 1244 2027 in
1285 1967 1460 2038 epulis
1511 1959 1803 2019 esculentis
1831 1955 1995 2010 habe-

389 2079 656 2151 mus;qui
686 2048 972 2147 propterea
1018 2080 1232 2138 quoque
1276 2058 1550 2115 suffocatis
1600 2064 1654 2108 ct
1698 2048 1996 2106 morticinis

394 2176 764 2233 abstinemus,
818 2180 885 2219 nc
941 2174 1047 2231 quo
1101 2156 1361 2225 sanguine
1408 2145 1859 2207 contaminemur,
1912 2137 1997 2193 vcl

395 2261 539 2328 intra
570 2264 775 2318 viscera
802 2248 1285 2326 sepulto.l)enique
1315 2245 1453 2298 inter
1475 2244 1805 2295 tentamenta
1836 2230 1997 2287 Chri-

394 2365 696 2420 stianorum
720 2354 934 2412 botulos
956 2350 1119 2406 etiam
1147 2358 1338 2401 cruore
1359 2340 1624 2395 distentos
1662 2329 1962 2386 admovetis
1982 2367 1997 2391 ,

396 2452 685 2515 certissimi
710 2450 912 2505 scilicet
941 2443 1187 2500 illicitum
1212 2452 1332 2493 esse
1364 2446 1529 2505 penes
1557 2429 1700 2494 illos,
1734 2441 1827 2494 per
1855 2420 1997 2494 quod

399 2546 711 2607 exorbitare
738 2555 836 2597 vos
865 2537 1045 2592 uillis.
1076 2534 1244 2590 Porro
1271 2527 1428 2600 quale
1455 2533 1573 2587 est,
1616 2530 1674 2575 ut
1701 2534 1836 2589 quos
1877 2530 2002 2570 san-

401 2643 620 2716 guinem
652 2634 862 2708 pecoris
904 2631 1128 2686 horrere
1173 2622 1477 2686 confiditis,
1510 2618 1749 2672 humano
1793 2610 2004 2666 inhiare

401 2706 675 2794 credatis‘l
719 2725 940 2801 (Tertul.
972 2721 1193 2795 Apolog.
1227 2733 1343 2788 cap.
1378 2713 1435 2780 9,
1470 2728 1591 2782 pag.
1622 2706 1737 2780 l0).

480 2829 598 2887 Non
627 2824 729 2882 soli
751 2832 933 2878 autem
965 2817 1102 2880 viri,
1132 2811 1228 2868 sed
1276 2821 1331 2866 et
1377 2806 1633 2862 mulieres
1679 2801 1780 2855 hac
1831 2792 2011 2850 valida

403 2923 616 2982 ratione
641 2914 983 2974 Christianos
1021 2907 1210 2964 flctitio
1253 2901 1414 2973 plane
1444 2896 1671 2953 crimine
1692 2888 2009 2962 purgabant.

404 2979 594 3075 l‘larrat
625 3009 893 3084 siquidem
916 3001 1183 3061 Eusebius
1210 2992 1533 3067 Bibljadem,
1566 2986 1915 3043 christiauam
1934 2979 2007 3035 fe-

409 3110 635 3172 minam,
665 3099 954 3159 dirissimis
989 3090 1267 3163 suppliciis
1310 3091 1656 3154 superatam,
1690 3077 1862 3147 primo
1894 3072 2014 3142 qui-

411 3165 533 3263 dem
559 3165 801 3273 cjurasse
828 3192 986 3249 fidem
1010 3182 1238 3248 Christi,
1283 3178 1557 3246 multaque
1593 3172 1663 3228 de
1692 3165 2014 3224 Chrisriauis

412 3307 519 3353 tam
565 3252 728 3360 iinpia
755 3299 916 3357 quam
941 3280 1073 3335 falsa
1112 3289 1293 3332 coram
1325 3282 1553 3343 tyranno
1593 3264 1797 3321 dixisse
1830 3277 1844 3314 :
1876 3252 1926 3313 11'
1967 3261 1991 3310 δ

414 3398 461 3446 ἓν
484 3402 545 3459 τῇ
574 3389 847 3458 στρεϐλώσει
873 3382 1091 3442 ἀνενηψε,
1117 3373 1198 3426 καὶ
1227 3376 1286 3431 ὡς
1311 3368 1369 3421 ἂν
1394 3368 1563 3429 εἰπεῖν,
1597 3368 1646 3416 ἐκ
1669 3364 1844 3432 potilio;
1878 3360 2022 3408 ὕπνου

416 3457 799 3553 ἀνεγέηγόρησιν
834 3476 1185 3540 ὕπομνησθεῖσα
1212 3466 1296 3517 διὰ
1321 3476 1406 3522 τῆς
1456 3464 1745 3530 προσκαίρου
1786 3457 2024 3520 τιμωρίας

416 3589 504 3636 τὶν
529 3579 720 3626 αἰώνιον
748 3575 794 3623 ἰν
821 3573 979 3635 γεὲννᾳ
1028 3564 1243 3624 κόλασιν,
1285 3557 1369 3610 καὶ
1400 3559 1449 3618 δε
1475 3556 1679 3610 ἐναντίας
1709 3547 1901 3600 ἀντεῖπε
1928 3543 2026 3598 τοῖς

422 3678 726 3745 placa-piper;
751 3674 962 3736 φήσασα·
987 3664 1090 3715 Πῶς
1118 3656 1176 3707 ἂν
1203 3653 1379 3706 ndidi:
1402 3652 1591 3718 φᾶιγοιεν
1612 3653 1658 3695 ei.
1693 3644 1931 3701 τοιοῦτοι,
1958 3631 2028 3693 οἷς

423 3726 909 3834 ὶιηόὶιάίὸνωνξὼων
950 3748 1077 3819 αἷμα
1115 3748 1278 3817 φαγεῖν
1312 3743 1432 3808 ἐξόν.
1468 3756 1487 3788 ι
1528 3734 1727 3789 Verum
1757 3731 1842 3785 illa
1892 3726 2028 3783 resi-

425 3814 541 3834 r"-"
602 3814 621 3815 η
672 3814 684 3826 υ
788 3814 806 3820 ν
1006 3814 1014 3819 ,
1118 3814 1128 3817 -

425 3854 562 3929 puit,
596 3848 811 3906 Eusebii
861 3841 1023 3900 verba
1049 3846 1206 3902 sunt,
1239 3835 1381 3890 inter
1405 3828 1710 3892 cruciatus,
1759 3837 1821 3876 ac
1860 3814 2025 3873 veluti

428 3909 498 4004 ex
546 3946 656 3999 alto
712 3952 905 3995 somno
932 3933 1162 3990 excitata
1216 3934 1328 3992 est,
1373 3927 1637 3994 praesente
1664 3912 1926 3985 supplicio
1966 3909 2034 3964 de

429 4051 645 4098 aeternae
683 4032 948 4105 gehennae
969 4022 1293 4083 cruciatibus
1323 4021 1495 4087 ipsam
1545 4012 1919 4070 submonente,
1982 4009 2039 4057 et

429 4101 813 4192 contradicens
841 4120 1018 4193 impiis
1052 4115 1194 4184 :Qui
1226 4112 1338 4169 ﬁeri
1374 4116 1585 4181 posset,
1618 4101 1933 4174 inquiebat,
1979 4102 2039 4150 ut

430 4227 666 4287 infantes
691 4217 1070 4280 comederent,
1120 4208 1313 4281 quibus
1338 4218 1405 4260 ne
1448 4198 1768 4270 sanguinem
1815 4189 2035 4263 quidem

432 4281 785 4380 animantium
846 4311 1133 4382 degustare
1198 4303 1326 4358 licet
1387 4293 1615 4369 (Euseb.
1675 4289 1762 4344 tib.
1816 4302 1850 4340 v
1892 4281 2039 4338 Eccl.

440 4414 605 4478 ἣξει..
633 4426 754 4481 cap.
780 4423 819 4475 ι,
855 4420 973 4477 pag.
1009 4397 1163 4472 159)?
1202 4415 1221 4449 ι

509 4505 649 4576 Quid
713 4502 817 4556 hoc
871 4496 1087 4554 feminae
1136 4485 1451 4547 testimonio
1513 4480 1580 4536 ad
1661 4471 2042 4533 revincendam

440 4600 780 4659 ethnicorum
805 4588 1127 4648 calumniam
1151 4580 1378 4636 validius
1403 4585 1459 4631 et
1484 4567 1798 4629 efficacius?
1846 4562 2048 4619 Biblia-

443 4694 542 4751 des
561 4688 867 4747 ChriSIiana
883 4681 1078 4738 femina
1103 4718 1118 4743 ,
1145 4668 1547 4731 immanissimis
1578 4659 1855 4732 suppliciis
1886 4670 2047 4709 vexa-

448 4797 535 4850 ta,
578 4783 872 4853 impactum
915 4768 1236 4830 Christianis
1274 4764 1478 4820 crimen
1507 4756 1701 4813 falsum
1732 4766 1854 4807 esse
1900 4747 2045 4802 afﬁr-

448 4887 596 4945 mat,
643 4839 739 4931 sed
784 4866 1011 4926 summis
1040 4857 1316 4919 doloribus
1343 4854 1522 4919 victa,
1573 4856 1737 4917 atque
1778 4853 1837 4899 ut
1879 4842 1943 4896 iis
1983 4839 2049 4894 li-

450 4974 757 5033 beraretur.
777 4977 964 5020 verum
992 4972 1114 5015 esse
1138 4964 1244 5008 tam
1266 4950 1421 5012 falso,
1455 4960 1612 5016 quam
1646 4940 1812 4996 invito
1832 4935 2051 4991 fatetur.

452 5066 536 5126 Ad
567 5026 834 5120 saniorem
879 5050 1074 5110 deinde
1116 5053 1352 5102 mentem
1408 5038 1580 5103 redit,
1631 5033 1914 5106 palamque
1957 5026 2053 5081 de-

454 5159 625 5217 clarat
656 5169 716 5209 se
757 5150 811 5205 vi
841 5150 1233 5203 tormentorum
1262 5145 1535 5198 coactam,
1583 5128 1775 5183 falsum
1819 5121 2056 5186 dixisse;

456 5269 522 5310 ac
547 5248 764 5308 uiridem
790 5239 1078 5299 dirioribus
1104 5230 1386 5290 tormentis
1423 5224 1830 5284 excariiitlcata.
1869 5216 1926 5271 in
1960 5214 2060 5267 hac

459 5345 648 5403 ultima
676 5339 769 5396 illa
787 5331 1133 5392 confessione
1163 5330 1498 5398 perseverat,
1544 5326 1600 5372 et
1629 5312 1877 5370 moritur.
1928 5304 2061 5375 Quis

461 5454 593 5510 ergo
622 5448 768 5491 sanae
787 5428 989 5487 mentis
1021 5424 1185 5480 homo
1206 5418 1334 5474 huic
1358 5412 1669 5472 testimonio
1717 5406 1876 5461 fidem
1907 5402 2064 5457 abro-

464 5498 644 5605 gabit?
694 5529 770 5583 De
821 5520 1109 5580 interdicto
1153 5525 1334 5572 autem
1383 5504 1706 5565 Christianis
1751 5498 2067 5557 animalium

467 5591 733 5697 sanguine
786 5618 914 5676 alibi
978 5611 1370 5685 disputavimus
1416 5602 1589 5679 (Tom.
1635 5618 1649 5655 I
1718 5598 1918 5669 Appar.
1978 5591 2067 5647 tib.

470 5687 790 5788 nubium.
824 5711 876 5779 l,
898 5725 1017 5781 cap.
1049 5710 1105 5776 ἓ,
1125 5713 1226 5759 art.
1259 5701 1315 5770 5,
1335 5714 1457 5771 pag.
1501 5693 1606 5752 680
1636 5701 1684 5749 et
1714 5706 1852 5762 seqq.
1883 5687 1923 5758 ).

2144 751 2446 814 convincat,
2490 754 2662 816 utpote
2706 742 2795 813 qui
2838 739 2976 810 filios
3018 750 3195 792 recens
3249 740 3390 785 natos
3432 745 3626 798 expone-

2145 852 2276 907 rent,
2306 851 2394 894 aut
2422 838 2602 892 abortu
2624 841 2877 896 necarent,
2891 836 3043 899 atque
3066 827 3221 881 etiam
3247 822 3627 891 Carthaginenses

2147 934 2373 989 Saturno
2402 932 2629 1000 ﬁliorum
2664 941 2873 981 suorum
2905 920 3148 986 uoratori,
3182 932 3302 972 suos
3333 912 3632 979 intntolarent,

2146 1038 2351 1096 tumque
2370 1024 2578 1077 illorum
2604 1017 2845 1090 gemitum
2893 1011 3156 1069 blanditiis
3206 1018 3255 1064 et
3302 1005 3475 1062 osculis
3510 1021 3630 1059 com-

2151 1119 2369 1191 primere
2396 1121 2701 1170 conarentur
2721 1151 2739 1179 ,
2767 1124 2827 1163 ac
2852 1123 3010 1180 quam
3028 1106 3090 1161 ob
3114 1117 3341 1160 causam.

2154 1280 2316 1336 Nulla
2341 1276 2511 1348 major
2536 1292 2566 1330 a
2593 1264 3058 1342 depravatissimis
3082 1258 3391 1318 hominibus
3418 1255 3642 1312 calumnia

2084 1370 2382 1444 excogitari
2406 1377 2601 1441 potest,
2630 1380 2789 1437 quam
2810 1377 2932 1417 cum
2958 1355 3396 1429 gravissimorum
3421 1351 3644 1405 scelerum

2086 1482 2318 1539 quorum
2353 1464 2570 1534 ipsimet
2601 1457 2683 1514 rei
2713 1462 2873 1521 sunt,
2903 1452 3038 1507 alios
3075 1447 3299 1504 omnino
3340 1444 3557 1498 insontes
3581 1441 3645 1495 in-

2092 1533 2561 1615 simulant.7Tales
2587 1558 2766 1605 autem
2810 1542 3075 1601 Minucius
3108 1540 3301 1612 probat
3328 1535 3485 1591 fuisse
3514 1533 3650 1589 ethni-

2095 1668 2210 1708 cos.
2242 1650 2424 1705 Palam
2447 1645 2726 1701 enimvero
2759 1638 3009 1696 omnibus
3032 1635 3124 1690 ille
3164 1630 3293 1686 facit
3322 1627 3650 1692 homicidium,

2095 1749 2250 1816 cujus
2278 1742 2596 1805 falsis-sime,
2638 1736 2715 1792 uti
2754 1731 3022 1805 superiori
3049 1727 3284 1784 articulo
3331 1723 3522 1778 dictum
3561 1730 3651 1785 est,

2019 1868 2068 1927 Β
2098 1838 2435 1895 Christianos
2461 1832 2790 1904 arguebant,
2826 1828 2895 1882 ab
2917 1824 3048 1894 ipsis
3100 1833 3324 1885 revera,
3367 1830 3465 1871 nec
3498 1812 3655 1875 semel,

2099 1948 2200 1987 nec
2250 1945 2358 1985 uno
2406 1936 2611 1982 tantum
2661 1921 2855 1987 modo,
2903 1918 2997 1973 sed
3023 1930 3168 1986 smpe
3205 1911 3404 1982 saepius
3434 1907 3660 1976 variisque

2100 2025 2275 2081 modis
2304 2021 2587 2079 committi.
2612 2016 2744 2072 Nam
2776 2024 2976 2085 praeter
3019 2009 3136 2075 illa,
3177 2019 3302 2076 qua:
3342 2003 3393 2057 in
3434 1996 3663 2071 superiori
3756 2020 3757 2085 ἦ

2101 2118 2332 2175 articulo
2367 2130 2434 2170 ex
2462 2108 2763 2181 Theophilo
2812 2102 3152 2162 Antiocheno
3179 2096 3492 2158 retulimus,
3530 2091 3664 2147 Minn-

2104 2212 2219 2265 cins
2248 2217 2433 2263 noster
2475 2204 2676 2274 duplex
2720 2200 2800 2255 eis
2844 2195 3132 2267 exprobrat
3174 2186 3451 2245 homicidii
3488 2197 3661 2256 genus,

2109 2303 2344 2358 filiorum
2395 2312 2585 2353 recens
2612 2302 2861 2350 natorum
2895 2286 3312 2359 expositionem,
3344 2290 3399 2336 et
3419 2287 3663 2348 antequam

2110 2400 2465 2450 nascerentur
2491 2389 2738 2444 abortum
2768 2406 2780 2442 :
2826 2403 2845 2436 ι
2897 2381 3088 2446 Video,
3113 2377 3309 2447 inquit,
3332 2388 3430 2428 vos
3460 2384 3667 2442 procrea.

2112 2497 2194 2543 tos
2219 2486 2359 2541 filios
2384 2497 2524 2538 nunc
2552 2479 2681 2537 feris
2724 2486 2781 2533 et
2826 2475 3019 2531 avibus
3070 2484 3382 2542 exponere.
3426 2479 3556 2520 nunc
3600 2460 3672 2516 ad-

2111 2578 2474 2650 Strongulatos
2530 2573 2731 2629 misero
2790 2568 2979 2625 mortis
3039 2578 3239 2637 genere
3293 2560 3520 2617 elidere.
3564 2556 3673 2612 Sunt

2112 2688 2232 2744 quae
2263 2672 2315 2725 in
2348 2669 2480 2739 ipsis
2517 2663 2846 2728 visceribus,
2879 2654 3327 2716 medicaminibus
3356 2651 3559 2724 epotis,
3594 2647 3673 2703 ori-

2114 2765 2293 2835 ginem
2349 2758 2511 2815 futuri
2587 2755 2821 2810 hominis
2874 2750 3189 2821 extinguant
3254 2758 3309 2803 et
3376 2739 3676 2815 parricidium

2115 2856 2334 2919 faciant,
2361 2860 2650 2922 antequam
2677 2847 2905 2917 pariant.
2946 2862 2966 2896 ›

2192 2946 2394 3003 Eodem
2451 2956 2666 3015 quoque
2713 2938 2875 2995 modo
2932 2944 3090 2990 antea
3139 2930 3533 3001 Athenagoras.
3593 2925 3679 2991 Qua

2119 3043 2364 3107 ratione,
2410 3037 2617 3108 inquit,
2653 3032 2900 3089 homines
2922 3024 3326 3101 jugulabimus?
3374 3031 3459 3087 οἱ,
3502 3027 3580 3080 (τὰς
3610 3020 3685 3076 τοῖς

2123 3138 2488 3207 ἀμϐλωθριδίοις
2528 3137 2771 3203 χρωμένας
2812 3127 3104 3196 ἀνδροφονιῖν
3150 3143 3203 3175 τε
3232 3122 3315 3176 καὶ
3372 3123 3503 3188 λόγω
3548 3119 3686 3183 nam

1995 3208 2015 3311 ξ
2041 3234 2086 3298 C
2119 3248 2205 3293 τὶς
2231 3236 2558 3297 ἑξαμϐλώσεως
2582 3238 2649 3295 τῷ
2680 3231 2804 3293 Θεῷ,
2826 3226 2997 3293 φιμόν.
3028 3237 3047 3269 ι
3071 3216 3171 3284 Qui
3199 3213 3458 3269 mulieres
3500 3208 3687 3265 medica-

2125 3326 2322 3380 mentis
2362 3319 2621 3376 abortivis
2657 3324 2868 3371 utentes
2897 3308 3170 3366 homicidii
3200 3321 3359 3372 reas,
3388 3312 3446 3360 et
3471 3302 3689 3358 rationem

2130 3417 2241 3471 Deo
2298 3412 2601 3469 reddituras
2648 3406 2899 3463 dicimus.
2957 3422 2975 3453 ν
3031 3400 3362 3473 (Athenag.,
3407 3394 3574 3466 Legat.
3623 3401 3693 3458 pro

2127 3506 2433 3572 Curiatium,
2476 3520 2531 3574 p.
2561 3499 2680 3571 38.)
2712 3497 2921 3552 Nouue'
2946 3494 3091 3550 enim
3119 3488 3387 3562 ejusdem,
3423 3485 3585 3558 pergit
3607 3482 3692 3541 ille.

2129 3600 2351 3655 sceleris
2397 3594 2646 3652 conscius
2699 3601 2814 3658 est,
2860 3588 2952 3660 qui
3007 3584 3199 3641 fretum
3245 3583 3300 3637 in
3345 3580 3533 3635 matris
3569 3585 3691 3629 utero

2138 3688 2402 3761 ehiugnit
2430 3729 2446 3756 ,
2493 3696 2587 3742 aut
2633 3697 2824 3740 recens
2894 3689 3079 3735 natum
3124 3675 3287 3731 morti
3334 3671 3549 3744 exponit
3588 3662 3699 3722 haud

2134 3786 2390 3848 incertae,
2447 3791 2609 3851 atque
2645 3777 2735 3832 ille
2782 3775 2872 3845 qui
2917 3771 3190 3828 hominem
3228 3777 3388 3824 aetate
3431 3768 3703 3835 provectum

2136 3874 2434 3933 interficit?
2463 3871 2626 3943 Atqui
2651 3869 2719 3925 ab
2756 3869 2838 3923 his
2862 3863 3202 3927 criminibus,
3245 3860 3322 3915 ait
3355 3857 3424 3913 ibi
3465 3855 3581 3918 ille,
3612 3859 3707 3904 tam

2138 3968 2502 4027 abhorrebant
2530 3941 2857 4022 Christiani,
2893 3973 3053 4030 quam
3105 3969 3253 4025 saepe
3301 3965 3361 4006 ac
3404 3950 3612 4018 impune
3654 3941 3708 3995 ab

2141 4062 2383 4119 Ethnicis
2414 4056 2882 4130 perpetrabantur.
2913 4049 3021 4107 Sed
3045 4047 3334 4103 audiamus
3357 4039 3705 4099 Tertullianum

2141 4157 2233 4229 qui
2266 4128 2439 4227 palam
2483 4150 2847 4219 audacterque
2899 4143 3017 4199 haec
3066 4142 3172 4197 illis
3218 4138 3552 4209 eXprobrat,
3587 4141 3632 4187 et
3664 4128 3705 4181 in

2143 4266 2240 4308 eos
2262 4249 2339 4304 sic
2366 4251 2774 4317 argumentatur
2802 4257 2815 4294 :
2853 4257 2873 4291 ι
2906 4235 3014 4293 Sed
3045 4233 3297 4307 quoniam
3331 4230 3401 4285 de
3428 4219 3709 4284 infanticidio

2146 4342 2277 4399 nihil
2309 4313 2567 4403 interest,
2608 4348 2799 4399 sacro,
2828 4346 2895 4386 an
2948 4327 3173 4384 arbitrio
3222 4330 3584 4395 perpetretur,
3606 4313 3707 4367 licet

2148 4437 2217 4493 de
2244 4431 2538 4507 parricidio
2565 4427 2817 4491 intersit,
2845 4429 3135 4478 convertar
3180 4417 3248 4471 ad
3271 4415 3531 4486 populum
3556 4427 3570 4463 :
3602 4406 3712 4475 Quot

2149 4506 2308 4587 vultis
2338 4544 2404 4583 ex
2436 4525 2520 4580 bis
2559 4515 3066 4579 circumstantibus,
3118 4520 3175 4569 et
3225 4511 3279 4566 in
3324 4506 3710 4564 Christianorum

2071 4630 2126 4691 D
2151 4622 2468 4691 sanguinem
2505 4614 2800 4678 hiantibus,
2840 4622 2897 4666 et
2936 4608 3068 4680 ipsis
3112 4605 3275 4661 etiam
3328 4601 3486 4657 vobis
3522 4588 3714 4669 justissi-

2153 4716 2277 4780 mis,
2297 4724 2352 4768 et
2379 4705 2808 4766 severissimisin
2837 4715 2938 4758 nos
2969 4696 3290 4770 praesidibus
3319 4693 3462 4764 apud
3488 4684 3718 4745 conscien-

2156 4808 2258 4863 tias
2300 4805 2540 4875 pulsem,
2568 4799 2660 4871 qui
2696 4806 2853 4853 natos
2880 4793 2980 4849 sibi
3025 4791 3224 4847 liberos
3270 4781 3538 4845 enecant?
3572 4773 3721 4846 Siqui-

2155 4903 2280 4958 dem
2308 4910 2362 4954 et
2392 4897 2460 4953 de
2501 4866 2702 4967 genere
2753 4889 2902 4947 necis
2934 4884 3153 4949 differt,
3183 4881 3372 4952 utique
3412 4872 3661 4934 crudelius
3682 4866 3721 4919 in
3756 4898 3757 4959 1

2158 5008 2295 5066 aqua
2323 4990 2571 5062 spiritum
2601 4983 2972 5052 extorquetis;
3021 4987 3114 5033 aut
3143 4948 3329 5046 frigori
3351 5014 3367 5037 ,
3401 4980 3460 5027 et
3496 4964 3643 5028 fami,
3680 4964 3722 5012 ei

2162 5087 2387 5145 canibus
2413 5080 2728 5154 exponitis?
2754 5076 2924 5133 Ferro
2975 5073 3117 5129 enim
3177 5068 3318 5124 mori
3366 5074 3502 5121 mtas
3552 5064 3757 5131 quoque;

2164 5181 2337 5252 major
2367 5176 2651 5249 aptaverit.
2699 5170 2868 5228 Nobis
2893 5183 3021 5226 vero
3053 5162 3345 5221 homicidio
3396 5157 3558 5216 semel
3598 5154 3722 5208 inter.
3756 5136 3757 5195 Ῐ

2164 5276 2333 5338 dicto,
2362 5273 2522 5328 etiam
2563 5275 2884 5336 conceptum
2932 5272 3106 5325 utero,
3151 5257 3279 5313 dum
3327 5254 3508 5309 adhuc
3551 5240 3757 5323 sanguis:

2167 5371 2219 5426 in
2250 5368 2524 5423 hominem
2563 5360 2927 5424 deliberatur,
2971 5352 3273 5410 dissolvere
3323 5364 3432 5402 non
3484 5345 3617 5399 licet.
3643 5334 3725 5389 Ho-
3756 5356 3757 5389 ξ

2170 5462 2375 5521 micidii
2425 5456 2697 5515 festinatio
2739 5463 2856 5517 est,
2905 5447 3196 5522 prohibere
3236 5442 3427 5506 nasci;
3486 5451 3580 5494 nec
3606 5430 3757 5519 refert:

2174 5568 2354 5615 natam
2401 5554 2522 5625 quis
2547 5550 2742 5620 eripiat
2767 5547 3021 5609 animam,
3049 5556 3116 5595 an
3144 5544 3456 5594 nascentem
3487 5525 3722 5585 disturbeL
3756 5550 3757 5623 ἢ

2176 5650 2349 5706 llomo
2375 5655 2479 5712 est,
2517 5653 2571 5700 et
2596 5638 2686 5714 qui
2720 5639 2968 5699 futurus;
2998 5634 3159 5691 etiam
3205 5630 3411 5685 fructus
3456 5622 3620 5680 omnis
3646 5616 3725 5685 iam
3756 5616 3757 5653 Τ

2177 5743 2231 5799 in
2262 5706 2475 5797 semine
2527 5706 2878 5805 est-(Tertull.
2909 5726 3129 5798 Apolog.
3174 5739 3295 5793 cap.
3326 5719 3382 5781 9,
3427 5732 3545 5786 pag.
3599 5706 3685 5775 10).
3712 5712 3757 5803 tl

2179 5838 2247 5895 At
2274 5836 2341 5892 de
2363 5790 2570 5890 his—nos
2602 5790 2812 5902 plenius
2856 5825 2911 5881 in
2948 5790 3132 5878 nostra
3159 5790 3362 5875 de‘boc
3399 5808 3537 5867 libro
