3818 6282
158 305 265 362 489

1564 303 1893 360 DISSEBTA
1904 305 2033 362 'I‘IO.

3344 316 3463 372 490

159 419 357 473 latione
391 420 413 491 (
438 417 718 473 Discat-tat.
765 414 822 470 in
866 413 1203 484 Tertullian.,
1251 434 1368 489 cap.
1399 419 1491 486 20,
1539 432 1641 476 art.
1674 422 1751 492 5).
1782 425 1836 484 Α
1862 422 2352 480 obumbratricibus
2384 426 2673 494 scelerum,
2700 427 2896 485 v0tivis
2916 429 3167 487 crucibus
3190 433 3461 501 exposuit,

221 512 334 568 Nec
395 514 582 567 minus
633 510 858 573 acriter,
922 526 1022 566 nec
1070 513 1188 567 sine
1234 512 1403 567 ironia
1453 513 1766 570 Lactantius

150 604 353 665 hancce
387 604 766 675 impudentem
796 604 1122 660 calumniam
1154 607 1456 677 propulsat,
1489 625 1648 679 quam
1680 611 1764 680 ip-

151 698 315 755 simet
343 699 424 754 rei
469 698 737 752 adversus
780 699 1100 755 innocentes
1148 701 1405 757 adhibere
1455 717 1561 757 non
1611 720 1765 759 verc-

155 792 359 848 bantur
388 810 404 845 -.
439 811 461 844 ι
493 789 696 863 Impios
720 833 737 856 ,
767 791 974 862 inquit,
1007 803 1200 849 vocant
1245 794 1345 864 ipsi
1397 795 1603 851 scilicet
1656 797 1762 866 pii,

159 894 221 941 et
245 884 316 941 ab
336 884 567 940 humano
590 885 855 955 sanguine
878 885 1256 950 abhorrentes,
1290 900 1412 941 cum
1440 887 1487 942 si
1533 897 1586 942 et
1612 899 1764 944 actus

167 993 301 1034 suos
329 979 694 1043 considerent,
737 989 788 1031 et
818 978 1064 1041 illorum,
1095 994 1231 1050 quos
1252 989 1523 1051 tamquam
1570 983 1763 1053 impios

169 1070 460 1137 damnant,
503 1071 614 1141 jam
639 1070 943 1141 intelligant
971 1088 1130 1144 quam
1187 1074 1474 1131 mendaces
1515 1076 1656 1144 sint,
1709 1087 1764 1132 et

168 1163 237 1218 iis
278 1163 524 1218 omnibus
564 1177 687 1231 qum
741 1162 1002 1219 adversus
1049 1165 1223 1220 bonos
1260 1176 1353 1221 aut
1401 1167 1624 1236 dicunt,
1670 1176 1765 1224 aut

158 1257 390 1317 faciunt.
421 1257 718 1327 digniores.
753 1255 868 1311 Non
894 1258 1038 1312 enim
1070 1257 1139 1313 de
1168 1268 1354 1314 nostro
1375 1298 1391 1329 ,
1423 1259 1518 1316 sed
1541 1277 1605 1315 cx
1640 1260 1763 1316 illo-

151 1364 272 1404 ntm
314 1363 550 1404 numero
577 1362 794 1417 semper
837 1350 1141 1413 exsistunt,
1198 1351 1289 1421 qui
1348 1352 1463 1406 vias
1513 1352 1766 1408 obsident

146 1440 472 1496 armati.....
503 1455 712 1497 venena
741 1440 881 1496 clam
911 1451 1248 1512 temperent,
1297 1440 1620 1512 qui'uxores
1669 1461 1766 1501 nc-

150 1541 310 1597 ccnt,
363 1542 424 1587 ut
470 1531 631 1588 dotes
671 1547 858 1589 eorum
888 1533 1198 1600 lucrentur,
1247 1544 1340 1591 aut
1392 1537 1651 1604 maritos,
1708 1547 1768 1594 ut

153 1623 420 1679 adulteris
450 1623 676 1689 nubant,
705 1624 799 1693 qui
829 1634 985 1680 natos
1032 1640 1098 1681 ex
1150 1641 1209 1681 se
1238 1641 1435 1697 pueros
1458 1637 1552 1683 aut
1590 1637 1766 1685 stran-

163 1716 369 1789 gelent,
399 1726 491 1770 aut
523 1716 568 1770 si
611 1716 838 1771 nimium
884 1717 957 1788 pii
984 1718 1207 1785 fuerint,
1242 1728 1519 1788 exponant
1554 1740 1573 1773 ι
1610 1720 1768 1794 (Lac-

1872 524 2009 571 teste
2041 516 2230 571 militia
2281 519 2465 587 patriae
2492 531 2712 585 nostrae,
2739 536 2858 591 qme
2882 522 3107 592 idtpsum
3135 538 3331 578 munus
3388 524 3468 579 illi

1871 611 2178 678 proconsuli
2212 610 2392 665 functa
2418 619 2519 666 est.
2550 611 2656 668 Sed
2696 624 2750 667 et
2783 629 2924 668 nunc
2971 614 3023 669 in
3074 617 3283 670 occulto
3343 632 3464 686 pere

1869 710 2152 756 severatur
2177 701 2281 757 hoc
2319 718 2531 759 sacrum
2565 704 2890 759 facinus.....
2922 704 3053 761 Cum
3085 708 3316 777 propriis
3342 706 3468 763 ﬁliis

1867 791 2129 847 Saturnus
2160 810 2264 848 non
2312 796 2575 865 pepercit,
2632 798 2903 851 extraneis
2952 798 3135 866 utique
3182 814 3289 852 non
3342 813 3469 867 par-

1867 887 2040 941 cendo
2111 890 2526 960 perseverabat,
2580 906 2715 961 quos
2782 891 2997 960 quidem
3059 891 3161 962 ipsi
3219 903 3473 962 parentes

1867 976 2181 1046 offerebant,
2230 989 2282 1036 et
2307 981 2536 1037 libentes
2581 984 3019 1053 respondebant,
3071 994 3126 1039 et
3183 984 3475 1039 infantibus

1868 1069 2316 1138 blandiebantur,
2378 1088 2448 1128 ne
2496 1072 2858 1144 lacrymantes
2908 1076 3318 1131 immolarentur
3406 1077 3476 1131 Et

1872 1173 2048 1219 tamen
2080 1164 2309 1219 multum
2343 1164 2635 1220 homicidio
2673 1167 3015 1237 parricidium
3059 1166 3258 1223 diﬁ‘ert.
3307 1168 3479 1238 Major

1868 1266 2000 1312 artas
2026 1257 2165 1327 apud
2220 1259 2404 1314 Gallos
2456 1258 2722 1313 Mercurio
2776 1260 3179 1330 prosecaltatur.
3234 1259 3475 1316 Remitto

1871 1349 2129 1404 Tauricas
2177 1349 2386 1404 fabulas
2435 1349 2660 1406 theatris
2699 1354 2831 1405 suis.
2878 1351 3019 1407 Ecce
3068 1353 3119 1406 in
3148 1350 3237 1407 illa
3268 1352 3480 1423 religio-

1869 1441 2082 1499 sissima
2102 1441 2236 1496 urbe
2266 1440 2632 1497 IEncadarum
2668 1442 2878 1512 piorum
2906 1485 2921 1511 ,
2982 1444 3234 1499 nimirum
3285 1443 3474 1510 Roma,

1870 1543 1950 1587 est
1980 1532 2190 1602 Jupiter
2224 1532 2475 1602 quidam,
2527 1549 2687 1602 quem
2734 1533 2872 1589 ludis
2912 1536 3045 1602 suis,
3102 1535 3292 1590 Latiali
3335 1535 3479 1591 haud

1871 1624 2031 1681 dubie
2057 1624 2179 1680 Jovi
2209 1624 2422 1692 dicatis,
2451 1625 2685 1681 humano
2708 1629 2960 1696 proluunt
2984 1629 3363 1698 sanguine.....
3401 1629 3480 1684 De

1871 1718 2149 1788 sanguinis
2181 1717 2396 1787 pabulo,
2429 1729 2481 1773 et
2512 1717 2775 1788 ejusmodi
2801 1720 3015 1790 tragicis
3050 1718 3266 1776 ferculi~
3316 1721 3480 1793 legite

176 1818 307 1863 tant.
333 1809 420 1863 lib.
446 1824 476 1861 v
504 1805 741 1862 Institut.
781 1825 900 1879 cap.
955 1810 1007 1874 9,
1062 1828 1181 1883 pag.
1233 1811 1361 1868 485.
1420 1812 1672 1869 Diuet'tat
1720 1817 1773 1872 in
1802 1822 1850 1882 Β
1876 1811 2067 1867 necubi
2116 1811 2343 1866 relatum
2374 1811 2456 1865 sit
2506 1810 2638 1883 (est
2683 1813 2823 1882 apud
2865 1813 3194 1868 Herodotum
3238 1813 3481 1884 Opinor)

181 1899 412 1955 Lectum.
458 1916 577 1971 cap.
607 1901 705 1968 27,
734 1911 836 1956 art.
863 1901 900 1956 2
930 1902 975 1973 ).
1007 1902 1113 1959 Sed
1157 1904 1261 1959 alia
1305 1905 1550 1976 quaedam
1579 1907 1648 1962 de
1692 1907 1777 1963 his

182 1996 270 2052 ille
290 1995 432 2061 alibi,
464 2005 523 2050 ut
547 2010 650 2052 suo
684 1996 806 2051 loco
848 1997 1172 2054 videbimus.
1209 1999 1367 2055 Plura
1388 2000 1477 2071 qui
1523 2002 1769 2070 voluerit,

174 2090 220 2145 is
278 2088 439 2145 adeat
480 2090 796 2163 Dionysium
848 2092 1352 2160 Halicarnasseum,
1415 2096 1693 2153 Platonem
1743 2114 1773 2153 a

168 2182 209 2241 Τ
212 2183 513 2240 beodoreto
538 2185 786 2251 citatum,
815 2185 1100 2244 Philonem
1130 2188 1399 2256 Judaeum,
1433 2189 1772 2248 Clementem

173 2278 620 2344 Alexandrinum,
668 2289 726 2335 et
777 2296 897 2349 qum
938 2281 1062 2336 alibi
1103 2297 1130 2334 τι
1184 2282 1339 2337 nobis
1367 2284 1436 2338 de
1489 2300 1774 2353 puerorum

179 2371 523 2442 expositione
573 2372 856 2428 observata
900 2384 1023 2428 sunt
1074 2373 1319 2446 (Dionys.
1351 2373 1626 2432 Halicarn.
1685 2377 1775 2432 lib.

180 2463 402 2533 uAntiq.
435 2461 658 2518 Roman.
704 2481 825 2534 pag.
856 2464 961 2530 88;
995 2465 1299 2524 Tlteodoret.
1357 2477 1479 2522 tom.
1518 2468 1575 2528 4.
1620 2485 1775 2524 scrin.

185 2556 237 2617 9,
256 2572 371 2626 pag.
408 2554 539 2619 678;
572 2553 786 2610 Philan.
818 2556 908 2612 lib.
960 2557 1023 2612 de
1054 2558 1281 2627 Special.
1313 2558 1464 2629 legib.
1496 2576 1616 2631 pag.
1650 2562 1776 2628 795,

194 2658 233 2701 ιι
259 2664 380 2716 καις
404 2646 733 2705 σιωΑιω.
762 2649 854 2705 lib.
884 2665 941 2706 ιιι
981 2650 1129 2708 Paed.
1172 2669 1292 2725 pag.
1340 2652 1486 2719 226,
1536 2665 1583 2709 et
1622 2656 1691 2711 lib
1743 2669 1781 2711 ιι

196 2739 421 2794 Stromat.
445 2758 567 2813 pag.
590 2741 721 2807 ‘00,
748 2752 874 2800 tum.
903 2760 918 2799 ι
944 2745 1196 2815 Apparal.
1230 2764 1349 2817 pag.
1372 2746 1524 2820 805).

259 2832 383 2888 Aliis
411 2844 671 2903 praeterea
692 2837 955 2906 exemplis
974 2836 1238 2894 Minucius
1270 2840 1625 2895 invictissime
1646 2855 1778 2904 pro-

202 2924 277 2980 bat
316 2926 745 2983 crudelissimum
797 2930 1179 2998 parricidium,
1224 2930 1437 3002 aliaque
1489 2931 1782 2989 homicidia

203 3032 292 3074 non
331 3019 505 3075 solum
555 3021 776 3090 impune
822 3022 889 3077 ab
928 3023 1193 3087 ethnicis,
1248 3025 1342 3079 sed
1392 3024 1598 3095 publica
1656 3041 1779 3082 cum

202 3110 336 3168 laude
358 3122 412 3168 et
438 3112 630 3183 plausu
671 3115 799 3169 olim
829 3124 884 3169 et
939 3130 1040 3170 suo
1065 3115 1242 3171 adhuc
1272 3125 1518 3187 tempore
1545 3132 1779 3175 consue-

1877 1905 2125 1962 defusum
2154 1904 2391 1960 brachiis
2420 1905 2736 1975 sanguinem
2765 1920 2830 1960 ex
2854 1906 3114 1960 alterutro
3144 1906 3485 1977 degustatum

1877 2001 2121 2055 nationes
2143 1999 2400 2068 quasdam
2442 1998 2633 2054 foederi
2656 2013 3022 2069 comparasse.
3052 1998 3248 2054 Nescio
3273 2000 3399 2070 quid
3428 2010 3485 2055 et

1878 2094 1979 2150 sub
2031 2092 2259 2148 Catilina
2311 2093 2416 2147 tale
2479 2092 2819 2163 degustatum
2872 2101 2973 2147 est.
3025 2093 3189 2147 Aiunt
3237 2102 3290 2147 et
3345 2092 3490 2164 apud

1878 2189 2139 2261 quosdam
2173 2187 2416 2243 Gentiles
2444 2186 2768 2257 Scytharum
2800 2186 3110 2242 defunctum
3160 2201 3429 2257 quemque
3456 2202 3489 2242 a

1879 2283 1992 2338 suis
2068 2280 2305 2338 comedi.
2378 2280 2559 2350 Longe
2611 2295 2866 2335 excurro.
2923 2280 3094 2336 Hodie
3144 2280 3301 2335 isthic
3366 2280 3489 2336 Bel-

1883 2375 2021 2431 lona:
2055 2383 2296 2430 sacratos
2328 2374 2447 2443 (ms.
2468 2371 2731 2443 sacratus)
2762 2375 2980 2443 sanguis
3001 2373 3069 2428 de
3096 2373 3301 2430 femore
3329 2389 3487 2444 pros-

1881 2467 2023 2523 cisso
2045 2469 2099 2522 in
2131 2466 2418 2537 palmulam
2460 2475 2752 2535 exceptus,
2786 2468 2899 2521 esui
2930 2465 3088 2520 datus
3116 2465 3309 2536 signat.
3358 2465 3490 2521 ltcm

1881 2560 1958 2615 illi
2013 2560 2103 2630 qui
2164 2574 2386 2614 munere
2451 2558 2504 2613 iu
2556 2572 2717 2614 arena
2784 2572 3066 2613 noxiorum
3124 2557 3489 2629 jugulatorum

1881 2653 2198 2723 sanguinem
2232 2660 2505 2708 recentem
2530 2652 2685 2707 avida
2714 2651 2801 2707 siti
2822 2692 2836 2713 ,
2862 2652 3116 2706 comitiali
3148 2653 3338 2708 morbo
3370 2670 3489 2710 me-

1839 2788 1843 2792 .
1883 2745 2070 2801 dentes
2116 2743 2398 2808 auferunt,
2430 2742 2523 2798 ubi
2550 2742 2714 2797 sunt?
2765 2741 2898 2796 Item
2945 2742 3026 2797 illi
3068 2742 3159 2813 qui
3203 2743 3271 2799 de
3316 2760 3486 2801 arena

1882 2837 2068 2893 ferinis
2095 2836 2335 2892 obsoniis
2380 2846 2618 2902 omnem,
2657 2834 2746 2904 qui
2778 2832 2846 2889 de
2874 2848 3027 2905 apro,
3074 2836 3162 2904 qui
3209 2835 3277 2891 de
3324 2851 3487 2893 cervo

1883 2931 2108 3003 petunt!
2164 2932 2310 2998 Aper
2357 2928 2493 2993 ille,
2548 2942 2706 2998 quem
2756 2926 3095 2993 cruentavit,
3151 2927 3492 2987 colluctando

1883 3024 2129 3082 detersit.
2177 3021 2382 3078 Cervus
2410 3021 2500 3077 ille
2550 3020 2602 3075 in
2629 3018 2940 3090 gladiatoris
2992 3020 3253 3091 sanguine
3300 3022 3491 3091 jacuit.

1882 3121 2127 3191 Ipsorum
2204 3131 2451 3174 ursorum
2524 3114 2661 3169 alvei
2731 3122 3091 3184 appetuntur,
3158 3114 3492 3172 cruditantes

200 3205 324 3261 risse
368 3206 655 3261 committi.
686 3206 1009 3264 Persuasum
1040 3210 1320 3266 enimvero
1361 3211 1560 3267 ethnici
1610 3212 1770 3270 habe-
1802 3214 1848 3277 C
1881 3213 2058 3269 adhuc
2089 3212 2156 3267 de
2193 3209 2494 3265 visceribus
2525 3205 2796 3261 humanis.
2847 3204 3111 3260 Ructatur
3153 3206 3380 3275 proinde
3423 3208 3493 3262 ab

199 3295 330 3364 bant,
356 3299 429 3353 ait
457 3299 569 3362 ille,
592 3315 623 3351 a
651 3299 888 3356 Saturno
913 3300 1052 3357 ﬁlios
1077 3318 1205 3359 suos
1238 3303 1545 3360 devoratus.
1571 3308 1775 3373 Quam-

195 3390 363 3445 obrem
392 3391 600 3447 creduli
640 3391 887 3449 homines
942 3395 993 3449 in
1037 3395 1356 3465 quibusdam
1407 3396 1601 3452 Africae
1654 3412 1779 3467 par-

195 3482 325 3539 tibus
346 3485 533 3555 pietati
559 3486 828 3542 ducebant
867 3487 919 3544 ei
957 3504 1087 3544 suos
1133 3504 1345 3560 quoque
1393 3491 1534 3547 filios
1582 3492 1776 3548 immo-

192 3576 317 3633 lare.
348 3578 607 3634 llumante
645 3594 859 3649 quoque
884 3581 1115 3637 victima:
1160 3598 1188 3635 a
1227 3581 1419 3638 Tauris
1463 3583 1698 3640 Ponticis
1725 3595 1782 3642 et

189 3671 530 3746 abEgyptio
571 3673 840 3740 Busiride,
869 3690 901 3729 a
924 3675 1090 3732 Gallis
1119 3676 1385 3732 Mercurio
1404 3718 1420 3745 ,
1451 3692 1482 3732 a
1524 3672 1780 3735 Ronﬁnis

186 3764 399 3822 Graecus
448 3775 509 3823 et
558 3766 783 3835 Graeca,
839 3768 1025 3825 Gallus
1080 3777 1138 3825 et
1201 3768 1349 3826 Galla
1413 3770 1775 3828 caedebantur.

183 3858 451 3918 Praeterea
496 3862 567 3917 ab
596 3861 787 3918 iisdem
816 3862 1073 3919 Romanis
1097 3862 1321 3919 Latialis
1347 3863 1558 3935 Jupiter
1603 3865 1780 3921 homi-

174 3953 262 4008 nis
327 3953 628 4009 crudeliter
684 3955 858 4010 necati
926 3956 1188 4026 sanguine
1241 3957 1438 4028 placari
1490 3957 1780 4015 ferebatur.

172 4043 308 4103 Tam
360 4044 654 4102 horrenda:
716 4055 895 4103 autem
974 4048 1199 4104 feritatis
1268 4049 1516 4119 exetnplo
1582 4048 1781 4106 factum

166 4148 374 4195 auctor
423 4148 613 4196 noster
658 4150 864 4205 censet,
918 4150 979 4196 ut
1031 4140 1258 4197 Catilina
1310 4157 1503 4198 cruore
1549 4142 1784 4198 humano

164 4231 587 4302 conjunrerit,
637 4231 729 4287 alii
782 4231 1014 4287 Bellona:
1078 4233 1497 4290 sacriﬁcaverint
1566 4235 1784 4291 humani

169 4325 393 4381 haustu
413 4327 707 4397 sanguinis,
734 4342 799 4383 ac
840 4327 1018 4397 plures
1043 4329 1363 4384 comitialem
1398 4330 1643 4385 morbum
1689 4345 1784 4386 eo-

181 4418 331 4475 dem
358 4417 578 4476 humano
604 4421 889 4491 sanguine,
915 4421 966 4476 id
979 4432 1079 4483 est.
1109 4431 1168 4477 ut
1208 4432 1355 4479 recte
1379 4422 1641 4480 Minucius
1666 4424 1783 4479 ani-

175 4510 705 4575 madvertit,morbo
729 4516 962 4585 graviore
1003 4519 1333 4573 sanaverint.
1380 4519 1620 4589 Denique
1665 4520 1790 4578 huic

1880 3307 2100 3363 homine
2128 3321 2256 3361 caro
2301 3312 2455 3375 pasta
2493 3302 2563 3357 de
2592 3300 2811 3356 homine
2845 3318 2864 3351 ι
2898 3296 3211 3371 (Tertullian
3266 3301 3488 3374 Apolog.

1878 3414 1996 3470 cap.
2030 3397 2085 3465 9,
2135 3395 2313 3467 pag.9
2342 3393 2381 3466 ).
2430 3394 2699 3464 [ntegrum
2756 3391 2899 3446 hunc
2950 3389 3268 3446 Tertulliani
3308 3393 3490 3450 locum

1883 3489 2245 3549 exhibendum
2292 3503 2412 3544 esse
2461 3486 2751 3552 duximus,
2812 3484 2935 3553 quia
2989 3482 3063 3538 ibi
3109 3482 3198 3538 ille
3243 3487 3491 3554 quaedam

1884 3585 2131 3654 exempla
2166 3583 2235 3639 ab
2263 3590 2485 3636 auctore
2510 3589 2695 3634 nostro
2721 3578 2919 3632 intacta
2970 3576 3228 3647 protulit;
3281 3586 3336 3632 et
3386 3578 3492 3633 alia

1884 3678 2084 3734 clarius
2123 3676 2448 3745 uberiusque
2478 3672 2733 3742 exponit,
2788 3686 3017 3741 quorum
3065 3671 3181 3741 ipse
3229 3670 3495 3727 Minucius

1884 3783 2070 3831 noster
2102 3772 2317 3828 videtur
2358 3768 2554 3826 fecisse
2599 3765 3002 3836 compendium.
3055 3764 3262 3836 Negare
3310 3778 3491 3823 tamen

1886 3883 1994 3924 non
2019 3878 2307 3937 possumus
2336 3861 2515 3933 priora
2556 3857 2799 3929 ejusdem
2832 3855 3149 3911 Tertulliani
3181 3855 3344 3911 verba
3369 3857 3490 3927 qui-

1887 3959 2113 4017 busdam
2142 3972 2249 4013 non
2276 3969 2463 4011 carere
2496 3949 2923 4008 difﬁcultatibus.
2976 3946 3083 4003 Sed
3112 3963 3173 4003 ea
3222 3963 3321 4002 suo
3368 3948 3489 4005 loco

1887 4070 1987 4127 pro
2032 4052 2174 4108 virili
2225 4061 2389 4121 parte
2454 4054 2637 4103 nostra
2709 4042 3001 4112 explanare
3065 4050 3120 4095 et
3191 4039 3491 4097 dissolvere

1888 4148 2208 4205 conabimur
2237 4142 2531 4215 (Dissertat.
2565 4139 2619 4192 in
2643 4134 2861 4191 Tertull.
2889 4132 3110 4204 Apolog.
3140 4130 3181 4205 ).

1960 4242 2179 4298 Interim
2205 4252 2334 4292 vero
2363 4230 2562 4302 aliquid
2606 4229 2675 4284 de
2729 4225 3009 4281 horrendis
3057 4224 3165 4279 illis
3207 4223 3487 4279 hominum

1891 4336 1961 4390 ab
1989 4334 2108 4389 aliis
2151 4325 2454 4384 hominibus
2483 4328 2836 4376 mactatorum
2873 4314 3150 4371 sacriﬁciis
3173 4315 3487 4372 dicendum.

1893 4428 2034 4486 Nihil
2081 4438 2210 4480 vero
2237 4432 2459 4476 necesse
2486 4426 2546 4473 ut
2580 4414 2731 4486 plura
2760 4423 3116 4481 congeramus
3138 4408 3206 4465 de
3250 4410 3489 4478 celebri,

1896 4519 2186 4594 paucisque
2223 4511 2490 4582 incognita
2530 4507 2865 4564 ethnicorum
2913 4501 3197 4594 opinione,
3248 4517 3350 4572 qua
3397 4500 3493 4557 Sa.

160 4621 466 4681 perquam
513 4606 915 4664 immanissima:
956 4610 1260 4668 crudelitati
1290 4627 1409 4667 eam
1453 4613 1593 4669 haud
1632 4613 1791 4670 dissi-
1814 4618 1869 4678 D
1893 4593 2084 4672 turnus
2108 4610 2245 4665 ﬁlios
2281 4619 2412 4663 suos
2440 4615 2659 4658 vorasse
2704 4594 3036 4668 perhibetur.
3088 4593 3269 4650 Missis
3313 4594 3495 4664 itaque

153 4699 379 4756 anilem
406 4714 528 4756 esse
571 4699 730 4767 dixit,
763 4717 868 4769 qua
900 4701 1115 4757 athletae
1142 4703 1305 4773 aliqui
1335 4703 1389 4758 in
1420 4718 1580 4759 arena
1623 4703 1786 4769 feras,
1895 4706 2180 4772 Pausania,
2211 4699 2496 4759 Strabone,
2530 4691 2775 4790 Diodoro.
2811 4688 3013 4751 Siculo,
3067 4685 3328 4790 Iniciam»,
3382 4688 3493 4790 Alp—

150 4793 474 4849 hominum
498 4808 696 4850 cruore
746 4805 802 4851 et
829 4796 1086 4851 membris
1113 4798 1404 4867 saginatas,
1435 4795 1695 4868 liguriunt
1730 4812 1794 4852 ac
1896 4800 2209 4875 pollodoro,
2234 4787 2535 4885 Theophih
2567 4784 2944 4885 Antiochum,
2975 4788 3031 4885 (ξι
3060 4780 3182 4885 (illis
3212 4777 3495 4885 ‘l'lami’lli'

150 4889 478 4946 devonnt.
510 4888 629 4956 Qua
650 4904 781 4960 ergo
826 4888 1006 4946 fronte
1056 4889 1318 4955 Gentiles,
1371 4867 1649 4946 concludit
1691 4890 1792 4945 Mi-
1900 4867 2053 4953 rimis
2079 4889 2339 4964 (Pausan.
2375 4881 2662 4973 ιὶὸηγιιιμρο
2692 4868 3033 4973 94933“?-
3069 4868 3254 4973 ᾳθοθνς
3286 4885 3339 4973 1":
3367 4867 3497 4973 46?}

147 4982 407 5048 nucius,
439 4990 520 5036 tot
545 4982 829 5037 criminum
858 4980 969 5049 rei,
1017 4981 1313 5052 impudenti
1358 4981 1628 5037 calumnia
1656 4981 1796 5051 obji-
1900 4984 2059 5042 Diod.
2089 4960 2257 5037 Sicut.
2280 4976 2318 5031 l.
2341 4990 2371 5028 v
2397 4971 2667 5065 Bibliotlt.,
2694 4965 2936 5065 p.935:
2960 4960 3273 5065 Lucio-mf“
3296 4961 3501 5065 ‘Saftl‘i/o

146 5091 310 5134 cere
346 5083 604 5145 poterant
632 5073 891 5129 infantem
935 5088 966 5129 a
995 5072 1315 5130 Christianis
1361 5073 1567 5141 occidi,
1624 5088 1776 5130 vorar

1960 5076 2075 5136 .75;
2108 5067 2348 5140 Apollod.
2380 5064 2470 5120 lib.
2504 5079 2520 5116 ι
2558 5059 2674 5114 Bib.
2701 5057 2842 5121 init.;
2868 5053 3068 5124 Theop.
3100 5053 3339 5156 Antioch.
3369 5053 3458 5109 lib.
3487 5068 3507 5107 ι

148 5168 306 5240 ejus
332 5143 536 5224 carnes
575 5177 635 5225 et
661 5168 773 5224 bibi
819 5169 1134 5240 sanguinem
1154 5168 1180 5211 ν
1200 5168 1306 5225 Sed
1343 5170 1491 5240 prius
1519 5168 1776 5225 Tertullia

1960 5170 1976 5224 l
2003 5164 2173 5222 Autol.
2210 5180 2263 5233 p.
2296 5158 2387 5220 75,
2418 5164 2467 5210 et
2490 5154 2578 5208 lib.
2605 5166 2685 5214 ιιι,
2716 5164 2834 5218 pag.
2872 5146 2973 5200 118
3003 5144 3045 5217 ),
3080 5143 3508 5249 sufﬁciat-anno—

149 5235 287 5320 n'us
319 5261 679 5317 falsissimam
716 5262 865 5319 illam
894 5235 1326 5320 criminationem
1345 5235 1533 5318 acrius
1559 5262 1809 5333 hancque
1912 5273 2055 5319 tasse
2082 5271 2199 5313 eam
2227 5252 2295 5309 ab
2324 5245 2557 5305 Hesiodo
2587 5244 2668 5298 his
2689 5238 2963 5295 decantari
2993 5236 3242 5293 versrbus
3262 5235 3506 5310 (Hesiod.

150 5353 578 5413 confutaverat
619 5355 674 5409 in
711 5354 971 5410 modum:
1009 5374 1030 5409 t
1064 5356 1191 5411 Haec
1234 5372 1343 5425 quo
1389 5354 1560 5425 magis
1613 5354 1812 5408 refuta-
1914 5351 2104 5426 v,465
2125 5357 2173 5404 et
2201 5344 2336 5415 sqq-l
2368 5359 2382 5427 ξ
2487 5420 2496 5427 ι
2664 5415 2675 5427 ,
2725 5414 2735 5427 ,
2772 5426 2781 5427 ί
2820 5417 2850 5427 ν,

154 5450 393 5512 vet-im,
425 5462 460 5503 a
484 5447 643 5503 vobis
685 5447 799 5504 ﬁeri
829 5449 1109 5506 ostendam
1144 5450 1338 5521 partim
1384 5450 1438 5505 in
1485 5455 1707 5518 aperto,
1760 5454 1818 5502 et
2165 5420 2546 5533 ἓξξᾜοῖὰξιξξέξξ
2562 5413 3112 5531 Igilﬁifii‘iiliﬁim‘

164 5539 403 5615 partim
441 5541 495 5596 in
526 5542 779 5609 occulto,
833 5556 933 5611 per
977 5542 1122 5612 quod
1171 5541 1398 5598 forsitan
1456 5548 1511 5595 et
1556 5539 1623 5594 de
1663 5536 1776 5592 nobi

2171 5554 2248 5593 Καὶ
2270 5553 2428 5601 xputth
2450 5558 2517 5595 κιρ
2541 5545 2650 5587 ἰόντι,
2666 5541 2745 5585 Διὸς
2770 5539 2928 5588 μεγάλου
2946 5533 3010 5575 διὰ
3036 5534 3181 5585 βουλάς.

2170 5609 2237 5641 τε.
2267 5611 2329 5641 ενι
2352 5610 2417 5641 ulla;
2433 5606 2683 5641 ἀλιοσιιοπὶην
2706 5601 2827 5641 εστιν.
2847 5600 2945 5638 ille.
2966 5594 3123 5637 801tth

159 5608 538 5695 credidistis.
591 5633 835 5691 Infantes
865 5651 1031 5706 penes
1058 5635 1295 5692 Africam
1344 5633 1577 5691 Saturno
1623 5631 1822 5686 immo-
2170 5609 2329 5706 ’ξξῖδίξι
2433 5608 2683 5706 ζξίζξςξιην
2706 5608 2827 5651 ίσιινο

158 5730 460 5788 labantur
492 5725 674 5794 palam
707 5741 877 5798 usque
920 5727 987 5783 ad
1044 5728 1381 5784 ctmsulatum
1432 5724 1672 5790 Tiberii,
1733 5724 1825 5793 qui

2174 5670 2317 5720 Παῖδας
2342 5673 2419 5720 ἰοὺς
2444 5684 2513 5709 ut.
2519 5671 2624 5708 επινι.

2023 5750 2262 5804 Audierat
2286 5746 2416 5795 enim
2436 5754 2502 5791 ex
2525 5747 2662 5789 terra
2686 5741 2739 5787 et
2762 5730 3066 5804 emicet-ollis
3086 5728 3297 5803 micante

158 5824 346 5898 ipsos
430 5817 757 5970 sacerdolt’es
804 5819 859 5874 in
919 5820 1123 5975 eisldlelm
1172 5820 1453 5879 arboribus
1512 5816 1697 5891 templi
1745 5814 1831 5872 sui
2026 5814 2169 5878 Quod
2186 5814 2446 5862 Sibifmw
2466 5814 2603 5855 θεεθι
2625 5814 2843 5943 Μοντίέ

710 5925 941 5973 Ατιιοι..
1086 5956 1101 5974 .

710 5925 941 5973 Ατιιοι..
990 5925 1101 5974 ΙΙΙ.

2026 5793 2177 5878 666E
2186 5793 2279 5862 sibi
2296 5793 2446 5859 fatale
2466 5808 2603 5855 esset
2625 5801 2823 5865 preprio
2840 5812 2869 5845 a
2890 5795 2994 5846 ﬁlio
3017 5793 3222 5855 domari,
