3818 6282
389 289 496 345 495
1682 285 1768 341 DE
1807 283 2064 341 MINUCII
2101 281 2400 341 OCTAVIO
3514 304 3591 360 493

396 421 416 455 ι
451 403 572 470 Illo,
602 400 793 472 inquit,
847 409 1115 469 tempore,
1143 397 1352 453 scilicet
1398 396 1644 453 llerculis
1664 439 1678 464 ,
1730 399 1815 452 vel
1844 413 1937 453 rex
1960 438 1977 461 ,
2006 397 2059 459 Α
2085 412 2235 451 suam
2265 412 2432 465 usque
2472 404 2685 452 aztatem
2711 410 3083 467 perseverasse
3113 398 3409 472 (Plutarclu,
3438 416 3539 468 tom.
3563 432 3591 482 ι,

390 497 477 552 vel
501 506 757 567 tyrannus
784 494 1019 558 Busiris,
1066 491 1175 545 suis
1218 491 1322 545 diis
1360 505 1487 545 suos
1519 491 1759 560 hospites
1789 490 1980 546 immo~
2087 490 2140 544 in
2180 490 2294 544 Vita
2330 490 2611 556 Marcelli.,
2642 506 2761 561 pag.
2801 491 2928 554 299.
2953 502 3005 546 et
3033 503 3164 548 tom.
3193 510 3247 559 tt,
3269 497 3439 563 Quml.
3463 502 3592 575 Rom,

385 584 564 651 labat,
595 600 754 657 quem
786 584 947 637 ﬁlium
982 581 1263 652 perhibent
1289 582 1450 638 fuisse
1474 582 1706 652 Neptuni
1727 600 1790 638 ex
1813 593 1982 639 matre
2084 595 2204 652 pag.
2232 581 2361 651 283;
2387 583 2553 651 Plin.,
2582 582 2678 640 lib.
2720 600 2884 640 xxvnt
2924 583 3119 642 Hister.
3145 585 3292 657 Nat.,
3313 605 3416 661 cap.
3444 596 3486 660 l,
3506 613 3595 671 pag,

383 680 590 751 Lybia,
647 680 751 733 ﬁlia
796 676 1005 748 Epaphi
1043 695 1062 729 ι
1096 677 1361 748 (August.
1419 677 1510 735 lib.
1542 693 1669 732 xvnt
1721 680 1784 731 de
1829 677 1979 732 Cittit.
2084 673 2256 747 557).

381 790 502 842 cap.
537 770 665 842 l2).
722 770 885 825 Vides
926 784 1056 825 sane
1077 769 1259 838 plures
1285 769 1514 825 Minucio
1542 769 1610 826 de
1637 769 1725 824 illa
1757 769 1977 825 immani

380 862 643 919 Busiridis
671 862 882 919 feritate
913 863 1101 918 tulisse
1127 861 1463 934 sullragium.
2079 862 2338 932 sequitur,
2371 864 2439 919 ab
2482 863 2672 920 iisdem
2703 863 2964 919 Romanis
3013 864 3278 919 homicidio
3323 868 3596 944 celebratur;

453 957 676 1013 Plurimi
697 972 909 1030 quoque
935 957 1090 1012 nobis
1111 956 1558 1027 suppetunthaud
1576 954 1766 1012 incerti
1787 963 1969 1023 testes,
2077 954 2159 1007 vel
2190 962 2248 1008 ut
2287 964 2441 1010 antea
2482 956 2699 1025 scripsit
2732 973 2746 1010 :
2778 954 3005 1025 Jupiter,
3036 971 3158 1010 cum
3198 956 3423 1024 Latiaris,
3458 978 3598 1023 cruore

372 1050 573 1121 quibus
620 1049 750 1105 illud
799 1051 961 1105 etiam
1005 1048 1375 1114 conﬁrmetur,
1422 1049 1564 1119 quod
1614 1050 1729 1118 ipse
1786 1058 1973 1118 postea
2079 1043 2431 1114 perfunditur.
2472 1065 2492 1098 ι
2526 1047 2591 1102 Ει
2629 1055 2777 1102 certe
2805 1046 3059 1102 Tatianus
3085 1060 3347 1104 asseverat
3383 1067 3435 1107 se
3474 1054 3591 1125 hujus

371 1144 568 1214 adjecit
601 1160 621 1197 ι
649 1161 669 1194 r
715 1141 982 1198 Mercurio
1011 1141 1192 1198 Gallos
1237 1144 1498 1197 humanas
1525 1143 1606 1197 vel
1653 1141 1973 1197 inhumanas
2076 1135 2351 1206 horrendi,
2408 1149 2461 1195 et
2509 1141 2728 1196 alterius
2777 1140 2958 1196 Diana:
3007 1142 3131 1197 facti
3192 1144 3418 1200 sacrilicii
3456 1157 3594 1208 testem

375 1237 617 1293 victimas
636 1236 863 1293 caedere.
896 1256 915 1289 ι
941 1236 1127 1292 Tanta:
1148 1237 1291 1291 enim
1316 1235 1721 1291 inhutnattitatis
1741 1251 1971 1306 sponsor
2072 1228 2240 1287 fuisse
2279 1235 2548 1288 oculatum
2582 1250 2596 1287 :
2632 1252 2651 1285 t
2689 1233 2833 1300 Haec,
2879 1235 3068 1305 inquit,
3104 1250 3226 1290 cum
3256 1237 3591 1299 viderem.......

370 1334 629 1399 testisque
677 1339 761 1386 est
805 1330 1089 1385 Cornelius
1133 1329 1385 1393 Tacitus,
1445 1331 1531 1385 ubi
1578 1328 1648 1384 de
1691 1328 1966 1385 Gallorum
2082 1322 2225 1393 apud
2259 1325 2531 1381 Romanos
2562 1326 2827 1382 Latiarem
2874 1326 3061 1383 Jovem
3110 1329 3334 1385 humano
3377 1347 3533 1392 cruore
3562 1348 3596 1394 et

370 1422 613 1479 moribus
638 1422 753 1478 haec
782 1432 981 1492 praeter
1005 1422 1105 1476 alia
1137 1422 1285 1492 plura
1311 1433 1697 1477 commemorat
1726 1441 1739 1476 :
1772 1439 1790 1473 t
1834 1424 1968 1478 Deo-
2069 1418 2352 1487 sanguine,
2399 1433 2492 1488 per
2520 1418 2806 1474 homicidia
2838 1417 2974 1482 fuso,
3011 1420 3230 1488 placari,
3270 1420 3467 1479 Dianam
3503 1442 3595 1485 vero

371 1532 490 1571 rum
519 1517 758 1571 maxime
788 1516 1113 1571 Mercurium
1157 1515 1374 1581 colunt,
1405 1515 1491 1570 cui
1530 1515 1693 1570 certis
1732 1515 1922 1571 diebus
1946 1559 1961 1583 ,
2068 1523 2176 1563 "0n
2232 1506 2421 1580 procul
2464 1509 2780 1581 Megalolmli
2810 1510 3077 1566 similibus
3104 1513 3330 1582 gaudere
3359 1533 3376 1564 ι
3410 1514 3593 1586 (Tatiae.

366 1610 618 1665 humanis
670 1623 885 1680 quoque
931 1608 1119 1663 hostiis
1170 1607 1326 1662 litare
1378 1606 1457 1661 fas
1514 1606 1731 1662 habent.
1782 1607 1964 1663 Caesar
2072 1600 2219 1657 Orat.
2260 1614 2424 1659 contr.
2489 1603 2679 1671 Grata,
2714 1620 2831 1675 pag.
2890 1606 3064 1677 165).
3125 1606 3439 1679 Quapropter
3472 1611 3596 1670 Theo.

364 1719 531 1771 vero,
555 1704 642 1758 cui
676 1703 1015 1772 potissimum
1065 1702 1343 1756 notissima
1375 1702 1492 1757 erat
1533 1702 1806 1758 Gallorum
1862 1719 1959 1758 na-
2065 1694 2243 1764 philus
2279 1696 2649 1752 Antiochenus
2678 1696 2910 1753 ethnicis
2932 1698 3056 1769 jure
3093 1714 3307 1782 prorsus
3341 1704 3501 1758 met-ito
3526 1722 3591 1761 et-

364 1798 474 1863 tio,
507 1795 696 1851 scribit
727 1795 847 1850 illos
874 1794 1209 1864 gravioribus
1239 1804 1460 1849 vexatos
1510 1795 1714 1850 morbis
1738 1836 1752 1860 ,
1786 1805 1879 1850 aut
1903 1795 1954 1850 in
1988 1789 2035 1849 Β
2065 1788 2354 1857 umbrabat
2409 1789 2680 1845 lasciviam
2734 1790 2916 1847 Matris
2967 1790 3163 1856 Deum.
3193 1801 3246 1848 et
3292 1793 3590 1855 crudelitatem

360 1889 563 1960 pt'zcliis
600 1896 910 1954 versantes,
945 1903 1044 1957 pro
1072 1888 1301 1942 victimis
1348 1888 1660 1944 immolasse
1685 1888 1953 1957 homines,
2067 1901 2086 1933 ι
2123 1882 2274 1939 Jovis
2331 1883 2560 1940 Latiaris
2606 1884 2859 1951 sitientis,
2903 1889 3147 1953 διψῶντος,
3198 1887 3461 1942 humanum
3498 1906 3587 1945 san-

357 1982 442 2036 vel
496 1996 555 2036 se
604 1979 975 2035 immolaturos
1007 1981 1221 2035 vovisse
1245 2021 1261 2046 ,
1290 1990 1453 2049 atque
1488 1979 1556 2034 ad
1581 1995 1644 2035 ea
1691 1981 1955 2036 sacriﬁcia
2058 1978 2273 2047 guinem
2316 1996 2334 2027 ι
2370 1977 2663 2048 (Theoph.,
2698 1978 2791 2034 lib.
2827 1994 2885 2034 ιιι
2925 1979 2997 2033 ad
3037 1980 3294 2051 Autolyc.,
3336 1996 3439 2052 pag.
3483 1983 3587 2055 122).

359 2073 624 2130 ministris
652 2086 778 2127 usos
802 2086 924 2128 esse
956 2071 1237 2126 ltruidibus
1269 2069 1489 2142 »(Ταείι.
1520 2070 1584 2124 de
1613 2069 1800 2125 Morib.
1825 2069 1953 2125 Ger-
2058 2066 2420 2125 Tertullianus
2442 2086 2570 2126 vero
2592 2086 2697 2126 non
2735 2071 2910 2126 solum
2953 2072 3009 2127 in
3063 2087 3163 2127 suo
3206 2073 3513 2145 Apologetico,
3534 2080 3585 2134 si-

353 2182 498 2220 ttian.
552 2165 707 2235 paulo
754 2174 868 2236 post
906 2166 1046 2230 init.;
1076 2163 1206 2221 Cm.
1252 2165 1342 2219 lib.
1376 2181 1393 2219 ι
1422 2165 1486 2219 de
1512 2163 1648 2218 Bell.
1678 2163 1818 2219 Gull.
1841 2173 1955 2235 post
2055 2161 2164 2216 cuti
2196 2173 2506 2218 annotatutn
2538 2173 2658 2229 est,
2690 2164 2808 2219 haec
2844 2175 3034 2234 aperte
3069 2164 3363 2232 conﬁrmat,
3403 2167 3481 2222 sed
3515 2169 3581 2226 alio

356 2261 476 2313 init.
503 2258 542 2330 ).
586 2258 704 2314 Non
763 2259 836 2314 ibi
891 2268 1067 2314 tamen
1125 2259 1359 2328 explicat
1403 2259 1489 2314 cui
1532 2258 1636 2313 deo
1682 2258 1779 2311 bas
1811 2273 1948 2327 prae-
2054 2252 2229 2309 adhuc
2265 2255 2319 2309 in
2365 2255 2502 2310 libro
2541 2255 2626 2311 his
2651 2257 2847 2325 repetit
2879 2256 3099 2313 verbis:
3136 2276 3155 2311 ι
3187 2257 3473 2330 Scytharum
3500 2261 3583 2317 Dia-

353 2353 548 2409 liereut
576 2351 780 2409 hostias
809 2370 821 2407 :
855 2352 947 2408 sed
977 2354 1097 2423 quia
1124 2352 1215 2408 ille
1240 2352 1469 2417 ibidem,
1498 2350 1951 2423 quemadmodum
2056 2362 2178 2401 nam
2203 2386 2217 2413 ,
2250 2357 2340 2402 aut
2362 2347 2638 2404 Gallorum
2684 2348 3037 2417 Mercurium,
3072 2361 3164 2405 aut
3187 2351 3416 2406 Afrorum
3448 2352 3582 2409 Satur-

357 2445 575 2512 Strabo,
618 2444 817 2500 asserit
862 2444 1046 2501 Gallos
1097 2444 1256 2499 deum
1312 2445 1578 2515 praecipue
1627 2444 1949 2499 Mercurium
2053 2457 2180 2496 num
2211 2441 2485 2496 hominum
2522 2442 2734 2497 victima
2768 2442 2968 2512 placari
3003 2443 3150 2514 apud
3179 2444 3411 2500 smculum
3447 2445 3579 2502 licuit:

351 2536 620 2602 coluisse,
680 2550 857 2592 nonne
903 2550 1025 2590 eum
1074 2534 1309 2591 Minucio
1364 2546 1552 2591 nostro
1613 2535 1719 2591 diei
1774 2542 1949 2605 potest
2052 2544 2108 2588 et
2134 2532 2285 2587 Latio
2303 2534 2372 2588 ad
2401 2534 2716 2590 hodiernum
2750 2533 2871 2590 Jovi
2895 2535 3075 2590 media
3116 2537 3166 2590 in
3196 2535 3332 2593 Urbe
3382 2537 3581 2596 humanus

350 2630 479 2686 huic
511 2632 562 2685 in
591 2630 775 2701 primis
805 2630 909 2686 deo
930 2672 943 2694 ,
997 2638 1158 2701 atque
1197 2630 1340 2685 Heso
1384 2632 1546 2686 etiam
1566 2673 1581 2698 ,
1632 2640 1690 2685 ut
1717 2643 1842 2684 mox
1864 2628 1950 2684 di-
2052 2626 2269 2695 sanguis
2296 2626 2593 2696 ingustatur
2627 2646 2647 2679 ι
2675 2626 2927 2699 (Tertull.
2956 2627 3258 2700 Scorpiac.,
3296 2645 3401 2700 cap.
3428 2630 3469 2698 7,
3494 2647 3577 2703 pag.

348 2734 522 2791 cetur,
553 2725 746 2779 factum
780 2723 944 2779 luisse
968 2723 1183 2779 crudele
1209 2724 1337 2778 illud
1358 2724 1676 2780 sacriﬁcium
1703 2723 1723 2792 (
1745 2723 1946 2788 Strab.,
2058 2715 2212 2789 621i).
2270 2716 2381 2773 Suo
2430 2717 2595 2788 igitur
2649 2728 2893 2789 tempore
2935 2735 3060 2775 mos
3111 2721 3200 2777 ille
3236 2721 3471 2778 horribilis
3495 2740 3577 2793 per-

347 2815 439 2871 lib.
471 2832 545 2884 tv,
595 2815 781 2889 Geogr.
833 2834 955 2888 pag.
990 2816 1152 2890 l98).
1187 2817 1330 2873 Idem
1365 2818 1551 2889 procul
1591 2817 1754 2873 dubio
1799 2814 1945 2887 judi-
2050 2811 2354 2878 severabat,
2388 2824 2442 2866 et
2468 2812 2643 2868 adhuc
2675 2821 2859 2884 postea
2901 2815 3141 2871 duravit.
3186 2816 3311 2873 Nam
3345 2817 3576 2876 Lactantius

345 2910 488 2963 cium
519 2909 795 2965 ferendum
818 2918 905 2966 est
944 2910 1011 2965 de
1044 2911 1277 2966 Diodoro
1322 2910 1538 2974 siculo,
1583 2909 1749 2975 Mela,
1793 2909 1945 2965 Stra-
2049 2902 2298 2960 similiter
2324 2921 2538 2976 quoque
2566 2906 2752 2961 scribit
2783 2926 2798 2962 :
2835 2926 2854 2959 ι
2883 2907 2995 2964 Nec
3027 2908 3203 2964 Latini
3230 2911 3419 2979 quidem
3454 2912 3565 2980 hujus

343 3001 490 3058 bone
509 3044 523 3068 ,
555 3002 819 3058 Cicerone
838 3043 853 3070 ,
899 3010 955 3058 et
1007 3003 1225 3069 Solino,
1260 3005 1349 3074 qui
1378 3004 1676 3073 generatim
1733 3017 1946 3073 quoque
2049 2994 2400 3054 immanitatis
2429 3012 2679 3068 expertes
2708 2999 2945 3056 fuerunt.
2977 3001 3255 3073 Siquidem
3282 3002 3474 3058 Latiaris
3501 3001 3568 3057 1η-

345 3109 375 3149 a
408 3094 578 3151 Gallis
609 3096 855 3154 homines
873 3097 977 3153 diis
1007 3097 1313 3152 immutatos
1337 3096 1502 3152 tuisse
1534 3095 1885 3151 teStiﬁcantur
1918 3115 1938 3148 ι
2048 3089 2189 3170 piter
2211 3091 2375 3145 etiam
2412 3106 2554 3147 nunc
2580 3094 2840 3163 sanguine
2869 3094 3075 3150 colitur
3113 3096 3334 3154 humano
3365 3116 3383 3149 ι
3410 3096 3568 3170 (Lact.

344 3188 555 3262 (Diod.,
588 3191 625 3245 l.
658 3208 685 3243 v
713 3190 981 3254 Bibliolh.,
1008 3208 1062 3261 p.
1090 3193 1235 3256 214;
1270 3189 1430 3257 Mela,
1463 3191 1502 3245 ι.
1537 3206 1613 3257 vr,
1636 3189 1852 3245 tibideb

2060 3173 2138 3237 lib.
2176 3198 2213 3249 t,
2244 3197 2363 3253 cap.
2394 3184 2485 3248 2i,
2515 3199 2636 3255 pag.
2673 3186 2776 3242 115
2799 3187 2837 3257 ).
2874 3186 2977 3242 Tot
3032 3200 3230 3256 autem,
3257 3169 3441 3262 tamque
3460 3189 3568 3245 certis

341 3285 450 3349 lia;
484 3284 694 3351 Strabo,
724 3285 792 3339 lib
843 3300 899 3339 tv
937 3282 1148 3355 Geogr.,
1184 3300 1304 3354 pag.
1346 3284 1484 3349 l95;
1516 3282 1625 3339 Cic.
1668 3281 1817 3337 Orat.
1851 3300 1944 3352 pro
2056 3276 2286 3331 testibus
2317 3276 2474 3333 ﬁdem
2498 3279 2619 3349 quis
2644 3279 2907 3350 abrogare
2941 3282 3196 3338 audebit?
3242 3286 3317 3339 An
3349 3293 3488 3337 autem
3502 3282 3560 3337 diu

347 3376 427 3430 M.
466 3374 653 3442 Fonte,
684 3394 737 3446 p.
766 3374 907 3436 222;
938 3374 1112 3431 Solin.
1146 3391 1262 3447 cap.
1289 3374 1383 3441 2l,
1418 3394 1470 3445 p.
1511 3378 1574 3432 ll
1612 3377 1655 3445 ).
1702 3376 1944 3447 Denique
2051 3383 2240 3440 poswa
2264 3381 2372 3426 tam
2414 3375 2649 3429 immane
2672 3374 3000 3429 saerilicium
3044 3374 3240 3433 factum
3287 3375 3439 3442 fuerit,
3470 3373 3563 3429 haud

342 3470 594 3526 Lucanus
621 3468 689 3524 de
712 3469 809 3535 iis,
838 3480 895 3525 et
940 3469 1102 3525 Diana
1135 3471 1360 3526 Taurica
1382 3514 1397 3537 ,
1428 3473 1494 3526 de
1523 3487 1625 3543 qua
1657 3487 1756 3527 nos
1783 3472 1945 3541 paulo
2048 3462 2119 3518 ita
2149 3475 2508 3534 compertum.
2542 3466 2701 3522 Certe
2733 3468 2950 3537 quidem
2975 3469 3030 3525 id
3055 3471 3363 3527 Athanasius
3383 3484 3561 3525 uouere-

342 3570 501 3617 antea
520 3562 752 3631 egimus,
771 3560 890 3617 haec
912 3564 1102 3617 cecinit
1127 3563 1279 3637 (Luc.
1304 3564 1375 3619 l.t
1397 3563 1767 3621 ΡΙοανε.υ.4Μ
1784 3564 1940 3638 sqq.):
2046 3554 2202 3622 didii,
2232 3558 2430 3628 quippe
2458 3557 2551 3628 qui
2590 3557 2659 3613 de
2706 3558 2799 3615 illo
2829 3560 2972 3615 hunc
3015 3562 3263 3632 loquatur
3303 3563 3349 3618 in
3373 3563 3560 3616 modum:

494 3671 559 3738 Et
579 3672 759 3735 quibus
780 3674 982 3738 immitis
1005 3672 1220 3738 placatur
1243 3677 1484 3738 sanguine
1507 3675 1618 3725 diro

2050 3651 2149 3701 Καὶ
2182 3658 2227 3702 οἱ
2269 3656 2427 3703 πάλαι
2458 3653 2507 3702 δὲ
2536 3640 2755 3719 Papa?“
2806 3662 2886 3707 τὸν
2919 3656 3209 3722 καλούμενον
3251 3660 3469 3723 Λαιτώριον
3501 3662 3558 3705 Alit

499 3735 761 3801 Ietttates,‘
785 3736 1092 3801 horrensque
1118 3736 1236 3787 feris
1260 3735 1493 3788 altaribus
1508 3739 1695 3801 Hesus,
2046 3744 2456 3801 o‘MpeomOoctu;
2503 3748 2775 3801 ὶθρισκιυον
2803 3761 2817 3797 :
2870 3762 2890 3795 ί
2924 3744 3094 3801 Prisci
3128 3747 3250 3801 item
3285 3744 3466 3800 Rtttttaui
3486 3742 3553 3798 La-

500 3796 563 3847 m
587 3796 793 3848 Τ³¹’³¹¹ί³
814 3797 1054 3860 Scythicae
1087 3812 1185 3849 ¹¹⁰¹¹
1209 3801 1375 3850 mmor
1392 3815 1476 3851 ³η
1500 3800 1692 3851 Dium
2048 3833 2258 3898 tiarem,
2292 3841 2349 3888 ut
2382 3844 2600 3899 vocant,
2630 3834 2817 3892 Jovem
2863 3839 3115 3895 humanis
3140 3838 3321 3896 hostiis
3346 3836 3541 3895 colebant:

2047 3922 2346 3995 (Athanas.
2384 3925 2539 3980 Orar.
2567 3938 2732 3982 contr.
2769 3926 2963 3997 Grata,
3006 3929 3154 4003 §25,
3187 3946 3301 4002 pag.
3329 3931 3424 4000 25).

2120 4017 2196 4073 De
2227 4017 2331 4074 hoc
2387 4034 2549 4089 porro
2583 4019 2886 4077 detestabili
2924 4022 3205 4081 hominum
3252 4023 3348 4080 diis
3386 4029 3548 4078 mactan-

2046 4108 2236 4165 dorum
2289 4111 2395 4167 ritu
2448 4119 2505 4168 et
2558 4129 2709 4171 more
2769 4115 2899 4172 alibi
2966 4116 3360 4189 disputavimus.
3411 4114 3551 4169 Praeter

2047 4201 2339 4273 scriptores
2378 4214 2558 4259 autem
2610 4220 2642 4261 a
2697 4207 2854 4262 nobis
2903 4207 2975 4263 ibi
3027 4210 3236 4275 citatos,
3266 4212 3420 4279 legere
3436 4203 3551 4261 adhuc

2046 4295 2248 4364 poteris
2275 4295 2552 4353 Philonem
2599 4298 2863 4368 Judaeum,
2891 4299 3199 4359 Cornelium
3238 4302 3454 4366 Tacitum,
3483 4295 3546 4350 Pli-

2046 4388 2214 4454 nium,
2249 4389 2586 4455 Suetonium.
2621 4391 3000 4465 Porphyrium,
3029 4396 3329 4463 Eusebium,
3362 4390 3548 4465 Cyrillum

2047 4478 2490 4548 Alexandrinum,
2529 4483 2723 4554 quibus
2755 4485 2877 4540 addi
2906 4496 3134 4557 possunt
3171 4486 3472 4543 Tertullianus
3496 4489 3549 4534 at-

2082 793 2087 799 ~
2152 768 2290 837 Quin
2320 770 2461 825 enim
2486 771 2690 842 Jupiter
2711 770 2954 837 Latiaris,
2984 772 3059 828 uti
3108 781 3287 828 auctor
3320 790 3478 834 neSter
3511 799 3598 851 pro-

2046 3744 2456 3810 ἀννρωπσουσίιις
2503 3748 2817 3812 zonam»:

343 3904 564 3959 Lucano
598 3912 778 3959 autem
826 3903 1138 3960 Lactantius
1187 3905 1567 3977 adstipulatur.
1597 3906 1667 3962 At
1688 3916 1942 3963 testatum

343 4004 606 4067 praeterea
655 3996 945 4054 Suetonius
1006 3999 1131 4054 facit
1203 4000 1418 4070 impiam
1471 4001 1618 4056 illam
1670 4002 1944 4059 detestan-

342 4088 575 4160 damque
616 4089 1035 4145 immolationem
1081 4092 1149 4147 ab
1195 4094 1437 4163 Augusto
1488 4090 1811 4164 imperatore
1864 4097 1945 4150 in-

343 4180 659 4246 terdictam,
708 4196 738 4236 a
778 4179 1003 4237 Claudio
1055 4183 1309 4254 deinceps
1363 4187 1677 4256 abrogatam
1728 4186 1940 4243 fuisse:

350 4293 367 4323 ι
409 4273 726 4330 Druidarum
749 4316 763 4340 ,
796 4275 870 4330 ait
909 4276 1031 4339 ille,
1067 4276 1379 4347 religionem
1409 4279 1549 4349 apud
1588 4278 1768 4337 Gallos
1810 4282 1944 4338 dira:

342 4367 728 4435 inunanitatis,
760 4377 814 4424 et
841 4379 1045 4424 tantum
1086 4370 1295 4426 civibus
1343 4373 1445 4428 sub
1485 4377 1727 4445 Augusto
1774 4374 1943 4430 inter-

344 4458 574 4523 dictam,
623 4460 837 4530 penitus
880 4461 1117 4516 abolevit
1148 4480 1166 4515 ι
1219 4461 1497 4532 (Lactant.
1552 4464 1643 4519 lib.
1688 4483 1725 4533 t,
1766 4465 1938 4524 Dicin.

344 4552 577 4609 Ittstt'tut.
621 4570 738 4622 cap.
769 4553 861 4619 2i,
886 4572 1003 4625 pag.
1036 4555 1158 4621 H2;
1189 4556 1407 4611 Sueton.
1440 4557 1531 4611 lib.
1562 4574 1614 4624 ν,
1651 4558 1678 4629 §
1707 4559 1823 4631 25).

2044 4584 2149 4639 que
2189 4570 2500 4629 Lactantius
2529 4552 2668 4631 :vsed
2707 4574 2776 4632 de
2807 4552 3032 4633 his‘nos
3077 4594 3175 4635 suo
3221 4580 3328 4635 loco
3365 4575 3545 4649 (Tota!

418 4647 534 4701 Non
576 4648 752 4703 minus
796 4649 978 4716 procul
1008 4650 1170 4705 dubio
1198 4649 1415 4704 crudele
1436 4660 1551 4706 erat
1589 4665 1941 4711 memoratum
2047 4661 2325 4731 Apparat.,
2355 4663 2449 4719 lib.
2478 4680 2559 4730 Ill,
2589 4667 2771 4721 disser.
2808 4669 2859 4737 1,
2886 4685 3006 4739 cap.
3036 4670 3089 4735 9,
3121 4680 3221 4727 art.
3242 4671 3293 4735 2,
3324 4647 3421 4740 pag,
3451 4663 3538 4721 75Ὶὲ

346 4740 542 4797 deinde
590 4755 617 4794 a
672 4739 903 4795 Minucio
948 4750 1133 4795 nostro
1177 4741 1542 4797 Romanorum
1594 4745 1939 4816 sacriﬁcium,
2044 4753 2266 4824 Philip.,
2298 4757 2391 4813 lib.
2424 4759 2489 4815 de
2512 4762 2630 4815 vict.
2663 4760 2854 4829 ΟῙῙεν..
2880 4780 3005 4835 pag.
3029 4766 3135 4822 855
3162 4784 3175 4831 ;
3199 4739 3376 4827 Tacit.,
3399 4760 3536 4816 liluu

345 4846 453 4903 lluo
482 4831 728 4889 Gmum
786 4842 841 4888 ει
867 4829 1132 4899 Οτωοθιιὶ,
1170 4830 1376 4887 Gallam
1423 4844 1477 4888 et
1530 4833 1739 4890 Gallum
1795 4839 1944 4895 vivos
2042 4845 2234 4912 Annal,
2258 4852 2389 4905 circ.
2409 4851 2758 4920 med.;Plin.,
2788 4829 3008 4912 lib.‘xx'x
3028 4829 3214 4913 Natur.
3243 4847 3539 4919 Hist.,cap-ii

345 4927 401 4981 in
431 4927 548 4981 foro
575 4926 771 4981 Boario
822 4926 923 4979 sub
973 4936 1113 4979 terra
1156 4922 1515 4980 defodiebant.
1571 4928 1617 4983 A
1662 4928 1815 4985 Livio
1843 4947 1941 4987 au-
2047 4956 2167 5011 pag.
2196 4940 2333 5007 728;
2362 4943 2585 4999 Sueten.
2611 4944 2747 5000 Vita.
2776 4945 2986 5014 Claud.,
3020 4948 3049 5022 §
3079 4948 3179 5014 25;
3207 4946 3447 5017 Porphyr.,
3480 4937 3540 4993 lilt.

345 5029 456 5075 tem
488 5022 602 5075 haec
628 5019 696 5074 de
724 5017 815 5073 illo
840 5015 1131 5070 inhumano
1176 5029 1395 5085 prorsus
1446 5019 1707 5077 sacrificio
1751 5022 1943 5081 litteris

347 5111 597 5168 mandata
622 5109 964 5179 accepimus:
1005 5124 1024 5157 t
1062 5105 1141 5161 Ex
1194 5106 1441 5165 fatalibus
1489 5110 1639 5168 libris
1680 5116 1940 5172 sacriﬁcia

343 5206 548 5279 aliquot
599 5199 1027 5261 extraordinaria
1082 5198 1241 5264 facta,
1289 5202 1426 5258 inter
1475 5220 1594 5276 qua:
1647 5206 1831 5265 Gallus
1889 5219 1944 5266 et

344 5297 519 5364 Galla,
565 5294 788 5352 Graecus
843 5300 897 5346 et
943 5289 1126 5347 Graeca
1168 5292 1223 5347 in
1253 5292 1372 5349 foro
1413 5294 1605 5353 Boario
1646 5298 1749 5354 sub
1798 5310 1939 5356 terra

344 5388 450 5442 vivi
474 5384 695 5442 demissi
722 5390 866 5447 sunt,
898 5382 951 5437 in
978 5383 1151 5439 locum
1175 5400 1306 5441 saxo
1336 5398 1675 5460 conseptum,
1700 5392 1788 5447 ubi
1811 5405 1938 5451 ante

339 5478 532 5535 hostiis
562 5475 806 5532 humanis
850 5475 1080 5533 maxime
1130 5475 1371 5534 Romano
1419 5495 1575 5536 sacro
1615 5482 1874 5541 imbutum
1913 5506 1931 5539 ι

340 5568 560 5641 (Livius
583 5567 775 5623 Decad.
809 5584 883 5637 Ill,
915 5567 1006 5624 lib.
1036 5585 1093 5635 tt,
1128 5584 1249 5641 pag.
1303 5569 1465 5643 195).
1513 5572 1713 5630 Eadem
1757 5588 1940 5635 narrat

336 5659 675 5724 Plutarchus,
732 5659 918 5732 hisque
975 5670 1155 5716 tamen
1203 5660 1410 5717 addidit
1468 5679 1619 5720 sacra
1666 5667 1754 5722 illa
1794 5668 1935 5727 facta

334 5766 522 5835 mense
541 5752 836 5812 novembri.
870 5753 1077 5812 Plinius
1104 5768 1234 5814 vero
1269 5765 1455 5827 aperte
1494 5755 1734 5817 declarat
1776 5776 1836 5819 ea
1866 5762 1933 5820 ad

2044 5049 2121 5089 xu
2150 5035 2214 5089 de
2254 5036 2537 5092 Abstinent.
2570 5040 2807 5107 animal.,
2838 5057 2955 5112 pag.
3005 5041 3141 5108 225;
3173 5040 3349 5097 Euseb.
3381 5028 3540 5089 Οταιοάι

2041 5126 2212 5184 Laud.
2265 5130 2556 5200 Constant.,
2598 5148 2719 5205 pag.
2780 5135 2931 5203 646;
2987 5135 3150 5209 Cyril.
3201 5136 3360 5195 Alex,,
3400 5128 3468 5183 lib.
3501 5134 3537 5176 tt

2043 5231 2209 5276 contr.
2232 5220 2460 5292 Iuliam,
2508 5241 2629 5296 pag.
2662 5226 2802 5293 128;
2834 5228 3056 5285 Dissert.
3095 5230 3146 5285 in
3186 5210 3419 5287 Lactant,
3456 5229 3533 5285 0³1³·

2042 5311 2134 5381 54,
2165 5324 2267 5370 art.
2299 5317 2348 5383 l,
2379 5324 2435 5373 et
2457 5317 2510 5372 in
2531 5316 2755 5374 Tertull.
2782 5336 2903 5392 cap.
2932 5321 3025 5392 20,
3055 5330 3152 5378 art.
3179 5319 3214 5375 2
3238 5327 3287 5376 et
3307 5309 3463 5386 seqq-l-

3704 2536 3707 2617 Α

3704 2648 3707 2691 l

3702 2760 3707 2819 l
