3818 6282
240 405 327 460 497

771 523 964 566 Λιιτιου
971 522 1065 565 LUS
1094 525 1170 563 IV.

228 653 297 709 De
317 653 417 708 aliis
438 650 689 707 sceleribus
714 665 776 704 ea:
816 648 908 704 illo
934 648 1045 719 [ero
1075 650 1466 705 mactandorum
1496 651 1758 705 hominum

291 764 406 803 more
442 745 687 816 profectis,
721 745 965 798 nimirum
994 743 1232 800 Catilina:
1255 747 1479 800 humano
1508 748 1758 818 sanguine

298 840 617 912 coniuratione,
648 838 804 892 sacris
836 837 1065 893 Bellonae
1093 838 1356 893 hominum
1378 855 1561 894 cruore
1594 839 1758 892 intbu-
1855 905 1859 910 ε

299 935 352 989 tis
371 932 540 1004 quesita
564 929 703 983 illius
747 928 935 982 haustu
980 931 1155 984 morbo
1192 930 1455 985 comitiali
1482 930 1752 996 medicina,

298 1045 346 1082 ac
368 1026 513 1081 bellari:
547 1038 604 1078 eo
650 1023 898 1094 sagittatis
943 1022 1006 1076 ab
1052 1023 1339 1079 hominibus
1389 1025 1443 1078 in
1482 1040 1638 1079 arena
1666 1026 1753 1081 de-

298 1123 455 1175 roratis.

279 1252 541 1321 Suspicatur
566 1250 825 1306 Minucius
852 1266 921 1308 ex
960 1251 1219 1310 hactenus
1259 1254 1530 1324 explicato
1582 1254 1754 1310 homi-

220 1359 318 1399 num
360 1340 532 1397 ﬁctitiis
576 1341 680 1397 diis
725 1343 1198 1401 sacrificandorum
1251 1363 1422 1414 more,
1479 1357 1750 1419 tamquam

212 1438 552 1510 cormptissinio
578 1437 747 1504 fonte,
780 1441 1126 1497 scaturivisse
1173 1441 1441 1497 horrenda
1484 1444 1581 1498 tria
1621 1444 1748 1499 laci-

209 1529 662 1587 norazsceleratam
696 1530 945 1588 videlicet
991 1533 1231 1588 Catilinae
1273 1533 1477 1592 foedere
1527 1535 1743 1591 humani

207 1625 426 1695 sanguinis
446 1625 871 1694 coniurationem
899 1641 913 1690 ;
956 1641 1107 1682 sacra
1135 1628 1373 1684 Bellona:
1403 1630 1598 1685 haustu
1642 1630 1747 1685 huc

211 1721 315 1775 ataui
334 1718 519 1801 cruoris
550 1718 762 1773 imbuta
789 1737 805 1785 ;
836 1721 1136 1791 eodemque
1177 1720 1452 1777 hominum
1484 1725 1747 1795 sanguine

218 1810 422 1881 quautam
453 1809 714 1865 comitiali
767 1811 958 1867 morbo
1009 1812 1351 1869 medicinam.
1412 1814 1572 1869 Visne
1624 1832 1744 1870 eum

222 1903 441 1973 loquentem
474 1900 714 1957 audire?
746 1921 765 1954 ι
795 1902 973 1973 Ipsum
997 1944 1012 1968 ,
1066 1904 1262 1974 inquit,
1295 1905 1459 1961 credo
1497 1906 1746 1963 docuisse
1774 1912 1824 1972 B

215 1994 416 2065 sanguinis
442 1993 649 2050 findere
698 1994 987 2064 conjurare
1031 1995 1316 2051 Catilinam
1363 2008 1417 2053 et
1463 1998 1741 2053 Bellonam

203 2100 357 2140 sacrum
379 2100 525 2141 suum
575 2086 778 2141 haustu
810 2086 1027 2141 humani
1056 2090 1260 2143 erroris
1291 2091 1531 2145 imbuere
1561 2106 1614 2145 ct
1636 2093 1740 2148 Co-

196 2179 400 2233 mitialem
427 2181 676 2237 morbum
732 2183 977 2240 homines
1026 2187 1306 2255 sanguine,
1342 2186 1395 2241 id
1432 2198 1515 2242 est
1554 2188 1744 2243 morbo

189 2269 388 2339 graviore
405 2288 607 2328 sanare.
626 2295 649 2326 ι
679 2273 802 2330 Jam
831 2292 958 2331 vero
980 2277 1174 2332 audisti
1196 2278 1353 2332 citata
1385 2294 1414 2333 a
1439 2279 1594 2334 nobis
1612 2280 1743 2336 Ter-

187 2364 355 2418 tulliani
376 2365 548 2433 verba,
568 2367 774 2437 quibus
796 2369 984 2424 eadem
1000 2378 1156 2425 antea
1183 2371 1399 2442 scriptis
1423 2371 1737 2427 tradiderat.

235 2456 330 2514 Non
353 2459 529 2516 eodem
568 2471 757 2518 tamen
798 2478 986 2521 omnes
1020 2466 1180 2521 modo
1226 2477 1446 2522 narrant
1488 2467 1682 2524 factam
1710 2484 1738 2523 a

184 2548 368 2607 Catilina
405 2554 859 2625 conjurationem.
910 2558 983 2613 De
1013 2558 1101 2613 illa
1123 2559 1402 2615 enimvero
1451 2559 1740 2618 Sallustius

181 2645 272 2701 haec
296 2649 508 2717 posteris
536 2647 867 2704 mandavit:
905 2668 925 2703 ι
958 2650 1137 2707 Fuere
1167 2666 1230 2708 ea
1270 2661 1608 2723 tempestate,
1648 2655 1741 2724 qui

177 2735 373 2793 dicerent
400 2738 690 2795 Catilinam
710 2742 954 2796 oratione
975 2742 1177 2811 habita,
1215 2758 1337 2800 cum
1369 2743 1437 2799 ad
1465 2744 1740 2816 jusjuran-

175 2825 274 2883 dum
300 2830 568 2900 populares
596 2832 829 2888 sceleris
862 2835 944 2890 sui
971 2836 1231 2908 adigeret,
1276 2837 1496 2892 humani
1533 2838 1739 2895 cruoris

171 2921 438 2990 sanguinem
467 2923 591 2978 vino
617 2925 955 2994 permixtum
992 2926 1045 2981 in
1095 2939 1274 2998 patera
1316 2930 1735 2986 circumtulisse.

172 3010 273 3068 inde
298 3030 408 3070 cum
440 3026 554 3086 post
574 3018 985 3073 execrationem
1022 3035 1212 3076 omnes
1245 3021 1638 3093 degustassent,
1664 3022 1737 3078 si-

174 3106 308 3160 cutiu
332 3108 661 3166 solemnibus
691 3111 859 3165 sacris
899 3111 1011 3166 ﬁeri
1040 3114 1341 3180 consuevit,
1373 3114 1568 3169 dicitur
1608 3131 1736 3184 ape-

172 3199 311 3254 ruisse
332 3200 605 3256 consilium
637 3217 802 3257 suum
843 3221 861 3256 ι
884 3202 903 3273 (
925 3203 1145 3258 Sallust.
1173 3205 1237 3259 de
1259 3204 1474 3277 Conjur.
1518 3206 1730 3263 Catilin.

1554 394 2019 453 DISSERTATIO.

1785 518 1832 573 Α
1861 517 2040 565 autem
2069 509 2136 565 de
2160 510 2458 566 Commodo
2486 512 2814 584 Imperatore
2844 532 2856 567 :
2897 534 2915 566 ι
2946 513 3197 579 Bellonae,
3226 532 3244 567 ι
3268 513 3458 584 inquit,

1772 626 1778 635 ι
1869 620 1888 653 ι
1923 604 2221 658 servientes
2247 618 2374 658 vere
2398 619 2651 661 exsecare
2681 607 2957 662 brachium
2998 606 3254 677 praecepit
3283 606 3465 662 studio

3354 398 3459 455 498

1859 694 2188 749 crudelitatis
2215 714 2234 747 ι
2267 695 2579 766 (Lamprid.
2618 700 2673 752 in
2705 698 2992 765 Commod.,
3024 713 3139 768 pag.
3171 698 3285 771 49),
3317 698 3465 766 Qua-

1863 793 2081 855 propter
2105 785 2351 843 Lucanus
2369 789 2595 844 canebat
2625 807 2637 842 :

2300 940 2311 951 .
2353 940 2363 950 .
2402 937 2413 951 .
2456 941 2467 951 .
2503 901 2635 961 Quos
2652 903 2805 953 sectis
2825 900 3033 953 Bellona
3053 901 3255 952 lacertis

1986 960 2133 1011 Sacra
2157 970 2343 1014 movet.

2380 1045 2607 1109 (Lucam,
2631 1046 2664 1095 ι.
2689 1063 2706 1096 ι
2724 1044 2980 1122 ΡΙιανεαι..
2999 1050 3111 1111 post
3129 1045 3288 1107 med.)

1857 1176 2090 1232 Rursum
2114 1191 2241 1232 vero
2270 1176 2377 1232 alio
2396 1177 2448 1232 in
2473 1177 2613 1233 libro
2643 1195 2655 1231 :

2301 1357 2311 1366 .
2455 1352 2467 1364 .
2506 1355 2517 1365 .
2557 1319 2877 1379 Quacumque
2908 1322 3116 1379 vagatur

1949 1378 2289 1443 Sanguineum
2313 1377 2467 1429 veluti
2492 1381 2722 1442 quatiens
2743 1377 2950 1428 Bellona
2974 1378 3244 1441 ﬂagellum.

2607 1463 2786 1529 (Idem,
2815 1464 2850 1515 l.
2878 1478 2959 1525 vn,
2995 1471 3107 1527 post
3131 1460 3305 1526 medi.)

1860 1590 2066 1647 Videsis
2088 1591 2139 1645 in
2167 1592 2283 1646 hrec
2313 1593 2508 1647 Lucani
2527 1592 2765 1648 carmina
2798 1591 3111 1654 Montfortii,
3142 1598 3197 1646 et
3221 1590 3272 1644 in
3304 1588 3464 1644 Lam-

1852 1681 2083 1752 pridium
2111 1681 2416 1737 Casauboni
2457 1682 2883 1749 observationes,
2915 1697 2977 1738 ac
3008 1681 3209 1739 Caecilii
3231 1679 3463 1746 scholia,

1854 1775 1908 1830 in
1940 1776 2030 1831 illa
2059 1776 2339 1832 iuvenalis
2383 1777 2620 1832 carmina
2655 1794 2668 1829 :

2540 1952 2550 1962 .
2590 1948 2603 1960 .
2645 1949 2657 1961 .
2697 1950 2708 1961 .
2744 1912 2877 1962 Ecce
2902 1912 3121 1962 furentis

1974 1973 2216 2035 Bellonae,
2243 1974 2512 2037 Matrisque
2529 1975 2679 2024 deum
2704 1976 2884 2024 chorus
2908 1976 3077 2025 intrat.

2345 2060 2613 2122 (Juvenal.,
2654 2063 2825 2125 Satyr.
2852 2075 2920 2120 vr,
2943 2061 3073 2111 circa
3094 2060 3253 2119 med.)

1845 2181 2284 2258 Animadvertisti
2312 2202 2444 2242 sane
2464 2203 2491 2240 a
2510 2186 2827 2257 quibusdam
2844 2187 3094 2242 traditum
3123 2188 3175 2241 in
3197 2188 3279 2243 bis
3311 2205 3429 2261 mys

1845 2278 1996 2332 teriis
2025 2287 2202 2332 sectos
2224 2279 2496 2345 humeros,
2526 2278 2593 2333 ab
2626 2279 2746 2333 aliis
2781 2279 3033 2345 lacertus,
3076 2280 3144 2333 ab
3174 2280 3291 2335 aliis
3321 2281 3467 2337 bra-‘

1842 2370 2042 2427 cltium.
2068 2372 2172 2427 Eas
2186 2380 2359 2427 autem
2377 2387 2564 2427 omnes
2581 2374 2825 2443 corporis
2846 2382 3028 2444 partes
3052 2373 3255 2429 Seneca
3278 2374 3453 2431 semel

1841 2465 2107 2535 simulque
2137 2464 2220 2519 his
2245 2475 2508 2520 memorat
2558 2466 2736 2520 verbis
2766 2485 2779 2520 :
2817 2485 2835 2518 ι
2872 2465 3007 2521 Cum
3022 2466 3215 2537 aliquis
3229 2467 3452 2524 secandi

1841 2559 2073 2614 lacertos
2096 2557 2444 2623 suosartifex,
2469 2557 2686 2613 brachia
2708 2567 2867 2627 atque
2891 2557 3145 2613 humeros
3175 2572 3448 2625 suspensa

1840 2665 2001 2705 manu
2030 2659 2278 2705 cruentat
2310 2668 2332 2703 ι
2364 2649 2577 2722 (Senec.
2608 2650 2697 2704 lib.
2728 2651 2792 2704 de
2825 2649 2963 2705 Vita.
2994 2651 3151 2716 beat,
3181 2667 3301 2722 cap.
3324 2651 3444 2721 27).

1842 2740 1912 2795 At
1932 2756 2054 2796 eum
2082 2740 2153 2795 ibi
2180 2741 2245 2794 ad
2267 2740 2504 2795 Bellona:
2528 2755 2680 2796 sacra
2696 2741 2936 2797 alludere
2957 2742 3076 2812 quis
3102 2757 3207 2797 non
3220 2742 3399 2797 videat
3421 2743 3446 2795 ?

1913 2833 2020 2888 Cur
2039 2847 2168 2901 ergo
2198 2830 2576 2897 Tertullianus,
2607 2832 2809 2902 inquiet
2838 2833 3052 2903 aliquis,
3082 2834 3249 2888 solius
3270 2833 3448 2889 femo-

1840 2924 1917 2979 ris
1962 2924 2214 2993 proscissi
2268 2925 2596 2979 mentionem
2627 2923 2799 2979 fecit?
2833 2942 2852 2975 ‹
2890 2924 3061 2979 Hodie
3122 2925 3262 2981 istic.
3296 2943 3316 2976 ›
3351 2926 3449 2988 ait.

1846 3035 1866 3068 ‹
1904 3017 2137 3071 Bellonae
2158 3027 2396 3071 sacratos
2432 3014 2583 3088 (mss.
2614 3015 2878 3088 sacratus)
2904 3016 3122 3087 sanguis
3151 3017 3218 3072 de
3246 3016 3450 3073 femore

1837 3108 2109 3177 proscisso
2161 3107 2212 3161 in
2256 3106 2544 3175 palmulam
2573 3114 2852 3176 exceptus,
2878 3106 2993 3161 esui
3035 3106 3189 3161 datus
3219 3108 3395 3177 signat
3422 3125 3443 3158 ι

1838 3197 2086 3264 (Tertull.
2130 3196 2376 3269 Apolog.,
2405 3213 2524 3268 cap.
2559 3197 2615 3262 9,
2649 3212 2770 3268 pag.
2802 3198 2939 3267 10).
2993 3198 3186 3266 Quidni
3235 3198 3311 3253 illi
3352 3213 3447 3254 so-

171 3302 263 3358 cap.
285 3292 354 3361 8).
396 3291 586 3349 Narrat
614 3293 803 3365 itaque
844 3294 982 3351 hanc
1028 3310 1134 3351 non
1161 3298 1422 3364 omnium,
1462 3298 1557 3353 sed
1600 3313 1736 3369 quo-
1761 3301 1805 3366 ο
1838 3289 1947 3345 lum
1988 3289 2181 3355 femur,
2220 3290 2671 3362 quemadmodum
2709 3289 2828 3344 aliis
2857 3291 3003 3345 solos
3049 3290 3305 3346 humeros
3358 3292 3449 3347 vel

171 3381 371 3438 rumdam
422 3387 708 3442 dumtaxat
746 3386 912 3444 fuisse
948 3390 1283 3458 opinionem,
1340 3390 1408 3445 de
1459 3405 1563 3462 qua
1603 3391 1734 3447 nihil

171 3476 265 3546 ipse
287 3488 423 3534 certo
466 3481 806 3550 pronuntiat.
861 3481 1056 3537 Floms
1085 3498 1215 3539 vero
1254 3498 1366 3538 rem
1413 3485 1483 3538 ita
1527 3498 1586 3539 se
1636 3484 1734 3539 ha-

172 3565 320 3624 buisse
365 3570 498 3627 haud
537 3573 856 3629 dubitanter
889 3573 1174 3630 afﬁrmavit
1213 3574 1429 3649 (Florus
1456 3576 1551 3632 lib.
1583 3592 1634 3630 tv
1673 3578 1738 3631 de

169 3663 300 3722 Gestit
321 3668 481 3736 Rom.,
506 3686 628 3740 cap.
660 3672 740 3742 1).

226 3759 283 3812 At
308 3760 396 3815 Dio
412 3760 633 3819 Cassius
666 3763 800 3818 illud
845 3764 1001 3820 aliter
1040 3765 1234 3821 factum
1283 3782 1403 3822 esse
1432 3767 1513 3822 his
1544 3769 1735 3825 testiﬁ-

169 3858 291 3904 catur
311 3854 477 3909 verbis
504 3874 518 3912 :
544 3856 616 3917 οἷς
645 3861 878 3925 ἀθεμίτων
904 3863 1205 3927 ὁρκωμοσίων
1225 3861 1430 3930 ἀνάγκην
1444 3877 1728 3932 πρασῆγαγε,

169 3949 293 3997 πῖδα
309 3955 394 4020 γᾶρ
408 3974 514 4006 τινα
541 3956 839 4016 καταδύς-ας,
864 3955 950 4005 καὶ
975 3955 1053 4007 ἐπὶ
1074 3969 1162 4009 τῶν
1190 3958 1469 4023 σπλάγχνων
1488 3961 1638 4011 αὐτοῦ
1672 3962 1736 4011 τὰ

170 4042 281 4105 ὁρκια
302 4059 509 4109 ποιήσας,
541 4051 717 4099 ἔπειτα
746 4050 1111 4114 ἐσπλᾶργχνευσεν
1139 4050 1263 4100 etin-it
1289 4053 1412 4113 μετὰ
1436 4064 1525 4103 τῶν
1555 4052 1728 4103 ἄλλων.

180 4144 194 4174 ι
220 4126 315 4184 llos
339 4141 390 4185 ut
414 4149 471 4189 se
497 4133 1107 4203 nefandojurejurando
1144 4134 1567 4207 adstringerent,
1601 4140 1732 4194 ade«

176 4218 461 4284 git.Puerum
516 4226 668 4283 enim
707 4224 993 4295 quemdam
1024 4225 1291 4289 mactavit,
1322 4227 1737 4299 jurameutoque

180 4305 287 4387 inito
307 4326 445 4382 super
465 4318 584 4386 ejus
613 4316 946 4383 visceribus,
973 4332 1036 4372 ea
1079 4319 1274 4374 deinde
1309 4320 1425 4390 ipse
1464 4335 1584 4375 cum
1616 4321 1735 4377 aliis

193 4404 406 4460 comedit:
440 4410 558 4481 (Dio
580 4412 764 4477 Cass,
798 4411 889 4466 lib.
923 4428 1104 4467 xxxvtt
1143 4412 1275 4468 Hist.
1298 4415 1474 4481 Rom.,
1514 4431 1632 4487 pag.
1664 4418 1735 4473 48

194 4499 414 4567 ειεοαιι.)
437 4503 756 4560 Plutarchus
799 4515 976 4560 autem
1024 4508 1240 4562 tradidit
1274 4523 1368 4565 eos
1396 4504 1612 4564 mactati
1640 4511 1736 4565 ho-

189 4584 317 4641 minis
349 4604 566 4660 gu~lasse
616 4612 812 4654 carnes
861 4598 1158 4671 (Plutarch.
1184 4601 1239 4654 in
1270 4599 1373 4655 Vit.
1430 4601 1560 4667 Cic.,
1610 4608 1740 4673 pag.’

1841 3384 2073 3439 lacertos
2105 3399 2405 3440 memorare
2439 3384 2517 3439 fas
2569 3384 2705 3440 fuit?
2753 3382 2869 3438 Non
2916 3385 3058 3440 enim
3102 3384 3211 3451 ille,
3265 3400 3441 3456 neque

1838 3474 1930 3529 alii
1963 3475 2200 3529 membra
2230 3475 2431 3540 omnia,
2461 3489 2582 3544 quae
2615 3475 2666 3528 in
2701 3474 2935 3530 Bellonae
2972 3475 3140 3530 sacris
3186 3476 3445 3531 secaban-

1839 3573 1947 3629 tur,
1996 3564 2382 3620 dinumeranda
2428 3579 2550 3620 esse
2600 3563 2848 3620 arbitrati
2898 3575 3041 3620 sunt.
3097 3564 3206 3621 Sed
3248 3566 3315 3621 de
3362 3565 3445 3621 his

1838 3657 2112 3729 mysteriis
2135 3666 2189 3711 et
2214 3657 2310 3711 illo
2340 3656 2656 3712 Tertulliani
2686 3657 2808 3711 loco
2846 3655 2984 3712 infra
3024 3656 3201 3712 adhuc
3242 3655 3442 3727 aliquid

1836 3750 2121 3808 dicendum
2153 3749 2342 3823 (Infra,
2372 3764 2492 3820 cap.
2525 3750 2617 3815 20,
2647 3758 2751 3805 art.
2784 3750 2861 3823 5).

1854 3884 1857 3888 -
1908 3843 1980 3899 At
2006 3843 2263 3900 observes
2296 3842 2456 3897 velim
2490 3842 2776 3898 Minucium
2808 3849 3049 3897 nostrum
3092 3855 3198 3896 non
3241 3841 3442 3897 dixisse

1835 3938 2050 4009 quidem
2094 3937 2145 3991 in
2175 3936 2258 3990 his
2280 3936 2449 3991 sacris
2475 3936 2707 3992 elicitum
2741 3951 2805 3990 ex
2846 3943 3140 4006 mystarum
3181 3934 3439 3990 membris

1836 4030 2172 4100 sanguinem,
2216 4027 2311 4084 sed
2351 4027 2467 4082 haec
2518 4042 2667 4083 sacra
2707 4026 2900 4081 haustu
2955 4024 3173 4080 humani
3229 4026 3438 4081 cruoris

1838 4119 2060 4174 imbuta.
2094 4118 2439 4175 Atsanehoc
2467 4118 2760 4174 secundum
2793 4118 2862 4171 ab
2900 4117 2993 4173 illo
3031 4121 3309 4172 dumtaxat
3336 4116 3451 4175 des

1836 4219 2073 4276 notatur,
2105 4210 2227 4272 quia
2257 4209 2469 4277 gravius
2494 4217 2628 4273 erat,
2665 4222 2764 4261 nec
2790 4216 2979 4277 mystae
3008 4206 3321 4276 sanguinem
3345 4206 3440 4262 hu-

1836 4315 2052 4353 manum
2086 4299 2357 4359 bibebant,
2388 4296 2491 4350 nisi
2518 4297 2665 4366 prius
2685 4312 2750 4349 ex
2780 4309 2968 4349 eorum
2992 4296 3248 4351 membris
3274 4296 3442 4352 educ-

1837 4400 1921 4444 tus
1951 4389 2159 4444 fuisset.
2182 4383 2568 4443 'l‘ertullianum
2599 4401 2727 4440 vero
2767 4400 2889 4439 mox
2927 4384 3144 4451 audisti,
3182 4385 3273 4455 qui
3309 4400 3439 4442 san-

1835 4481 2012 4551 guinis
2035 4489 2157 4535 tunc
2173 4486 2226 4534 et
2238 4477 2404 4533 eliciti
2417 4477 2621 4547 etepoti
2641 4477 2965 4532 mentionem
2994 4476 3185 4532 fecisse
3199 4477 3432 4532 videtur.

1837 4572 1943 4629 Sed
1992 4572 2059 4628 de
2114 4572 2203 4627 illo
2230 4579 2415 4643 postea
2445 4585 2666 4641 agemus
2694 4570 2945 4643 (Dissert.
2999 4571 3051 4626 in
3095 4569 3436 4639 Tcrtullian.,

180 4673 300 4747 866).
326 4682 385 4739 At
424 4689 648 4745 minoris
684 4666 905 4746 forsitan
935 4691 1189 4761 ponderis
1240 4693 1556 4762 quibusdam
1594 4666 1733 4749 haud

1889 4683 1958 4739 ip.
1978 4666 2070 4736 ‘20,
2100 4674 2205 4721 art.
2237 4666 2317 4735 4).

175 4766 305 4828 dubie
327 4776 576 4837 videbitur
607 4784 799 4837 horum
832 4778 1240 4852 posteriorum,
1289 4792 1472 4855 utpote
1512 4785 1730 4842 Graeco-

175 4874 287 4930 rum,
309 4882 451 4936 quam
485 4873 728 4939 priorum
754 4877 1063 4931 auctoritas.
1092 4875 1211 4931 Non
1254 4877 1521 4933 immerito
1576 4878 1734 4947 igitur

164 4948 263 5017 iure
295 4956 371 5014 his
421 4962 599 5020 latinis
650 4965 1005 5036 scriptoribus
1039 4976 1225 5022 auctor
1290 4979 1473 5024 noster
1521 4969 1732 5025 Tertul-

169 5040 413 5119 liauusque
453 5053 814 5126 suffragantur
866 5056 1142 5130 (Tertull.,
1189 5059 1430 5132 Apolog.,
1495 5076 1614 5132 cap.
1660 5063 1730 5130 9,

169 5148 266 5208 me.
314 5143 430 5216 to).
1169 5162 1173 5167 -

229 5230 291 5286 De
320 5234 549 5295 Bellonae
583 5251 758 5300 autem
790 5243 979 5312 sacris,
1010 5259 1074 5300 ac
1107 5246 1278 5312 festis,
1311 5245 1363 5301 in
1390 5246 1535 5301 illius
1554 5246 1728 5303 hono-

170 5333 266 5411 rem
292 5327 543 5387 celebrari
571 5336 762 5404 solitis,
800 5335 917 5391 hare
952 5347 1077 5392 sunt
1106 5337 1369 5394 Lactantii
1396 5339 1584 5406 verba,
1615 5341 1727 5411 qni-

172 5408 255 5465 bus
273 5421 721 5489 sanguinolentum
749 5416 1033 5483 hominum
1070 5429 1393 5484 sacriﬁcium
1432 5408 1684 5485 describit
1715 5449 1727 5486 :

181 5517 197 5549 ι
226 5500 365 5562 Sacra
382 5512 481 5567 alia
512 5517 741 5584 virtutis,
771 5534 928 5588 quam
955 5521 1198 5576 eamdem
1227 5522 1500 5576 Bellonam
1519 5532 1731 5591 vocant,

179 5592 223 5645 in
249 5601 416 5666 quibus
436 5606 535 5674 ipsi
563 5611 866 5666 sacerdotes
892 5629 997 5667 non
1027 5615 1225 5676 alieno,
1259 5615 1353 5671 sed
1399 5630 1500 5671 suo
1547 5629 1739 5672 cruore

169 5690 462 5750 sacriﬁcant.
517 5696 687 5757 Sectis
719 5718 950 5776 namque
977 5705 1230 5769 humeris.
1251 5714 1307 5761 et
1330 5716 1553 5771 utraque
1581 5723 1742 5763 manu

167 5779 350 5845 gladios
388 5802 721 5860 exserentes,
762 5807 1008 5865 currunt,
1050 5796 1370 5866 elleruntur,
1415 5801 1685 5856 insaniunt
1718 5820 1737 5854 ι
1784 5803 1800 5815 ’

169 5866 462 5947 (luctuum
507 5884 596 5944 lib.
645 5903 685 5953 ι,
731 5902 850 5962 cap.
889 5891 982 5959 2t,
1022 5907 1145 5964 pag.
1196 5890 1375 5963 116),
1406 5894 1746 5965 Lampridius

1910 4784 2130 4838 Demum
2158 4789 2346 4837 auctor
2370 4790 2553 4838 noster
2604 4796 2700 4838 cos
2728 4780 2849 4851 jure
2876 4778 3119 4849 corripit,
3151 4778 3241 4849 qui
3271 4776 3442 4832 comi-

1837 4876 1954 4933 tiali
1982 4876 2171 4930 morbo
2203 4876 2529 4943 laborantes,
2557 4875 2933 4946 gladiatorum,
2979 4858 3030 4926 in
3062 4885 3223 4925 arena
3249 4870 3442 4925 vulne-

1835 4980 2094 5037 ratorum,
2124 4969 2461 5038 sanguinem,
2503 4983 2609 5029 quo
2637 4967 2817 5023 sanari
2861 4980 3021 5035 posse
3058 4963 3437 5034 opinabantur,

1835 5065 1990 5121 avide
2013 5065 2280 5121 bibebant.
2308 5063 2440 5118 Nam
2476 5062 2675 5117 Plinius
2720 5063 2869 5130 ipse,
2898 5059 3108 5114 tametsi
3162 5058 3433 5121 ethnicus,

1831 5151 1887 5212 in
1933 5157 2056 5212 illos
2083 5171 2189 5211 non
2221 5157 2397 5210 minus
2443 5156 2642 5209 acriter
2696 5152 3008 5207 invehitur:
3063 5171 3082 5204 ι
3113 5151 3444 5220 Sanguinem

1832 5246 2242 5315 gladiatorum,»
2278 5245 2471 5314 inquit,
2502 5262 2522 5295 ι
2546 5242 2753 5308 bibunt,
2802 5252 2859 5298 ut
2909 5242 3212 5297 viventibus
3239 5239 3446 5310 poculis

1832 5340 2129 5394 comitiales
2159 5338 2353 5399 morbi.
2384 5337 2523 5407 quod
2571 5344 2816 5406 spectare
2864 5336 3120 5392 facientes
3156 5337 3209 5389 in
3252 5336 3444 5390 eadem

1832 5446 1993 5487 arena
2025 5430 2167 5485 feras
2219 5436 2443 5500 quoque
2484 5428 2676 5482 horror
2705 5435 2807 5482 est.
2855 5428 2922 5482 At
2960 5426 3188 5481 Hercule
3237 5424 3312 5479 illi
3371 5440 3442 5480 ex

1839 5523 2053 5578 homine
2084 5523 2202 5591 ipso
2228 5523 2450 5577 sorbere
2508 5519 2942 5574 efﬁcacissimum
2981 5526 3169 5588 putant
3212 5515 3450 5570 calidum

1840 5616 2263 5686 spirantemque,
2292 5625 2344 5669 et
2381 5630 2482 5669 una
2515 5614 2685 5684 imam
2717 5613 2953 5667 animam
2992 5626 3058 5666 ex
3101 5610 3291 5664 Osculo
3331 5608 3452 5663 vul-

1843 5722 2055 5769 nerum,
2088 5721 2208 5760 cum
2241 5707 2407 5778 plagis
2435 5723 2502 5762 ne
2530 5706 2761 5760 ferarum
2788 5703 3004 5776 quidem
3051 5701 3325 5756 admoveri
3357 5714 3455 5755 ora

1847 5806 1926 5858 ias
1970 5806 2037 5860 sit
2094 5804 2395 5859 humana...
2427 5805 2589 5874 Quasi
2634 5819 2764 5860 vero
2803 5801 3007 5858 sanitas
3041 5798 3210 5854 videri
3263 5796 3460 5868 possit,

1852 5895 2020 5953 feram
2040 5912 2103 5952 ex
2138 5896 2353 5951 homine
2376 5896 2512 5961 ﬁeri,
2546 5899 2842 5966 morboque
2866 5894 3083 5965 dignum
3111 5894 3165 5949 in
3195 5890 3310 5962 ipsa
3353 5902 3479 5947 me~
