3774 6270
281 389 393 447 490

1574 375 1661 429 DE
1699 368 1955 435 MINUCH
1996 368 2297 427 OCTAVIO
3104 361 3113 380 ⁷
3436 369 3524 425 500

285 504 488 570 dicina,
522 503 732 574 egregia
780 497 999 552 hercule
1050 493 1413 556 frustratione,
1462 491 1505 545 si
1554 504 1659 545 non
1689 488 1877 559 prosit.
1908 487 2116 555 AQttis
2169 495 2344 541 autem
2416 484 2717 543 inconsulto
2752 483 2924 545 altero
2979 483 3311 539 emendatiori
3355 485 3520 551 codice,

287 596 508 667 Adspici
553 596 781 649 humana
828 598 948 644 exta
995 587 1145 642 nefas
1194 585 1438 650 habetur,
1481 584 1607 655 quid
1663 580 1885 637 mandi?

288 690 422 760 Quis
450 690 549 744 ista
573 686 771 741 invenit
798 682 1046 738 ostenta?
1072 680 1271 736 Tecum
1290 680 1431 733 enim
1464 692 1551 733 res
1579 677 1704 741 erit,
1733 690 1888 731 ever-

292 797 384 837 sor
411 780 546 850 juris
574 777 788 831 humani
814 785 1286 842 monstrorumque
1316 770 1528 835 artifex,
1559 768 1652 840 qui
1687 769 1889 839 primus

289 890 355 931 ea
386 872 694 938 condidisti,
721 870 905 933 credo.
950 883 1018 922 ne
1051 867 1153 921 vita
1200 867 1271 920 ttti
1300 865 1728 919 oblivisceretur.
1759 860 1889 927 Quis

291 966 496 1021 invenit
525 963 733 1034 singula
762 962 1000 1017 membra
1030 959 1259 1013 humana
1300 955 1594 1010 mandere?
1619 955 1734 1022 Qua
1761 966 1891 1007 con-

288 1060 499 1131 jectura
528 1054 824 1110 inductus?
867 1057 1036 1121 Quam
1083 1058 1255 1120 potest
1300 1049 1561 1103 medicina
1595 1048 1695 1101 ista
1734 1046 1894 1115 origi-

290 1169 418 1209 nem
463 1152 752 1207 habuisse?
785 1150 916 1217 Quis
965 1147 1217 1202 veneficia
1273 1146 1641 1200 innocentiora
1694 1140 1894 1208 effecit,

290 1262 453 1318 quam
482 1244 761 1301 remedia?
813 1243 943 1296 Esto
974 1240 1187 1294 barbari
1233 1238 1545 1307 externique
1584 1236 1718 1289 ritus
1750 1236 1897 1289 inve-

290 1340 493 1404 nerint,
516 1340 751 1391 etiamne
775 1333 949 1390 Graeci
982 1347 1106 1388 suas
1140 1330 1315 1387 fecere
1344 1329 1442 1385 has
1475 1328 1683 1383 artes?»
1709 1326 1894 1398 (Plin.,

295 1433 395 1487 lib.
441 1448 606 1486 xxvut
640 1429 779 1483 Hist.
809 1427 1026 1494 Natur.,
1053 1442 1172 1497 cap.
1208 1429 1256 1489 i,
1312 1438 1432 1494 pag.
1482 1422 1576 1478 54.
1608 1419 1627 1490 )
1685 1417 1897 1473 Celsum

294 1535 557 1598 praeterea
588 1525 737 1580 adire
757 1523 980 1593 poteris,
1013 1537 1074 1576 ac
1099 1521 1208 1590 jam
1236 1519 1455 1572 citatum
1502 1531 1529 1568 a
1561 1514 1715 1569 nobis
1765 1513 1900 1568 Ter-

294 1621 600 1679 tttllianum,
644 1629 696 1676 et
742 1618 875 1672 alios
915 1614 1080 1689 (Cels.
1112 1614 1204 1669 lib.
1248 1629 1325 1676 tu,
1355 1627 1475 1680 cap.
1504 1608 1593 1673 ‘25,
1624 1608 1685 1662 de
1730 1608 1897 1663 comit.

298 1711 499 1778 Morb.;
521 1711 840 1767 Tertullian.
864 1711 1158 1780 Apologet.,
1185 1720 1302 1775 cap.
1330 1704 1366 1759 9
1416 1718 1534 1775 pag.
1562 1700 1673 1772 10).

376 1805 615 1873 Denique
679 1801 823 1857 feras
891 1815 1102 1865 emere,
1154 1796 1473 1861 visceribus,
1543 1791 1907 1861 membrisque

299 1896 573 1965 saginatas
604 1894 902 1957 hominum,
935 1891 1002 1945 ab
1028 1889 1336 1944 hominibus
1367 1886 1504 1950 aliis,
1531 1886 1583 1939 in
1616 1885 1762 1938 circo
1785 1897 1904 1936 cum
1935 1886 1984 1947 B

299 1987 380 2041 eis
457 1985 855 2047 dimicantibus,
909 1981 1074 2036 fuisse
1125 1981 1409 2035 devoratas
1469 1976 1678 2032 discere
1739 1975 1911 2044 quivis

304 2078 461 2134 facile
491 2080 689 2147 poterit
714 2092 779 2131 ex
812 2074 1063 2143 Apuleio,
1091 2073 1311 2142 jamque
1346 2071 1509 2126 citato
1554 2068 1908 2134 Tertulliano,

305 2168 759 2240 quemadmodum
791 2169 842 2222 in
888 2166 1135 2237 sequenti
1165 2165 1235 2220 de
1281 2164 1399 2233 ejus
1447 2161 1601 2217 libris
1651 2162 1912 2217 dissertav

302 2262 455 2318 tione
501 2261 848 2317 ostendemus
903 2258 1138 2332 (Apulei.
1169 2257 1261 2312 lib.
1312 2273 1362 2312 tv
1416 2255 1759 2320 Metamorplt.
1789 2261 1915 2310 ante

306 2353 480 2418 med.,
520 2369 640 2423 pag.
693 2353 795 2417 58,
824 2361 880 2408 et
917 2366 1095 2422 seqq.;
1147 2351 1430 2406 Dissertat.
1473 2348 1525 2404 in
1571 2346 1912 2413 Tcrtullian.,

306 2461 430 2519 cap.
460 2447 553 2514 20,
581 2456 685 2503 art.
713 2447 747 2503 4
769 2454 823 2501 et
851 2444 932 2516 ὅ).

948 2591 1174 2658 CAPUT
1226 2599 1295 2655 Χ.

320 2780 389 2821 DE
418 2779 613 2821 TERTIO
639 2780 877 2834 CBIHINE,
908 2778 1144 2820 SClLlCET
1174 2777 1354 2818 INFAMI
1398 2774 1527 2817 POST
1571 2775 1772 2818 EPULAS
1791 2776 1921 2817 STU-

385 2875 507 2929 PRO,
541 2876 863 2930 ADULTERIO,
903 2877 969 2915 ET
1020 2872 1267 2924 INCESTU,
1298 2871 1453 2913 CUIUS
1481 2872 1778 2912 CHRISTIANI
1832 2874 1923 2914 BE!

387 2967 740 3008 DICEBANTUR.

852 3102 1147 3145 ARTICULUS
1171 3099 1381 3140 PRIMUS.

323 3226 580 3292 Quantum
603 3224 887 3281 Christiani
926 3223 987 3276 ab
1022 3223 1114 3276 hoc
1158 3221 1345 3274 scelere
1381 3219 1732 3282 abhorrerent,
1772 3235 1924 3291 quant

394 3331 589 3375 castum
627 3321 779 3391 fuerit
803 3334 975 3371 cortem
1003 3315 1319 3387 conjuginnt,
1352 3330 1602 3384 quamque
1626 3315 1774 3368 multi
1804 3330 1923 3383 per-

398 3419 552 3481 petua
576 3410 627 3462 in
656 3407 947 3478 virginitate
976 3406 1360 3477 perseverarint.

397 3562 611 3618 Ethnici
637 3577 731 3632 per
760 3563 982 3616 alteram
1010 3560 1356 3623 calumniam,
1394 3560 1571 3628 priore
1603 3574 1708 3614 non
1749 3561 1929 3615 minus

324 3654 717 3724 impudentem,
750 3653 1085 3707 Christianos
1109 3651 1378 3720 petebant,
1412 3649 1531 3704 illos
1561 3651 1773 3704 infamis
1810 3660 1930 3722 post

329 3747 516 3816 epulas
571 3754 625 3799 et
679 3745 981 3799 convivium
1036 3742 1233 3812 stupri,
1293 3741 1537 3796 adulterii
1590 3751 1644 3795 et
1693 3743 1931 3799 incestus

325 3848 661 3893 accusantes.
718 3836 964 3892 Caecilius
1015 3849 1146 3889 vero
1194 3833 1339 3888 illam
1389 3834 1570 3887 animo
1622 3850 1722 3890 nec
1763 3837 1930 3905 magis

330 3948 505 4003 aequo,
558 3948 656 3986 nec
696 3932 872 3985 minus
913 3931 1043 3994 acri,
1094 3942 1253 3999 quam
1286 3927 1621 3996 superiorem
1665 3928 1928 3985 adhibuit.

331 4026 665 4096 Quamquam
688 4024 830 4080 enim
862 4024 1042 4077 fictum
1084 4022 1242 4091 plane
1267 4036 1329 4075 ac
1357 4022 1782 4075 commentitium
1815 4021 1933 4078 fue-

330 4121 401 4176 rit
430 4119 530 4174 hoc
556 4120 760 4173 crimen
783 4159 797 4185 ,
830 4115 1029 4186 duplici
1062 4123 1238 4169 tamen
1283 4123 1604 4183 argumento
1633 4113 1763 4167 illud
1802 4129 1929 4181 pro-

331 4211 463 4266 bare
493 4210 696 4264 nititur.
735 4210 801 4264 Et
826 4210 1053 4277 primum
1102 4206 1315 4276 quidem
1338 4205 1491 4259 duxit
1544 4220 1612 4259 ex
1644 4205 1932 4263 Frontonis

331 4301 642 4357 testimonio
671 4310 726 4356 et
751 4301 1104 4365 auctoritate;
1131 4300 1358 4353 alterum
1390 4313 1457 4353 ex
1480 4312 1567 4363 eo,
1595 4298 1736 4368 quod
1770 4317 1788 4349 ‹
1829 4299 1929 4353 bo-

332 4410 540 4465 nesta,»
568 4400 707 4454 sicut
737 4398 827 4454 ille
848 4398 1041 4463 aiebat,
1064 4416 1084 4449 ε
1113 4410 1327 4467 semper
1356 4395 1569 4465 publico
1594 4395 1924 4465 gaudeanlza

332 4500 517 4548 contra
553 4503 732 4547 autem
764 4490 1051 4546 Christiani
1083 4503 1279 4560 magno
1300 4503 1516 4558 semper
1563 4487 1740 4542 studio
1789 4500 1933 4558 mys-

247 4658 253 4665 _
325 4591 463 4647 teria
502 4605 594 4645 sua
622 4588 973 4644 occultarent.

1988 580 2120 635 certi
2142 579 2338 645 aliquid
2362 587 2596 632 statuere
2626 577 2858 631 audeat?
2880 575 3013 645 Quid
3044 578 3177 630 enim
3223 578 3264 631 si
3312 577 3528 637 Minucius

1989 686 2184 726 nomen
2227 671 2354 726 illud
2404 672 2663 725 aversione
2692 713 2706 737 ,
2746 684 2842 724 seu
2887 669 3176 723 adversione
3210 672 3447 740 acceperit
3480 686 3531 725 eo

1992 778 2151 819 sensu
2196 779 2301 834 quo
2350 778 2379 817 a
2419 763 2549 817 solis
2592 761 2998 816 Jurisconsultis
3040 770 3313 830 usurpatur
3340 777 3422 831 pro
3463 777 3532 816 re~

1996 859 2239 929 pulsiOne
2261 861 2310 911 in
2338 856 2589 922 alterum,
2623 865 2714 910 aut
2766 871 2823 911 re
2866 870 2970 908 non
3000 855 3133 908 bene
3178 865 3433 924 perSpecta
3460 870 3537 909 nec

1995 952 2310 1024 cXplorata?
2333 951 2598 1007 Causidici
2630 959 2805 1004 autem
2836 947 3049 1002 Minucii
3090 947 3252 1000 nostri
3282 945 3363 1001 hic
3383 962 3538 1003 sensus

1998 1047 2101 1101 erit
2134 1063 2145 1098 :
2189 1045 2469 1099 Daemones
2500 1044 2635 1097 hanc
2675 1041 3045 1112 excogitavcre
3098 1038 3339 1103 fabulam,
3381 1045 3447 1101 ut,
3470 1039 3541 1093 tle-

2000 1137 2155 1192 fortui
2188 1136 2399 1190 infamia
2432 1137 2483 1189 in
2522 1134 2857 1188 Christianos
2894 1132 3108 1200 rejecta,
3142 1129 3330 1195 aut,ab
3358 1126 3542 1185 ethnicis

2001 1251 2101 1293 nec
2155 1243 2434 1306 perspecta
2490 1250 2589 1289 nec
2637 1233 2960 1293 examinata,
3015 1229 3233 1300 gloriam
3283 1227 3543 1283 christiana

2005 1331 2274 1400 pudicitiae
2314 1328 2661 1387 macularent.
2704 1325 2895 1381 Utrum
2932 1338 3059 1377 vero
3094 1335 3308 1390 scopum
3349 1319 3543 1388 attigeri-

2006 1439 2146 1490 mus,
2184 1424 2411 1480 aliorum
2443 1429 2560 1477 esto
2589 1419 2866 1490 judicium.
2904 1415 3178 1473 Po<terior
3214 1427 3366 1483 porro
3399 1421 3548 1467 aucto.

2005 1520 2080 1575 ris
2107 1519 2273 1573 nostri
2323 1518 2492 1583 ratio,
2523 1530 2625 1585 qua
2677 1514 2821 1583 prior
2856 1507 3165 1567 confirmari
3194 1504 3425 1570 videtur,
3460 1503 3551 1559 haec

2008 1620 2092 1667 est
2130 1630 2142 1664 :
2176 1610 2250 1668 Ut
2285 1620 2408 1670 ante
2437 1608 2770 1676 exploratam
2802 1604 3085 1661 veritatem
3118 1600 3356 1654 homines
3379 1611 3405 1650 a
3429 1595 3551 1653 nobis

2008 1715 2167 1776 atque
2192 1720 2221 1760 a
2249 1703 2587 1775 suspicienda
2634 1700 2896 1770 religione
2942 1694 3233 1756 christiana
3276 1701 3458 1747 terrore
3488 1687 3551 1743 in-

2012 1797 2184 1854 fandat
2210 1798 2482 1869 opinionis
2510 1795 2786 1850 daemones
2814 1794 3146 1846 averterent.
3182 1801 3201 1837 ι

2094 1890 2466 1959 lttterpositam
2508 1884 2703 1941 deinde
2747 1880 3038 1938 Frontonis
3088 1874 3438 1932 auctoritatem
3474 1869 3553 1925 0c-

2015 1987 2186 2045 tavius
2211 1982 2465 2039 facillime
2501 1979 2737 2033 infirmat
2775 1994 2787 2029 :
2830 1994 2848 2027 (
2882 1973 3049 2036 Tuus,
3097 1989 3115 2021 ι
3159 1966 3425 2038 siquidem,
3457 1977 3557 2033 que-

2018 2076 2366 2138 madmodum
2407 2073 2499 2128 ille
2539 2066 2902 2142 prosequitur,
2955 2085 2973 2117 ι
3019 2064 3243 2124 Fronto,
3285 2074 3382 2112 non
3419 2063 3468 2111 ut
3498 2053 3556 2108 af—

2018 2175 2279 2237 firmator,
2311 2164 2678 2224 testimonium
2703 2160 2846 2226 fecit,
2872 2157 2967 2214 sed
2993 2154 3314 2217 convicium,
3342 2157 3393 2204 ut
3418 2155 3554 2202 orator

2018 2263 2267 2334 aspersit.
2317 2280 2335 2312 ι
2388 2256 2520 2325 Quis
2580 2261 2758 2309 autem
2810 2266 2917 2305 non
2980 2247 3129 2305 videt
3186 2244 3285 2298 hoc
3350 2239 3553 2297 neruine.

2021 2367 2158 2421 tuus,
2211 2349 2492 2423 perspicue
2528 2342 2789 2402 declarari
2834 2341 3165 2399 Frontonem
3211 2334 3277 2389 de
3310 2347 3407 2404 quo
3439 2341 3562 2396 supra

2021 2421 2277 2512 diximus,
2324 2452 2594 2498 oratorem
2641 2437 2805 2493 fuisse
2854 2433 3160 2496 ethnicum,
3201 2428 3359 2499 cujus.
3388 2421 3564 2496 proinde

2026 2540 2389 2598 testimonium
2441 2543 2625 2593 contra
2679 2530 3018 2595 Christianos
3103 2525 3295 2587 nullius
3357 2516 3564 2575 momenti

2023 2650 2144 2693 esse
2175 2629 2422 2705 poterat?

2097 2704 2320 2790 Verum,
2351 2731 2410 2779 ut
2439 2722 2491 2779 id
2519 2720 2715 2777 clarius
2740 2724 2938 2788 pateat,
2964 2712 3228 2771 Octavius
3264 2704 3566 2776 impudentem

2026 2823 2173 2879 illam
2204 2817 2497 2875 Gentilium
2528 2807 3332 2878 calumniam,singularemth
3360 2802 3569 2854 innocen-

2030 2916 2155 2969 tiam
2185 2910 2610 2969 Cltristiauorum
2644 2902 2895 2975 patefacit
2932 2916 2997 2955 ex
3029 2896 3236 2951 sobriis
3262 2894 3450 2948 illorum
3473 2901 3569 2942 con-

2029 3006 2200 3070 viviis,
2235 3015 2548 3070 summaque
2570 2997 2903 3068 potissimum
2925 2991 3064 3047 casti
3079 3002 3207 3053 tate,
3230 3001 3377 3059 quam
3397 2982 3472 3037 ille
3492 2989 3569 3032 tam

2028 3114 2156 3155 vere
2200 3110 2359 3167 quam
2413 3091 2728 3161 simpliciter
2777 3087 2920 3141 hunc
2970 3082 3201 3152 exponit
3244 3081 3296 3134 in
3360 3073 3569 3130 modum:

2037 3210 2055 3244 ι
2092 3190 2203 3246 Nos
2253 3186 2531 3259 pudorem,
2588 3197 2694 3239 non
2727 3180 2881 3244 facie,
2926 3176 3021 3231 sed
3080 3182 3258 3229 mente
3295 3174 3569 3241 praelautus.

1951 3274 1998 3339 C
2033 3285 2203 3341 Unius
2233 3254 2554 3336 matrimonii
2586 3274 2796 3329 vinculo
2836 3272 3077 3327 libenter-
3106 3267 3441 3325 inbmremus;
3464 3254 3570 3323 cupi-

2032 3378 2251 3434 ditatem
2301 3370 2611 3444 procreandi
2643 3380 2734 3424 aut
2776 3382 2935 3422 unam
2966 3366 3202 3427 scimus,
3232 3371 3318 3414 aut
3344 3356 3527 3414 nullam.
3554 3368 3567 3400 υ

2033 3470 2245 3527 Minucii
2270 3469 2447 3537 itaque
2476 3475 2718 3533 tempore
2736 3475 2796 3516 ea
2821 3468 2954 3522 erat,
2981 3471 3326 3529 semperque.
3353 3468 3410 3507 ex
3423 3445 3573 3537 Christi

2034 3570 2324 3634 priceepto,
2356 3573 2475 3614 esse
2500 3556 2683 3610 debuit
2711 3552 2995 3622 cunjugum
3026 3549 3429 3605 chriStianorum
3455 3534 3575 3592 casti-

2034 3653 2232 3708 monia.
2270 3652 2355 3715 At,
2390 3647 2606 3715 majoris
2641 3642 2986 3715 perfectionis
3021 3640 3232 3704 Studia,
3273 3637 3434 3708 plures
3463 3626 3576 3683 nullo

2036 3760 2286 3815 umquam
2344 3739 2665 3794 matrimonii
2720 3736 2935 3791 vinculo
2964 3733 3232 3805 colligati,
3282 3733 3330 3786 in
3373 3728 3572 3797 pontem

2035 3839 2338 3908 virginitate
2370 3831 2773 3903 permanebant.
2808 3827 3001 3884 Verum
3036 3837 3263 3898 pra'stat
3301 3834 3453 3879 rursus
3473 3826 3570 3866 auc-

2037 3946 2206 3990 torem
2238 3941 2479 3993 nostrum
2507 3928 2573 3989 de
2602 3927 2689 3983 illa
2721 3926 3027 3995 loquentem
3063 3923 3254 3977 audire
3287 3939 3299 3974 :
3331 3936 3346 3968 ι
3374 3907 3568 3975 Plerique

2037 4024 2297 4090 inviolati,
2313 4042 2332 4076 ι
2352 4023 2476 4087 ait,t
2501 4019 2744 4089 corporis
2762 4018 3072 4089 virginitate
3093 4022 3343 4084 perpetua
3360 4007 3575 4090 fruuntur,

2034 4118 2215 4189 potius
2243 4132 2401 4187 quam
2433 4114 2753 4181 gloriantur.
2788 4110 3016 4169 Tantum
3048 4110 3236 4179 itaque
3260 4105 3398 4160 abest
3431 4089 3577 4152 incesd

2035 4210 2252 4281 cupido,
2305 4220 2363 4264 ut
2407 4205 2679 4263 nonnullis
2717 4202 2898 4259 rubori
2938 4203 3009 4257 sit
3062 4203 3228 4257 etiam
3277 4197 3447 4268 pudica
3484 4202 3580 4242 cott-

2029 4304 2255 4375 juuctio.
2294 4320 2314 4355 ο
2367 4300 2445 4359 Ibi
2494 4314 2620 4353 vero
2675 4298 2757 4353 Itis
2804 4294 3004 4359 verbis,
3040 4313 3062 4346 ι
3119 4294 3382 4349 Fruuntur
3427 4282 3574 4375 potius,

2036 4364 2194 4468 quam
2232 4395 2552 4465 gloriantur,
2598 4409 2618 4443 ι
2653 4387 2900 4445 ethnicos
2936 4385 3117 4447 obiter
3145 4379 3452 4455 perstringit,
3477 4364 3580 4468 apud

2037 4460 2172 4561 quos
2204 4460 2470 4552 vestales,
2503 4495 2558 4539 ct
2581 4483 2763 4539 Matris
2796 4480 2956 4541 deum
2987 4478 3301 4535 sacerdotes
3320 4474 3383 4529 de
3411 4460 3581 4535 virgini-

2041 4592 2151 4641 tate
2180 4597 2276 4641 sna
2303 4580 2472 4648 magis
2496 4576 2879 4649 gloriabantur,
2910 4587 3070 4644 quam
3094 4585 3285 4628 revera
3310 4568 3580 4623 fruerentur.

404 4685 475 4738 At
516 4683 765 4738 Octavius
814 4690 981 4735 totam
1022 4680 1159 4736 hanc
1204 4689 1260 4735 et
1301 4677 1643 4746 calumniam,
1689 4685 1745 4735 et
1774 4693 1928 4748 argu-
1954 4670 2009 4735 D
2037 4674 2144 4733 Sed
2174 4673 2351 4731 dehis
2382 4670 2540 4729 infra.

328 4774 717 4831 mentationem
780 4773 980 4843 duplici
1036 4772 1197 4827 etiam
1252 4772 1603 4842 responsione
1636 4771 1833 4827 obterit
1878 4780 1933 4826 et

329 4866 630 4923 contundit.
662 4865 933 4923 Audacter
950 4864 1093 4920 enim
1117 4863 1399 4934 palamque
1439 4871 1773 4920 contestatur
1797 4863 1929 4917 soli-

325 4948 398 5023 tis
424 4959 731 5014 dtemonum
753 4957 1048 5013 mendaciis
1084 4955 1373 5011 conﬁctam
1405 4954 1565 5010 fuisse
1599 4954 1700 5010 hoc
1742 4953 1930 5011 Chris-

325 5055 594 5111 tianorum
648 5053 845 5117 scelus,
878 5061 934 5106 et
975 5067 1003 5104 n
1061 5052 1274 5107 nemine
1317 5067 1571 5122 umquam
1618 5053 1926 5124 probatum.

329 5148 582 5207 Secundo
619 5149 880 5218 ipsosmet
907 5143 1165 5207 .Gentiles
1203 5144 1363 5215 hujus
1419 5145 1584 5215 ipsius
1626 5144 1931 5200 detestandi

324 5239 509 5310 ﬂagitii
536 5280 550 5306 ,
611 5237 930 5293 Christianis
976 5249 1254 5306 perperam
1299 5235 1514 5307 objecti,
1568 5248 1758 5305 reapse
1803 5249 1932 5290 con-

322 5331 508 5387 vincit.

400 5429 798 5479 Asseveranter
836 5421 1017 5492 itaque
1045 5420 1358 5492 pronuntiat
1390 5437 1403 5474 :
1450 5439 1469 5472 ι
1508 5418 1779 5475 Grandem
1807 5432 1929 5474 esse

328 5516 562 5571 ’r’altulam
589 5531 754 5585 quum
782 5514 1068 5570 adversum
1100 5528 1199 5568 nos
1231 5513 1534 5568 daemonum
1561 5510 1729 5566 coitio
1752 5509 1927 5576 dupli-

325 5609 520 5678 ‘plieem
569 5607 639 5661 ob
670 5607 933 5663 rationem
963 5606 1184 5661 mentita
1211 5613 1295 5660 est
1326 5622 1340 5659 :
1374 5605 1550 5673 primo
1596 5610 1652 5657 ut
1699 5601 1924 5672 gloriam

334 5698 605 5765 pudicitiae
649 5696 910 5752 deformis
947 5697 1179 5752 infamiae
1219 5695 1501 5750 aversione
1545 5693 1859 5750 macularet.
1899 5711 1917 5745 ι

328 5791 435 5848 Sed
462 5793 642 5861 plures
683 5803 991 5864 corruptum
1052 5807 1250 5850 nomen
1312 5794 1590 5859 aversione,
1635 5800 1797 5860 atque
1838 5792 1928 5848 alii

324 5882 612 5951 legendum
677 5885 1018 5954 suspicantur
1081 5887 1391 5952 aspersione,
1458 5883 1549 5938 alii
1621 5884 1924 5940 accessione.

2108 4768 2471 4825 Tertullianus
2495 4764 2655 4821 etiam
2697 4761 2764 4816 ad
2805 4758 3051 4817 eamdem
3091 4736 3426 4815 falsissimam
3454 4737 3578 4800 ethni-

2035 4876 2221 4918 corum
2248 4857 2674 4914 criminationem
2707 4853 2953 4909 similiter
2981 4850 3282 4917 rcSpondet
3312 4865 3323 4900 τ
3360 4864 3378 4897 ι
3421 4838 3508 4895 Nos
3532 4829 3584 4884 ab

2034 4957 2139 5011 isto
2168 4963 2362 5009 eventu
2396 4947 2803 5020 diligentissima
2836 4953 2891 4999 et
2928 4942 3243 5000 ﬁdelissima
3263 4937 3465 4995 castitas
3493 4938 3588 5020 sep-

2034 5048 2138 5112 sit;
2172 5015 2538 5116 qnantumque
2571 5042 2640 5096 ab
2681 5038 2882 5108 stupris
2911 5045 2963 5090 et
2992 5034 3059 5089 ab
3089 5031 3242 5089 omni
3290 5037 3405 5098 post
3441 5015 3587 5077 matri-

2034 5114 2275 5197 monium
2323 5151 2569 5201 excessu,
2609 5141 2816 5188 tantum
2848 5140 2903 5184 et
2933 5127 2999 5182 ab
3027 5124 3222 5181 incesti
3258 5136 3380 5178 casu
3408 5114 3491 5171 tuti
3515 5122 3587 5167 su-

2036 5249 2175 5288 mus.
2205 5228 2431 5297 Quidam
2452 5227 2619 5281 multo
2644 5222 2949 5280 securiores
2978 5227 3145 5275 totam
3177 5217 3282 5271 vim
3315 5212 3591 5297 hujuserm'

2035 5330 2111 5383 ris
2135 5325 2341 5395 virgine
2381 5321 2711 5378 continentia
2750 5316 3047 5382 depellunt,
3095 5324 3258 5367 senes
3287 5305 3427 5377 pueri
3455 5296 3588 5395 (Ter!f

2036 5392 2327 5491 Αροιοᾷειη
2358 5431 2475 5485 cap.
2501 5415 2556 5482 9,
2592 5428 2708 5483 pag.
2746 5408 2858 5481 l0).
2899 5430 2916 5460 ι
2950 5408 3121 5463 Senes
3151 5415 3344 5473 pueros
3372 5392 3592 5491 ibi

2030 5485 2123 5585 qui
2153 5485 2220 5567 ad
2249 5508 2543 5565 senectutis
2583 5520 2753 5575 usque
2795 5516 3023 5571 tempus,
3060 5497 3321 5566 puerilem
3353 5485 3590 5585 virginita:

2030 5571 2137 5660 tem
2187 5608 2555 5659 servaverunt.
2592 5600 2762 5653 Antea
2801 5609 2931 5649 vero
2974 5590 3226 5657 Justinus
3262 5593 3453 5653 martyr
3487 5571 3593 5631 illud

2030 5698 2115 5752 his
2143 5695 2321 5749 verbis
2346 5695 2711 5749 declaraverat
2746 5708 2757 5743 :
2792 5691 2894 5742 Καὶ
2933 5689 3106 5740 πολλοί
3152 5705 3274 5743 τινες
3324 5680 3400 5733 καὶ
3450 5668 3593 5727 πολλαὶ

2029 5795 2387 5857 ὶεηκοντοῧτω,
2418 5790 2501 5841 x03
2544 5789 2994 5852 ἑϐδςμηκοντσῧτιι,
3044 5778 3091 5829 οἳ
3130 5782 3183 5830 ὸς
3217 5776 3414 5827 παιδίων
3438 5765 3593 5857 φάη-ο

2028 5887 2256 5945 "Man?
2279 5891 2345 5949 τῷ
2368 5852 2583 5952 Χριστῷ,
2612 5884 2810 5948 ἆῼθσροι
2838 5880 3138 5943 διαμιηυσν
3173 5869 3258 5924 atati
3284 5870 3473 5931 εὔχομη
3491 5852 3591 5910 aratri
