3818 6282
240 371 320 430 501

1537 351 1876 411 DISSERTA
1885 355 2018 412 T10.

3341 363 3449 418 50?

231 499 308 547 ’.τᾶν
327 492 433 559 γένος
450 483 668 551 ἀνθρώπων
692 473 932 533 umbraut
963 474 1140 538 δεῖξαι.
1168 488 1188 523 ί
1214 469 1471 527 Permultl
1498 470 1740 541 profecto

1921 478 1965 527 δῦ
1987 477 2032 527 ἓν
2059 475 2235 545 δοκίμῳ
2259 485 2339 546 νῷ,
2364 480 2449 531 καὶ
2492 486 2557 547 τῷ
2587 482 2741 532 ποιεῖν
2768 484 2830 535 τὰ
2857 483 3144 548 καθῆκον-τα,
3178 485 3456 552 πληροῦμε-

232 595 360 638 setos
396 574 638 639 utriusque
676 576 730 623 et
758 567 1035 636 seuaginta
1085 574 1140 622 et
1186 566 1526 638 septuaginta
1573 580 1742 622 annos

228 673 332 734 nati.
353 669 424 740 qui
447 682 474 722 a
500 660 663 736 pueris
696 658 1042 730 disciplinam
1071 657 1274 714 Christi
1304 669 1427 713 sunt
1466 657 1738 726 assectati,

233 762 463 834 incorrupti
488 770 533 814 et
555 755 772 810 caelibes
801 762 1168 825 perseverant.
1201 752 1268 808 Et
1305 752 1502 823 glorior
1531 768 1616 806 me
1645 766 1742 822 per

238 874 363 917 omne
398 866 527 925 genus
550 847 822 901 hominum
867 846 1001 900 tales
1044 852 1471 900 commonstrare
1518 857 1676 913 posse
1715 861 1734 895 ι

240 951 428 1024 (Justiti.
455 952 625 1010 martyr.
675 938 896 1009 Apolog.
933 940 987 1005 1,
1019 953 1141 1009 pag.
1175 937 1245 993 62
1274 936 1321 1007 ).
1358 937 1435 991 De
1465 935 1548 990 his
1580 950 1741 1006 porro

244 1061 326 1103 non
349 1042 479 1098 ςοιυηι
501 1033 800 1104 virginibus,
830 1033 924 1088 sed
956 1033 1273 1103 coniugibus
1300 1033 1460 1087 etiam
1489 1029 1741 1085 christia-

245 1141 308 1195 nis
329 1135 469 1192 eadem
491 1130 566 1185 ille
600 1135 812 1197 postea.
857 1135 1017 1195 atque
1046 1124 1409 1179 Tertullianus
1454 1131 1741 1191 nosterque

236 1228 447 1289 Minucius,
485 1220 683 1276 tradidit
731 1218 1069 1274 Christianos
1113 1218 1199 1273 vel
1243 1218 1532 1272 liberorum
1580 1217 1740 1272 dum-

231 1328 339 1377 taxat
382 1314 699 1373 creandorum
746 1322 909 1381 atque
952 1311 1349 1366 educandnrum
1394 1311 1560 1381 gratia
1606 1326 1739 1367 con-

218 1415 385 1485 junctus
419 1408 678 1469 connubio,
730 1407 839 1472 vel,
884 1422 950 1463 eo
993 1414 1265 1472 recusato,
1299 1406 1353 1461 in
1395 1405 1739 1461 continentiae

220 1513 431 1577 perpetua:
462 1502 712 1558 mansisse
744 1510 905 1555 statu.
936 1500 1060 1555 Pari
1091 1516 1304 1571 quoque
1334 1499 1497 1555 modo
1526 1501 1740 1556 eadem-

218 1614 294 1671 que
314 1597 487 1669 publica
508 1593 880 1648 testiﬁcatione
907 1591 1275 1662 Athenagoras
1306 1591 1539 1662 iniquam
1566 1591 1741 1663 genti-

218 1694 311 1748 lium
344 1689 706 1744 accusationem
765 1685 1038 1755 pr0pulsat
1090 1703 1103 1739 :

229 1795 393 1853 ἠρώηῆν
415 1787 596 1847 ἠγάγετο
624 1784 752 1836 κατὰ
776 1776 897 1838 ’τεὺς
941 1775 1018 1845 ὑφ’
1048 1786 1179 1845 ἡμῶν
1222 1783 1513 1845 τεθειμένους
1550 1778 1739 1844 νόμους,

1160 1690 1373 1739 Γυναῖκα
1413 1695 1498 1753 μὲν
1549 1690 1740 1748 ἕκαστος

1847 587 1917 620 vat
1940 575 2099 631 πάσης
2130 573 2450 637 δικαιοσύνης,
2484 575 2564 627 καὶ
2602 575 2895 643 ἀγαθότητος
2925 590 2940 626 :
2978 592 2996 624 (
3041 574 3327 641 Caeterum,
3359 574 3458 630 110-

1847 663 2022 747 [uiues
2052 664 2254 730 idiotae,
2306 665 2373 721 ab
2411 667 2492 720 eis
2527 681 2623 735 pro
2672 665 2840 721 nihilo
2887 666 3072 734 habiti,
3113 683 3176 723 ac
3211 667 3360 723 stulti
3400 678 3457 724 et

1848 755 2161 824 illiberales,
2207 760 2252 813 si
2295 759 2457 814 modo
2496 761 2833 814 committant
2870 775 2928 815 se
2969 762 3020 814 in
3065 759 3221 815 [idem
3265 760 3359 816 Dei
3401 772 3457 816 ct

1846 851 2146 906 doctrinam
2178 851 2302 908 Jcsu
2331 854 2613 923 recipiant,
2647 863 2851 909 tantum
2873 854 3066 909 absunt
3085 856 3151 908 ab
3177 854 3323 909 omni
3351 854 3460 909 las-

1846 946 2008 1001 civia.
2043 947 2316 1015 spurcitia,
2366 947 2698 1016 turpitudine
2738 947 3036 1013 libidinum,
3071 956 3129 1001 ut
3158 948 3211 1001 in
3249 961 3453 1001 morem

1846 1037 2207 1107 perfectorum
2255 1041 2616 1106 sacerdotum,
2677 1040 2744 1095 ab
2788 1042 2932 1096 omni
2976 1042 3119 1096 coitu
3161 1040 3458 1096 abhorren-

1844 1130 2001 1190 tium.
2050 1131 2203 1186 multi
2252 1147 2438 1187 eorum
2488 1132 2539 1185 in
2590 1142 2757 1185 totum
2801 1140 2947 1187 caste
2989 1148 3227 1202 pureque
3252 1131 3453 1202 vivant,

1843 1224 2004 1279 alieni
2036 1241 2064 1279 a
2095 1240 2384 1297 congressu
2426 1225 2710 1280 mulierum
2742 1226 2903 1280 etiam
2937 1226 3268 1296 legitimo....
3298 1225 3457 1297 Apud

1844 1317 2218 1386 Christianos,
2275 1334 2378 1372 non
2428 1330 2646 1389 propter
2695 1320 2957 1375 hmnanos
3011 1320 3286 1385 honores,
3345 1336 3455 1376 non

1845 1423 2064 1482 propter
2106 1411 2383 1466 mercedes
2425 1412 2783 1482 pecuniarias,
2815 1428 2918 1466 non
2952 1421 3171 1482 propter
3199 1412 3453 1482 gloriolas

1844 1506 1981 1574 viget
2011 1504 2330 1577 virginitatis
2355 1503 2624 1568 studium;
2665 1513 2720 1559 et
2757 1505 3147 1575 quamprimum
3189 1505 3456 1574 approba-

1845 1609 2042 1654 verunt
2071 1598 2239 1653 Deum
2283 1598 2483 1654 habere
2527 1600 2579 1653 in
2628 1600 2838 1665 notitia,
2870 1609 3259 1653 conservantur
3283 1614 3313 1652 a
3349 1598 3457 1654 Deo

1848 1694 1899 1747 in
1930 1693 2030 1747 hac
2062 1703 2241 1748 mente
2270 1692 2516 1748 laudabili
2548 1702 2604 1748 et
2640 1693 2852 1761 pietatis
2881 1694 3095 1757 officiis,
3129 1692 3269 1763 pleni
3308 1692 3457 1747 omni

1846 1786 2087 1841 bonitate
2115 1801 2178 1841 ac
2201 1785 2403 1855 jusutia
2435 1805 2455 1838 ι
2477 1785 2666 1853 (Idem,
2699 1785 2790 1841 lib.
2822 1802 2912 1851 vn,
2957 1801 3010 1856 ρ.
3035 1784 3163 1850 ⁸564,
3189 1792 3245 1838 et
3267 1780 3454 1856 seqq.).

230 1883 381 1948 γαμίζων,
407 1878 474 1929 καὶ
503 1878 692 1935 ira.th
731 1881 878 1943 μέχρι
924 1877 1006 1927 τοῦ
1058 1875 1523 1931 παιδοποιήσασθιι.
1562 1877 1622 1930 ὡς
1645 1874 1741 1942 γὰρ

1944 1880 2279 1935 Christianos
2318 1879 2369 1933 in
2420 1880 2665 1933 castitate
2712 1890 2803 1931 aut
2844 1889 3102 1949 perpetua
3148 1876 3459 1947 virginitate

226 1976 407 2041 ἐμινῃὸς
429 1967 738 2023 καταϐίλλων
778 1969 843 2027 εἷς
880 1980 966 2034 γῖν
1011 1967 1076 2018 τὰ
1115 1970 1387 2034 σπέρματα,
1428 1969 1612 2031 ἄμητον
1652 1986 1739 2016 areo

212 2069 338 2134 ρᾳώει
368 2064 435 2115 ab;
466 2065 766 2131 ἐπισπείρων
801 2060 882 2112 ταὶ
927 2060 1042 2125 ἡμῖν
1070 2062 1239 2126 μέτρον
1274 2059 1532 2124 ἐπιθυμίας
1559 2063 1589 2115 ἡ
1616 2076 1736 2109 oraet-

206 2157 361 2208 3stmtet.
395 2157 530 2224 εὕροις
575 2157 631 2206 δὲ
674 2155 732 2205 ἃν
778 2153 978 2213 πολλοὺς
1018 2161 1108 2207 τῶν
1147 2148 1265 2219 παρ’
1294 2153 1411 2217 ἡμῖν
1430 2151 1511 2202 κηὶ
1541 2153 1733 2219 ἄνδρας,

200 2250 259 2300 καὶ
277 2250 482 2317 γυναῖκας,
509 2250 963 2315 καιταιίηρᾶρσκςντθς
985 2245 1220 2309 ἀγάμαυς,
1253 2244 1416 2295 Donat
1444 2247 1527 2295 τοῦ
1551 2242 1736 2308 μᾶλλον

194 2349 406 2396 συνέσεσθαι
431 2353 488 2409 τῇ
514 2349 621 2409 Θεῷ
650 2356 665 2392 :
706 2357 725 2391 ι
765 2339 945 2406 Itaque
975 2350 1219 2398 uxorem,
1253 2349 1408 2402 quam
1438 2334 1734 2389 secundum

191 2436 453 2507 approbatas
484 2433 644 2488 nobis
675 2433 828 2504 leges
853 2430 951 2484 sibi
980 2429 1206 2498 quisque
1247 2427 1481 2491 duxerit,
1524 2434 1738 2495 reputat

189 2527 348 2582 nonin
393 2527 545 2581 alium
599 2539 762 2595 quam
809 2524 862 2577 in
905 2519 1252 2592 procreandae
1294 2519 1498 2575 sobolis
1548 2519 1731 2574 tinem.

188 2618 582 2688 Quemadmodum
609 2615 755 2672 enim
779 2614 1031 2686 agricola,
1048 2622 1330 2683 postquam
1352 2610 1554 2665 semina
1579 2619 1736 2665 terrae

189 2713 427 2778 mandavit,
457 2712 655 2768 messis
684 2719 896 2779 tempus
925 2714 1202 2775 exsitectat
1237 2720 1336 2759 nec
1366 2704 1468 2758 alia
1499 2703 1739 2773 superin-

178 2805 286 2875 jicit,
308 2806 374 2860 sic
394 2805 540 2860 nobis
560 2804 730 2859 etiam
758 2799 1205 2868 concupiscentia:
1228 2797 1420 2852 modus
1445 2796 1736 2850 liberorum

184 2900 497 2968 procreatione
554 2896 836 2953 deﬁnitur.
887 2892 1134 2948 Invenias
1187 2902 1365 2946 autem
1418 2890 1616 2945 multos
1669 2904 1735 2945 ex

182 2994 338 3048 nostris
361 2993 408 3047 in
434 3002 666 3061 utroque
688 3004 819 3045 sexu
842 3003 926 3058 qu
964 2987 1014 3040 in
1043 2983 1289 3041 cmlibatu
1319 2990 1733 3047 consenescant,

182 3088 291 3157 quod
316 3090 361 3143 in
390 3087 487 3144 hoc
514 3095 665 3141 statu
694 3085 805 3138 Deo
831 3079 1229 3151 conjunctiores
1266 3092 1325 3133 se
1372 3077 1576 3131 futuros
1620 3091 1738 3147 cog—

181 3192 396 3236 noscant»
428 3179 707 3253 (Athenag.
745 3175 921 3250 Legat.
955 3189 1049 3246 pro
1080 3171 1380 3238 Christian.,
1412 3186 1532 3242 pag.
1566 3169 1640 3228 56
1683 3179 1739 3227 et

181 3273 280 3346 mi)-

236 3366 465 3438 Denique,
494 3376 552 3422 ut
582 3364 726 3420 alios
760 3361 1093 3424 omittamus,
1136 3358 1393 3430 Origenes
1423 3366 1589 3423 certe,
1640 3356 1730 3411 l‘ri-

125 3528 131 3539 .
179 3462 297 3515 volas
339 3461 466 3518 Celsi
510 3459 891 3516 cavillationes
936 3453 1285 3520 confutando,
1339 3452 1512 3523 palam
1556 3451 1740 3523 utique

181 3551 277 3607 facit
293 3553 419 3608 viros
430 3567 488 3607 ac
503 3552 788 3614 mulieres,
816 3559 935 3620 post
958 3546 1140 3601 datum
1162 3544 1469 3601 christianze
1493 3542 1738 3613 religioni

182 3661 357 3710 nomen,
384 3655 522 3700 tanto
554 3644 729 3699 fuisse
775 3641 1064 3706 castiores,
1107 3647 1307 3710 quanto
1355 3646 1507 3693 antea
1544 3638 1740 3708 impuri

183 3736 493 3809 impudicique
520 3737 764 3791 fuerant:
785 3742 835 3801 ἓξ
856 3736 908 3788 οὗ
926 3738 973 3788 δὲ
1006 3734 1332 3804 παρειλτξφασι
1355 3740 1437 3786 τὸν
1469 3733 1743 3798 ).ὅγιν,τινὲι

1763 3257 1808 3319 C

184 3837 321 3903 τρὸπον
353 3834 584 3906 νεγόνενιιν
623 3837 987 3900 ἐπιεικέστεροι,
1028 3832 1109 3882 καὶ
1139 3830 1428 3897 σεμνότεροι,
1459 3826 1539 3879 καὶ
1571 3828 1742 3879 eberat-

188 3927 375 3995 θὲστεροι,
401 3934 455 3989 ὥς
481 3949 612 3989 τινας
659 3928 815 3980 αὐτῶν
842 3925 922 3976 διὰ
947 3929 1028 3976 τὸν
1056 3929 1207 3991 ἔρωτα
1239 3922 1612 3991 ὑπερϐαλλοΰσης
1648 3935 1742 3970 κα-

188 4019 415 4084 begin-mg,
452 4021 533 4072 καὶ
587 4020 679 4069 διὰ.
724 4022 779 4071 τὸ
824 4021 1143 4084 καθαρώτερον
1184 4018 1451 4082 Opperieber
1490 4019 1547 4066 τὸ
1598 4014 1741 4076 θεῖον,

193 4112 287 4173 μηδὲ
320 4127 397 4165 τῶν
430 4116 853 4181 συγκεχωρημένων
884 4113 975 4162 ὑπὸ
1014 4114 1095 4162 τοῦ
1142 4110 1281 4175 νόμου
1322 4110 1559 4162 {inﬁdae
1598 4111 1747 4175 ἀφρο-

205 4204 361 4257 ato-tm:
387 4222 404 4255 ι
436 4203 511 4259 Ex
542 4218 657 4275 quo
685 4212 864 4257 autem
894 4210 1134 4271 tempore
1156 4201 1378 4254 verbum
1404 4206 1742 4269 receperunt,

207 4298 325 4347 tanto
368 4295 617 4366 aequiores
672 4303 798 4349 sunt
848 4292 1077 4358 redditi,
1129 4292 1436 4362 graviores,
1496 4299 1747 4345 constan-

218 4382 509 4451 tiores;adeo
538 4397 597 4444 ut
628 4387 848 4459 quidam
879 4402 943 4441 ex
974 4385 1122 4455 ipsis,
1155 4400 1338 4440 amore
1367 4383 1577 4439 eximia:
1603 4384 1749 4453 puri-

220 4474 319 4528 tatis
351 4488 494 4550 etquo
535 4482 804 4536 castiores
833 4477 899 4533 ad
945 4478 1036 4533 Dei
1069 4479 1268 4532 cultum
1309 4476 1647 4543 accederent,
1679 4491 1749 4532 ne

214 4580 419 4627 concessa
440 4576 646 4646 quidem
677 4582 734 4628 et
758 4571 992 4642 legitima
1020 4579 1237 4625 utantur
1253 4570 1466 4626 Venere
1501 4590 1519 4623 ι
1546 4570 1743 4641 (0rig.,

206 4659 280 4716 lib.
324 4679 354 4729 ι,
396 4680 519 4724 cont.
547 4667 714 4731 Cels.,
749 4681 867 4737 pag.
907 4663 969 4718 2|
1010 4664 1049 4735 )-

203 4767 437 4829 pnstquam
499 4760 743 4817 ostendit
814 4760 1045 4830 gentiles
1119 4758 1468 4828 philosophos
1530 4773 1648 4814 sese
1699 4760 1751 4814 in

205 4850 403 4917 quolibet
448 4856 810 4926 impuritatis,
858 4852 1094 4908 lascivia:
1145 4860 1199 4906 et
1249 4852 1591 4921 turpitudinis
1641 4853 1754 4908 luto

200 4941 464 5012 volutasse,
537 4947 651 5002 haec
712 4946 781 5001 de
832 4942 1152 5000 Christianis
1206 4942 1471 5012 subiungit
1528 4962 1542 4998 :
1587 4951 1650 4998 Oi
1707 4948 1756 4998 δὲ

195 5034 262 5085 ἕρπ’
299 5042 436 5092 etim?"
481 5043 559 5093 ἐπὶ
616 5043 805 5107 ἱδιωτίᾳ
853 5040 1242 5103 ἓξουθενοῦμενοι,
1295 5039 1378 5090 καὶ
1430 5040 1615 5107 μωραὶ,
1672 5040 1756 5091 καὶ

193 5125 439 5196 ἀνδράποδα
463 5135 583 5185 εἶναι
607 5136 862 5199 λεγόμενςρι,
893 5134 978 5199 κᾷν
1005 5133 1142 5198 μόνον
1170 5135 1446 5184 merebant-1
1469 5139 1664 5192 ἑαυτοὺς
1690 5148 1756 5209 τῷ

193 5222 295 5286 Θιᾷ,
325 5226 692 5291 ποραόεξᾶμενω
741 5234 831 5281 τὴν
870 5222 954 5277 τοῦ
1001 5214 1145 5282 introii
1177 5227 1511 5288 διδασκαλίαν,
1538 5232 1758 5280 τοσοῦτον

194 5313 443 5368 ἀποδέδυσιν
470 5321 734 5387 ἀσελγείας,
764 5321 844 5372 καὶ
866 5321 1183 5387 ἀκαθαρσίάς,
1213 5319 1467 5378 animiam
1484 5332 1567 5379 ei;
1593 5324 1637 5371 ἓν
1659 5338 1760 5371 aevo

201 5414 352 5469 δυτθαις
387 5413 728 5477 ἀσχημεσῦνης,
761 5415 820 5470 ὣς
861 5414 944 5464 καὶ
982 5412 1153 5479 τρόπον
1179 5419 1367 5465 celetur
1402 5418 1553 5480 ἱερέων
1602 5418 1759 5465 πᾶα-ριν

204 5509 411 5551 amna!“
455 5504 859 5572 ἀπθστριῖιξντων,
906 5509 1105 5563 πολλοὺς
1150 5506 1301 5558 αὐτῶν
1333 5509 1568 5564 παντελῶς
1598 5507 1757 5556 καθα-

201 5594 346 5654 ρεὺειν,
373 5597 422 5645 οὗ
446 5602 584 5659 μόνον
606 5598 700 5647 ἀπὸ
721 5599 878 5655 πάσης
906 5604 1072 5662 μίξεως
1105 5630 1188 5647 ο...
1214 5601 1257 5647 ll
1284 5598 1330 5646 δὲ
1359 5600 1687 5664 Χριστιανοῖς.
1711 5599 1761 5651 οὗ

203 5682 273 5733 διὰ
292 5688 372 5745 τὰς
403 5691 534 5757 παρὰ
559 5691 811 5756 ἀνθρώποις
840 5694 1004 5756 τιμὰς,
1031 5692 1081 5741 οὗ
1106 5690 1187 5740 διὰ
1211 5692 1406 5755 μισθοὺς
1432 5699 1513 5741 καὶ
1533 5691 1761 5759 ἀργὺριαι,

198 5776 287 5826 ιὺδξ
314 5779 388 5829 διὰ
417 5780 647 5848 δςξὲιειιιν,
675 5785 864 5834 ἀσκςῧσι
892 5791 979 5835 τῦν
1027 5789 1229 5841 παιντιλῆ
1277 5785 1550 5849 παρθενίαν,
1578 5783 1657 5835 καὶ
1708 5787 1766 5841 ὡς

199 5864 460 5933 έδίι¹μαναν
502 5878 581 5925 τὶν
606 5876 715 5923 Θείν
757 5881 877 5938 ἔχειν
912 5878 957 5925 ἰν
985 5878 1245 5939 ἐπιγνώσει,
1280 5878 1533 5941 τηροῦνται
1565 5876 1657 5924 ὑπὸ
1686 5876 1771 5926 τοῦ

1842 1976 2104 2038 viventes,
2138 1974 2361 2044 opponit
2400 1972 2807 2029 Atheniensium
2841 1970 3099 2042 pontiﬁci,
3142 1971 3233 2042 qui
3263 1971 3328 2025 ad
3360 1984 3454 2025 so-

1842 2068 2052 2123 Iemncs
2074 2066 2412 2121 caerimonias
2431 2075 2580 2120 caste
2606 2063 2880 2119 obeundas
2902 2065 3074 2117 cicuta
3101 2062 3369 2127 utebatur,
3396 2075 3460 2117 ac

1840 2163 2158 2231 quihusdam
2191 2161 2444 2227 ethnicis,
2464 2161 2557 2216 sed
2581 2160 2940 2231 paucissimis,
2970 2159 3288 2228 virginibus,
3308 2173 3452 2227 qum,

1840 2258 2117 2329 religionis
2145 2266 2304 2328 atque
2328 2256 2547 2311 honoris
2569 2266 2658 2308 aut
2689 2252 2954 2309 mercedis
2978 2255 3170 2324 gratia,
3200 2251 3337 2306 sicut
3365 2249 3457 2306 ille

1841 2353 2099 2420 pontifex,
2144 2351 2197 2405 in
2249 2351 2553 2420 virginitate
2597 2347 2917 2402 videbantur
2961 2358 3300 2415 permanere.
3346 2341 3457 2397 Nos

1839 2456 2019 2499 autem
2048 2444 2100 2498 in
2133 2444 2255 2497 aliis
2292 2440 2763 2497 dissertationibus
2814 2437 3206 2509 disputavimus
3238 2433 3412 2508 (Tom.
3435 2450 3457 2489 ι

1842 2539 2094 2607 Apparet.
2122 2535 2216 2590 lib.
2255 2551 2345 2599 Ill,
2377 2533 2593 2588 Dissert.
2622 2547 2661 2599 ι,
2692 2546 2810 2603 cap.
2845 2530 2901 2594 5,
2942 2538 3042 2584 art.
3082 2529 3135 2594 3,
3170 2543 3291 2599 pag.
3324 2526 3451 2591 708;

1841 2629 2005 2696 Ibid.,
2035 2626 2254 2683 Dissert.
2279 2643 2347 2688 tt.
2379 2640 2496 2696 cap.
2544 2623 2631 2685 10,
2665 2632 2767 2677 art.
2797 2622 2852 2687 4,
2893 2636 3013 2691 pag.
3044 2618 3205 2688 1021)
3249 2617 3316 2673 de
3344 2632 3458 2671 scr-

1840 2733 1961 2777 vala
1991 2738 2020 2775 a
2054 2720 2298 2791 plurimis
2318 2717 2639 2774 Christianis
2667 2730 2762 2786 per
2791 2725 2958 2768 totum
2984 2713 3108 2766 vitm
3146 2726 3256 2766 suae
3277 2710 3451 2765 curri—

1842 2820 2019 2875 culum
2043 2816 2371 2873 continentia
2395 2830 2457 2870 ac
2480 2812 2802 2884 virginitate,
2832 2820 2883 2865 et
2913 2807 3050 2879 apud
3079 2813 3306 2861 caeteros
3331 2820 3453 2859 om-

1843 2928 1941 2968 nes
1991 2911 2294 2966 castissimo
2343 2904 2671 2963 matrimonii
2712 2918 2833 2959 usu.
2879 2904 2948 2957 At
2983 2900 3051 2956 de
3097 2908 3320 2968 utraque
3365 2896 3457 2952 illa

1841 3006 2268 3062 Christianorum
2312 3004 2512 3057 virtute
2553 2999 2687 3055 infra
2721 2997 2895 3053 adhuc
2933 2994 3132 3066 aliquid
3165 2992 3456 3048 dicendum

1843 3100 1945 3157 erit
1975 3098 2219 3171 (Dissert.
2252 3098 2304 3151 in
2335 3096 2591 3161 Lactant.,
2621 3107 2738 3161 cap.
2769 3091 2860 3155 27,
2885 3099 2988 3145 art.
3017 3089 3051 3145 5
3077 3096 3130 3143 et
3158 3086 3236 3158 6).

1917 3193 2089 3247 Porro
2117 3199 2320 3256 autem,
2352 3204 2474 3244 cum
2503 3186 2637 3241 dixit
2660 3194 2847 3240 auctor
2871 3194 3074 3249 ttOSlel‘,
3109 3199 3129 3233 ι
3164 3179 3320 3239 unius
3341 3192 3457 3233 ma-

1844 3286 2084 3343 trimonii
2125 3284 2337 3340 vinculo
2379 3283 2609 3339 libenter
2646 3280 2990 3344 inhaeremus,
3030 3296 3048 3329 ›
3084 3290 3151 3331 ne
3181 3275 3233 3329 in
3280 3281 3451 3340 tuum,

1842 3393 2049 3450 quaeso,
2074 3379 2309 3431 animum
2342 3374 2584 3439 inducas,
2622 3371 2918 3428 secundum
2956 3367 3356 3424 matrimonium
3388 3364 3458 3420 ab

1843 3488 1909 3527 eo
1939 3470 2227 3542 improbari
2260 3488 2273 3523 :
2302 3484 2424 3523 nam
2454 3467 2576 3522 ideo
2610 3464 2813 3520 addidit
2840 3463 3071 3528 libenter,
3103 3470 3159 3515 ut
3198 3475 3264 3515 eo
3290 3458 3457 3529 signi-

1846 3566 2031 3621 ficaret
2058 3578 2216 3634 posse
2239 3562 2455 3633 quidem
2482 3560 2832 3615 christianum
2864 3557 3133 3612 hominem
3165 3553 3457 3609 secundam

1845 3657 2043 3713 ducere
2073 3670 2297 3710 uxorem
2319 3696 2333 3721 ,
2366 3653 2457 3708 sed
2492 3652 2543 3707 id
2585 3667 2653 3708 ex
2707 3650 3037 3721 indulgentia
3068 3646 3145 3702 illi
3174 3646 3244 3701 ab
3298 3646 3461 3715 Apo-

1843 3751 1985 3806 stolo
2010 3747 2256 3804 concedi.
2286 3746 2439 3814 Vide,
2470 3745 2514 3799 si
2543 3745 2744 3811 lubeat,
2777 3758 2897 3815 qua:
2926 3758 3043 3798 eam
3080 3741 3131 3795 in
3176 3753 3291 3794 rem
3331 3734 3464 3791 alibi

1846 3841 2326 3898 animadvertimus
2381 3838 2552 3911 (Tom.
2587 3854 2603 3892 ι
2645 3838 2898 3910 Apparat.
2940 3835 3040 3891 loc.
3084 3832 3196 3899 cit.,
3235 3845 3285 3902 p.
3317 3827 3463 3884 20l5

1848 3945 1904 3992 et
1931 3933 2116 4007 καφ).

2452 4077 2748 4121 mucuws
2785 4064 2848 4117 ll.

1853 4226 2121 4296 Quomodo
2150 4224 2409 4280 Minucius
2435 4222 2629 4278 Cret-itii
2647 4226 3002 4291 argumentum
3030 4222 3207 4270 contra
3234 4212 3461 4269 ethnicos

1922 4330 2229 4388 retorqueat,
2271 4334 2332 4372 ac
2359 4332 2444 4375 eos
2484 4331 2599 4370 cum
2630 4312 2874 4369 matribus
2902 4319 2948 4366 et
2977 4308 3235 4365 sororibus
3265 4323 3460 4362 connu-

1924 4416 2060 4470 bium
2106 4414 2253 4479 inire,
2299 4420 2449 4481 atque
2485 4408 2695 4464 illorum
2735 4405 2855 4460 deos
2892 4413 3090 4473 stupro,
3122 4401 3373 4455 adulterio
3411 4408 3463 4455 et

1923 4510 2117 4565 incestu
2145 4508 2490 4579 coinquinata;
2515 4518 2579 4559 ea:
2603 4502 2829 4573 ipsorum
2858 4496 3111 4553 memoriis
3128 4495 3459 4549 demonstret.

1108 4663 1227 4718 Alio
1267 4673 1444 4717 autem
1492 4661 1544 4718 in
1589 4663 1747 4729 libro,
1776 4649 1830 4711 Ῑ)
1929 4663 2071 4721 Satis
2098 4661 2330 4719 Minucio
2368 4670 2553 4717 nostro
2583 4674 2689 4716 non
2717 4657 2817 4713 fuit
2842 4654 3167 4714 calumniam
3197 4649 3463 4722 repulisse

1857 4759 2193 4816 ethnicorum
2243 4772 2304 4812 ac
2345 4755 2777 4813 Christianorum
2832 4750 3152 4824 patefecisse
3200 4749 3462 4805 innocen-

1860 4853 1985 4906 tiam
2021 4869 2035 4905 :
2079 4851 2250 4922 pergit
2274 4852 2415 4906 enim
2444 4866 2507 4905 ac
2523 4847 2864 4904 validissimis
2883 4846 3149 4901 rationum
3174 4841 3464 4898 momentis

1858 4944 2195 4999 demonstrat
2236 4942 2490 5014 ipsosmet
2515 4941 2756 4998 Gentiles
2781 4939 2971 5007 stupri,
3008 4936 3254 4992 adulterii
3294 4943 3349 4991 et
3375 4934 3462 4990 in-

1860 5047 2061 5103 cestus,
2105 5036 2173 5090 de
2203 5052 2308 5106 quo
2347 5035 2679 5091 Christianos
2720 5032 2979 5087 invidiose
3019 5027 3462 5094 criminabantur,

1859 5144 1988 5184 vere
2013 5143 2135 5184 esse
2157 5127 2425 5182 conscios.
2450 5125 2545 5183 Jus
2575 5124 2835 5196 siquidem
2869 5141 2887 5175 ι
2926 5131 3009 5178 est
3032 5122 3168 5192 apud
3193 5120 3405 5187 Persas,
3438 5138 3460 5172 ι

1859 5220 2307 5290 quemadmodum
2361 5218 2451 5273 ille
2495 5218 2603 5282 ait,
2663 5237 2681 5269 ι
2738 5216 2950 5271 misceri
3004 5230 3124 5270 cum
3170 5214 3463 5279 matribus;

1860 5312 2127 5386 Egyptiis
2177 5324 2229 5368 et
2271 5311 2687 5367 Atheniensibus
2732 5326 2853 5366 cum
2902 5309 3176 5363 sororibus
3227 5307 3465 5379 legitima

1861 5408 2145 5463 connubia.
2198 5426 2217 5460 ι
2265 5406 2340 5461 De
2371 5406 2547 5461 Persis
2591 5418 2791 5470 autem,
2835 5411 3030 5475 praeter
3077 5401 3464 5458 Tertullianum

1863 5498 2180 5572 (Apologet.,
2213 5513 2332 5567 cap.
2365 5497 2420 5559 9,
2455 5512 2575 5569 pag.
2606 5496 2721 5568 ll),
2764 5496 3017 5550 Tatianus
3051 5495 3237 5551 scribit
3261 5494 3465 5550 Graecis

1864 5590 2277 5645 abominandum
2331 5588 2498 5644 videri
2531 5588 2671 5643 ﬁlios
2714 5603 2835 5643 cum
2882 5587 3140 5642 matribus
3182 5588 3294 5643 suis
3337 5600 3468 5642 con-

1862 5685 2034 5756 jungi,
2065 5684 2156 5739 sed
2190 5683 2317 5738 illud
2354 5684 2490 5754 apud
2525 5699 2708 5755 magos
2732 5684 3011 5738 Persarum
3045 5698 3166 5737 esse
3199 5682 3252 5736 in
3280 5681 3468 5751 primis

1868 5778 2129 5833 laudabile
2158 5777 2387 5851 (Tatian.
2422 5776 2567 5834 Orat.
2597 5786 2758 5832 contr.
2795 5774 2982 5843 Grata,
3012 5790 3134 5846 pag.
3168 5771 3313 5845 164).
3343 5772 3468 5828 Ori-

1871 5884 2037 5939 genes
2065 5886 2195 5926 vero
2229 5879 2503 5928 asseverat
2529 5869 2724 5926 multas
2754 5882 2873 5926 esse
2899 5867 3042 5939 leges
3069 5868 3262 5939 quibus
3290 5866 3468 5923 Persae
