3774 6270
347 320 456 377 503

1639 321 1726 376 DE
1752 320 2010 376 MlNliCll
2039 318 2217 376 OCTA
2230 320 2340 376 VlO
3478 333 3558 388 alii

354 452 461 491 non
489 449 756 507 arcentur,
793 456 812 490 ι
847 452 947 494 nec
974 444 1170 492 matres
1218 451 1244 490 a
1292 437 1544 505 liliorum,
1588 452 1689 493 nec
1718 447 1896 507 patres
1923 452 1953 492 a
1981 443 2031 500 Α
2058 438 2381 510 mqualesve,
2410 453 2479 494 ne
2498 439 2742 510 gemellis
2769 440 2984 510 quidem
3015 442 3258 511 exceptis,
3282 458 3398 512 quas
3417 457 3562 503 natura

356 529 586 585 tiliarttm
641 530 907 587 connubio
950 549 962 584 :

353 629 497 679 παισὶ
523 633 751 694 μητίροις,
781 628 905 692 μηδὲ
932 630 1021 678 ὑπὸ
1043 641 1136 679 τῶν
1154 632 1368 695 oratr-5pc.»
1393 633 1479 686 τὰς
1500 633 1677 681 ἑαυτῶν
1699 628 1958 694 ου’μιοὲροις

355 719 530 790 (Orig.
566 721 656 773 lib.
687 736 738 784 ν,
770 730 933 774 contr.
971 718 1131 784 Cels.,
1162 737 1279 791 pag.
1313 719 1466 790 248).
1500 720 1767 788 Quantum
1801 714 1959 788 pol‘ro

356 811 407 863 id
439 810 581 880 quod
623 810 740 864 aliis
787 811 1093 866 hominibus
1123 813 1280 882 plane
1309 812 1697 866 exsecrandum
1729 810 1956 871 videtur,

356 903 628 958 laudabile
662 903 1052 974 probatumque
1105 905 1280 958 Persis
1325 904 1502 967 fuerit,
1550 903 1726 958 disces
1768 918 1831 957 ex
1879 903 1960 956 his

360 994 598 1047 Philonis
626 994 797 1050 Judwi
836 996 1012 1051 verbis
1046 1014 1058 1049 Ξ
1088 1004 1319 1068 Μητέρας
1355 1005 1398 1052 οἱ
1436 1005 1480 1052 ἐν
1506 1006 1631 1054 τέλει
1670 1005 1852 1067 Περσῶν
1876 1000 1962 1057 τὰς

1014 551 1032 582 ι
1091 537 1181 584 Ms
1232 536 1484 595 κωλύοντες
1535 532 1798 602 γαμεῖσθαι
1858 535 1956 591 τοῖς

353 1093 505 1143 αὖτῶν
550 1095 783 1155 ἄγονται,
830 1094 911 1143 καὶ
952 1098 1055 1152 τοὺς
1093 1098 1262 1161 φύντας
1300 1098 1351 1145 ἐκ
1392 1098 1567 1146 τούτων
1616 1095 1962 1161 capessant/rotas

353 1192 646 1249 νομίζουσιν,
682 1187 765 1237 καὶ
806 1194 1059 1255 βασιλείοις
1098 1198 1181 1244 τῆς
1210 1194 1451 1252 μεγίστης.
1483 1191 1542 1245 ὡς
1570 1188 1718 1251 λόγος,
1752 1190 1912 1249 ἀξίους
1947 1200 1960 1237 ε

364 1290 383 1322 ι
426 1272 811 1328 Houomtiores
843 1275 1022 1329 Persas
1058 1289 1180 1329 cum
1211 1276 1469 1329 matribus
1498 1275 1817 1329 contrahttnt
1844 1288 1961 1328 ma-

355 1363 628 1429 trimonia,
662 1376 714 1420 ct
751 1376 904 1421 natos
933 1367 1055 1421 inde
1095 1368 1423 1423 arbitramur
1448 1368 1828 1432 nobilissimos,
1876 1383 1964 1421 re-

355 1457 573 1526 gioque,
609 1467 667 1511 ttt
708 1457 910 1525 ferunt,
941 1460 1225 1527 dignantur
1276 1460 1412 1514 solio
1448 1477 1466 1511 ι
1501 1457 1700 1528 (Philo.
1760 1459 1848 1514 lib.
1902 1459 1966 1511 de

357 1549 569 1619 special.
602 1548 751 1621 Leg.,
787 1568 905 1621 pag.
937 1552 1088 1623 778).

433 1641 511 1695 Ad
557 1643 669 1696 ltmc
699 1660 825 1698 vero
866 1645 1018 1699 nobis
1060 1656 1175 1714 post
1218 1645 1510 1701 Eusebium
1552 1644 1764 1719 (Euseb.
1794 1645 1879 1699 tib.
1916 1661 1964 1712 ι,

357 1736 598 1809 Ρνωραν.
636 1737 859 1808 Evang.,
890 1755 1006 1808 cap.
1040 1741 1095 1806 4,
1125 1755 1245 1810 pag.
1271 1738 1361 1811 ll)
1382 1740 1532 1795 testis
1556 1750 1638 1796 est
1657 1738 1970 1795 Theodore-

2061 531 2178 601 ipso
2223 531 2385 586 natali
2429 532 2724 601 sejunctis;
2772 534 3173 604 intemperantia
3216 551 3331 591 vero
3367 539 3565 597 societate

2059 618 2332 687 cepulavit
2380 619 2697 685 insociabili,
2744 630 2799 675 et
2845 622 2985 676 male
3013 631 3304 693 comparata
3326 623 3561 694 junctum

2060 708 2262 781 (Philo,
2295 710 2393 765 loc.
2429 712 2515 764 cit.
2540 729 2593 782 p.
2633 710 2736 767 779
2764 723 2809 765 et
2830 712 3021 784 scqq.).

2137 805 2400 860 Diodorus
2432 820 2560 860 vero
2585 805 2799 861 Siculus
2830 808 2977 876 prius
3010 806 3214 860 dixerat
3236 806 3468 879 [Egyptiis
3487 825 3572 880 per-

2064 898 2285 953 missum
2317 899 2524 977 legibus
2575 914 2824 955 sororum
2878 915 3000 955 cum
3029 900 3271 956 fratribus
3298 901 3570 974 coniugium,

2062 990 2492 1061 quandoquidem
2517 992 2617 1046 hoc
2640 992 2762 1047 Isidi
2791 992 3014 1048 feliciter
3034 1003 3259 1049 cesserat
3280 1013 3290 1046 :
3311 1001 3455 1063 γαμεῖν
3472 1002 3572 1052 ἀδο-

2062 1092 2150 1154 φὰς
2177 1089 2259 1139 διὰ
2284 1094 2340 1140 τὸ
2358 1094 2535 1157 γεγονὸς
2555 1092 2601 1141 ὶν
2624 1090 2806 1147 τοῦτοις
2823 1104 2907 1149 τῆς
2931 1077 3083 1150 ius”
3114 1094 3334 1155 ἰπίτενμοι
3360 1088 3376 1158 (
3406 1088 3572 1146 ὓὶοόοι.

2069 1178 2258 1235 Sicul..
2311 1176 2404 1231 lib.
2440 1177 2754 1240 IBibliotlt.,
2785 1194 2904 1248 pag.
2949 1179 3059 1241 l6).

2141 1270 2392 1339 Ejusdem
2418 1271 2765 1340 iniquissima:
2788 1272 2921 1343 legis
2953 1273 3193 1327 meminit
3220 1273 3491 1339 Pausanias,
3515 1275 3578 1331 ulti

2066 1360 2134 1417 de
2181 1362 2470 1418 Ptolemaeo
2512 1378 2819 1419 sermonem
2857 1365 2936 1420 sic
2990 1365 3184 1420 habet:
3231 1369 3412 1426 οὗτοςδ
3451 1374 3579 1422 Πτολε·

2067 1460 2210 1519 μιιῖος
2262 1448 2491 1525 Ᾱρσινόης
2551 1456 2758 1525 ἀδελφῆς
2824 1462 3151 1529 ἀμφοτέρωθεν
3206 1459 3422 1528 ιρσσθεὶς,
3468 1466 3573 1529 ξγημι

2069 1554 2252 1613 dini-tt,
2309 1554 2581 1604 Μακέδοσιν
2642 1555 2857 1619 οὖδαιμῶς
2914 1562 3054 1605 ποίων
3107 1555 3402 1619 νομιζόμενοι,
3451 1556 3584 1619 [tt/ux-

2068 1652 2188 1702 τίσις
2236 1650 2434 1711 μέντοι,
2485 1645 2544 1695 ὧν
2591 1648 2707 1713 ἦρχε
2741 1660 2752 1696 :
2792 1662 2812 1694 ι
2843 1642 3161 1697 Ptolemaeus
3208 1643 3463 1707 Arsinoes,
3496 1657 3583 1712 ger-

2072 1749 2243 1788 mana:
2272 1734 2477 1791 sororis
2497 1719 2690 1790 amore
2710 1736 2922 1801 ductus,
2949 1751 3066 1788 cam
3090 1735 3191 1790 sibi
3209 1735 3509 1789 matrimonio
3523 1732 3587 1788 ad-

360 1841 468 1895 tus,
518 1832 655 1886 hanc
703 1832 1071 1899 impiis<imam
1121 1832 1291 1902 legem
1320 1848 1349 1886 a
1376 1831 1577 1886 Zarada
1620 1833 1780 1886 latam
1823 1846 1964 1898 esse,
1997 1837 2044 1896 Β
2067 1826 2264 1896 junxit,
2296 1837 2456 1899 atque
2480 1829 2529 1882 id
2556 1844 2705 1893 sane,
2728 1844 2832 1883 non
2854 1845 2921 1884 ex
2949 1828 3414 1886 Macedonum.sed
3438 1827 3587 1899 Egyp-

362 1938 504 1993 quzc,
566 1932 689 1993 post
738 1936 1007 1996 receptam
1052 1926 1121 1980 ab
1162 1925 1351 1981 iisdem
1396 1925 1574 1980 Persis
1621 1924 1964 1979 rhristianam

363 2015 548 2081 (idem,
580 2018 821 2085 protinus
853 2019 1107 2087 abrogata
1143 2028 1262 2074 est:
1297 2018 1442 2074 Κατά
1474 2028 1581 2080 τοὺς
1606 2022 1828 2090 Ζαράδου
1866 2024 1968 2072 πά-

358 2117 445 2162 ὶοιι
472 2118 649 2181 Πέρσαι
676 2117 1028 2180 πολιτευόμενοι
1056 2123 1243 2182 νόμους,
1286 2116 1368 2165 uti
1409 2118 1645 2184 μητράσι.
1699 2116 1783 2166 καὶ
1825 2117 1967 2167 ἀδελ-

363 2216 494 2273 φαῖς,
536 2207 618 2257 καὶ
674 2211 929 2277 θυγαθράσι
974 2215 1268 2274 μιγνύμενοι,
1318 2208 1401 2258 καὶ
1457 2215 1594 2272 νόμον
1654 2213 1837 2272 ἔννομον
1890 2214 1970 2257 τὸν

359 2310 663 2366 παρανομίειν
709 2305 994 2367 νομίζοντες,
1024 2304 1191 2360 ἐπειδὴ
1240 2315 1324 2362 τῆς
1368 2316 1461 2355 τῶν
1505 2303 1674 2353 ἀλιέων
1700 2307 1969 2367 νομοθεσίαις

367 2395 661 2455 {miscuerat-1,
694 2400 801 2453 τοὺς
831 2402 914 2460 μὲν
938 2399 1157 2463 Ζιιράδου
1181 2396 1347 2461 νόμους
1390 2400 1449 2452 ὡς
1488 2399 1732 2453 ἐπάτησοιν
1763 2414 1970 2461 παροινο-

362 2495 502 2551 μίιιν,
532 2498 619 2547 τήν
649 2491 697 2539 δὲ
723 2491 1030 2553 εὐαγγελικῆν
1058 2493 1347 2559 σωφροσύνην
1377 2494 1632 2554 ἠγάπησαν
1658 2504 1700 2539 :t
1733 2485 1965 2552 Persae,»

366 2575 543 2646 inquit
585 2578 695 2644 ille,
728 2598 746 2631 ι
771 2578 860 2649 qui
890 2596 952 2632 ex
997 2578 1218 2635 Zaradce
1241 2581 1368 2634 olim
1397 2579 1599 2649 legibus
1626 2578 1886 2643 viventes,
1921 2584 1974 2631 et

372 2670 636 2725 matribus
689 2680 745 2726 et
790 2673 1067 2727 sororibus
1107 2682 1162 2728 et
1208 2672 1415 2726 filiabus
1446 2686 1657 2742 quoque
1698 2670 1812 2724 suis
1841 2668 1973 2723 mis-

371 2763 653 2825 cebantur.
696 2775 750 2819 et
790 2779 904 2821 rem
944 2765 1344 2833 iujustissimam
1382 2767 1540 2834 iusta:
1570 2765 1704 2833 legis
1735 2763 1852 2817 loco
1880 2762 1975 2816 ba-

371 2853 611 2921 brbant,
654 2867 930 2926 postquam
974 2861 1296 2926 piscatorum
1329 2858 1472 2926 leges
1509 2855 1830 2921 audierunt,
1878 2854 1976 2908 Za-

374 2948 521 3003 radzc
552 2951 699 3020 leges
726 2959 784 3005 ut
810 2950 1042 3006 nefarias
1082 2953 1476 3021 proculcarnnt,
1516 2958 1571 3004 et
1611 2948 1976 3018 cvaugclicam

372 3042 761 3096 continentiam
807 3044 1038 3112 amplexi
1082 3053 1209 3098 sunt
1246 3062 1264 3095 ι
1302 3042 1656 3114 (ΤΙιεοάονει.,
1713 3051 1842 3097 tom.
1879 3057 1931 3095 tv
1956 3082 1972 3107 ,

369 3150 541 3192 serm.
572 3153 623 3192 tx
651 3138 715 3193 de
736 3137 938 3207 Legib.,
970 3152 1088 3208 pag.
1122 3134 1274 3209 614).
1325 3135 1442 3191 Jam
1485 3150 1612 3190 vero
1648 3135 1715 3190 de
1745 3134 1845 3189 hac
1876 3150 1973 3191 ne-

2068 1920 2285 1985 tiorutu,
2311 1920 2503 1991 quibus
2534 1920 2851 1992 imperabat,
2872 1920 2990 1991 lege
3030 1920 3161 1976 fecit
3196 1940 3215 1973 ι
3244 1920 3587 1993 (Pausan.,lib.

2068 2026 2107 2075 ι.
2140 2026 2258 2080 pag.
2304 2009 2383 2081 6).
2443 2011 2695 2067 Etuilius
2725 2027 2937 2082 quoque
2982 2012 3211 2077 Probus,
3239 2012 3347 2066 sive
3373 2020 3523 2065 auctor
3543 2011 3589 2065 li-

2070 2102 2197 2157 belli
2227 2102 2291 2157 de
2329 2101 2465 2158 Viris
2510 2104 2814 2171 illustribus,
2843 2103 2909 2158 ad
2953 2106 3209 2171 Atticum,
3261 2103 3433 2158 eadem
3457 2103 3506 2157 de
3526 2101 3590 2156 Ci-

2070 2196 2247 2251 monis
2304 2196 2445 2267 apud
2492 2198 2849 2251 Athenienses
2894 2212 3018 2251 cum
3078 2195 3294 2266 Elpenia
3335 2209 3491 2249 sorore
3521 2207 3591 2247 sua

2071 2287 2322 2358 conjugio
2373 2302 2620 2342 narrasse
2647 2288 2866 2358 legitur.
2901 2287 3223 2342 Plutarchus
3253 2296 3414 2341 tamen
3439 2300 3529 2339 cam
3548 2283 3594 2337 ab

2072 2379 2164 2434 illo
2192 2378 2404 2434 ductam
2434 2380 2599 2435 fuisse
2623 2379 2751 2434 dicit
2782 2381 2901 2451 quia
2933 2396 3121 2449 parem
3155 2381 3359 2451 generis
3380 2380 3449 2434 sui
3471 2377 3594 2447 digni-

2075 2481 2183 2527 tate
2213 2486 2462 2539 Sponsatn
2509 2488 2614 2526 non
2664 2456 2936 2528 invenerat
2967 2473 2986 2546 (
3021 2473 3319 2535 Plutarch.,
3361 2481 3472 2526 tom.
3497 2485 3526 2533 ι,
3560 2469 3593 2520 iu

2088 2566 2187 2621 Vit.
2220 2564 2448 2633 (limata,
2478 2582 2597 2637 pag.
2628 2567 2782 2632 481).
2817 2565 3114 2621 Allienmus
3144 2580 3270 2620 vero
3297 2564 3342 2618 id
3376 2572 3528 2617 contra
3551 2560 3597 2612 le-

2073 2674 2168 2730 ges
2199 2660 2393 2714 factum
2421 2674 2542 2715 esse
2571 2660 2764 2713 asserit
2808 2659 3111 2731 (Atheuze.,
3144 2658 3241 2713 lib.
3272 2672 3377 2719 xm,
3411 2652 3593 2726 Deipser.

2076 2766 2196 2826 pag.
2230 2753 2382 2827 589).
2412 2756 2478 2808 At
2504 2754 2636 2809 satis
2669 2755 2926 2808 hactenus
2953 2768 2981 2807 a
3015 2753 3176 2807 nobis
3206 2752 3458 2821 probatum
3490 2754 3597 2815 puta-

2078 2861 2219 2910 mus.
2239 2847 2378 2917 quod
2410 2856 2595 2901 auctor
2612 2855 2798 2901 noster
2815 2845 2882 2900 de
2898 2845 2980 2898 his
2995 2860 3124 2899 eum
3142 2841 3509 2898 Atheniensium
3521 2847 3598 2890 tum

2076 2937 2451 3011 ranptiorum
2479 2939 2720 2994 scelestis
2769 2935 3107 3006 nefariisque
3134 2934 3384 3005 coniugiis
3418 2926 3596 2984 tradidit.

2148 3031 2312 3086 lnStat
2338 3039 2517 3087 tamen
2544 3031 2634 3085 ille
2664 3030 2859 3087 aerius.
2888 3040 2939 3084 et
2972 3032 3051 3085 sic
3096 3028 3352 3084 adversus
3390 3020 3596 3079 Cmcilium

2076 3124 2427 3194 ethnicosque
2467 3125 2705 3194 disputat
2742 3142 2756 3179 :
2796 3144 2815 3177 ι
2839 3123 3121 3179 Memoria:
3165 3133 3218 3178 et
3247 3118 3487 3192 tragoedia
3512 3128 3596 3168 ves-

373 3229 532 3285 fanda
572 3205 857 3286 Persarum
913 3205 1060 3298 lege-
1081 3239 1136 3282 et
1183 3205 1571 3283 consuetudine
1594 3254 1598 3259 η
1623 3227 1976 3284 disseruimus
2001 3222 2047 3287 C
2081 3226 2177 3273 trte
2226 3219 2443 3273 incestis
2489 3219 2808 3288 gloriantur,
2839 3232 2974 3287 quas
3012 3232 3117 3271 vos
3148 3216 3366 3271 libenter
3405 3205 3600 3279 etlegilis

375 3322 557 3393 (Tum.
613 3324 904 3392 tApparat.
945 3320 1032 3375 lib.
1076 3336 1166 3387 ιιι,
1197 3320 1397 3375 dissert.
1426 3336 1482 3384 ll,
1511 3335 1627 3390 cap.
1660 3319 1750 3373 2i.
1781 3327 1885 3374 art.
1923 3321 1973 3389 1,

374 3428 498 3483 pag.
524 3412 664 3469 1259
690 3424 743 3467 et
763 3415 924 3481 seqq).

447 3502 529 3558 Ad
561 3503 844 3575 Egyptios
886 3503 1347 3573 Atheniensesque
1388 3504 1431 3557 si
1475 3503 1772 3571 veniamus,
1820 3501 1975 3557 Philo

376 3596 596 3650 Judmus
627 3605 981 3664 utrorumque
1023 3596 1326 3667 coniugium
1359 3596 1648 3667 pessimum
1691 3611 1811 3651 esse
1853 3612 1977 3665 pro-

377 3687 588 3742 nuntiat
634 3704 647 3740 :
692 3705 711 3737 ι
752 3686 1064 3757 Prmcipitur
1094 3703 1160 3741 nc
1198 3703 1438 3742 sororem
1471 3687 1684 3756 quidem
1713 3702 1833 3743 esse
1871 3687 1971 3741 du-

375 3779 637 3844 cendam;
670 3779 952 3834 honestum
993 3794 1122 3834 sane
1150 3789 1472 3849 praeceptum
1504 3788 1558 3834 et
1585 3789 1765 3848 aptum
1798 3781 1971 3834 conti-

360 3874 597 3939 ‘nentiae,
654 3874 900 3944 quamvis
944 3873 1362 3928 Atheniensibus
1392 3862 1434 3927 ὁ
1480 3882 1564 3942 μὲν
1608 3877 1755 3928 Σὸὶων
1788 3881 1975 3943 ὁμοπα-

373 3979 527 4039 τρίους
557 3972 699 4041 ipse}:
727 3975 947 4033 ἄγεσθαι,
978 3973 1065 4029 rit;
1109 3972 1430 4037 ὁμομητρίους
1462 3975 1702 4022 ἐκώλυσεν
1733 3972 1758 4021 ὁ
1785 3971 1833 4018 δὲ
1866 3974 1973 4018 Λιι-

371 4066 682 4129 ιιῑδοιιμινίων
708 4069 961 4129 νομοθέτης
991 4067 1219 4129 ἔμπαλιν,
1258 4070 1339 4117 τὸν
1374 4066 1456 4115 lari
1495 4066 1603 4123 ταῖς
1641 4065 1973 4131 ὁμογιιστρὶοις

373 4163 523 4223 γάμον
566 4163 840 4225 ἕντι-τρέψαις,
870 4165 950 4208 τὸν
990 4164 1109 4225 arpi:
1149 4160 1234 4215 τὰς
1276 4160 1595 4223 operta/spici):
1620 4158 1837 4208 ἀπεῖπεν
1871 4158 1895 4207 ὁ
1924 4157 1974 4207 δὲ

371 4260 460 4303 τῶν
477 4253 744 4313 Αἰγυπτίων
765 4254 1004 4315 χὶευεὶςων
1030 4258 1116 4303 τήν
1141 4255 1370 4317 ἑκατέρων
1398 4251 1664 4311 εὔλάϐειοιν,
1684 4252 1743 4307 ὧς
1766 4253 1973 4316 ἡμίεργα

370 4345 783 4407 διαταττομὲνων,
829 4343 1076 4412 εὐφόρησεν
1125 4344 1189 4401 εὶς
1234 4345 1479 4410 ἀσέλγειαν
1531 4342 1971 4406 ἐπιδαψιλευόμενος

371 4435 738 4502 δυσοεράτευτον
764 4440 905 4486 κακὸν
925 4442 1105 4501 σώμασι
1137 4435 1217 4486 καὶ
1239 4436 1433 4500 ψυχῆς,
1472 4438 1726 4502 ἀκρισίαν,
1764 4435 1845 4484 καὶ
1876 4454 1972 4483 ποι-

368 4531 555 4594 ρασχῶν
582 4528 745 4578 ἄδειαν
773 4529 963 4584 ἁπάσας
1007 4526 1209 4591 ἀδελφὰς
1250 4530 1465 4588 ἄγεσθαι,
1512 4528 1597 4583 τάς
1634 4546 1683 4579 τε
1730 4526 1848 4585 ἰδίας
1881 4529 1971 4577 τοῦ

2079 3318 2135 3364 et
2178 3309 2393 3364 auditis.
2448 3310 2538 3367 Sic
2575 3319 2627 3365 et
2657 3308 2790 3365 deos
2835 3309 3013 3363 colitis
3041 3308 3302 3364 incestos.
3328 3325 3345 3358 ι
3387 3299 3598 3358 Memmia-

2076 3419 2197 3460 rum
2243 3415 2420 3460 autem
2464 3405 2681 3459 nomine
2711 3417 2869 3474 supra
2899 3417 3029 3458 usus
3074 3402 3248 3459 fuerat
3278 3419 3293 3456 :
3326 3419 3344 3452 ι
3365 3399 3524 3468 Specta
3552 3389 3601 3444 de

2074 3498 2227 3554 libris
2255 3500 2558 3554 memorias.
2585 3516 2603 3549 ι
2643 3498 2709 3553 Et
2739 3496 2841 3552 hoc
2865 3495 3089 3567 quidem
3113 3496 3329 3550 verbum
3356 3492 3414 3545 ab
3438 3493 3489 3543 A.
3511 3482 3600 3541 Gel-

2076 3595 2149 3650 lio
2173 3594 2370 3663 sacpius
2401 3602 2712 3662 usurpatum
2743 3598 2845 3646 est.
2879 3588 3095 3645 Alicubi
3124 3589 3267 3645 enim
3292 3603 3305 3642 :
3326 3605 3343 3638 ι
3363 3582 3412 3639 lu
3440 3578 3595 3642 libris,t

2076 3686 2267 3756 inquit,
2305 3704 2324 3737 ι
2360 3685 2740 3739 memoriarum
2782 3681 3038 3751 scriptum
3065 3690 3151 3736 est
3185 3700 3204 3734 ι
3229 3681 3313 3753 (A.
3339 3675 3457 3731 Gell.
3481 3670 3552 3723 lib.
3575 3681 3599 3717 ι’

2078 3778 2213 3833 Noc.
2246 3778 2426 3843 Attia,
2459 3791 2578 3847 cap.
2612 3775 2691 3848 5).
2748 3774 2886 3828 Alibi
2932 3787 3063 3827 Vero
3092 3771 3409 3843 simplicius:
3434 3763 3508 3818 tln
3532 3773 3599 3813 ve-

2075 3871 2280 3926 teribus
2324 3868 2599 3924 memoriis
2626 3870 2889 3938 scriptum
2919 3866 3152 3938 legimus
3185 3885 3204 3919 s
3236 3865 3256 3938 (
3286 3862 3383 3919 Lib.
3406 3872 3477 3922 tv,
3497 3866 3591 3920 cap.

2076 3965 2154 4037 6).
2198 3965 2469 4021 Memoriae
2510 3972 2687 4035 Itaque
2741 3963 2882 4018 idem
2915 3970 3116 4017 sonant
3161 3976 3226 4017 ac
3275 3962 3462 4025 scripta,
3486 3960 3601 4004 com-

2075 4060 2333 4115 mcntaria
2386 4068 2440 4115 et
2488 4074 2548 4115 ea
2603 4072 2720 4129 qum
2767 4057 2964 4112 litteris
3005 4057 3087 4123 ad
3130 4071 3307 4113 rerum
3350 4045 3598 4106 memoriam

2076 4153 2325 4209 mandata
2372 4153 2599 4209 inerant.
2632 4153 2749 4219 Quo
2779 4152 2942 4208 etiam
2983 4166 3149 4207 sensu
3181 4147 3506 4207 Tertulliauus
3536 4135 3596 4192 tli-

2074 4245 2186 4301 xit:
2217 4264 2235 4298 ι
2259 4246 2405 4301 Inter
2443 4253 2638 4301 ca‘tera
2677 4244 3059 4299 ntetnoriarutn
3095 4262 3114 4294 ι
3144 4239 3384 4311 (Tertull.
3413 4230 3593 4301 Αροίοθη

2073 4352 2191 4407 cap.
2225 4338 2313 4410 18)
2337 4354 2352 4403 ;
2373 4346 2428 4393 et
2468 4337 2625 4406 paulo
2654 4347 2794 4408 post,
2835 4354 2853 4387 ι
2878 4350 3041 4390 canas
3071 4335 3436 4391 memoriarum
3467 4332 3597 4398 tmp-

2076 4432 2165 4496 19,
2187 4447 2308 4502 pag.
2335 4431 2447 4501 19).
2486 4431 2625 4487 Alibi
2670 4445 2835 4486 vero:
2867 4448 2886 4481 ι
2906 4430 3218 4485 Secundum
3263 4422 3514 4481 memorias
3536 4428 3603 4484 po-

2076 4524 2232 4593 pulus
2277 4523 2611 4592 Judaaorum,
2670 4524 2722 4578 id
2751 4532 2834 4579 est
2876 4522 3169 4593 antiquior.
3231 4518 3470 4576 derelicto
3507 4512 3599 4572 000.

365 4622 526 4686 ἑτέρου
548 4632 638 4671 τῶν
663 4625 825 4682 γονέων
854 4620 989 4670 τοῦδε
1022 4622 1051 4675 ἢ
1085 4620 1242 4680 τοῦδε,
1268 4619 1350 4669 καὶ
1375 4622 1464 4676 τὰς
1488 4623 1537 4680 ἐξ
1564 4620 1856 4688 ἀμφοῖν,ιιοιὶ
1879 4623 1965 4676 τὰς

2073 4614 2231 4671 idolis
2293 4616 2512 4671 servivit
2558 4635 2576 4669 ι
2612 4615 2763 4688 (Lib.
2796 4616 2997 4669 advers.
3027 4612 3264 4678 Judwos,
3309 4625 3419 4680 cap.
3454 4621 3486 4667 ι,
3512 4614 3601 4671 P33-

368 4713 420 4762 οὖ
451 4716 674 4778 νεωτέρας
699 4711 856 4777 μόνον,
882 4711 1008 4761 ἀλλὰ
1032 4711 1114 4761 καὶ
1143 4715 1476 4779 πρεσϐυτέρας.
1512 4713 1593 4763 καὶ
1619 4712 1852 4772 ὶσηλίκας,
1879 4712 1963 4761 καὶ

365 4803 556 4868 δίδυμοι
581 4805 677 4871 γὰρ
696 4801 926 4860 πολλάκις
956 4806 1273 4866 ἕγενντζθησοιν.
1301 4802 1376 4859 οὓς
1403 4807 1430 4860 ἦ
1460 4808 1544 4867 μὲν
1578 4804 1710 4870 eam
1753 4802 1859 4869 ἅμα.
1903 4814 1961 4873 τῇ

363 4902 535 4961 γενέσει
557 4899 802 4966 διῆρτησε,
824 4898 903 4948 καὶ
935 4898 1185 4961 διέξευξεν.
1265 4899 1314 4947 δὲ
1347 4897 1582 4949 ἀκολνσίσι
1606 4898 1689 4948 καὶ
1710 4898 1962 4963 φιληδονία

358 4989 426 5046 εἱς
450 4997 690 5041 κοινωνίαν
714 4993 922 5042 ἐκάλεσεν
943 4990 1269 5051 ἀκοινώνητον,
1295 4991 1375 5041 καὶ
1402 4993 1630 5060 ἁρμονίαν
1650 4990 1959 5059 ἀνάρμοστον.

367 5097 385 5129 ι
425 5080 587 5136 Solon
631 5080 731 5135 hoc
767 5081 1017 5134 observat
1058 5081 1109 5135 in
1157 5080 1380 5135 uterinis
1426 5088 1628 5135 tantum
1657 5080 1953 5151 germanis,

356 5171 547 5228 eodem
580 5181 731 5242 patre
769 5172 1045 5243 prognatis
1071 5172 1324 5241 relinquit
1352 5172 1601 5229 liberum.
1630 5171 1827 5228 Contra
1860 5173 1957 5228 La-

356 5265 810 5320 ceda-moniorum
835 5264 1110 5334 legislator
1138 5264 1358 5320 uterinis
1389 5279 1495 5319 non
1525 5264 1794 5319 interdicit
1821 5280 1955 5319 con-

354 5355 539 5421 nubio,
587 5355 680 5410 sed
721 5355 849 5410 solis
878 5355 1065 5411 eodem
1106 5367 1257 5425 patre
1296 5357 1508 5427 genitis.
1543 5358 1610 5411 At
1645 5356 1951 5429 Egyptius,

312 5488 321 5493 ς
349 5444 534 5501 ridens
565 5449 840 5514 utriusque
865 5449 1257 5517 simplicitatem
1275 5458 1327 5502 et
1347 5449 1721 5515 semiperfecta
1739 5451 1954 5519 placita,

350 5537 550 5591 laxavit
598 5538 892 5602 libidinem,
937 5549 990 5593 ct
1034 5540 1180 5594 ausit
1225 5540 1276 5594 in
1304 5542 1620 5610 corporibus
1658 5543 1955 5613 animisque

349 5627 649 5684 insanabile
695 5631 893 5685 malum
939 5630 1387 5699 intemperantim,
1435 5635 1690 5702 permissa
1739 5635 1953 5690 licentia

347 5719 576 5773 ducendi
622 5736 861 5787 sorores,
895 5723 1008 5778 sive
1046 5739 1140 5792 per
1169 5725 1482 5780 alterutrum
1526 5737 1800 5797 parentem
1840 5728 1955 5786 sive

347 5825 446 5879 per
476 5823 760 5882 utrumque
792 5824 1067 5883 cognatas,
1099 5815 1331 5884 majores
1358 5819 1559 5887 pariter
1597 5827 1651 5876 et
1693 5820 1950 5889 minores,

2065 4705 2217 4777 205).
2261 4707 2480 4762 Cmcilio
2537 4709 2696 4779 igitur
2742 4719 2892 4764 reetc
2933 4706 3189 4762 Octavius
3234 4694 3595 4774 exprobratlec-

2066 4807 2150 4854 tas
2199 4800 2515 4871 auditasque
2543 4800 2747 4856 lubenti
2775 4800 2956 4855 animo
2983 4815 3011 4852 a
3037 4798 3329 4871 gentilibus
3354 4786 3599 4850 Metuorias.

2068 4892 2169 4948 hoc
2194 4903 2278 4947 est
2304 4892 2501 4965 scripta
2536 4905 2589 4949 et
2621 4893 2784 4948 libros
2829 4908 2923 4947 seu
2956 4892 3301 4946 historiarum
3337 4903 3423 4945 seu
3451 4888 3594 4955 poeu'

2065 5001 2183 5040 rum
2210 4987 2402 5057 quibus
2428 4986 2649 5056 scripto,
2668 5002 2732 5041 ac
2758 4986 3049 5058 tragmdias
3069 4987 3226 5056 queis
3245 4998 3368 5039 voce
3394 4989 3441 5035 et
3463 4982 3599 5049 gestu,

2061 5079 2295 5135 incestus
2347 5080 2572 5135 deorum
2630 5095 2848 5136 suorum
2904 5079 3430 5153 repraesentahantur.
3472 5067 3601 5126 Nemo

2060 5173 2203 5228 enim
2276 5172 2493 5243 estqui
2564 5177 2765 5229 nesciat
2820 5172 2873 5227 in
2938 5171 3228 5227 eorumdiis
3279 5161 3601 5237 tragtediistlue

2058 5274 2338 5334 poetarum
2370 5274 2474 5319 tam
2505 5261 2814 5321 Gra'corum
2850 5280 3010 5336 quam
3051 5263 3381 5322 Latinorum,
3427 5262 3476 5308 et
3494 5248 3599 5304 alio-

2058 5372 2176 5413 rum
2204 5358 2541 5413 ethnicorum
2571 5357 2824 5421 historiis,
2854 5366 3060 5428 stupra,
3090 5354 3356 5409 adulteria
3379 5356 3515 5416 atque
3535 5341 3597 5392 ll“

2060 5462 2244 5508 cestus
2287 5452 2509 5508 deorum
2557 5467 2662 5505 non
2709 5452 2886 5506 minus
2918 5452 3242 5521 frequenter
3287 5455 3435 5513 quam
3473 5437 3611 5521 inti“?

2060 5544 2254 5601 denter
2276 5546 2573 5602 decantari.
2599 5545 2735 5602 Vide
2757 5556 2957 5607 autem,
2989 5520 3033 5601 si
3064 5561 3094 5600 v
3117 5548 3237 5596 acat
3264 5548 3315 5593 et
3341 5535 3490 5621 lubet,
3511 5520 3608 5621 tl‘lld

2059 5636 2128 5692 de
2157 5635 2307 5693 hisce
2331 5636 2612 5694 cotitmdiis
2655 5651 2716 5690 ac
2756 5636 3030 5709 tragoediis
3079 5631 3331 5690 dixerint
3354 5617 3611 5716 Lactantius

2060 5728 2327 5801 (Lactant.
2361 5728 2450 5784 lib.
2487 5745 2560 5795 vt,
2595 5727 2849 5796 Institut.,
2899 5743 2998 5798 cap
3056 5723 3168 5787 20,
3201 5736 3317 5791 pag.
3347 5730 3357 5767 ι
3382 5714 3467 5774 19;
3496 5714 3608 5801 etin

2057 5797 2290 5891 Epitom.
2320 5834 2369 5875 c.
2422 5818 2538 5891 63),
2571 5817 2872 5891 Cyprianus
2919 5815 3214 5892 (Cyprian.
3259 5810 3413 5883 Epist.
3444 5801 3503 5855 ad
3524 5797 3605 5851 Do-
