  <div class='ocr_page' id='page_1' title='image "/cluster/home/n/w/nwhite01/storage/ocr_20150623/3/uva.x000669812/304.png"; bbox 0 0 3818 6282; ppageno 0'>
   <div class='ocr_carea' id='block_1_1' title="bbox 157 375 256 430">
    <p class='ocr_par' dir='ltr' id='par_1_1' title="bbox 157 375 256 430">
     <span class='ocr_line' id='line_1_1' title="bbox 157 375 256 430; baseline 0.04 -3"><span class='ocrx_word' id='word_1_1' title='bbox 157 375 256 430; x_wconf 77' lang='lat'><strong>505</strong></span> 
     </span>
    </p>
   </div>
   <div class='ocr_carea' id='block_1_2' title="bbox 1551 374 2011 432">
    <p class='ocr_par' dir='ltr' id='par_1_2' title="bbox 1551 374 2011 432">
     <span class='ocr_line' id='line_1_2' title="bbox 1551 374 2011 432; baseline 0.007 -3"><span class='ocrx_word' id='word_1_2' title='bbox 1551 374 2011 432; x_wconf 76' lang='lat' dir='ltr'><strong>DISSERTATIO.</strong></span> 
     </span>
    </p>
   </div>
   <div class='ocr_carea' id='block_1_3' title="bbox 3331 374 3438 433">
    <p class='ocr_par' dir='ltr' id='par_1_3' title="bbox 3331 374 3438 433">
     <span class='ocr_line' id='line_1_3' title="bbox 3331 374 3438 433; baseline -0.028 0"><span class='ocrx_word' id='word_1_3' title='bbox 3331 374 3438 433; x_wconf 72' lang='lat'><strong>506</strong></span> 
     </span>
    </p>
   </div>
   <div class='ocr_carea' id='block_1_4' title="bbox 153 488 3437 566">
    <p class='ocr_par' dir='ltr' id='par_1_4' title="bbox 153 488 3437 566">
     <span class='ocr_line' id='line_1_4' title="bbox 153 488 3437 566; baseline 0.001 -23"><span class='ocrx_word' id='word_1_4' title='bbox 153 500 273 549; x_wconf 75' lang='grc' dir='ltr'><strong>παι..</strong></span> <span class='ocrx_word' id='word_1_5' title='bbox 303 504 426 560; x_wconf 89' lang='lat' dir='ltr'><strong>pag.</strong></span> <span class='ocrx_word' id='word_1_6' title='bbox 461 490 540 561; x_wconf 82' lang='lat'><strong>5),</strong></span> <span class='ocrx_word' id='word_1_7' title='bbox 575 490 906 560; x_wconf 74' lang='lat' dir='ltr'><strong>Augustinus</strong></span> <span class='ocrx_word' id='word_1_8' title='bbox 936 490 1243 562; x_wconf 78' lang='lat' dir='ltr'><strong>(Augusﬁn.</strong></span> <span class='ocrx_word' id='word_1_9' title='bbox 1291 490 1387 545; x_wconf 85' lang='lat' dir='ltr'><strong>lib.</strong></span> <span class='ocrx_word' id='word_1_10' title='bbox 1422 506 1461 545; x_wconf 90' lang='grc' dir='ltr'><strong>ιι</strong></span> <span class='ocrx_word' id='word_1_11' title='bbox 1492 492 1556 545; x_wconf 80' lang='lat' dir='ltr'><strong>de</strong></span> <span class='ocrx_word' id='word_1_12' title='bbox 1584 488 1733 545; x_wconf 87' lang='lat' dir='ltr'><strong>Civit.</strong></span> <span class='ocrx_word' id='word_1_13' title='bbox 1762 492 1815 551; x_wconf 83' lang='lat' dir='ltr'><strong>A</strong></span> <span class='ocrx_word' id='word_1_14' title='bbox 1842 491 1985 546; x_wconf 90' lang='lat' dir='ltr'><strong>milis</strong></span> <span class='ocrx_word' id='word_1_15' title='bbox 2010 492 2199 548; x_wconf 67' lang='lat' dir='ltr'><strong>bestiae</strong></span> <span class='ocrx_word' id='word_1_16' title='bbox 2219 494 2567 564; x_wconf 87' lang='lat' dir='ltr'><strong>superﬁciem</strong></span> <span class='ocrx_word' id='word_1_17' title='bbox 2593 507 2964 551; x_wconf 79' lang='lat' dir='ltr'><strong>consecrasse.</strong></span> <span class='ocrx_word' id='word_1_18' title='bbox 3008 496 3182 566; x_wconf 83' lang='lat' dir='ltr'><strong>Atque</strong></span> <span class='ocrx_word' id='word_1_19' title='bbox 3210 494 3280 551; x_wconf 89' lang='lat' dir='ltr'><strong>ita</strong></span> <span class='ocrx_word' id='word_1_20' title='bbox 3312 490 3437 548; x_wconf 81' lang='lat' dir='ltr'><strong>inde</strong></span> 
     </span>
    </p>
   </div>
   <div class='ocr_carea' id='block_1_5' title="bbox 150 581 1740 655">
    <p class='ocr_par' dir='ltr' id='par_1_5' title="bbox 150 581 1740 655">
     <span class='ocr_line' id='line_1_5' title="bbox 150 581 1740 655; baseline 0.001 -19"><span class='ocrx_word' id='word_1_21' title='bbox 150 596 260 651; x_wconf 85' lang='lat' dir='ltr'><strong>cap.</strong></span> <span class='ocrx_word' id='word_1_22' title='bbox 287 583 320 638; x_wconf 91' lang='lat'><strong>8</strong></span> <span class='ocrx_word' id='word_1_23' title='bbox 346 594 399 636; x_wconf 87' lang='lat' dir='ltr'><strong>et</strong></span> <span class='ocrx_word' id='word_1_24' title='bbox 445 581 636 655; x_wconf 91' lang='lat' dir='ltr'><strong>seqq.)</strong></span> <span class='ocrx_word' id='word_1_25' title='bbox 664 592 720 637; x_wconf 81' lang='lat' dir='ltr'><strong>et</strong></span> <span class='ocrx_word' id='word_1_26' title='bbox 761 582 874 637; x_wconf 89' lang='lat' dir='ltr'><strong>alii.</strong></span> <span class='ocrx_word' id='word_1_27' title='bbox 920 581 1047 639; x_wconf 88' lang='lat' dir='ltr'><strong>Sed.</strong></span> <span class='ocrx_word' id='word_1_28' title='bbox 1100 597 1198 637; x_wconf 91' lang='lat' dir='ltr'><strong>nos</strong></span> <span class='ocrx_word' id='word_1_29' title='bbox 1240 582 1389 652; x_wconf 89' lang='lat' dir='ltr'><strong>plura</strong></span> <span class='ocrx_word' id='word_1_30' title='bbox 1432 582 1500 638; x_wconf 91' lang='lat' dir='ltr'><strong>de</strong></span> <span class='ocrx_word' id='word_1_31' title='bbox 1539 582 1644 638; x_wconf 90' lang='lat' dir='ltr'><strong>illis</strong></span> <span class='ocrx_word' id='word_1_32' title='bbox 1687 583 1740 638; x_wconf 91' lang='lat' dir='ltr'><strong>in</strong></span> 
     </span>
    </p>
   </div>
   <div class='ocr_carea' id='block_1_6' title="bbox 152 672 1490 744">
    <p class='ocr_par' dir='ltr' id='par_1_6' title="bbox 152 672 1490 744">
     <span class='ocr_line' id='line_1_6' title="bbox 152 672 1490 744; baseline 0.004 -18"><span class='ocrx_word' id='word_1_33' title='bbox 152 672 244 730; x_wconf 84' lang='lat' dir='ltr'><strong>hac</strong></span> <span class='ocrx_word' id='word_1_34' title='bbox 280 684 331 731; x_wconf 92' lang='lat' dir='ltr'><strong>et</strong></span> <span class='ocrx_word' id='word_1_35' title='bbox 357 676 715 744; x_wconf 78' lang='lat' dir='ltr'><strong>sequentibus</strong></span> <span class='ocrx_word' id='word_1_36' title='bbox 761 675 1231 732; x_wconf 71' lang='lat' dir='ltr'><strong>dissertationibus</strong></span> <span class='ocrx_word' id='word_1_37' title='bbox 1271 678 1490 731; x_wconf 88' lang='lat' dir='ltr'><strong>nostris.</strong></span> 
     </span>
    </p>
   </div>
   <div class='ocr_carea' id='block_1_7' title="bbox 218 766 1737 824">
    <p class='ocr_par' dir='ltr' id='par_1_7' title="bbox 218 766 1737 824">
     <span class='ocr_line' id='line_1_7' title="bbox 218 766 1737 824; baseline -0.001 -1"><span class='ocrx_word' id='word_1_38' title='bbox 218 768 330 823; x_wconf 78' lang='lat' dir='ltr'><strong>Alio</strong></span> <span class='ocrx_word' id='word_1_39' title='bbox 365 767 584 823; x_wconf 90' lang='lat' dir='ltr'><strong>tandem</strong></span> <span class='ocrx_word' id='word_1_40' title='bbox 619 767 782 823; x_wconf 92' lang='lat' dir='ltr'><strong>modo</strong></span> <span class='ocrx_word' id='word_1_41' title='bbox 811 766 1063 822; x_wconf 79' lang='lat' dir='ltr'><strong>Octavius</strong></span> <span class='ocrx_word' id='word_1_42' title='bbox 1111 767 1357 824; x_wconf 84' lang='lat' dir='ltr'><strong>ethnicos</strong></span> <span class='ocrx_word' id='word_1_43' title='bbox 1412 768 1603 823; x_wconf 78' lang='lat' dir='ltr'><strong>incesti</strong></span> <span class='ocrx_word' id='word_1_44' title='bbox 1653 767 1737 822; x_wconf 91' lang='lat' dir='ltr'><strong>id-</strong></span> 
     </span>
    </p>
   </div>
   <div class='ocr_carea' id='block_1_8' title="bbox 156 859 1741 930">
    <p class='ocr_par' dir='ltr' id='par_1_8' title="bbox 156 859 1741 930">
     <span class='ocr_line' id='line_1_8' title="bbox 156 859 1741 930; baseline -0.002 -14"><span class='ocrx_word' id='word_1_45' title='bbox 156 863 297 916; x_wconf 90' lang='lat' dir='ltr'><strong>circo</strong></span> <span class='ocrx_word' id='word_1_46' title='bbox 324 864 495 930; x_wconf 76' lang='lat' dir='ltr'><strong>arguit</strong></span> <span class='ocrx_word' id='word_1_47' title='bbox 527 859 670 930; x_wconf 90' lang='lat' dir='ltr'><strong>quod</strong></span> <span class='ocrx_word' id='word_1_48' title='bbox 702 860 855 915; x_wconf 87' lang='lat' dir='ltr'><strong>liberi</strong></span> <span class='ocrx_word' id='word_1_49' title='bbox 900 875 1088 915; x_wconf 87' lang='lat' dir='ltr'><strong>recens</strong></span> <span class='ocrx_word' id='word_1_50' title='bbox 1116 862 1246 926; x_wconf 89' lang='lat' dir='ltr'><strong>nati,</strong></span> <span class='ocrx_word' id='word_1_51' title='bbox 1295 861 1369 916; x_wconf 92' lang='lat' dir='ltr'><strong>uti</strong></span> <span class='ocrx_word' id='word_1_52' title='bbox 1393 861 1502 930; x_wconf 86' lang='lat' dir='ltr'><strong>jam</strong></span> <span class='ocrx_word' id='word_1_53' title='bbox 1531 861 1741 917; x_wconf 78' lang='lat' dir='ltr'><strong>dixerat</strong></span> 
     </span>
    </p>
   </div>
   <div class='ocr_carea' id='block_1_9' title="bbox 162 953 1734 1026">
    <p class='ocr_par' dir='ltr' id='par_1_9' title="bbox 162 953 1734 1026">
     <span class='ocr_line' id='line_1_9' title="bbox 162 953 1734 1026; baseline -0.002 -14"><span class='ocrx_word' id='word_1_54' title='bbox 162 966 219 1012; x_wconf 88' lang='lat' dir='ltr'><strong>et</strong></span> <span class='ocrx_word' id='word_1_55' title='bbox 243 972 272 1009; x_wconf 85' lang='lat' dir='ltr'><strong>a</strong></span> <span class='ocrx_word' id='word_1_56' title='bbox 298 957 448 1011; x_wconf 90' lang='lat' dir='ltr'><strong>nobis</strong></span> <span class='ocrx_word' id='word_1_57' title='bbox 477 955 611 1021; x_wconf 87' lang='lat' dir='ltr'><strong>pritts</strong></span> <span class='ocrx_word' id='word_1_58' title='bbox 641 953 989 1009; x_wconf 85' lang='lat' dir='ltr'><strong>observatum</strong></span> <span class='ocrx_word' id='word_1_59' title='bbox 1032 964 1115 1009; x_wconf 90' lang='lat' dir='ltr'><strong>est</strong></span> <span class='ocrx_word' id='word_1_60' title='bbox 1160 953 1311 1026; x_wconf 79' lang='lat' dir='ltr'><strong>(Cap.</strong></span> <span class='ocrx_word' id='word_1_61' title='bbox 1340 970 1489 1022; x_wconf 87' lang='lat' dir='ltr'><strong>supr.</strong></span> <span class='ocrx_word' id='word_1_62' title='bbox 1522 966 1622 1009; x_wconf 88' lang='lat' dir='ltr'><strong>art.</strong></span> <span class='ocrx_word' id='word_1_63' title='bbox 1656 955 1734 1023; x_wconf 79' lang='lat'><strong>5),</strong></span> 
     </span>
    </p>
   </div>
   <div class='ocr_carea' id='block_1_10' title="bbox 165 1039 1736 1122">
    <p class='ocr_par' dir='ltr' id='par_1_10' title="bbox 165 1039 1736 1122">
     <span class='ocr_line' id='line_1_10' title="bbox 165 1039 1736 1122; baseline -0.001 -16"><span class='ocrx_word' id='word_1_64' title='bbox 165 1067 305 1122; x_wconf 68' lang='lat' dir='ltr'><strong>saepe</strong></span> <span class='ocrx_word' id='word_1_65' title='bbox 349 1039 582 1121; x_wconf 68' lang='lat' dir='ltr'><strong>sepiusa</strong></span> <span class='ocrx_word' id='word_1_66' title='bbox 632 1049 948 1117; x_wconf 86' lang='lat' dir='ltr'><strong>parentibus</strong></span> <span class='ocrx_word' id='word_1_67' title='bbox 996 1051 1107 1105; x_wconf 88' lang='lat' dir='ltr'><strong>suis</strong></span> <span class='ocrx_word' id='word_1_68' title='bbox 1136 1059 1551 1118; x_wconf 86' lang='lat' dir='ltr'><strong>exponerentur.</strong></span> <span class='ocrx_word' id='word_1_69' title='bbox 1586 1049 1736 1104; x_wconf 82' lang='lat' dir='ltr'><strong>Haud</strong></span> 
     </span>
    </p>
   </div>
   <div class='ocr_carea' id='block_1_11' title="bbox 165 1142 1737 1213">
    <p class='ocr_par' dir='ltr' id='par_1_11' title="bbox 165 1142 1737 1213">
     <span class='ocr_line' id='line_1_11' title="bbox 165 1142 1737 1213; baseline -0.001 -15"><span class='ocrx_word' id='word_1_70' title='bbox 165 1160 284 1198; x_wconf 84' lang='lat' dir='ltr'><strong>raro</strong></span> <span class='ocrx_word' id='word_1_71' title='bbox 309 1145 441 1197; x_wconf 89' lang='lat' dir='ltr'><strong>enim</strong></span> <span class='ocrx_word' id='word_1_72' title='bbox 468 1142 744 1198; x_wconf 84' lang='lat' dir='ltr'><strong>accidebat</strong></span> <span class='ocrx_word' id='word_1_73' title='bbox 775 1151 834 1198; x_wconf 93' lang='lat' dir='ltr'><strong>ut</strong></span> <span class='ocrx_word' id='word_1_74' title='bbox 861 1143 1171 1213; x_wconf 69' lang='lat' dir='ltr'><strong>nequissimi</strong></span> <span class='ocrx_word' id='word_1_75' title='bbox 1204 1143 1737 1209; x_wconf 75' lang='lat' dir='ltr'><strong>liliidinosissiniique</strong></span> 
     </span>
    </p>
   </div>
   <div class='ocr_carea' id='block_1_12' title="bbox 163 1236 1737 1307">
    <p class='ocr_par' dir='ltr' id='par_1_12' title="bbox 163 1236 1737 1307">
     <span class='ocr_line' id='line_1_12' title="bbox 163 1236 1737 1307; baseline -0.001 -16"><span class='ocrx_word' id='word_1_76' title='bbox 163 1238 232 1291; x_wconf 86' lang='lat' dir='ltr'><strong>illi</strong></span> <span class='ocrx_word' id='word_1_77' title='bbox 257 1244 517 1305; x_wconf 81' lang='lat' dir='ltr'><strong>parentes,</strong></span> <span class='ocrx_word' id='word_1_78' title='bbox 549 1253 670 1290; x_wconf 89' lang='lat' dir='ltr'><strong>cum</strong></span> <span class='ocrx_word' id='word_1_79' title='bbox 722 1236 845 1291; x_wconf 91' lang='lat' dir='ltr'><strong>ﬁliis</strong></span> <span class='ocrx_word' id='word_1_80' title='bbox 884 1245 1008 1291; x_wconf 88' lang='lat' dir='ltr'><strong>natu</strong></span> <span class='ocrx_word' id='word_1_81' title='bbox 1052 1236 1428 1307; x_wconf 75' lang='lat' dir='ltr'><strong>grandioribus</strong></span> <span class='ocrx_word' id='word_1_82' title='bbox 1465 1246 1554 1290; x_wconf 89' lang='lat' dir='ltr'><strong>aut</strong></span> <span class='ocrx_word' id='word_1_83' title='bbox 1604 1236 1737 1289; x_wconf 88' lang='lat' dir='ltr'><strong>lilia-</strong></span> 
     </span>
    </p>
   </div>
   <div class='ocr_carea' id='block_1_13' title="bbox 155 1326 1733 1385">
    <p class='ocr_par' dir='ltr' id='par_1_13' title="bbox 155 1326 1733 1385">
     <span class='ocr_line' id='line_1_13' title="bbox 155 1326 1733 1385; baseline 0 -2"><span class='ocrx_word' id='word_1_84' title='bbox 155 1326 247 1383; x_wconf 81' lang='lat' dir='ltr'><strong>bus</strong></span> <span class='ocrx_word' id='word_1_85' title='bbox 283 1326 347 1383; x_wconf 85' lang='lat' dir='ltr'><strong>ad</strong></span> <span class='ocrx_word' id='word_1_86' title='bbox 387 1329 700 1383; x_wconf 84' lang='lat' dir='ltr'><strong>servitutem</strong></span> <span class='ocrx_word' id='word_1_87' title='bbox 750 1329 984 1385; x_wconf 88' lang='lat' dir='ltr'><strong>redactis</strong></span> <span class='ocrx_word' id='word_1_88' title='bbox 1034 1329 1117 1384; x_wconf 92' lang='lat' dir='ltr'><strong>vel</strong></span> <span class='ocrx_word' id='word_1_89' title='bbox 1161 1328 1520 1384; x_wconf 84' lang='lat' dir='ltr'><strong>meretriciam</strong></span> <span class='ocrx_word' id='word_1_90' title='bbox 1572 1328 1733 1383; x_wconf 88' lang='lat' dir='ltr'><strong>vitam</strong></span> 
     </span>
    </p>
   </div>
   <div class='ocr_carea' id='block_1_14' title="bbox 158 1423 1736 1493">
    <p class='ocr_par' dir='ltr' id='par_1_14' title="bbox 158 1423 1736 1493">
     <span class='ocr_line' id='line_1_14' title="bbox 158 1423 1736 1493; baseline 0.001 -15"><span class='ocrx_word' id='word_1_91' title='bbox 158 1424 447 1493; x_wconf 83' lang='lat' dir='ltr'><strong>agentibus,</strong></span> <span class='ocrx_word' id='word_1_92' title='bbox 483 1423 690 1480; x_wconf 89' lang='lat' dir='ltr'><strong>nefario</strong></span> <span class='ocrx_word' id='word_1_93' title='bbox 721 1425 950 1489; x_wconf 83' lang='lat' dir='ltr'><strong>incestu,</strong></span> <span class='ocrx_word' id='word_1_94' title='bbox 986 1433 1079 1480; x_wconf 91' lang='lat' dir='ltr'><strong>aut</strong></span> <span class='ocrx_word' id='word_1_95' title='bbox 1108 1423 1410 1480; x_wconf 88' lang='lat' dir='ltr'><strong>nescientes</strong></span> <span class='ocrx_word' id='word_1_96' title='bbox 1436 1432 1528 1478; x_wconf 89' lang='lat' dir='ltr'><strong>aut</strong></span> <span class='ocrx_word' id='word_1_97' title='bbox 1553 1438 1612 1479; x_wconf 92' lang='lat' dir='ltr'><strong>se</strong></span> <span class='ocrx_word' id='word_1_98' title='bbox 1641 1438 1736 1479; x_wconf 89' lang='lat' dir='ltr'><strong>ne-</strong></span> 
     </span>
    </p>
   </div>
   <div class='ocr_carea' id='block_1_15' title="bbox 156 1514 1735 1587">
    <p class='ocr_par' dir='ltr' id='par_1_15' title="bbox 156 1514 1735 1587">
     <span class='ocr_line' id='line_1_15' title="bbox 156 1514 1735 1587; baseline 0 -16"><span class='ocrx_word' id='word_1_99' title='bbox 156 1518 284 1571; x_wconf 83' lang='lat' dir='ltr'><strong>scire</strong></span> <span class='ocrx_word' id='word_1_100' title='bbox 323 1516 743 1580; x_wconf 89' lang='lat' dir='ltr'><strong>dissimulantes,</strong></span> <span class='ocrx_word' id='word_1_101' title='bbox 790 1517 1179 1587; x_wconf 77' lang='lat' dir='ltr'><strong>polluerentur.</strong></span> <span class='ocrx_word' id='word_1_102' title='bbox 1233 1517 1567 1586; x_wconf 81' lang='lat' dir='ltr'><strong>Quapropter</strong></span> <span class='ocrx_word' id='word_1_103' title='bbox 1617 1514 1735 1571; x_wconf 82' lang='lat' dir='ltr'><strong>Cle-</strong></span> 
     </span>
    </p>
   </div>
   <div class='ocr_carea' id='block_1_16' title="bbox 161 1608 1737 1682">
    <p class='ocr_par' dir='ltr' id='par_1_16' title="bbox 161 1608 1737 1682">
     <span class='ocr_line' id='line_1_16' title="bbox 161 1608 1737 1682; baseline 0.001 -19"><span class='ocrx_word' id='word_1_104' title='bbox 161 1624 295 1663; x_wconf 75' lang='lat' dir='ltr'><strong>mens</strong></span> <span class='ocrx_word' id='word_1_105' title='bbox 321 1608 713 1664; x_wconf 77' lang='lat' dir='ltr'><strong>Alexandrinus</strong></span> <span class='ocrx_word' id='word_1_106' title='bbox 740 1626 757 1663; x_wconf 84' lang='lat'>:</span> <span class='ocrx_word' id='word_1_107' title='bbox 786 1614 932 1664; x_wconf 71' lang='grc' dir='ltr'>Πιιδὶ</span> <span class='ocrx_word' id='word_1_108' title='bbox 978 1620 1304 1682; x_wconf 60' lang='lat' dir='ltr'><strong>«spirabunt,</strong></span> <span class='ocrx_word' id='word_1_109' title='bbox 1337 1625 1419 1665; x_wconf 74' lang='grc' dir='ltr'><strong>και</strong></span> <span class='ocrx_word' id='word_1_110' title='bbox 1456 1619 1737 1679; x_wconf 71' lang='grc' dir='ltr'><strong>μαχλώσαις</strong></span> 
     </span>
    </p>
   </div>
   <div class='ocr_carea' id='block_1_17' title="bbox 175 1709 1735 1776">
    <p class='ocr_par' dir='ltr' id='par_1_17' title="bbox 175 1709 1735 1776">
     <span class='ocr_line' id='line_1_17' title="bbox 175 1709 1735 1776; baseline 0.002 -17"><span class='ocrx_word' id='word_1_111' title='bbox 175 1709 418 1776; x_wconf 66' lang='grc' dir='ltr'><strong>θυγιθρίσιν</strong></span> <span class='ocrx_word' id='word_1_112' title='bbox 469 1710 782 1768; x_wconf 61' lang='grc' dir='ltr'><strong>ἀγνοήσαντες</strong></span> <span class='ocrx_word' id='word_1_113' title='bbox 830 1712 1055 1766; x_wconf 62' lang='grc' dir='ltr'><strong>πολλάκις</strong></span> <span class='ocrx_word' id='word_1_114' title='bbox 1105 1717 1350 1773; x_wconf 66' lang='grc' dir='ltr'><strong>μίγνυνται</strong></span> <span class='ocrx_word' id='word_1_115' title='bbox 1405 1714 1638 1776; x_wconf 55' lang='lat' dir='ltr'><strong>aurifice,</strong></span> <span class='ocrx_word' id='word_1_116' title='bbox 1684 1711 1735 1762; x_wconf 82' lang='grc' dir='ltr'><strong>οὗ</strong></span> 
     </span>
    </p>
   </div>
   <div class='ocr_carea' id='block_1_18' title="bbox 192 1802 1736 1868">
    <p class='ocr_par' dir='ltr' id='par_1_18' title="bbox 192 1802 1736 1868">
     <span class='ocr_line' id='line_1_18' title="bbox 192 1802 1736 1868; baseline 0 -17"><span class='ocrx_word' id='word_1_117' title='bbox 192 1805 421 1867; x_wconf 52' lang='lat' dir='ltr'><strong>inemptis”</strong></span> <span class='ocrx_word' id='word_1_118' title='bbox 446 1815 537 1852; x_wconf 78' lang='grc' dir='ltr'><strong>τῶν</strong></span> <span class='ocrx_word' id='word_1_119' title='bbox 564 1804 834 1853; x_wconf 64' lang='grc' dir='ltr'><strong>ἐκτιθέντων</strong></span> <span class='ocrx_word' id='word_1_120' title='bbox 852 1803 1077 1859; x_wconf 72' lang='grc' dir='ltr'><strong>παιδίων.</strong></span> <span class='ocrx_word' id='word_1_121' title='bbox 1099 1803 1184 1852; x_wconf 77' lang='grc' dir='ltr'><strong>καὶ</strong></span> <span class='ocrx_word' id='word_1_122' title='bbox 1209 1803 1379 1868; x_wconf 66' lang='grc' dir='ltr'><strong>ἄνδρας</strong></span> <span class='ocrx_word' id='word_1_123' title='bbox 1402 1802 1602 1852; x_wconf 75' lang='grc' dir='ltr'><strong>ὂιίκνυσι</strong></span> <span class='ocrx_word' id='word_1_124' title='bbox 1629 1807 1736 1859; x_wconf 74' lang='grc' dir='ltr'><strong>τοὺς</strong></span> 
     </span>
    </p>
   </div>
   <div class='ocr_carea' id='block_1_19' title="bbox 1845 584 3437 657">
    <p class='ocr_par' dir='ltr' id='par_1_19' title="bbox 1845 584 3437 657">
     <span class='ocr_line' id='line_1_19' title="bbox 1845 584 3437 657; baseline -0.001 -18"><span class='ocrx_word' id='word_1_125' title='bbox 1845 595 2230 655; x_wconf 79' lang='lat' dir='ltr'><strong>praesumptum</strong></span> <span class='ocrx_word' id='word_1_126' title='bbox 2258 588 2449 655; x_wconf 86' lang='lat' dir='ltr'><strong>opinor</strong></span> <span class='ocrx_word' id='word_1_127' title='bbox 2476 601 2575 641; x_wconf 93' lang='lat' dir='ltr'><strong>nos</strong></span> <span class='ocrx_word' id='word_1_128' title='bbox 2599 601 2833 657; x_wconf 88' lang='lat' dir='ltr'><strong>quoque.</strong></span> <span class='ocrx_word' id='word_1_129' title='bbox 2879 595 2935 641; x_wconf 89' lang='lat' dir='ltr'><strong>ut</strong></span> <span class='ocrx_word' id='word_1_130' title='bbox 2959 586 3192 642; x_wconf 61' lang='lat' dir='ltr'><strong>Iudaica:</strong></span> <span class='ocrx_word' id='word_1_131' title='bbox 3223 584 3437 655; x_wconf 56' lang='lat' dir='ltr'><strong>religio.</strong></span> 
     </span>
    </p>
   </div>
   <div class='ocr_carea' id='block_1_20' title="bbox 1844 675 3433 750">
    <p class='ocr_par' dir='ltr' id='par_1_20' title="bbox 1844 675 3433 750">
     <span class='ocr_line' id='line_1_20' title="bbox 1844 675 3433 750; baseline 0 -19"><span class='ocrx_word' id='word_1_132' title='bbox 1844 678 1928 732; x_wconf 91' lang='lat' dir='ltr'><strong>nis</strong></span> <span class='ocrx_word' id='word_1_133' title='bbox 1962 680 2308 750; x_wconf 81' lang='lat' dir='ltr'><strong>propinquos,</strong></span> <span class='ocrx_word' id='word_1_134' title='bbox 2351 680 2525 734; x_wconf 91' lang='lat' dir='ltr'><strong>eidem</strong></span> <span class='ocrx_word' id='word_1_135' title='bbox 2575 680 2866 735; x_wconf 87' lang='lat' dir='ltr'><strong>simulacro</strong></span> <span class='ocrx_word' id='word_1_136' title='bbox 2918 678 3115 734; x_wconf 90' lang='lat' dir='ltr'><strong>initiari</strong></span> <span class='ocrx_word' id='word_1_137' title='bbox 3149 696 3168 731; x_wconf 76' lang='grc' dir='ltr'><strong>ι</strong></span> <span class='ocrx_word' id='word_1_138' title='bbox 3203 675 3433 747; x_wconf 82' lang='lat' dir='ltr'><strong>(Tertul.</strong></span> 
     </span>
    </p>
   </div>
   <div class='ocr_carea' id='block_1_21' title="bbox 1841 768 3437 841">
    <p class='ocr_par' dir='ltr' id='par_1_21' title="bbox 1841 768 3437 841">
     <span class='ocr_line' id='line_1_21' title="bbox 1841 768 3437 841; baseline 0.001 -19"><span class='ocrx_word' id='word_1_139' title='bbox 1841 769 2110 839; x_wconf 81' lang='lat' dir='ltr'><strong>Apologet.</strong></span> <span class='ocrx_word' id='word_1_140' title='bbox 2162 786 2280 841; x_wconf 85' lang='lat' dir='ltr'><strong>cap.</strong></span> <span class='ocrx_word' id='word_1_141' title='bbox 2333 771 2421 832; x_wconf 87' lang='lat' dir='ltr'><strong>l6.</strong></span> <span class='ocrx_word' id='word_1_142' title='bbox 2469 787 2586 841; x_wconf 90' lang='lat' dir='ltr'><strong>pag.</strong></span> <span class='ocrx_word' id='word_1_143' title='bbox 2640 772 2703 826; x_wconf 84' lang='lat' dir='ltr'><strong>l7</strong></span> <span class='ocrx_word' id='word_1_144' title='bbox 2732 772 2773 841; x_wconf 92' lang='lat'><strong>).</strong></span> <span class='ocrx_word' id='word_1_145' title='bbox 2819 772 2887 825; x_wconf 87' lang='lat' dir='ltr'><strong>Et</strong></span> <span class='ocrx_word' id='word_1_146' title='bbox 2935 771 3036 825; x_wconf 90' lang='lat' dir='ltr'><strong>hoc</strong></span> <span class='ocrx_word' id='word_1_147' title='bbox 3084 770 3298 838; x_wconf 85' lang='lat' dir='ltr'><strong>quidem</strong></span> <span class='ocrx_word' id='word_1_148' title='bbox 3346 768 3437 823; x_wconf 87' lang='lat' dir='ltr'><strong>ille</strong></span> 
     </span>
    </p>
   </div>
   <div class='ocr_carea' id='block_1_22' title="bbox 1841 860 3431 932">
    <p class='ocr_par' dir='ltr' id='par_1_22' title="bbox 1841 860 3431 932">
     <span class='ocr_line' id='line_1_22' title="bbox 1841 860 3431 932; baseline 0.001 -19"><span class='ocrx_word' id='word_1_149' title='bbox 1841 861 1946 914; x_wconf 90' lang='lat' dir='ltr'><strong>alio</strong></span> <span class='ocrx_word' id='word_1_150' title='bbox 1970 861 2022 915; x_wconf 92' lang='lat' dir='ltr'><strong>in</strong></span> <span class='ocrx_word' id='word_1_151' title='bbox 2052 862 2188 917; x_wconf 90' lang='lat' dir='ltr'><strong>libro</strong></span> <span class='ocrx_word' id='word_1_152' title='bbox 2221 863 2411 932; x_wconf 85' lang='lat' dir='ltr'><strong>repetit</strong></span> <span class='ocrx_word' id='word_1_153' title='bbox 2437 862 2626 932; x_wconf 88' lang='lat' dir='ltr'><strong>(Idem,</strong></span> <span class='ocrx_word' id='word_1_154' title='bbox 2654 862 2748 917; x_wconf 91' lang='lat' dir='ltr'><strong>lib.</strong></span> <span class='ocrx_word' id='word_1_155' title='bbox 2778 878 2797 916; x_wconf 89' lang='grc' dir='ltr'><strong>ι</strong></span> <span class='ocrx_word' id='word_1_156' title='bbox 2828 863 2896 915; x_wconf 86' lang='lat' dir='ltr'><strong>ad</strong></span> <span class='ocrx_word' id='word_1_157' title='bbox 2929 862 3167 923; x_wconf 83' lang='lat' dir='ltr'><strong>Nation.,</strong></span> <span class='ocrx_word' id='word_1_158' title='bbox 3198 874 3318 931; x_wconf 76' lang='lat' dir='ltr'><strong>Cap.</strong></span> <span class='ocrx_word' id='word_1_159' title='bbox 3340 860 3431 926; x_wconf 79' lang='lat' dir='ltr'><strong>II,</strong></span> 
     </span>
    </p>
   </div>
   <div class='ocr_carea' id='block_1_23' title="bbox 1841 952 3436 1024">
    <p class='ocr_par' dir='ltr' id='par_1_23' title="bbox 1841 952 3436 1024">
     <span class='ocr_line' id='line_1_23' title="bbox 1841 952 3436 1024; baseline -0.001 -17"><span class='ocrx_word' id='word_1_160' title='bbox 1841 968 1960 1022; x_wconf 89' lang='lat' dir='ltr'><strong>pag.</strong></span> <span class='ocrx_word' id='word_1_161' title='bbox 1995 954 2063 1007; x_wconf 79' lang='lat'><strong>57</strong></span> <span class='ocrx_word' id='word_1_162' title='bbox 2100 965 2154 1008; x_wconf 93' lang='lat' dir='ltr'><strong>et</strong></span> <span class='ocrx_word' id='word_1_163' title='bbox 2179 954 2377 1024; x_wconf 90' lang='lat' dir='ltr'><strong>seqq.).</strong></span> <span class='ocrx_word' id='word_1_164' title='bbox 2423 956 2594 1021; x_wconf 86' lang='lat' dir='ltr'><strong>Quam</strong></span> <span class='ocrx_word' id='word_1_165' title='bbox 2642 956 2835 1009; x_wconf 88' lang='lat' dir='ltr'><strong>merito</strong></span> <span class='ocrx_word' id='word_1_166' title='bbox 2862 962 3040 1009; x_wconf 73' lang='lat' dir='ltr'><strong>autem</strong></span> <span class='ocrx_word' id='word_1_167' title='bbox 3075 952 3436 1009; x_wconf 89' lang='lat' dir='ltr'><strong>Tertulliauus</strong></span> 
     </span>
    </p>
   </div>
   <div class='ocr_carea' id='block_1_24' title="bbox 1839 1047 3429 1104">
    <p class='ocr_par' dir='ltr' id='par_1_24' title="bbox 1839 1047 3429 1104">
     <span class='ocr_line' id='line_1_24' title="bbox 1839 1047 3429 1104; baseline 0 -3"><span class='ocrx_word' id='word_1_168' title='bbox 1839 1047 2121 1101; x_wconf 62' lang='lat' dir='ltr'><strong>absurdam</strong></span> <span class='ocrx_word' id='word_1_169' title='bbox 2155 1047 2354 1103; x_wconf 85' lang='lat' dir='ltr'><strong>hancce</strong></span> <span class='ocrx_word' id='word_1_170' title='bbox 2397 1049 2716 1104; x_wconf 85' lang='lat' dir='ltr'><strong>calumniam</strong></span> <span class='ocrx_word' id='word_1_171' title='bbox 2763 1050 2813 1103; x_wconf 93' lang='lat' dir='ltr'><strong>in</strong></span> <span class='ocrx_word' id='word_1_172' title='bbox 2842 1049 3151 1103; x_wconf 86' lang='lat' dir='ltr'><strong>Cornelium</strong></span> <span class='ocrx_word' id='word_1_173' title='bbox 3181 1047 3429 1102; x_wconf 89' lang='lat' dir='ltr'><strong>Tacitum</strong></span> 
     </span>
    </p>
   </div>
   <div class='ocr_carea' id='block_1_25' title="bbox 1839 1138 3430 1211">
    <p class='ocr_par' dir='ltr' id='par_1_25' title="bbox 1839 1138 3430 1211">
     <span class='ocr_line' id='line_1_25' title="bbox 1839 1138 3430 1211; baseline -0.001 -17"><span class='ocrx_word' id='word_1_174' title='bbox 1839 1139 2225 1195; x_wconf 78' lang='lat' dir='ltr'><strong>retundendam</strong></span> <span class='ocrx_word' id='word_1_175' title='bbox 2270 1156 2391 1196; x_wconf 89' lang='lat' dir='ltr'><strong>esse</strong></span> <span class='ocrx_word' id='word_1_176' title='bbox 2431 1140 2647 1206; x_wconf 82' lang='lat' dir='ltr'><strong>dixerit,</strong></span> <span class='ocrx_word' id='word_1_177' title='bbox 2688 1156 2753 1196; x_wconf 79' lang='lat' dir='ltr'><strong>ex</strong></span> <span class='ocrx_word' id='word_1_178' title='bbox 2784 1141 2866 1196; x_wconf 91' lang='lat' dir='ltr'><strong>his</strong></span> <span class='ocrx_word' id='word_1_179' title='bbox 2896 1142 3137 1211; x_wconf 76' lang='lat' dir='ltr'><strong>ejusdem</strong></span> <span class='ocrx_word' id='word_1_180' title='bbox 3176 1140 3348 1195; x_wconf 83' lang='lat' dir='ltr'><strong>Taciti</strong></span> <span class='ocrx_word' id='word_1_181' title='bbox 3377 1138 3430 1193; x_wconf 91' lang='lat' dir='ltr'><strong>in</strong></span> 
     </span>
    </p>
   </div>
   <div class='ocr_carea' id='block_1_26' title="bbox 1838 1228 3434 1304">
    <p class='ocr_par' dir='ltr' id='par_1_26' title="bbox 1838 1228 3434 1304">
     <span class='ocr_line' id='line_1_26' title="bbox 1838 1228 3434 1304; baseline 0 -18"><span class='ocrx_word' id='word_1_182' title='bbox 1838 1234 2001 1288; x_wconf 90' lang='lat' dir='ltr'><strong>citato</strong></span> <span class='ocrx_word' id='word_1_183' title='bbox 2027 1235 2214 1304; x_wconf 90' lang='lat' dir='ltr'><strong>quinto</strong></span> <span class='ocrx_word' id='word_1_184' title='bbox 2242 1233 2590 1288; x_wconf 80' lang='lat' dir='ltr'><strong>Historiarum</strong></span> <span class='ocrx_word' id='word_1_185' title='bbox 2618 1233 2757 1287; x_wconf 88' lang='lat' dir='ltr'><strong>libro</strong></span> <span class='ocrx_word' id='word_1_186' title='bbox 2789 1233 2969 1287; x_wconf 82' lang='lat' dir='ltr'><strong>verbis</strong></span> <span class='ocrx_word' id='word_1_187' title='bbox 2997 1233 3243 1303; x_wconf 89' lang='lat' dir='ltr'><strong>conjice:</strong></span> <span class='ocrx_word' id='word_1_188' title='bbox 3281 1250 3300 1283; x_wconf 76' lang='grc' dir='ltr'><strong>ι</strong></span> <span class='ocrx_word' id='word_1_189' title='bbox 3325 1228 3434 1286; x_wconf 88' lang='lat' dir='ltr'><strong>Sed</strong></span> 
     </span>
    </p>
   </div>
   <div class='ocr_carea' id='block_1_27' title="bbox 1840 1324 3433 1398">
    <p class='ocr_par' dir='ltr' id='par_1_27' title="bbox 1840 1324 3433 1398">
     <span class='ocr_line' id='line_1_27' title="bbox 1840 1324 3433 1398; baseline 0.001 -18"><span class='ocrx_word' id='word_1_190' title='bbox 1840 1327 1969 1382; x_wconf 87' lang='lat' dir='ltr'><strong>nihil</strong></span> <span class='ocrx_word' id='word_1_191' title='bbox 2017 1343 2168 1398; x_wconf 74' lang='lat' dir='ltr'><strong>teque</strong></span> <span class='ocrx_word' id='word_1_192' title='bbox 2221 1327 2455 1394; x_wconf 81' lang='lat' dir='ltr'><strong>Juda-os,</strong></span> <span class='ocrx_word' id='word_1_193' title='bbox 2500 1343 2657 1397; x_wconf 89' lang='lat' dir='ltr'><strong>quam</strong></span> <span class='ocrx_word' id='word_1_194' title='bbox 2707 1326 2884 1397; x_wconf 90' lang='lat' dir='ltr'><strong>inopia</strong></span> <span class='ocrx_word' id='word_1_195' title='bbox 2926 1341 3080 1397; x_wconf 73' lang='lat' dir='ltr'><strong>aqua:</strong></span> <span class='ocrx_word' id='word_1_196' title='bbox 3121 1324 3433 1397; x_wconf 77' lang='lat' dir='ltr'><strong>fatigabant.</strong></span> 
     </span>
    </p>
   </div>
   <div class='ocr_carea' id='block_1_28' title="bbox 1838 1417 3432 1491">
    <p class='ocr_par' dir='ltr' id='par_1_28' title="bbox 1838 1417 3432 1491">
     <span class='ocr_line' id='line_1_28' title="bbox 1838 1417 3432 1491; baseline -0.002 -15"><span class='ocrx_word' id='word_1_197' title='bbox 1838 1420 2082 1491; x_wconf 85' lang='lat' dir='ltr'><strong>Jamque.</strong></span> <span class='ocrx_word' id='word_1_198' title='bbox 2137 1421 2276 1476; x_wconf 83' lang='lat' dir='ltr'><strong>haud</strong></span> <span class='ocrx_word' id='word_1_199' title='bbox 2309 1420 2496 1491; x_wconf 87' lang='lat' dir='ltr'><strong>procul</strong></span> <span class='ocrx_word' id='word_1_200' title='bbox 2526 1420 2710 1486; x_wconf 85' lang='lat' dir='ltr'><strong>exitio,</strong></span> <span class='ocrx_word' id='word_1_201' title='bbox 2747 1420 2871 1475; x_wconf 90' lang='lat' dir='ltr'><strong>totis</strong></span> <span class='ocrx_word' id='word_1_202' title='bbox 2901 1420 3104 1490; x_wconf 90' lang='lat' dir='ltr'><strong>campis</strong></span> <span class='ocrx_word' id='word_1_203' title='bbox 3132 1417 3432 1488; x_wconf 81' lang='lat' dir='ltr'><strong>procubue-</strong></span> 
     </span>
    </p>
   </div>
   <div class='ocr_carea' id='block_1_29' title="bbox 1839 1511 3431 1584">
    <p class='ocr_par' dir='ltr' id='par_1_29' title="bbox 1839 1511 3431 1584">
     <span class='ocr_line' id='line_1_29' title="bbox 1839 1511 3431 1584; baseline -0.001 -16"><span class='ocrx_word' id='word_1_204' title='bbox 1839 1526 1980 1575; x_wconf 86' lang='lat' dir='ltr'><strong>rant.</strong></span> <span class='ocrx_word' id='word_1_205' title='bbox 2013 1530 2133 1567; x_wconf 91' lang='lat' dir='ltr'><strong>cum</strong></span> <span class='ocrx_word' id='word_1_206' title='bbox 2180 1530 2308 1584; x_wconf 83' lang='lat' dir='ltr'><strong>grex</strong></span> <span class='ocrx_word' id='word_1_207' title='bbox 2356 1514 2633 1569; x_wconf 89' lang='lat' dir='ltr'><strong>asinorum</strong></span> <span class='ocrx_word' id='word_1_208' title='bbox 2668 1513 2959 1583; x_wconf 90' lang='lat' dir='ltr'><strong>agrestium</strong></span> <span class='ocrx_word' id='word_1_209' title='bbox 2989 1528 3021 1568; x_wconf 91' lang='lat' dir='ltr'><strong>e</strong></span> <span class='ocrx_word' id='word_1_210' title='bbox 3053 1522 3206 1580; x_wconf 86' lang='lat' dir='ltr'><strong>pastu</strong></span> <span class='ocrx_word' id='word_1_211' title='bbox 3251 1511 3303 1566; x_wconf 91' lang='lat' dir='ltr'><strong>in</strong></span> <span class='ocrx_word' id='word_1_212' title='bbox 3338 1526 3431 1566; x_wconf 89' lang='lat' dir='ltr'><strong>ru-</strong></span> 
     </span>
    </p>
   </div>
   <div class='ocr_carea' id='block_1_30' title="bbox 1838 1604 3431 1677">
    <p class='ocr_par' dir='ltr' id='par_1_30' title="bbox 1838 1604 3431 1677">
     <span class='ocr_line' id='line_1_30' title="bbox 1838 1604 3431 1677; baseline -0.002 -18"><span class='ocrx_word' id='word_1_213' title='bbox 1838 1621 1959 1676; x_wconf 90' lang='lat' dir='ltr'><strong>pem</strong></span> <span class='ocrx_word' id='word_1_214' title='bbox 1989 1622 2211 1661; x_wconf 81' lang='lat' dir='ltr'><strong>nemore</strong></span> <span class='ocrx_word' id='word_1_215' title='bbox 2232 1622 2453 1677; x_wconf 86' lang='lat' dir='ltr'><strong>opacam</strong></span> <span class='ocrx_word' id='word_1_216' title='bbox 2476 1608 2762 1662; x_wconf 80' lang='lat' dir='ltr'><strong>concessit.</strong></span> <span class='ocrx_word' id='word_1_217' title='bbox 2788 1605 3014 1661; x_wconf 89' lang='lat' dir='ltr'><strong>Secutus</strong></span> <span class='ocrx_word' id='word_1_218' title='bbox 3037 1604 3276 1676; x_wconf 83' lang='lat' dir='ltr'><strong>Moyses,</strong></span> <span class='ocrx_word' id='word_1_219' title='bbox 3298 1616 3431 1657; x_wconf 63' lang='lat' dir='ltr'><strong>cono</strong></span> 
     </span>
    </p>
   </div>
   <div class='ocr_carea' id='block_1_31' title="bbox 1833 1693 3429 1767">
    <p class='ocr_par' dir='ltr' id='par_1_31' title="bbox 1833 1693 3429 1767">
     <span class='ocr_line' id='line_1_31' title="bbox 1833 1693 3429 1767; baseline 0 -19"><span class='ocrx_word' id='word_1_220' title='bbox 1833 1698 2040 1767; x_wconf 81' lang='lat' dir='ltr'><strong>jectura</strong></span> <span class='ocrx_word' id='word_1_221' title='bbox 2074 1698 2279 1753; x_wconf 87' lang='lat' dir='ltr'><strong>herbidi</strong></span> <span class='ocrx_word' id='word_1_222' title='bbox 2310 1698 2435 1761; x_wconf 84' lang='lat' dir='ltr'><strong>soli.</strong></span> <span class='ocrx_word' id='word_1_223' title='bbox 2476 1698 2651 1767; x_wconf 86' lang='lat' dir='ltr'><strong>largas</strong></span> <span class='ocrx_word' id='word_1_224' title='bbox 2698 1712 2956 1767; x_wconf 90' lang='lat' dir='ltr'><strong>aquarum</strong></span> <span class='ocrx_word' id='word_1_225' title='bbox 2997 1711 3161 1750; x_wconf 88' lang='lat' dir='ltr'><strong>venas</strong></span> <span class='ocrx_word' id='word_1_226' title='bbox 3187 1693 3429 1765; x_wconf 89' lang='lat' dir='ltr'><strong>aperit...</strong></span> 
     </span>
    </p>
   </div>
   <div class='ocr_carea' id='block_1_32' title="bbox 1839 1785 3431 1859">
    <p class='ocr_par' dir='ltr' id='par_1_32' title="bbox 1839 1785 3431 1859">
     <span class='ocr_line' id='line_1_32' title="bbox 1839 1785 3431 1859; baseline -0.001 -15"><span class='ocrx_word' id='word_1_227' title='bbox 1839 1788 2082 1859; x_wconf 80' lang='lat' dir='ltr'><strong>Efﬁgiem</strong></span> <span class='ocrx_word' id='word_1_228' title='bbox 2133 1790 2399 1855; x_wconf 84' lang='lat' dir='ltr'><strong>animalis,</strong></span> <span class='ocrx_word' id='word_1_229' title='bbox 2447 1805 2555 1859; x_wconf 93' lang='lat' dir='ltr'><strong>quo</strong></span> <span class='ocrx_word' id='word_1_230' title='bbox 2581 1798 2915 1843; x_wconf 89' lang='lat' dir='ltr'><strong>monstrante</strong></span> <span class='ocrx_word' id='word_1_231' title='bbox 2962 1802 3201 1842; x_wconf 90' lang='lat' dir='ltr'><strong>errorem</strong></span> <span class='ocrx_word' id='word_1_232' title='bbox 3255 1785 3431 1842; x_wconf 56' lang='lat' dir='ltr'><strong>sitimu</strong></span> 
     </span>
    </p>
   </div>
   <div class='ocr_carea' id='block_1_33' title="bbox 195 1879 1721 1961">
    <p class='ocr_par' dir='ltr' id='par_1_33' title="bbox 195 1893 1721 1961">
     <span class='ocr_line' id='line_1_33' title="bbox 195 1893 1721 1961; baseline -0.002 -16"><span class='ocrx_word' id='word_1_233' title='bbox 195 1893 431 1961; x_wconf 61' lang='grc' dir='ltr'><strong>γενετηιίταε</strong></span> <span class='ocrx_word' id='word_1_234' title='bbox 474 1896 718 1961; x_wconf 67' lang='grc' dir='ltr'><strong>ἀκρασ¹ας</strong></span> <span class='ocrx_word' id='word_1_235' title='bbox 758 1897 948 1957; x_wconf 66' lang='grc' dir='ltr'><strong>ἐξουσία</strong></span> <span class='ocrx_word' id='word_1_236' title='bbox 970 1909 983 1923; x_wconf 80' lang='grc'><strong><em>⁸</em></strong></span> <span class='ocrx_word' id='word_1_237' title='bbox 1012 1898 1169 1947; x_wconf 67' lang='grc' dir='ltr'><strong>ταῦτα.</strong></span> <span class='ocrx_word' id='word_1_238' title='bbox 1200 1900 1243 1946; x_wconf 79' lang='grc' dir='ltr'><strong>οἱ</strong></span> <span class='ocrx_word' id='word_1_239' title='bbox 1280 1895 1411 1961; x_wconf 76' lang='grc' dir='ltr'><strong><em>σοφοὶ</em></strong></span> <span class='ocrx_word' id='word_1_240' title='bbox 1455 1908 1549 1946; x_wconf 71' lang='grc' dir='ltr'><strong>τῶν</strong></span> <span class='ocrx_word' id='word_1_241' title='bbox 1588 1894 1721 1958; x_wconf 63' lang='lat' dir='ltr'><strong>stipati</strong></span> 
     </span>
    </p>
   </div>
   <div class='ocr_carea' id='block_1_34' title="bbox 1845 1879 3428 1961">
    <p class='ocr_par' dir='ltr' id='par_1_34' title="bbox 1845 1879 3428 1952">
     <span class='ocr_line' id='line_1_34' title="bbox 1845 1879 3428 1952; baseline -0.001 -18"><span class='ocrx_word' id='word_1_242' title='bbox 1845 1897 1943 1952; x_wconf 87' lang='lat' dir='ltr'><strong>que</strong></span> <span class='ocrx_word' id='word_1_243' title='bbox 1986 1882 2319 1950; x_wconf 88' lang='lat' dir='ltr'><strong>depulerant,</strong></span> <span class='ocrx_word' id='word_1_244' title='bbox 2366 1882 2623 1950; x_wconf 83' lang='lat' dir='ltr'><strong>penetrali</strong></span> <span class='ocrx_word' id='word_1_245' title='bbox 2679 1895 2980 1946; x_wconf 87' lang='lat' dir='ltr'><strong>sacravere,</strong></span> <span class='ocrx_word' id='word_1_246' title='bbox 3036 1892 3178 1933; x_wconf 71' lang='lat' dir='ltr'><strong>CtBSO</strong></span> <span class='ocrx_word' id='word_1_247' title='bbox 3223 1879 3428 1945; x_wconf 87' lang='lat' dir='ltr'><strong>ariete,</strong></span> 
     </span>
    </p>
   </div>
   <div class='ocr_carea' id='block_1_35' title="bbox 200 1982 1724 2054">
    <p class='ocr_par' dir='ltr' id='par_1_35' title="bbox 200 1982 1724 2054">
     <span class='ocr_line' id='line_1_35' title="bbox 200 1982 1724 2054; baseline 0.001 -16"><span class='ocrx_word' id='word_1_248' title='bbox 200 1990 478 2052; x_wconf 57' lang='lat' dir='ltr'><strong>Emptum:</strong></span> <span class='ocrx_word' id='word_1_249' title='bbox 515 2002 535 2034; x_wconf 80' lang='grc' dir='ltr'><strong>ι</strong></span> <span class='ocrx_word' id='word_1_250' title='bbox 557 1982 694 2037; x_wconf 90' lang='lat' dir='ltr'><strong>Cum</strong></span> <span class='ocrx_word' id='word_1_251' title='bbox 742 1985 1037 2048; x_wconf 86' lang='lat' dir='ltr'><strong>meritorio,</strong></span> <span class='ocrx_word' id='word_1_252' title='bbox 1071 1984 1261 2054; x_wconf 90' lang='lat' dir='ltr'><strong>inquit,</strong></span> <span class='ocrx_word' id='word_1_253' title='bbox 1302 1983 1410 2038; x_wconf 91' lang='lat' dir='ltr'><strong>ﬁlio</strong></span> <span class='ocrx_word' id='word_1_254' title='bbox 1465 1993 1519 2038; x_wconf 91' lang='lat' dir='ltr'><strong>et</strong></span> <span class='ocrx_word' id='word_1_255' title='bbox 1551 1998 1724 2039; x_wconf 89' lang='lat' dir='ltr'><strong>mere-</strong></span> 
     </span>
    </p>
   </div>
   <div class='ocr_carea' id='block_1_36' title="bbox 192 2074 1694 2146">
    <p class='ocr_par' dir='ltr' id='par_1_36' title="bbox 192 2074 1694 2146">
     <span class='ocr_line' id='line_1_36' title="bbox 192 2074 1694 2146; baseline 0.001 -19"><span class='ocrx_word' id='word_1_256' title='bbox 192 2075 361 2127; x_wconf 83' lang='lat' dir='ltr'><strong>tricibus</strong></span> <span class='ocrx_word' id='word_1_257' title='bbox 385 2074 589 2129; x_wconf 89' lang='lat' dir='ltr'><strong>ﬁliabus</strong></span> <span class='ocrx_word' id='word_1_258' title='bbox 613 2090 762 2146; x_wconf 62' lang='lat' dir='ltr'><strong>saepe</strong></span> <span class='ocrx_word' id='word_1_259' title='bbox 787 2085 965 2145; x_wconf 86' lang='lat' dir='ltr'><strong>patres</strong></span> <span class='ocrx_word' id='word_1_260' title='bbox 1006 2085 1222 2131; x_wconf 87' lang='lat' dir='ltr'><strong>coeunt.</strong></span> <span class='ocrx_word' id='word_1_261' title='bbox 1254 2075 1629 2145; x_wconf 58' lang='lat' dir='ltr'><strong>Expositorum</strong></span> <span class='ocrx_word' id='word_1_262' title='bbox 1662 2075 1694 2129; x_wconf 86' lang='lat' dir='ltr'><strong>li</strong></span> 
     </span>
    </p>
   </div>
   <div class='ocr_carea' id='block_1_37' title="bbox 184 2166 1729 2240">
    <p class='ocr_par' dir='ltr' id='par_1_37' title="bbox 184 2166 1729 2240">
     <span class='ocr_line' id='line_1_37' title="bbox 184 2166 1729 2240; baseline 0.002 -19"><span class='ocrx_word' id='word_1_263' title='bbox 184 2166 337 2221; x_wconf 87' lang='lat' dir='ltr'><strong>liorum</strong></span> <span class='ocrx_word' id='word_1_264' title='bbox 374 2168 733 2237; x_wconf 81' lang='lat' dir='ltr'><strong>immemores,</strong></span> <span class='ocrx_word' id='word_1_265' title='bbox 763 2180 818 2224; x_wconf 91' lang='lat' dir='ltr'><strong>et</strong></span> <span class='ocrx_word' id='word_1_266' title='bbox 851 2171 996 2225; x_wconf 92' lang='lat' dir='ltr'><strong>viros</strong></span> <span class='ocrx_word' id='word_1_267' title='bbox 1024 2170 1139 2225; x_wconf 87' lang='lat' dir='ltr'><strong>ﬁeri</strong></span> <span class='ocrx_word' id='word_1_268' title='bbox 1170 2185 1267 2226; x_wconf 82' lang='lat' dir='ltr'><strong>eos</strong></span> <span class='ocrx_word' id='word_1_269' title='bbox 1310 2173 1397 2238; x_wconf 89' lang='lat' dir='ltr'><strong>qui</strong></span> <span class='ocrx_word' id='word_1_270' title='bbox 1428 2178 1729 2240; x_wconf 81' lang='lat' dir='ltr'><strong>genuerunt</strong></span> 
     </span>
    </p>
   </div>
   <div class='ocr_carea' id='block_1_38' title="bbox 183 2257 1726 2332">
    <p class='ocr_par' dir='ltr' id='par_1_38' title="bbox 183 2257 1726 2332">
     <span class='ocr_line' id='line_1_38' title="bbox 183 2257 1726 2332; baseline 0.002 -19"><span class='ocrx_word' id='word_1_271' title='bbox 183 2257 315 2313; x_wconf 81' lang='lat' dir='ltr'><strong>efﬁcit</strong></span> <span class='ocrx_word' id='word_1_272' title='bbox 350 2260 502 2314; x_wconf 90' lang='lat' dir='ltr'><strong>nimia</strong></span> <span class='ocrx_word' id='word_1_273' title='bbox 532 2260 772 2316; x_wconf 88' lang='lat' dir='ltr'><strong>libidinis</strong></span> <span class='ocrx_word' id='word_1_274' title='bbox 821 2262 1055 2316; x_wconf 84' lang='lat' dir='ltr'><strong>licentia.</strong></span> <span class='ocrx_word' id='word_1_275' title='bbox 1106 2262 1231 2316; x_wconf 71' lang='lat' dir='ltr'><strong>Hmc.</strong></span> <span class='ocrx_word' id='word_1_276' title='bbox 1261 2262 1535 2332; x_wconf 82' lang='lat' dir='ltr'><strong>sapientes</strong></span> <span class='ocrx_word' id='word_1_277' title='bbox 1581 2262 1726 2332; x_wconf 79' lang='lat' dir='ltr'><strong>leges</strong></span> 
     </span>
    </p>
   </div>
   <div class='ocr_carea' id='block_1_39' title="bbox 180 2352 1721 2426">
    <p class='ocr_par' dir='ltr' id='par_1_39' title="bbox 180 2352 1721 2426">
     <span class='ocr_line' id='line_1_39' title="bbox 180 2352 1721 2426; baseline 0.005 -22"><span class='ocrx_word' id='word_1_278' title='bbox 180 2352 448 2419; x_wconf 82' lang='lat' dir='ltr'><strong>permittunt</strong></span> <span class='ocrx_word' id='word_1_279' title='bbox 466 2373 485 2406; x_wconf 79' lang='grc' dir='ltr'><strong>ι</strong></span> <span class='ocrx_word' id='word_1_280' title='bbox 512 2353 705 2424; x_wconf 85' lang='lat' dir='ltr'><strong>(Clem.</strong></span> <span class='ocrx_word' id='word_1_281' title='bbox 729 2355 892 2409; x_wconf 82' lang='lat' dir='ltr'><strong>Alex.</strong></span> <span class='ocrx_word' id='word_1_282' title='bbox 923 2355 1017 2410; x_wconf 89' lang='lat' dir='ltr'><strong>lib.</strong></span> <span class='ocrx_word' id='word_1_283' title='bbox 1038 2371 1093 2410; x_wconf 85' lang='lat' dir='ltr'><strong>Ill</strong></span> <span class='ocrx_word' id='word_1_284' title='bbox 1119 2354 1357 2426; x_wconf 71' lang='lat' dir='ltr'><strong>l’wdag.,</strong></span> <span class='ocrx_word' id='word_1_285' title='bbox 1381 2371 1501 2425; x_wconf 90' lang='lat' dir='ltr'><strong>cap.</strong></span> <span class='ocrx_word' id='word_1_286' title='bbox 1520 2356 1575 2421; x_wconf 79' lang='lat'><strong>‘5,</strong></span> <span class='ocrx_word' id='word_1_287' title='bbox 1601 2371 1721 2426; x_wconf 85' lang='lat' dir='ltr'><strong>pag.</strong></span> 
     </span>
    </p>
   </div>
   <div class='ocr_carea' id='block_1_40' title="bbox 178 2441 1724 2514">
    <p class='ocr_par' dir='ltr' id='par_1_40' title="bbox 178 2441 1724 2514">
     <span class='ocr_line' id='line_1_40' title="bbox 178 2441 1724 2514; baseline 0.005 -17"><span class='ocrx_word' id='word_1_288' title='bbox 178 2441 262 2497; x_wconf 60' lang='lat' dir='ltr'><strong>ﬁt}</strong></span> <span class='ocrx_word' id='word_1_289' title='bbox 289 2443 325 2514; x_wconf 94' lang='lat'><strong>).</strong></span> <span class='ocrx_word' id='word_1_290' title='bbox 386 2444 454 2499; x_wconf 89' lang='lat' dir='ltr'><strong>Ita</strong></span> <span class='ocrx_word' id='word_1_291' title='bbox 497 2446 593 2503; x_wconf 89' lang='lat' dir='ltr'><strong>ille</strong></span> <span class='ocrx_word' id='word_1_292' title='bbox 628 2446 875 2503; x_wconf 88' lang='lat' dir='ltr'><strong>Gentiles</strong></span> <span class='ocrx_word' id='word_1_293' title='bbox 901 2458 956 2503; x_wconf 88' lang='lat' dir='ltr'><strong>et</strong></span> <span class='ocrx_word' id='word_1_294' title='bbox 986 2449 1271 2504; x_wconf 86' lang='lat' dir='ltr'><strong>immanem</strong></span> <span class='ocrx_word' id='word_1_295' title='bbox 1306 2448 1516 2503; x_wconf 90' lang='lat' dir='ltr'><strong>illorum</strong></span> <span class='ocrx_word' id='word_1_296' title='bbox 1546 2450 1597 2503; x_wconf 93' lang='lat' dir='ltr'><strong>in</strong></span> <span class='ocrx_word' id='word_1_297' title='bbox 1628 2463 1724 2504; x_wconf 88' lang='lat' dir='ltr'><strong>ex-</strong></span> 
     </span>
    </p>
   </div>
   <div class='ocr_carea' id='block_1_41' title="bbox 178 2538 1725 2604">
    <p class='ocr_par' dir='ltr' id='par_1_41' title="bbox 178 2538 1725 2604">
     <span class='ocr_line' id='line_1_41' title="bbox 178 2538 1725 2604; baseline 0.005 -14"><span class='ocrx_word' id='word_1_298' title='bbox 178 2538 400 2604; x_wconf 88' lang='lat' dir='ltr'><strong>ponendis</strong></span> <span class='ocrx_word' id='word_1_299' title='bbox 424 2538 543 2594; x_wconf 81' lang='lat' dir='ltr'><strong>ﬁliis</strong></span> <span class='ocrx_word' id='word_1_300' title='bbox 572 2540 837 2595; x_wconf 90' lang='lat' dir='ltr'><strong>feritatem</strong></span> <span class='ocrx_word' id='word_1_301' title='bbox 859 2556 924 2597; x_wconf 88' lang='lat' dir='ltr'><strong>ac</strong></span> <span class='ocrx_word' id='word_1_302' title='bbox 946 2542 1318 2597; x_wconf 84' lang='lat' dir='ltr'><strong>crudelitatem</strong></span> <span class='ocrx_word' id='word_1_303' title='bbox 1341 2544 1449 2598; x_wconf 87' lang='lat' dir='ltr'><strong>acri</strong></span> <span class='ocrx_word' id='word_1_304' title='bbox 1478 2543 1725 2598; x_wconf 86' lang='lat' dir='ltr'><strong>irrisione</strong></span> 
     </span>
    </p>
   </div>
   <div class='ocr_carea' id='block_1_42' title="bbox 174 2625 1727 2703">
    <p class='ocr_par' dir='ltr' id='par_1_42' title="bbox 174 2625 1727 2703">
     <span class='ocr_line' id='line_1_42' title="bbox 174 2625 1727 2703; baseline 0.006 -22"><span class='ocrx_word' id='word_1_305' title='bbox 174 2625 446 2685; x_wconf 88' lang='lat' dir='ltr'><strong>insectatur.</strong></span> <span class='ocrx_word' id='word_1_306' title='bbox 490 2630 599 2687; x_wconf 83' lang='lat' dir='ltr'><strong>Nec</strong></span> <span class='ocrx_word' id='word_1_307' title='bbox 630 2634 899 2687; x_wconf 87' lang='lat' dir='ltr'><strong>immerito</strong></span> <span class='ocrx_word' id='word_1_308' title='bbox 926 2634 1141 2703; x_wconf 88' lang='lat' dir='ltr'><strong>quidem</strong></span> <span class='ocrx_word' id='word_1_309' title='bbox 1190 2635 1425 2689; x_wconf 77' lang='lat' dir='ltr'><strong>incestus</strong></span> <span class='ocrx_word' id='word_1_310' title='bbox 1467 2634 1590 2689; x_wconf 91' lang='lat' dir='ltr'><strong>inde</strong></span> <span class='ocrx_word' id='word_1_311' title='bbox 1617 2633 1727 2691; x_wconf 85' lang='lat' dir='ltr'><strong>fre-</strong></span> 
     </span>
    </p>
   </div>
   <div class='ocr_carea' id='block_1_43' title="bbox 158 2722 1725 2794">
    <p class='ocr_par' dir='ltr' id='par_1_43' title="bbox 158 2722 1725 2794">
     <span class='ocr_line' id='line_1_43' title="bbox 158 2722 1725 2794; baseline 0.004 -19"><span class='ocrx_word' id='word_1_312' title='bbox 158 2731 365 2789; x_wconf 80' lang='lat' dir='ltr'><strong>quenter</strong></span> <span class='ocrx_word' id='word_1_313' title='bbox 407 2722 520 2777; x_wconf 84' lang='lat' dir='ltr'><strong>ﬁeri</strong></span> <span class='ocrx_word' id='word_1_314' title='bbox 548 2725 917 2794; x_wconf 85' lang='lat' dir='ltr'><strong>conqueritur.</strong></span> <span class='ocrx_word' id='word_1_315' title='bbox 952 2725 1333 2781; x_wconf 85' lang='lat' dir='ltr'><strong>Verumtamen</strong></span> <span class='ocrx_word' id='word_1_316' title='bbox 1355 2726 1571 2781; x_wconf 83' lang='lat' dir='ltr'><strong>Minucii</strong></span> <span class='ocrx_word' id='word_1_317' title='bbox 1601 2740 1725 2782; x_wconf 82' lang='lat' dir='ltr'><strong>nos-</strong></span> 
     </span>
    </p>
   </div>
   <div class='ocr_carea' id='block_1_44' title="bbox 132 2814 1725 2889">
    <p class='ocr_par' dir='ltr' id='par_1_44' title="bbox 132 2814 1725 2889">
     <span class='ocr_line' id='line_1_44' title="bbox 132 2814 1725 2889; baseline 0.006 -23"><span class='ocrx_word' id='word_1_318' title='bbox 132 2814 206 2867; x_wconf 83' lang='lat' dir='ltr'><strong>Iri</strong></span> <span class='ocrx_word' id='word_1_319' title='bbox 271 2823 442 2869; x_wconf 85' lang='lat' dir='ltr'><strong>contra</strong></span> <span class='ocrx_word' id='word_1_320' title='bbox 493 2816 613 2871; x_wconf 87' lang='lat' dir='ltr'><strong>illos</strong></span> <span class='ocrx_word' id='word_1_321' title='bbox 667 2828 1041 2886; x_wconf 74' lang='lat' dir='ltr'><strong>argumentum</strong></span> <span class='ocrx_word' id='word_1_322' title='bbox 1092 2819 1399 2887; x_wconf 80' lang='lat' dir='ltr'><strong>expressius</strong></span> <span class='ocrx_word' id='word_1_323' title='bbox 1451 2819 1725 2889; x_wconf 84' lang='lat' dir='ltr'><strong>fusiusque</strong></span> 
     </span>
    </p>
   </div>
   <div class='ocr_carea' id='block_1_45' title="bbox 123 2904 1718 2984">
    <p class='ocr_par' dir='ltr' id='par_1_45' title="bbox 123 2904 1718 2984">
     <span class='ocr_line' id='line_1_45' title="bbox 123 2904 1718 2984; baseline 0.005 -23"><span class='ocrx_word' id='word_1_324' title='bbox 123 2904 489 2963; x_wconf 83' lang='lat' dir='ltr'><strong>Tertulliauus</strong></span> <span class='ocrx_word' id='word_1_325' title='bbox 515 2908 855 2982; x_wconf 90' lang='lat' dir='ltr'><strong>(Tertullian.</strong></span> <span class='ocrx_word' id='word_1_326' title='bbox 908 2911 1177 2983; x_wconf 85' lang='lat' dir='ltr'><strong>Apologet.</strong></span> <span class='ocrx_word' id='word_1_327' title='bbox 1209 2927 1326 2981; x_wconf 79' lang='lat' dir='ltr'><strong>cap.</strong></span> <span class='ocrx_word' id='word_1_328' title='bbox 1356 2913 1439 2984; x_wconf 87' lang='lat'><strong>9).</strong></span> <span class='ocrx_word' id='word_1_329' title='bbox 1490 2914 1718 2969; x_wconf 87' lang='lat' dir='ltr'><strong>Lactan-</strong></span> 
     </span>
    </p>
   </div>
   <div class='ocr_carea' id='block_1_46' title="bbox 120 3000 1721 3081">
    <p class='ocr_par' dir='ltr' id='par_1_46' title="bbox 120 3000 1721 3081">
     <span class='ocr_line' id='line_1_46' title="bbox 120 3000 1721 3081; baseline 0.006 -28"><span class='ocrx_word' id='word_1_330' title='bbox 120 3000 351 3071; x_wconf 84' lang='lat' dir='ltr'><strong>tiusque</strong></span> <span class='ocrx_word' id='word_1_331' title='bbox 376 3001 637 3075; x_wconf 89' lang='lat' dir='ltr'><strong>(Lactant.</strong></span> <span class='ocrx_word' id='word_1_332' title='bbox 670 3005 762 3059; x_wconf 91' lang='lat' dir='ltr'><strong>lib.</strong></span> <span class='ocrx_word' id='word_1_333' title='bbox 794 3020 871 3069; x_wconf 76' lang='lat' dir='ltr'><strong>vr,</strong></span> <span class='ocrx_word' id='word_1_334' title='bbox 900 3020 1019 3074; x_wconf 90' lang='lat' dir='ltr'><strong>cap.</strong></span> <span class='ocrx_word' id='word_1_335' title='bbox 1048 3005 1140 3071; x_wconf 74' lang='lat'><strong>20,</strong></span> <span class='ocrx_word' id='word_1_336' title='bbox 1172 3021 1291 3077; x_wconf 86' lang='lat' dir='ltr'><strong>pag,</strong></span> <span class='ocrx_word' id='word_1_337' title='bbox 1325 3006 1430 3063; x_wconf 88' lang='lat' dir='ltr'><strong>6l8</strong></span> <span class='ocrx_word' id='word_1_338' title='bbox 1455 3019 1508 3063; x_wconf 89' lang='lat' dir='ltr'><strong>et</strong></span> <span class='ocrx_word' id='word_1_339' title='bbox 1538 3006 1721 3081; x_wconf 90' lang='lat' dir='ltr'><strong>seqq.)</strong></span> 
     </span>
    </p>
   </div>
   <div class='ocr_carea' id='block_1_47' title="bbox 118 3095 1723 3167">
    <p class='ocr_par' dir='ltr' id='par_1_47' title="bbox 118 3095 1723 3167">
     <span class='ocr_line' id='line_1_47' title="bbox 118 3095 1723 3167; baseline 0.006 -22"><span class='ocrx_word' id='word_1_340' title='bbox 118 3105 556 3163; x_wconf 87' lang='lat' dir='ltr'><strong>prosequuntur;</strong></span> <span class='ocrx_word' id='word_1_341' title='bbox 587 3095 653 3150; x_wconf 92' lang='lat' dir='ltr'><strong>ad</strong></span> <span class='ocrx_word' id='word_1_342' title='bbox 699 3111 836 3167; x_wconf 90' lang='lat' dir='ltr'><strong>quos</strong></span> <span class='ocrx_word' id='word_1_343' title='bbox 887 3107 958 3162; x_wconf 84' lang='lat' dir='ltr'><strong>te,</strong></span> <span class='ocrx_word' id='word_1_344' title='bbox 991 3112 1057 3152; x_wconf 92' lang='lat' dir='ltr'><strong>ne</strong></span> <span class='ocrx_word' id='word_1_345' title='bbox 1089 3098 1356 3167; x_wconf 79' lang='lat' dir='ltr'><strong>longiores</strong></span> <span class='ocrx_word' id='word_1_346' title='bbox 1381 3098 1569 3163; x_wconf 90' lang='lat' dir='ltr'><strong>simus,</strong></span> <span class='ocrx_word' id='word_1_347' title='bbox 1601 3099 1723 3154; x_wconf 90' lang='lat' dir='ltr'><strong>mit-</strong></span> 
     </span>
    </p>
   </div>
   <div class='ocr_carea' id='block_1_48' title="bbox 118 3185 1720 3254">
    <p class='ocr_par' dir='ltr' id='par_1_48' title="bbox 118 3185 1720 3254">
     <span class='ocr_line' id='line_1_48' title="bbox 118 3185 1720 3254; baseline 0.006 -15"><span class='ocrx_word' id='word_1_348' title='bbox 118 3185 357 3241; x_wconf 84' lang='lat' dir='ltr'><strong>tendum</strong></span> <span class='ocrx_word' id='word_1_349' title='bbox 381 3187 648 3254; x_wconf 75' lang='lat' dir='ltr'><strong>duximus,</strong></span> <span class='ocrx_word' id='word_1_350' title='bbox 685 3190 860 3247; x_wconf 90' lang='lat' dir='ltr'><strong>donec</strong></span> <span class='ocrx_word' id='word_1_351' title='bbox 889 3207 1082 3247; x_wconf 86' lang='lat' dir='ltr'><strong>novam</strong></span> <span class='ocrx_word' id='word_1_352' title='bbox 1120 3192 1188 3249; x_wconf 90' lang='lat' dir='ltr'><strong>de</strong></span> <span class='ocrx_word' id='word_1_353' title='bbox 1218 3194 1429 3249; x_wconf 91' lang='lat' dir='ltr'><strong>illorum</strong></span> <span class='ocrx_word' id='word_1_354' title='bbox 1460 3195 1609 3249; x_wconf 90' lang='lat' dir='ltr'><strong>libris</strong></span> <span class='ocrx_word' id='word_1_355' title='bbox 1640 3195 1720 3249; x_wconf 78' lang='lat' dir='ltr'><strong>in-</strong></span> 
     </span>
    </p>
   </div>
   <div class='ocr_carea' id='block_1_49' title="bbox 117 3276 886 3352">
    <p class='ocr_par' dir='ltr' id='par_1_49' title="bbox 117 3276 886 3352">
     <span class='ocr_line' id='line_1_49' title="bbox 117 3276 886 3352; baseline 0.009 -21"><span class='ocrx_word' id='word_1_356' title='bbox 117 3276 413 3336; x_wconf 84' lang='lat' dir='ltr'><strong>stituamtts</strong></span> <span class='ocrx_word' id='word_1_357' title='bbox 449 3281 886 3352; x_wconf 86' lang='lat' dir='ltr'><strong>disputationem.</strong></span> 
     </span>
    </p>
   </div>
   <div class='ocr_carea' id='block_1_50' title="bbox 730 3421 1100 3480">
    <p class='ocr_par' dir='ltr' id='par_1_50' title="bbox 730 3421 1100 3480">
     <span class='ocr_line' id='line_1_50' title="bbox 730 3421 1100 3480; baseline -0.003 -2"><span class='ocrx_word' id='word_1_358' title='bbox 730 3421 959 3480; x_wconf 82' lang='lat' dir='ltr'><strong>CAPUT</strong></span> <span class='ocrx_word' id='word_1_359' title='bbox 1010 3423 1100 3479; x_wconf 80' lang='lat' dir='ltr'><strong>XI.</strong></span> 
     </span>
    </p>
   </div>
   <div class='ocr_carea' id='block_1_51' title="bbox 115 3588 1716 3645">
    <p class='ocr_par' dir='ltr' id='par_1_51' title="bbox 115 3588 1716 3645">
     <span class='ocr_line' id='line_1_51' title="bbox 115 3588 1716 3645; baseline 0.007 -17"><span class='ocrx_word' id='word_1_360' title='bbox 115 3588 200 3629; x_wconf 78' lang='lat' dir='ltr'><strong>DE</strong></span> <span class='ocrx_word' id='word_1_361' title='bbox 238 3589 456 3632; x_wconf 72' lang='lat' dir='ltr'><strong>ABSURDO</strong></span> <span class='ocrx_word' id='word_1_362' title='bbox 489 3592 664 3635; x_wconf 81' lang='lat' dir='ltr'><strong>CULTU</strong></span> <span class='ocrx_word' id='word_1_363' title='bbox 693 3594 838 3645; x_wconf 64' lang='lat' dir='ltr'><strong>QUEM</strong></span> <span class='ocrx_word' id='word_1_364' title='bbox 867 3595 1073 3636; x_wconf 77' lang='lat' dir='ltr'><strong>ASININO</strong></span> <span class='ocrx_word' id='word_1_365' title='bbox 1093 3596 1270 3637; x_wconf 75' lang='lat' dir='ltr'><strong>CAPIT]</strong></span> <span class='ocrx_word' id='word_1_366' title='bbox 1300 3598 1368 3637; x_wconf 79' lang='lat' dir='ltr'><strong>ET</strong></span> <span class='ocrx_word' id='word_1_367' title='bbox 1389 3597 1716 3641; x_wconf 75' lang='lat' dir='ltr'><strong>SACERDOTIS</strong></span> 
     </span>
    </p>
   </div>
   <div class='ocr_carea' id='block_1_52' title="bbox 204 3683 1712 3733">
    <p class='ocr_par' dir='ltr' id='par_1_52' title="bbox 204 3683 1712 3733">
     <span class='ocr_line' id='line_1_52' title="bbox 204 3683 1712 3733; baseline 0.009 -13"><span class='ocrx_word' id='word_1_368' title='bbox 204 3683 454 3726; x_wconf 66' lang='grc' dir='ltr'>τιιιιιιιιῠε</span> <span class='ocrx_word' id='word_1_369' title='bbox 479 3686 825 3730; x_wconf 70' lang='lat' dir='ltr'><strong>CBMSTIANOS</strong></span> <span class='ocrx_word' id='word_1_370' title='bbox 860 3690 1171 3731; x_wconf 63' lang='lat' dir='ltr'><strong>EKHIBUISSE</strong></span> <span class='ocrx_word' id='word_1_371' title='bbox 1218 3692 1473 3733; x_wconf 66' lang='lat' dir='ltr'><strong>CAECILIUS</strong></span> <span class='ocrx_word' id='word_1_372' title='bbox 1507 3692 1712 3733; x_wconf 74' lang='lat' dir='ltr'><strong>FALSIS-</strong></span> 
     </span>
    </p>
   </div>
   <div class='ocr_carea' id='block_1_53' title="bbox 204 3770 639 3820">
    <p class='ocr_par' dir='ltr' id='par_1_53' title="bbox 204 3770 639 3820">
     <span class='ocr_line' id='line_1_53' title="bbox 204 3770 639 3820; baseline 0.016 -8"><span class='ocrx_word' id='word_1_373' title='bbox 204 3770 394 3817; x_wconf 71' lang='lat' dir='ltr'><strong>SISSIIE</strong></span> <span class='ocrx_word' id='word_1_374' title='bbox 426 3776 639 3820; x_wconf 73' lang='grc' dir='ltr'><strong>οωιειτ.</strong></span> 
     </span>
    </p>
   </div>
   <div class='ocr_carea' id='block_1_54' title="bbox 653 3897 1197 3962">
    <p class='ocr_par' dir='ltr' id='par_1_54' title="bbox 653 3897 1197 3962">
     <span class='ocr_line' id='line_1_54' title="bbox 653 3897 1197 3962; baseline 0.004 -5"><span class='ocrx_word' id='word_1_375' title='bbox 653 3897 948 3959; x_wconf 66' lang='grc' dir='ltr'><strong>Αιιτιουίυε</strong></span> <span class='ocrx_word' id='word_1_376' title='bbox 986 3920 1197 3962; x_wconf 74' lang='lat' dir='ltr'><strong>emittis.</strong></span> 
     </span>
    </p>
   </div>
   <div class='ocr_carea' id='block_1_55' title="bbox 134 4026 1707 4104">
    <p class='ocr_par' dir='ltr' id='par_1_55' title="bbox 134 4026 1707 4104">
     <span class='ocr_line' id='line_1_55' title="bbox 134 4026 1707 4104; baseline 0.009 -21"><span class='ocrx_word' id='word_1_377' title='bbox 134 4026 300 4095; x_wconf 67' lang='lat' dir='ltr'><strong>Quam</strong></span> <span class='ocrx_word' id='word_1_378' title='bbox 322 4034 520 4104; x_wconf 77' lang='lat' dir='ltr'><strong>falsasit</strong></span> <span class='ocrx_word' id='word_1_379' title='bbox 539 4037 648 4091; x_wconf 66' lang='lat' dir='ltr'><strong>Imm</strong></span> <span class='ocrx_word' id='word_1_380' title='bbox 670 4040 952 4103; x_wconf 77' lang='lat' dir='ltr'><strong>accusatio,</strong></span> <span class='ocrx_word' id='word_1_381' title='bbox 982 4048 1028 4092; x_wconf 78' lang='lat' dir='ltr'><strong>et</strong></span> <span class='ocrx_word' id='word_1_382' title='bbox 1044 4049 1211 4094; x_wconf 83' lang='lat' dir='ltr'><strong>utrum</strong></span> <span class='ocrx_word' id='word_1_383' title='bbox 1233 4040 1408 4095; x_wconf 76' lang='lat' dir='ltr'><strong>Jndtri</strong></span> <span class='ocrx_word' id='word_1_384' title='bbox 1433 4042 1511 4096; x_wconf 80' lang='lat' dir='ltr'><strong>vel</strong></span> <span class='ocrx_word' id='word_1_385' title='bbox 1538 4041 1707 4097; x_wconf 81' lang='lat' dir='ltr'><strong>Gnos-</strong></span> 
     </span>
    </p>
   </div>
   <div class='ocr_carea' id='block_1_56' title="bbox 211 4125 1709 4209">
    <p class='ocr_par' dir='ltr' id='par_1_56' title="bbox 211 4125 1709 4209">
     <span class='ocr_line' id='line_1_56' title="bbox 211 4125 1709 4209; baseline 0.011 -33"><span class='ocrx_word' id='word_1_386' title='bbox 211 4125 292 4179; x_wconf 88' lang='lat' dir='ltr'><strong>tici</strong></span> <span class='ocrx_word' id='word_1_387' title='bbox 317 4130 621 4185; x_wconf 73' lang='lat' dir='ltr'><strong>occasionem</strong></span> <span class='ocrx_word' id='word_1_388' title='bbox 646 4133 729 4186; x_wconf 83' lang='lat' dir='ltr'><strong>illi</strong></span> <span class='ocrx_word' id='word_1_389' title='bbox 760 4132 1012 4200; x_wconf 79' lang='lat' dir='ltr'><strong>dederint,</strong></span> <span class='ocrx_word' id='word_1_390' title='bbox 1038 4151 1097 4189; x_wconf 83' lang='lat' dir='ltr'><strong>ac</strong></span> <span class='ocrx_word' id='word_1_391' title='bbox 1123 4137 1276 4206; x_wconf 78' lang='lat' dir='ltr'><strong>primi</strong></span> <span class='ocrx_word' id='word_1_392' title='bbox 1303 4138 1526 4190; x_wconf 85' lang='lat' dir='ltr'><strong>omnium</strong></span> <span class='ocrx_word' id='word_1_393' title='bbox 1555 4149 1709 4209; x_wconf 84' lang='lat' dir='ltr'><strong>caput</strong></span> 
     </span>
    </p>
   </div>
   <div class='ocr_carea' id='block_1_57' title="bbox 211 4221 885 4282">
    <p class='ocr_par' dir='ltr' id='par_1_57' title="bbox 211 4221 885 4282">
     <span class='ocr_line' id='line_1_57' title="bbox 211 4221 885 4282; baseline 0.019 -13"><span class='ocrx_word' id='word_1_394' title='bbox 211 4221 332 4274; x_wconf 82' lang='lat' dir='ltr'><strong>asini</strong></span> <span class='ocrx_word' id='word_1_395' title='bbox 351 4240 511 4279; x_wconf 78' lang='lat' dir='ltr'><strong>revera</strong></span> <span class='ocrx_word' id='word_1_396' title='bbox 538 4227 885 4282; x_wconf 77' lang='lat' dir='ltr'><strong>adorat&#39;erint.</strong></span> 
     </span>
    </p>
   </div>
   <div class='ocr_carea' id='block_1_58' title="bbox 234 4376 1703 4462">
    <p class='ocr_par' dir='ltr' id='par_1_58' title="bbox 234 4376 1703 4462">
     <span class='ocr_line' id='line_1_58' title="bbox 234 4376 1703 4462; baseline 0.012 -33"><span class='ocrx_word' id='word_1_397' title='bbox 234 4376 366 4435; x_wconf 66' lang='lat' dir='ltr'><strong>Aliud</strong></span> <span class='ocrx_word' id='word_1_398' title='bbox 404 4386 589 4442; x_wconf 82' lang='lat' dir='ltr'><strong>ethnici</strong></span> <span class='ocrx_word' id='word_1_399' title='bbox 623 4397 731 4444; x_wconf 88' lang='lat' dir='ltr'><strong>tam</strong></span> <span class='ocrx_word' id='word_1_400' title='bbox 782 4388 1016 4444; x_wconf 86' lang='lat' dir='ltr'><strong>absurde</strong></span> <span class='ocrx_word' id='word_1_401' title='bbox 1059 4389 1347 4446; x_wconf 84' lang='lat' dir='ltr'><strong>conﬁctum</strong></span> <span class='ocrx_word' id='word_1_402' title='bbox 1398 4406 1556 4462; x_wconf 88' lang='lat' dir='ltr'><strong>quam</strong></span> <span class='ocrx_word' id='word_1_403' title='bbox 1603 4392 1703 4445; x_wconf 83' lang='lat' dir='ltr'><strong>im-</strong></span> 
     </span>
    </p>
   </div>
   <div class='ocr_carea' id='block_1_59' title="bbox 168 4466 1704 4556">
    <p class='ocr_par' dir='ltr' id='par_1_59' title="bbox 168 4466 1704 4556">
     <span class='ocr_line' id='line_1_59' title="bbox 168 4466 1704 4556; baseline 0.005 -22"><span class='ocrx_word' id='word_1_404' title='bbox 168 4466 303 4534; x_wconf 66' lang='lat' dir='ltr'><strong>Dium</strong></span> <span class='ocrx_word' id='word_1_405' title='bbox 342 4478 509 4535; x_wconf 79' lang='lat' dir='ltr'><strong>crimen</strong></span> <span class='ocrx_word' id='word_1_406' title='bbox 537 4480 867 4537; x_wconf 82' lang='lat' dir='ltr'><strong>Christianis</strong></span> <span class='ocrx_word' id='word_1_407' title='bbox 914 4481 1235 4552; x_wconf 88' lang='lat' dir='ltr'><strong>inferebant,</strong></span> <span class='ocrx_word' id='word_1_408' title='bbox 1276 4485 1417 4556; x_wconf 90' lang='lat' dir='ltr'><strong>quod</strong></span> <span class='ocrx_word' id='word_1_409' title='bbox 1457 4484 1704 4541; x_wconf 67' lang='lat' dir='ltr'><strong>chilins</strong></span> 
     </span>
    </p>
   </div>
   <div class='ocr_carea' id='block_1_60' title="bbox 158 4558 1703 4649">
    <p class='ocr_par' dir='ltr' id='par_1_60' title="bbox 158 4558 1703 4649">
     <span class='ocr_line' id='line_1_60' title="bbox 158 4558 1703 4649; baseline 0.011 -33"><span class='ocrx_word' id='word_1_410' title='bbox 158 4558 244 4616; x_wconf 82' lang='lat' dir='ltr'><strong>his</strong></span> <span class='ocrx_word' id='word_1_411' title='bbox 267 4569 419 4626; x_wconf 79' lang='lat' dir='ltr'><strong>verbis</strong></span> <span class='ocrx_word' id='word_1_412' title='bbox 458 4573 670 4630; x_wconf 84' lang='lat' dir='ltr'><strong>Octavio</strong></span> <span class='ocrx_word' id='word_1_413' title='bbox 701 4576 935 4644; x_wconf 73' lang='lat' dir='ltr'><strong>obiectat</strong></span> <span class='ocrx_word' id='word_1_414' title='bbox 962 4594 975 4630; x_wconf 88' lang='lat'><strong>:</strong></span> <span class='ocrx_word' id='word_1_415' title='bbox 1013 4597 1032 4629; x_wconf 76' lang='grc' dir='ltr'><strong>ι</strong></span> <span class='ocrx_word' id='word_1_416' title='bbox 1060 4578 1231 4632; x_wconf 82' lang='lat' dir='ltr'><strong>Audio</strong></span> <span class='ocrx_word' id='word_1_417' title='bbox 1261 4579 1703 4649; x_wconf 51' lang='lat' dir='ltr'><strong>eosgturpissimaa</strong></span> 
     </span>
    </p>
   </div>
   <div class='ocr_carea' id='block_1_61' title="bbox 1830 1968 3423 2045">
    <p class='ocr_par' dir='ltr' id='par_1_61' title="bbox 1830 1968 3423 2045">
     <span class='ocr_line' id='line_1_61' title="bbox 1830 1968 3423 2045; baseline -0.003 -16"><span class='ocrx_word' id='word_1_418' title='bbox 1830 1977 1975 2031; x_wconf 87' lang='lat' dir='ltr'><strong>velut</strong></span> <span class='ocrx_word' id='word_1_419' title='bbox 2018 1976 2070 2030; x_wconf 92' lang='lat' dir='ltr'><strong>in</strong></span> <span class='ocrx_word' id='word_1_420' title='bbox 2114 1975 2501 2031; x_wconf 88' lang='lat' dir='ltr'><strong>contumeliam</strong></span> <span class='ocrx_word' id='word_1_421' title='bbox 2536 1974 2851 2029; x_wconf 84' lang='lat' dir='ltr'><strong>Hammonis</strong></span> <span class='ocrx_word' id='word_1_422' title='bbox 2889 1992 2908 2026; x_wconf 73' lang='grc' dir='ltr'><strong>ι</strong></span> <span class='ocrx_word' id='word_1_423' title='bbox 2930 1971 3133 2045; x_wconf 74' lang='lat' dir='ltr'><strong>(Corn.</strong></span> <span class='ocrx_word' id='word_1_424' title='bbox 3166 1971 3293 2025; x_wconf 89' lang='lat' dir='ltr'><strong>Tac.</strong></span> <span class='ocrx_word' id='word_1_425' title='bbox 3327 1968 3423 2025; x_wconf 92' lang='lat' dir='ltr'><strong>lib.</strong></span> 
     </span>
    </p>
   </div>
   <div class='ocr_carea' id='block_1_62' title="bbox 1829 2061 3426 2139">
    <p class='ocr_par' dir='ltr' id='par_1_62' title="bbox 1829 2061 3426 2139">
     <span class='ocr_line' id='line_1_62' title="bbox 1829 2061 3426 2139; baseline -0.006 -16"><span class='ocrx_word' id='word_1_426' title='bbox 1829 2084 1865 2123; x_wconf 91' lang='lat' dir='ltr'><strong>v</strong></span> <span class='ocrx_word' id='word_1_427' title='bbox 1892 2068 2030 2123; x_wconf 82' lang='lat' dir='ltr'><strong>Hist.</strong></span> <span class='ocrx_word' id='word_1_428' title='bbox 2064 2070 2177 2123; x_wconf 89' lang='lat' dir='ltr'><strong>init.</strong></span> <span class='ocrx_word' id='word_1_429' title='bbox 2214 2068 2254 2139; x_wconf 89' lang='lat'><strong>).</strong></span> <span class='ocrx_word' id='word_1_430' title='bbox 2297 2067 2555 2136; x_wconf 81' lang='lat' dir='ltr'><strong>Quamvis</strong></span> <span class='ocrx_word' id='word_1_431' title='bbox 2583 2076 2761 2121; x_wconf 88' lang='lat' dir='ltr'><strong>autem</strong></span> <span class='ocrx_word' id='word_1_432' title='bbox 2791 2064 3156 2121; x_wconf 88' lang='lat' dir='ltr'><strong>Tertulliauus</strong></span> <span class='ocrx_word' id='word_1_433' title='bbox 3185 2061 3426 2116; x_wconf 89' lang='lat' dir='ltr'><strong>Tacitum</strong></span> 
     </span>
    </p>
   </div>
   <div class='ocr_carea' id='block_1_63' title="bbox 1836 2151 3428 2231">
    <p class='ocr_par' dir='ltr' id='par_1_63' title="bbox 1836 2151 3428 2231">
     <span class='ocr_line' id='line_1_63' title="bbox 1836 2151 3428 2231; baseline -0.004 -16"><span class='ocrx_word' id='word_1_434' title='bbox 1836 2180 1855 2214; x_wconf 77' lang='grc' dir='ltr'><strong>ι</strong></span> <span class='ocrx_word' id='word_1_435' title='bbox 1884 2162 2283 2216; x_wconf 88' lang='lat' dir='ltr'><strong>mendaciorum</strong></span> <span class='ocrx_word' id='word_1_436' title='bbox 2309 2159 2743 2231; x_wconf 87' lang='lat' dir='ltr'><strong>loquacissimum</strong></span> <span class='ocrx_word' id='word_1_437' title='bbox 2767 2177 2786 2210; x_wconf 75' lang='grc' dir='ltr'><strong>ι</strong></span> <span class='ocrx_word' id='word_1_438' title='bbox 2811 2160 2908 2211; x_wconf 89' lang='lat' dir='ltr'><strong>hac</strong></span> <span class='ocrx_word' id='word_1_439' title='bbox 2929 2156 3118 2210; x_wconf 88' lang='lat' dir='ltr'><strong>saltem</strong></span> <span class='ocrx_word' id='word_1_440' title='bbox 3143 2156 3193 2208; x_wconf 93' lang='lat' dir='ltr'><strong>in</strong></span> <span class='ocrx_word' id='word_1_441' title='bbox 3211 2167 3270 2210; x_wconf 92' lang='lat' dir='ltr'><strong>re</strong></span> <span class='ocrx_word' id='word_1_442' title='bbox 3287 2151 3428 2208; x_wconf 55' lang='lat' dir='ltr'><strong>haud</strong></span> 
     </span>
    </p>
   </div>
   <div class='ocr_carea' id='block_1_64' title="bbox 1829 2246 3428 2324">
    <p class='ocr_par' dir='ltr' id='par_1_64' title="bbox 1829 2246 3428 2324">
     <span class='ocr_line' id='line_1_64' title="bbox 1829 2246 3428 2324; baseline -0.004 -16"><span class='ocrx_word' id='word_1_443' title='bbox 1829 2254 2097 2310; x_wconf 91' lang='lat' dir='ltr'><strong>immerito</strong></span> <span class='ocrx_word' id='word_1_444' title='bbox 2124 2254 2376 2324; x_wconf 84' lang='lat' dir='ltr'><strong>appellet,</strong></span> <span class='ocrx_word' id='word_1_445' title='bbox 2416 2251 2565 2308; x_wconf 68' lang='lat' dir='ltr'><strong>falsae</strong></span> <span class='ocrx_word' id='word_1_446' title='bbox 2607 2262 2781 2306; x_wconf 89' lang='lat' dir='ltr'><strong>tamen</strong></span> <span class='ocrx_word' id='word_1_447' title='bbox 2829 2249 2972 2305; x_wconf 85' lang='lat' dir='ltr'><strong>illius</strong></span> <span class='ocrx_word' id='word_1_448' title='bbox 3014 2247 3249 2317; x_wconf 83' lang='lat' dir='ltr'><strong>Opinioni</strong></span> <span class='ocrx_word' id='word_1_449' title='bbox 3296 2246 3428 2302; x_wconf 85' lang='lat' dir='ltr'><strong>sub-</strong></span> 
     </span>
    </p>
   </div>
   <div class='ocr_carea' id='block_1_65' title="bbox 1829 2337 3429 2418">
    <p class='ocr_par' dir='ltr' id='par_1_65' title="bbox 1829 2337 3429 2418">
     <span class='ocr_line' id='line_1_65' title="bbox 1829 2337 3429 2418; baseline -0.007 -15"><span class='ocrx_word' id='word_1_450' title='bbox 1829 2349 2045 2418; x_wconf 88' lang='lat' dir='ltr'><strong>scripsit</strong></span> <span class='ocrx_word' id='word_1_451' title='bbox 2089 2347 2430 2410; x_wconf 89' lang='lat' dir='ltr'><strong>Plutarchus,</strong></span> <span class='ocrx_word' id='word_1_452' title='bbox 2465 2345 2552 2400; x_wconf 78' lang='lat' dir='ltr'><strong>tibi</strong></span> <span class='ocrx_word' id='word_1_453' title='bbox 2602 2344 2671 2399; x_wconf 89' lang='lat' dir='ltr'><strong>de</strong></span> <span class='ocrx_word' id='word_1_454' title='bbox 2700 2342 2890 2398; x_wconf 87' lang='lat' dir='ltr'><strong>iisdem</strong></span> <span class='ocrx_word' id='word_1_455' title='bbox 2919 2340 3118 2396; x_wconf 77' lang='lat' dir='ltr'><strong>Jttdznis</strong></span> <span class='ocrx_word' id='word_1_456' title='bbox 3147 2340 3224 2395; x_wconf 90' lang='lat' dir='ltr'><strong>sic</strong></span> <span class='ocrx_word' id='word_1_457' title='bbox 3256 2337 3429 2409; x_wconf 85' lang='lat' dir='ltr'><strong>loqui-</strong></span> 
     </span>
    </p>
   </div>
   <div class='ocr_carea' id='block_1_66' title="bbox 1832 2432 3429 2505">
    <p class='ocr_par' dir='ltr' id='par_1_66' title="bbox 1832 2432 3429 2505">
     <span class='ocr_line' id='line_1_66' title="bbox 1832 2432 3429 2505; baseline -0.006 -10"><span class='ocrx_word' id='word_1_458' title='bbox 1832 2450 1915 2495; x_wconf 87' lang='lat' dir='ltr'><strong>tur</strong></span> <span class='ocrx_word' id='word_1_459' title='bbox 1946 2459 1957 2493; x_wconf 81' lang='lat'>;</span> <span class='ocrx_word' id='word_1_460' title='bbox 1996 2460 2014 2491; x_wconf 78' lang='grc' dir='ltr'><strong>ι</strong></span> <span class='ocrx_word' id='word_1_461' title='bbox 2039 2440 2188 2494; x_wconf 88' lang='lat' dir='ltr'><strong>Nunc</strong></span> <span class='ocrx_word' id='word_1_462' title='bbox 2219 2450 2324 2493; x_wconf 88' lang='lat' dir='ltr'><strong>tam</strong></span> <span class='ocrx_word' id='word_1_463' title='bbox 2358 2440 2662 2493; x_wconf 88' lang='lat' dir='ltr'><strong>interﬁcere</strong></span> <span class='ocrx_word' id='word_1_464' title='bbox 2684 2451 2844 2505; x_wconf 90' lang='lat' dir='ltr'><strong>quam</strong></span> <span class='ocrx_word' id='word_1_465' title='bbox 2874 2435 3037 2490; x_wconf 92' lang='lat' dir='ltr'><strong>edere</strong></span> <span class='ocrx_word' id='word_1_466' title='bbox 3060 2448 3211 2488; x_wconf 88' lang='lat' dir='ltr'><strong>suem</strong></span> <span class='ocrx_word' id='word_1_467' title='bbox 3240 2432 3320 2488; x_wconf 88' lang='lat' dir='ltr'><strong>eis</strong></span> <span class='ocrx_word' id='word_1_468' title='bbox 3345 2437 3429 2485; x_wconf 82' lang='lat' dir='ltr'><strong>est</strong></span> 
     </span>
    </p>
   </div>
   <div class='ocr_carea' id='block_1_67' title="bbox 1827 2513 3428 2602">
    <p class='ocr_par' dir='ltr' id='par_1_67' title="bbox 1827 2513 3428 2602">
     <span class='ocr_line' id='line_1_67' title="bbox 1827 2513 3428 2602; baseline -0.007 -14"><span class='ocrx_word' id='word_1_469' title='bbox 1827 2532 2036 2602; x_wconf 85' lang='lat' dir='ltr'><strong>religio.</strong></span> <span class='ocrx_word' id='word_1_470' title='bbox 2083 2531 2149 2586; x_wconf 89' lang='lat' dir='ltr'><strong>Et</strong></span> <span class='ocrx_word' id='word_1_471' title='bbox 2189 2531 2430 2585; x_wconf 84' lang='lat' dir='ltr'><strong>fortassis</strong></span> <span class='ocrx_word' id='word_1_472' title='bbox 2477 2530 2579 2584; x_wconf 92' lang='lat' dir='ltr'><strong>hoc</strong></span> <span class='ocrx_word' id='word_1_473' title='bbox 2649 2528 2841 2583; x_wconf 90' lang='lat' dir='ltr'><strong>rationi</strong></span> <span class='ocrx_word' id='word_1_474' title='bbox 2890 2526 3201 2588; x_wconf 89' lang='lat' dir='ltr'><strong>consentit,</strong></span> <span class='ocrx_word' id='word_1_475' title='bbox 3233 2513 3299 2587; x_wconf 69' lang='lat' dir='ltr'><strong>si,</strong></span> <span class='ocrx_word' id='word_1_476' title='bbox 3347 2530 3428 2579; x_wconf 81' lang='grc' dir='ltr'><strong>τὸν</strong></span> 
     </span>
    </p>
   </div>
   <div class='ocr_carea' id='block_1_68' title="bbox 1827 2615 3428 2696">
    <p class='ocr_par' dir='ltr' id='par_1_68' title="bbox 1827 2615 3428 2696">
     <span class='ocr_line' id='line_1_68' title="bbox 1827 2615 3428 2696; baseline -0.006 -16"><span class='ocrx_word' id='word_1_477' title='bbox 1827 2633 1926 2680; x_wconf 62' lang='lat' dir='ltr'><strong>deos</strong></span> <span class='ocrx_word' id='word_1_478' title='bbox 1956 2630 2006 2679; x_wconf 70' lang='grc' dir='ltr'><strong>δὲ</strong></span> <span class='ocrx_word' id='word_1_479' title='bbox 2035 2631 2341 2696; x_wconf 64' lang='grc' dir='ltr'><strong>ἀναφήναντα</strong></span> <span class='ocrx_word' id='word_1_480' title='bbox 2371 2632 2529 2690; x_wconf 64' lang='lat' dir='ltr'><strong>irin-riu</strong></span> <span class='ocrx_word' id='word_1_481' title='bbox 2552 2626 2716 2681; x_wconf 68' lang='grc' dir='ltr'>αὺτοῖς</span> <span class='ocrx_word' id='word_1_482' title='bbox 2734 2624 2903 2681; x_wconf 67' lang='grc' dir='ltr'><strong>ὖόοιτος</strong></span> <span class='ocrx_word' id='word_1_483' title='bbox 2922 2629 3115 2688; x_wconf 77' lang='grc' dir='ltr'><strong>τιμῶσι.</strong></span> <span class='ocrx_word' id='word_1_484' title='bbox 3149 2617 3295 2673; x_wconf 90' lang='lat' dir='ltr'><strong>Sicut</strong></span> <span class='ocrx_word' id='word_1_485' title='bbox 3321 2615 3428 2670; x_wconf 85' lang='lat' dir='ltr'><strong>asi-</strong></span> 
     </span>
    </p>
   </div>
   <div class='ocr_carea' id='block_1_69' title="bbox 1827 2710 3425 2790">
    <p class='ocr_par' dir='ltr' id='par_1_69' title="bbox 1827 2710 3425 2790">
     <span class='ocr_line' id='line_1_69' title="bbox 1827 2710 3425 2790; baseline -0.008 -15"><span class='ocrx_word' id='word_1_486' title='bbox 1827 2735 1899 2775; x_wconf 89' lang='lat' dir='ltr'><strong>no</strong></span> <span class='ocrx_word' id='word_1_487' title='bbox 1915 2735 2040 2774; x_wconf 88' lang='lat' dir='ltr'><strong>suus</strong></span> <span class='ocrx_word' id='word_1_488' title='bbox 2060 2719 2199 2790; x_wconf 86' lang='lat' dir='ltr'><strong>apud</strong></span> <span class='ocrx_word' id='word_1_489' title='bbox 2222 2733 2316 2773; x_wconf 88' lang='lat' dir='ltr'><strong>eos</strong></span> <span class='ocrx_word' id='word_1_490' title='bbox 2331 2726 2414 2772; x_wconf 84' lang='lat' dir='ltr'><strong>est</strong></span> <span class='ocrx_word' id='word_1_491' title='bbox 2440 2718 2629 2777; x_wconf 85' lang='lat' dir='ltr'><strong>honor,</strong></span> <span class='ocrx_word' id='word_1_492' title='bbox 2645 2718 2733 2785; x_wconf 91' lang='lat' dir='ltr'><strong>qui</strong></span> <span class='ocrx_word' id='word_1_493' title='bbox 2753 2714 2952 2768; x_wconf 89' lang='lat' dir='ltr'><strong>fontetn</strong></span> <span class='ocrx_word' id='word_1_494' title='bbox 2976 2727 3129 2782; x_wconf 69' lang='lat' dir='ltr'><strong>aqua:</strong></span> <span class='ocrx_word' id='word_1_495' title='bbox 3150 2710 3229 2766; x_wconf 87' lang='lat' dir='ltr'><strong>eis</strong></span> <span class='ocrx_word' id='word_1_496' title='bbox 3245 2723 3425 2763; x_wconf 86' lang='lat' dir='ltr'><strong>muns-</strong></span> 
     </span>
    </p>
   </div>
   <div class='ocr_carea' id='block_1_70' title="bbox 1829 2801 3424 2878">
    <p class='ocr_par' dir='ltr' id='par_1_70' title="bbox 1829 2801 3424 2878">
     <span class='ocr_line' id='line_1_70' title="bbox 1829 2801 3424 2878; baseline -0.006 -12"><span class='ocrx_word' id='word_1_497' title='bbox 1829 2812 2009 2878; x_wconf 88' lang='lat' dir='ltr'><strong>travit,</strong></span> <span class='ocrx_word' id='word_1_498' title='bbox 2040 2813 2111 2865; x_wconf 87' lang='lat' dir='ltr'><strong>ita</strong></span> <span class='ocrx_word' id='word_1_499' title='bbox 2142 2824 2292 2865; x_wconf 90' lang='lat' dir='ltr'><strong>suem</strong></span> <span class='ocrx_word' id='word_1_500' title='bbox 2323 2824 2417 2864; x_wconf 90' lang='lat' dir='ltr'><strong>eos</strong></span> <span class='ocrx_word' id='word_1_501' title='bbox 2447 2810 2710 2870; x_wconf 90' lang='lat' dir='ltr'><strong>revereri,</strong></span> <span class='ocrx_word' id='word_1_502' title='bbox 2750 2815 2810 2860; x_wconf 91' lang='lat' dir='ltr'><strong>ut</strong></span> <span class='ocrx_word' id='word_1_503' title='bbox 2837 2804 3060 2859; x_wconf 84' lang='lat' dir='ltr'><strong>sationis</strong></span> <span class='ocrx_word' id='word_1_504' title='bbox 3085 2811 3141 2857; x_wconf 92' lang='lat' dir='ltr'><strong>et</strong></span> <span class='ocrx_word' id='word_1_505' title='bbox 3165 2801 3424 2856; x_wconf 87' lang='lat' dir='ltr'><strong>arationis</strong></span> 
     </span>
    </p>
   </div>
   <div class='ocr_carea' id='block_1_71' title="bbox 1824 2895 3419 2975">
    <p class='ocr_par' dir='ltr' id='par_1_71' title="bbox 1824 2895 3419 2975">
     <span class='ocr_line' id='line_1_71' title="bbox 1824 2895 3419 2975; baseline -0.008 -16"><span class='ocrx_word' id='word_1_506' title='bbox 1824 2905 2140 2975; x_wconf 85' lang='lat' dir='ltr'><strong>magistrum</strong></span> <span class='ocrx_word' id='word_1_507' title='bbox 2176 2923 2195 2957; x_wconf 83' lang='lat' dir='ltr'><strong>s</strong></span> <span class='ocrx_word' id='word_1_508' title='bbox 2234 2901 2529 2973; x_wconf 86' lang='lat' dir='ltr'><strong>(Plutarch.</strong></span> <span class='ocrx_word' id='word_1_509' title='bbox 2557 2909 2688 2955; x_wconf 90' lang='lat' dir='ltr'><strong>tom.</strong></span> <span class='ocrx_word' id='word_1_510' title='bbox 2742 2915 2799 2965; x_wconf 89' lang='grc' dir='ltr'>ιι,</span> <span class='ocrx_word' id='word_1_511' title='bbox 2851 2898 2944 2953; x_wconf 88' lang='lat' dir='ltr'><strong>lib.</strong></span> <span class='ocrx_word' id='word_1_512' title='bbox 3007 2913 3090 2962; x_wconf 88' lang='lat' dir='ltr'><strong>tv,</strong></span> <span class='ocrx_word' id='word_1_513' title='bbox 3134 2895 3419 2966; x_wconf 83' lang='lat' dir='ltr'><strong>Sympos.,</strong></span> 
     </span>
    </p>
   </div>
   <div class='ocr_carea' id='block_1_72' title="bbox 1823 2998 2153 3070">
    <p class='ocr_par' dir='ltr' id='par_1_72' title="bbox 1823 2998 2153 3070">
     <span class='ocr_line' id='line_1_72' title="bbox 1823 2998 2153 3070; baseline 0 -19"><span class='ocrx_word' id='word_1_514' title='bbox 1823 3013 1948 3068; x_wconf 88' lang='lat' dir='ltr'><strong>pag.</strong></span> <span class='ocrx_word' id='word_1_515' title='bbox 1976 2998 2083 3053; x_wconf 85' lang='lat'><strong>670</strong></span> <span class='ocrx_word' id='word_1_516' title='bbox 2112 2998 2153 3070; x_wconf 92' lang='lat'><strong>).</strong></span> 
     </span>
    </p>
   </div>
   <div class='ocr_carea' id='block_1_73' title="bbox 1894 3087 3422 3160">
    <p class='ocr_par' dir='ltr' id='par_1_73' title="bbox 1894 3087 3422 3160">
     <span class='ocr_line' id='line_1_73' title="bbox 1894 3087 3422 3160; baseline -0.004 -15"><span class='ocrx_word' id='word_1_517' title='bbox 1894 3091 2031 3160; x_wconf 86' lang='lat' dir='ltr'><strong>Quid</strong></span> <span class='ocrx_word' id='word_1_518' title='bbox 2059 3107 2186 3147; x_wconf 91' lang='lat' dir='ltr'><strong>vero</strong></span> <span class='ocrx_word' id='word_1_519' title='bbox 2212 3091 2353 3160; x_wconf 85' lang='lat' dir='ltr'><strong>quod</strong></span> <span class='ocrx_word' id='word_1_520' title='bbox 2384 3102 2436 3147; x_wconf 91' lang='lat' dir='ltr'><strong>et</strong></span> <span class='ocrx_word' id='word_1_521' title='bbox 2470 3089 2802 3145; x_wconf 89' lang='lat' dir='ltr'><strong>Democritus</strong></span> <span class='ocrx_word' id='word_1_522' title='bbox 2830 3087 3136 3151; x_wconf 90' lang='lat' dir='ltr'><strong>historicus,</strong></span> <span class='ocrx_word' id='word_1_523' title='bbox 3168 3089 3422 3139; x_wconf 88' lang='lat' dir='ltr'><strong>narrante</strong></span> 
     </span>
    </p>
   </div>
   <div class='ocr_carea' id='block_1_74' title="bbox 1823 3179 3421 3253">
    <p class='ocr_par' dir='ltr' id='par_1_74' title="bbox 1823 3179 3421 3253">
     <span class='ocr_line' id='line_1_74' title="bbox 1823 3179 3421 3253; baseline -0.007 -13"><span class='ocrx_word' id='word_1_524' title='bbox 1823 3183 2009 3253; x_wconf 88' lang='lat' dir='ltr'><strong>Suida,</strong></span> <span class='ocrx_word' id='word_1_525' title='bbox 2036 3187 2148 3239; x_wconf 72' lang='lat' dir='ltr'><strong>lucc</strong></span> <span class='ocrx_word' id='word_1_526' title='bbox 2172 3183 2240 3240; x_wconf 90' lang='lat' dir='ltr'><strong>de</strong></span> <span class='ocrx_word' id='word_1_527' title='bbox 2264 3183 2465 3239; x_wconf 67' lang='lat' dir='ltr'><strong>Iudaeis</strong></span> <span class='ocrx_word' id='word_1_528' title='bbox 2491 3182 2766 3238; x_wconf 65' lang='lat' dir='ltr'><strong>memoria:</strong></span> <span class='ocrx_word' id='word_1_529' title='bbox 2793 3179 3024 3251; x_wconf 90' lang='lat' dir='ltr'><strong>prodidit</strong></span> <span class='ocrx_word' id='word_1_530' title='bbox 3056 3197 3069 3232; x_wconf 90' lang='lat'><strong>:</strong></span> <span class='ocrx_word' id='word_1_531' title='bbox 3098 3185 3291 3249; x_wconf 72' lang='grc' dir='ltr'><strong>Χρυσς,ν</strong></span> <span class='ocrx_word' id='word_1_532' title='bbox 3315 3182 3421 3229; x_wconf 56' lang='lat' dir='ltr'><strong>duo</strong></span> 
     </span>
    </p>
   </div>
   <div class='ocr_carea' id='block_1_75' title="bbox 1742 3276 3417 3353">
    <p class='ocr_par' dir='ltr' id='par_1_75' title="bbox 1742 3276 3417 3353">
     <span class='ocr_line' id='line_1_75' title="bbox 1742 3276 3417 3353; baseline -0.01 -13"><span class='ocrx_word' id='word_1_533' title='bbox 1742 3276 1787 3340; x_wconf 67' lang='grc' dir='ltr'>Ο</span> <span class='ocrx_word' id='word_1_534' title='bbox 1820 3284 2027 3351; x_wconf 69' lang='grc' dir='ltr'><strong>κεφαλὴν</strong></span> <span class='ocrx_word' id='word_1_535' title='bbox 2055 3287 2357 3353; x_wconf 65' lang='grc' dir='ltr'><strong>προσεκύνουν</strong></span> <span class='ocrx_word' id='word_1_536' title='bbox 2371 3284 2498 3334; x_wconf 69' lang='grc' dir='ltr'>κατὰ</span> <span class='ocrx_word' id='word_1_537' title='bbox 2517 3288 2730 3349; x_wconf 65' lang='grc' dir='ltr'><strong>τριετίαν</strong></span> <span class='ocrx_word' id='word_1_538' title='bbox 2753 3286 2877 3344; x_wconf 68' lang='grc' dir='ltr'><strong>ξενον</strong></span> <span class='ocrx_word' id='word_1_539' title='bbox 2901 3282 3169 3345; x_wconf 54' lang='lat' dir='ltr'><strong>sinebant;</strong></span> <span class='ocrx_word' id='word_1_540' title='bbox 3192 3276 3417 3342; x_wconf 65' lang='grc' dir='ltr'><strong>προσέφε-</strong></span> 
     </span>
    </p>
   </div>
   <div class='ocr_carea' id='block_1_76' title="bbox 1820 3368 3417 3443">
    <p class='ocr_par' dir='ltr' id='par_1_76' title="bbox 1820 3368 3417 3443">
     <span class='ocr_line' id='line_1_76' title="bbox 1820 3368 3417 3443; baseline -0.009 -14"><span class='ocrx_word' id='word_1_541' title='bbox 1820 3396 1920 3443; x_wconf 67' lang='grc' dir='ltr'><strong>ρῡν,</strong></span> <span class='ocrx_word' id='word_1_542' title='bbox 1942 3380 2024 3429; x_wconf 71' lang='grc' dir='ltr'><strong>καὶ</strong></span> <span class='ocrx_word' id='word_1_543' title='bbox 2053 3380 2177 3429; x_wconf 59' lang='grc' dir='ltr'>κατὰ</span> <span class='ocrx_word' id='word_1_544' title='bbox 2205 3382 2372 3427; x_wconf 76' lang='grc' dir='ltr'><strong>λεπτὸν</strong></span> <span class='ocrx_word' id='word_1_545' title='bbox 2396 3378 2486 3434; x_wconf 67' lang='grc' dir='ltr'><strong>τὰς</strong></span> <span class='ocrx_word' id='word_1_546' title='bbox 2514 3378 2692 3441; x_wconf 66' lang='grc' dir='ltr'><strong>σάρκας</strong></span> <span class='ocrx_word' id='word_1_547' title='bbox 2728 3374 2976 3435; x_wconf 80' lang='grc' dir='ltr'><strong>δίιξαινον,</strong></span> <span class='ocrx_word' id='word_1_548' title='bbox 3006 3374 3089 3421; x_wconf 78' lang='grc' dir='ltr'><strong>καὶ</strong></span> <span class='ocrx_word' id='word_1_549' title='bbox 3122 3370 3265 3427; x_wconf 76' lang='grc' dir='ltr'>οὕτως</span> <span class='ocrx_word' id='word_1_550' title='bbox 3292 3368 3417 3433; x_wconf 78' lang='grc' dir='ltr'><strong>ἀνῄ-</strong></span> 
     </span>
    </p>
   </div>
   <div class='ocr_carea' id='block_1_77' title="bbox 1816 3462 3417 3536">
    <p class='ocr_par' dir='ltr' id='par_1_77' title="bbox 1816 3462 3417 3536">
     <span class='ocr_line' id='line_1_77' title="bbox 1816 3462 3417 3536; baseline -0.006 -18"><span class='ocrx_word' id='word_1_551' title='bbox 1816 3482 1964 3536; x_wconf 77' lang='grc' dir='ltr'><strong>ρουνε</strong></span> <span class='ocrx_word' id='word_1_552' title='bbox 2004 3483 2024 3517; x_wconf 80' lang='grc' dir='ltr'><strong>ι</strong></span> <span class='ocrx_word' id='word_1_553' title='bbox 2046 3464 2192 3518; x_wconf 77' lang='lat' dir='ltr'><strong>Asini</strong></span> <span class='ocrx_word' id='word_1_554' title='bbox 2220 3472 2378 3528; x_wconf 85' lang='lat' dir='ltr'><strong>caput</strong></span> <span class='ocrx_word' id='word_1_555' title='bbox 2406 3462 2725 3526; x_wconf 89' lang='lat' dir='ltr'><strong>adorabant,</strong></span> <span class='ocrx_word' id='word_1_556' title='bbox 2756 3471 2810 3515; x_wconf 92' lang='lat' dir='ltr'><strong>et</strong></span> <span class='ocrx_word' id='word_1_557' title='bbox 2840 3463 2998 3515; x_wconf 89' lang='lat' dir='ltr'><strong>tertio</strong></span> <span class='ocrx_word' id='word_1_558' title='bbox 3026 3472 3240 3528; x_wconf 87' lang='lat' dir='ltr'><strong>quoque</strong></span> <span class='ocrx_word' id='word_1_559' title='bbox 3269 3467 3417 3509; x_wconf 89' lang='lat' dir='ltr'><strong>anno</strong></span> 
     </span>
    </p>
   </div>
   <div class='ocr_carea' id='block_1_78' title="bbox 1820 3550 3418 3627">
    <p class='ocr_par' dir='ltr' id='par_1_78' title="bbox 1820 3550 3418 3627">
     <span class='ocr_line' id='line_1_78' title="bbox 1820 3550 3418 3627; baseline -0.006 -17"><span class='ocrx_word' id='word_1_560' title='bbox 1820 3556 2088 3627; x_wconf 88' lang='lat' dir='ltr'><strong>hospitem</strong></span> <span class='ocrx_word' id='word_1_561' title='bbox 2128 3556 2413 3626; x_wconf 91' lang='lat' dir='ltr'><strong>capiebant</strong></span> <span class='ocrx_word' id='word_1_562' title='bbox 2442 3565 2495 3610; x_wconf 90' lang='lat' dir='ltr'><strong>et</strong></span> <span class='ocrx_word' id='word_1_563' title='bbox 2520 3553 2842 3618; x_wconf 81' lang='lat' dir='ltr'><strong>offerebant,</strong></span> <span class='ocrx_word' id='word_1_564' title='bbox 2885 3562 2939 3607; x_wconf 91' lang='lat' dir='ltr'><strong>et</strong></span> <span class='ocrx_word' id='word_1_565' title='bbox 2966 3550 3269 3606; x_wconf 88' lang='lat' dir='ltr'><strong>minutatim</strong></span> <span class='ocrx_word' id='word_1_566' title='bbox 3300 3562 3418 3604; x_wconf 86' lang='lat' dir='ltr'><strong>car-</strong></span> 
     </span>
    </p>
   </div>
   <div class='ocr_carea' id='block_1_79' title="bbox 1818 3644 3414 3720">
    <p class='ocr_par' dir='ltr' id='par_1_79' title="bbox 1818 3644 3414 3720">
     <span class='ocr_line' id='line_1_79' title="bbox 1818 3644 3414 3720; baseline -0.004 -14"><span class='ocrx_word' id='word_1_567' title='bbox 1818 3665 1915 3707; x_wconf 92' lang='lat' dir='ltr'><strong>nes</strong></span> <span class='ocrx_word' id='word_1_568' title='bbox 1959 3650 2321 3713; x_wconf 78' lang='lat' dir='ltr'><strong>disseCabant,</strong></span> <span class='ocrx_word' id='word_1_569' title='bbox 2363 3659 2417 3704; x_wconf 90' lang='lat' dir='ltr'><strong>et</strong></span> <span class='ocrx_word' id='word_1_570' title='bbox 2446 3651 2525 3704; x_wconf 88' lang='lat' dir='ltr'><strong>sic</strong></span> <span class='ocrx_word' id='word_1_571' title='bbox 2552 3646 2945 3703; x_wconf 87' lang='lat' dir='ltr'><strong>interﬁciebant</strong></span> <span class='ocrx_word' id='word_1_572' title='bbox 2977 3667 2998 3700; x_wconf 75' lang='grc' dir='ltr'><strong>ι</strong></span> <span class='ocrx_word' id='word_1_573' title='bbox 3020 3644 3236 3720; x_wconf 86' lang='lat' dir='ltr'><strong>(Suidas</strong></span> <span class='ocrx_word' id='word_1_574' title='bbox 3262 3644 3329 3700; x_wconf 91' lang='lat' dir='ltr'><strong>ad</strong></span> <span class='ocrx_word' id='word_1_575' title='bbox 3360 3659 3414 3699; x_wconf 94' lang='lat' dir='ltr'><strong>v.</strong></span> 
     </span>
    </p>
   </div>
   <div class='ocr_carea' id='block_1_80' title="bbox 1816 3735 3413 3812">
    <p class='ocr_par' dir='ltr' id='par_1_80' title="bbox 1816 3735 3413 3812">
     <span class='ocr_line' id='line_1_80' title="bbox 1816 3735 3413 3812; baseline -0.004 -14"><span class='ocrx_word' id='word_1_576' title='bbox 1816 3735 1976 3806; x_wconf 71' lang='grc' dir='ltr'><strong>ὶιὺδας</strong></span> <span class='ocrx_word' id='word_1_577' title='bbox 2008 3742 2050 3812; x_wconf 92' lang='grc'><strong>).</strong></span> <span class='ocrx_word' id='word_1_578' title='bbox 2093 3742 2223 3798; x_wconf 91' lang='lat' dir='ltr'><strong>Inde</strong></span> <span class='ocrx_word' id='word_1_579' title='bbox 2271 3742 2500 3797; x_wconf 87' lang='lat' dir='ltr'><strong>fortasse</strong></span> <span class='ocrx_word' id='word_1_580' title='bbox 2539 3739 2742 3795; x_wconf 87' lang='lat' dir='ltr'><strong>factum</strong></span> <span class='ocrx_word' id='word_1_581' title='bbox 2786 3748 2870 3795; x_wconf 92' lang='lat' dir='ltr'><strong>est</strong></span> <span class='ocrx_word' id='word_1_582' title='bbox 2916 3749 2973 3794; x_wconf 90' lang='lat' dir='ltr'><strong>ut</strong></span> <span class='ocrx_word' id='word_1_583' title='bbox 3028 3741 3080 3794; x_wconf 93' lang='lat' dir='ltr'><strong>in</strong></span> <span class='ocrx_word' id='word_1_584' title='bbox 3134 3738 3293 3809; x_wconf 84' lang='lat' dir='ltr'><strong>hujus</strong></span> <span class='ocrx_word' id='word_1_585' title='bbox 3316 3738 3413 3793; x_wconf 89' lang='lat' dir='ltr'><strong>ab-</strong></span> 
     </span>
    </p>
   </div>
   <div class='ocr_carea' id='block_1_81' title="bbox 1815 3831 3416 3904">
    <p class='ocr_par' dir='ltr' id='par_1_81' title="bbox 1815 3831 3416 3904">
     <span class='ocr_line' id='line_1_81' title="bbox 1815 3831 3416 3904; baseline -0.001 -15"><span class='ocrx_word' id='word_1_586' title='bbox 1815 3835 1964 3890; x_wconf 90' lang='lat' dir='ltr'><strong>surdi</strong></span> <span class='ocrx_word' id='word_1_587' title='bbox 1997 3835 2194 3900; x_wconf 88' lang='lat' dir='ltr'><strong>cultus,</strong></span> <span class='ocrx_word' id='word_1_588' title='bbox 2225 3836 2436 3890; x_wconf 88' lang='lat' dir='ltr'><strong>tametsi</strong></span> <span class='ocrx_word' id='word_1_589' title='bbox 2469 3836 2625 3904; x_wconf 85' lang='lat' dir='ltr'><strong>plane</strong></span> <span class='ocrx_word' id='word_1_590' title='bbox 2657 3834 2849 3901; x_wconf 90' lang='lat' dir='ltr'><strong>ﬁctitii,</strong></span> <span class='ocrx_word' id='word_1_591' title='bbox 2889 3834 3211 3895; x_wconf 90' lang='lat' dir='ltr'><strong>irrisioncm,</strong></span> <span class='ocrx_word' id='word_1_592' title='bbox 3266 3831 3416 3887; x_wconf 86' lang='lat' dir='ltr'><strong>Zeno</strong></span> 
     </span>
    </p>
   </div>
   <div class='ocr_carea' id='block_1_82' title="bbox 1813 3924 3411 3997">
    <p class='ocr_par' dir='ltr' id='par_1_82' title="bbox 1813 3924 3411 3997">
     <span class='ocr_line' id='line_1_82' title="bbox 1813 3924 3411 3997; baseline -0.001 -18"><span class='ocrx_word' id='word_1_593' title='bbox 1813 3926 2027 3997; x_wconf 88' lang='lat' dir='ltr'><strong>quidem</strong></span> <span class='ocrx_word' id='word_1_594' title='bbox 2057 3926 2475 3993; x_wconf 77' lang='lat' dir='ltr'><strong>Alexandrinus,</strong></span> <span class='ocrx_word' id='word_1_595' title='bbox 2502 3928 2730 3997; x_wconf 90' lang='lat' dir='ltr'><strong>primum</strong></span> <span class='ocrx_word' id='word_1_596' title='bbox 2754 3925 2995 3991; x_wconf 68' lang='lat' dir='ltr'><strong>Judaaus,</strong></span> <span class='ocrx_word' id='word_1_597' title='bbox 3026 3935 3081 3979; x_wconf 93' lang='lat' dir='ltr'><strong>ut</strong></span> <span class='ocrx_word' id='word_1_598' title='bbox 3113 3924 3251 3979; x_wconf 89' lang='lat' dir='ltr'><strong>idem</strong></span> <span class='ocrx_word' id='word_1_599' title='bbox 3282 3924 3411 3979; x_wconf 86' lang='lat' dir='ltr'><strong>Stti-</strong></span> 
     </span>
    </p>
   </div>
   <div class='ocr_carea' id='block_1_83' title="bbox 1813 4018 3414 4092">
    <p class='ocr_par' dir='ltr' id='par_1_83' title="bbox 1813 4018 3414 4092">
     <span class='ocr_line' id='line_1_83' title="bbox 1813 4018 3414 4092; baseline -0.002 -18"><span class='ocrx_word' id='word_1_600' title='bbox 1813 4019 1910 4075; x_wconf 90' lang='lat' dir='ltr'><strong>das</strong></span> <span class='ocrx_word' id='word_1_601' title='bbox 1941 4020 2104 4075; x_wconf 86' lang='lat' dir='ltr'><strong>refert</strong></span> <span class='ocrx_word' id='word_1_602' title='bbox 2131 4020 2320 4091; x_wconf 89' lang='lat' dir='ltr'><strong>(Idem,</strong></span> <span class='ocrx_word' id='word_1_603' title='bbox 2350 4037 2401 4074; x_wconf 93' lang='lat' dir='ltr'><strong>v.</strong></span> <span class='ocrx_word' id='word_1_604' title='bbox 2424 4018 2625 4092; x_wconf 64' lang='grc' dir='ltr'><strong>Ζηνων),</strong></span> <span class='ocrx_word' id='word_1_605' title='bbox 2648 4021 2814 4074; x_wconf 91' lang='lat' dir='ltr'><strong>misso</strong></span> <span class='ocrx_word' id='word_1_606' title='bbox 2836 4018 3108 4087; x_wconf 84' lang='lat' dir='ltr'><strong>religionis</strong></span> <span class='ocrx_word' id='word_1_607' title='bbox 3137 4032 3248 4071; x_wconf 68' lang='lat' dir='ltr'><strong>sua:</strong></span> <span class='ocrx_word' id='word_1_608' title='bbox 3276 4033 3414 4072; x_wconf 88' lang='lat' dir='ltr'><strong>nun-</strong></span> 
     </span>
    </p>
   </div>
   <div class='ocr_carea' id='block_1_84' title="bbox 1811 4110 3410 4186">
    <p class='ocr_par' dir='ltr' id='par_1_84' title="bbox 1811 4110 3410 4186">
     <span class='ocr_line' id='line_1_84' title="bbox 1811 4110 3410 4186; baseline -0.003 -16"><span class='ocrx_word' id='word_1_609' title='bbox 1811 4115 1910 4179; x_wconf 92' lang='lat' dir='ltr'><strong>tio,</strong></span> <span class='ocrx_word' id='word_1_610' title='bbox 1942 4115 2150 4169; x_wconf 89' lang='lat' dir='ltr'><strong>asinum</strong></span> <span class='ocrx_word' id='word_1_611' title='bbox 2177 4116 2357 4169; x_wconf 89' lang='lat' dir='ltr'><strong>album</strong></span> <span class='ocrx_word' id='word_1_612' title='bbox 2391 4130 2485 4184; x_wconf 89' lang='lat' dir='ltr'><strong>per</strong></span> <span class='ocrx_word' id='word_1_613' title='bbox 2511 4128 2699 4169; x_wconf 92' lang='lat' dir='ltr'><strong>eorum</strong></span> <span class='ocrx_word' id='word_1_614' title='bbox 2729 4126 3055 4186; x_wconf 87' lang='lat' dir='ltr'><strong>synagogam</strong></span> <span class='ocrx_word' id='word_1_615' title='bbox 3084 4110 3170 4167; x_wconf 88' lang='lat' dir='ltr'><strong>die</strong></span> <span class='ocrx_word' id='word_1_616' title='bbox 3197 4112 3410 4166; x_wconf 88' lang='lat' dir='ltr'><strong>sabbati</strong></span> 
     </span>
    </p>
   </div>
   <div class='ocr_carea' id='block_1_85' title="bbox 1811 4210 2126 4264">
    <p class='ocr_par' dir='ltr' id='par_1_85' title="bbox 1811 4210 2126 4264">
     <span class='ocr_line' id='line_1_85' title="bbox 1811 4210 2126 4264; baseline -0.006 -1"><span class='ocrx_word' id='word_1_617' title='bbox 1811 4210 2126 4264; x_wconf 83' lang='lat' dir='ltr'><strong>traduxerit.</strong></span> 
     </span>
    </p>
   </div>
   <div class='ocr_carea' id='block_1_86' title="bbox 1882 4294 3411 4368">
    <p class='ocr_par' dir='ltr' id='par_1_86' title="bbox 1882 4294 3411 4368">
     <span class='ocr_line' id='line_1_86' title="bbox 1882 4294 3411 4368; baseline -0.005 -12"><span class='ocrx_word' id='word_1_618' title='bbox 1882 4301 2078 4356; x_wconf 78' lang='lat' dir='ltr'><strong>Verum</strong></span> <span class='ocrx_word' id='word_1_619' title='bbox 2108 4298 2399 4367; x_wconf 85' lang='lat' dir='ltr'><strong>Josephus,</strong></span> <span class='ocrx_word' id='word_1_620' title='bbox 2433 4297 2660 4368; x_wconf 82' lang='lat' dir='ltr'><strong>Appioni</strong></span> <span class='ocrx_word' id='word_1_621' title='bbox 2687 4295 2933 4350; x_wconf 88' lang='lat' dir='ltr'><strong>eamdem</strong></span> <span class='ocrx_word' id='word_1_622' title='bbox 2962 4295 3283 4350; x_wconf 85' lang='lat' dir='ltr'><strong>calumniam</strong></span> <span class='ocrx_word' id='word_1_623' title='bbox 3312 4294 3411 4349; x_wconf 89' lang='lat' dir='ltr'><strong>ub-</strong></span> 
     </span>
    </p>
   </div>
   <div class='ocr_carea' id='block_1_87' title="bbox 1804 4387 3408 4465">
    <p class='ocr_par' dir='ltr' id='par_1_87' title="bbox 1804 4387 3408 4465">
     <span class='ocr_line' id='line_1_87' title="bbox 1804 4387 3408 4465; baseline -0.003 -18"><span class='ocrx_word' id='word_1_624' title='bbox 1804 4394 2012 4465; x_wconf 85' lang='lat' dir='ltr'><strong>jicienti</strong></span> <span class='ocrx_word' id='word_1_625' title='bbox 2054 4392 2139 4445; x_wconf 90' lang='lat' dir='ltr'><strong>ubi</strong></span> <span class='ocrx_word' id='word_1_626' title='bbox 2170 4390 2481 4459; x_wconf 89' lang='lat' dir='ltr'><strong>respondet,</strong></span> <span class='ocrx_word' id='word_1_627' title='bbox 2532 4389 2676 4443; x_wconf 92' lang='lat' dir='ltr'><strong>illius</strong></span> <span class='ocrx_word' id='word_1_628' title='bbox 2717 4387 3001 4442; x_wconf 87' lang='lat' dir='ltr'><strong>falsitatem</strong></span> <span class='ocrx_word' id='word_1_629' title='bbox 3045 4389 3212 4442; x_wconf 90' lang='lat' dir='ltr'><strong>variis</strong></span> <span class='ocrx_word' id='word_1_630' title='bbox 3238 4388 3408 4442; x_wconf 82' lang='lat' dir='ltr'><strong>ratio-</strong></span> 
     </span>
    </p>
   </div>
   <div class='ocr_carea' id='block_1_88' title="bbox 1810 4476 3405 4557">
    <p class='ocr_par' dir='ltr' id='par_1_88' title="bbox 1810 4476 3405 4557">
     <span class='ocr_line' id='line_1_88' title="bbox 1810 4476 3405 4557; baseline -0.004 -15"><span class='ocrx_word' id='word_1_631' title='bbox 1810 4488 1968 4543; x_wconf 90' lang='lat' dir='ltr'><strong>nibus</strong></span> <span class='ocrx_word' id='word_1_632' title='bbox 1994 4476 2353 4540; x_wconf 84' lang='lat' dir='ltr'><strong>demonstrat.</strong></span> <span class='ocrx_word' id='word_1_633' title='bbox 2381 4480 2713 4539; x_wconf 87' lang='lat' dir='ltr'><strong>Proferenda</strong></span> <span class='ocrx_word' id='word_1_634' title='bbox 2736 4489 2913 4534; x_wconf 90' lang='lat' dir='ltr'><strong>autem</strong></span> <span class='ocrx_word' id='word_1_635' title='bbox 2941 4491 3066 4536; x_wconf 86' lang='lat' dir='ltr'><strong>sunt</strong></span> <span class='ocrx_word' id='word_1_636' title='bbox 3086 4482 3203 4557; x_wconf 87' lang='lat' dir='ltr'><strong>ejus</strong></span> <span class='ocrx_word' id='word_1_637' title='bbox 3224 4481 3405 4546; x_wconf 67' lang='lat' dir='ltr'><strong>verba,</strong></span> 
     </span>
    </p>
   </div>
   <div class='ocr_carea' id='block_1_89' title="bbox 1808 4572 3409 4650">
    <p class='ocr_par' dir='ltr' id='par_1_89' title="bbox 1808 4572 3409 4650">
     <span class='ocr_line' id='line_1_89' title="bbox 1808 4572 3409 4650; baseline -0.003 -17"><span class='ocrx_word' id='word_1_638' title='bbox 1808 4595 1931 4650; x_wconf 73' lang='lat' dir='ltr'><strong>qute</strong></span> <span class='ocrx_word' id='word_1_639' title='bbox 1958 4578 2168 4631; x_wconf 87' lang='lat' dir='ltr'><strong>etiamsi</strong></span> <span class='ocrx_word' id='word_1_640' title='bbox 2198 4576 2250 4630; x_wconf 89' lang='lat' dir='ltr'><strong>itt</strong></span> <span class='ocrx_word' id='word_1_641' title='bbox 2291 4590 2471 4646; x_wconf 65' lang='lat' dir='ltr'><strong>graeco</strong></span> <span class='ocrx_word' id='word_1_642' title='bbox 2499 4573 2795 4643; x_wconf 83' lang='lat' dir='ltr'><strong>exemplari</strong></span> <span class='ocrx_word' id='word_1_643' title='bbox 2828 4572 3028 4641; x_wconf 90' lang='lat' dir='ltr'><strong>desint,</strong></span> <span class='ocrx_word' id='word_1_644' title='bbox 3059 4574 3110 4628; x_wconf 93' lang='lat' dir='ltr'><strong>in</strong></span> <span class='ocrx_word' id='word_1_645' title='bbox 3142 4573 3303 4628; x_wconf 89' lang='lat' dir='ltr'><strong>editis</strong></span> <span class='ocrx_word' id='word_1_646' title='bbox 3328 4574 3409 4628; x_wconf 90' lang='lat' dir='ltr'><strong>ni-</strong></span> 
     </span>
    </p>
   </div>
   <div class='ocr_carea' id='block_1_90' title="bbox 145 4659 3401 4741">
    <p class='ocr_par' dir='ltr' id='par_1_90' title="bbox 145 4659 3401 4741">
     <span class='ocr_line' id='line_1_90' title="bbox 145 4659 3401 4741; baseline -0.001 -18"><span class='ocrx_word' id='word_1_647' title='bbox 145 4659 349 4723; x_wconf 65' lang='lat' dir='ltr'><strong>Pecndis</strong></span> <span class='ocrx_word' id='word_1_648' title='bbox 373 4678 517 4737; x_wconf 87' lang='lat' dir='ltr'><strong>caput</strong></span> <span class='ocrx_word' id='word_1_649' title='bbox 552 4669 691 4723; x_wconf 88' lang='lat' dir='ltr'><strong>asini</strong></span> <span class='ocrx_word' id='word_1_650' title='bbox 742 4680 1113 4724; x_wconf 83' lang='lat' dir='ltr'><strong>consecratum</strong></span> <span class='ocrx_word' id='word_1_651' title='bbox 1144 4672 1328 4725; x_wconf 90' lang='lat' dir='ltr'><strong>nescio</strong></span> <span class='ocrx_word' id='word_1_652' title='bbox 1353 4687 1455 4741; x_wconf 89' lang='lat' dir='ltr'><strong>qua</strong></span> <span class='ocrx_word' id='word_1_653' title='bbox 1485 4686 1696 4740; x_wconf 86' lang='lat' dir='ltr'><strong>persua-</strong></span> <span class='ocrx_word' id='word_1_654' title='bbox 1728 4670 1782 4731; x_wconf 90' lang='lat' dir='ltr'><strong>D</strong></span> <span class='ocrx_word' id='word_1_655' title='bbox 1810 4671 2103 4727; x_wconf 87' lang='lat' dir='ltr'><strong>hilominus</strong></span> <span class='ocrx_word' id='word_1_656' title='bbox 2133 4670 2212 4724; x_wconf 91' lang='lat' dir='ltr'><strong>sic</strong></span> <span class='ocrx_word' id='word_1_657' title='bbox 2261 4668 2424 4723; x_wconf 90' lang='lat' dir='ltr'><strong>latine</strong></span> <span class='ocrx_word' id='word_1_658' title='bbox 2463 4666 2731 4722; x_wconf 83' lang='lat' dir='ltr'><strong>habentur</strong></span> <span class='ocrx_word' id='word_1_659' title='bbox 2756 4684 2768 4722; x_wconf 90' lang='lat'><strong>:</strong></span> <span class='ocrx_word' id='word_1_660' title='bbox 2798 4683 2819 4720; x_wconf 78' lang='grc' dir='ltr'><strong>ι</strong></span> <span class='ocrx_word' id='word_1_661' title='bbox 2840 4666 2897 4722; x_wconf 92' lang='lat' dir='ltr'><strong>In</strong></span> <span class='ocrx_word' id='word_1_662' title='bbox 2927 4668 3163 4724; x_wconf 89' lang='lat' dir='ltr'><strong>sacrario</strong></span> <span class='ocrx_word' id='word_1_663' title='bbox 3190 4668 3401 4737; x_wconf 77' lang='lat' dir='ltr'><strong>Appian</strong></span> 
     </span>
    </p>
   </div>
   <div class='ocr_carea' id='block_1_91' title="bbox 138 4745 1701 4819">
    <p class='ocr_par' dir='ltr' id='par_1_91' title="bbox 138 4745 1701 4819">
     <span class='ocr_line' id='line_1_91' title="bbox 138 4745 1701 4819; baseline 0.01 -17"><span class='ocrx_word' id='word_1_664' title='bbox 138 4745 277 4806; x_wconf 83' lang='lat' dir='ltr'><strong>sione</strong></span> <span class='ocrx_word' id='word_1_665' title='bbox 314 4761 573 4815; x_wconf 74' lang='lat' dir='ltr'><strong>venerari.</strong></span> <span class='ocrx_word' id='word_1_666' title='bbox 602 4779 621 4813; x_wconf 77' lang='grc' dir='ltr'><strong>ι</strong></span> <span class='ocrx_word' id='word_1_667' title='bbox 657 4759 1021 4816; x_wconf 86' lang='lat' dir='ltr'><strong>Tertulliauus</strong></span> <span class='ocrx_word' id='word_1_668' title='bbox 1064 4778 1191 4817; x_wconf 89' lang='lat' dir='ltr'><strong>vero</strong></span> <span class='ocrx_word' id='word_1_669' title='bbox 1238 4763 1372 4817; x_wconf 90' lang='lat' dir='ltr'><strong>hanc</strong></span> <span class='ocrx_word' id='word_1_670' title='bbox 1421 4764 1701 4819; x_wconf 89' lang='lat' dir='ltr'><strong>ridiculam</strong></span> 
     </span>
    </p>
   </div>
   <div class='ocr_carea' id='block_1_92' title="bbox 132 4850 1700 4926">
    <p class='ocr_par' dir='ltr' id='par_1_92' title="bbox 132 4850 1700 4926">
     <span class='ocr_line' id='line_1_92' title="bbox 132 4850 1700 4926; baseline 0.005 -25"><span class='ocrx_word' id='word_1_671' title='bbox 132 4850 498 4907; x_wconf 66' lang='lat' dir='ltr'><strong>accusationem</strong></span> <span class='ocrx_word' id='word_1_672' title='bbox 538 4853 743 4908; x_wconf 88' lang='lat' dir='ltr'><strong>clarius</strong></span> <span class='ocrx_word' id='word_1_673' title='bbox 785 4854 1039 4923; x_wconf 75' lang='lat' dir='ltr'><strong>explicat,</strong></span> <span class='ocrx_word' id='word_1_674' title='bbox 1071 4855 1318 4926; x_wconf 90' lang='lat' dir='ltr'><strong>illiusque</strong></span> <span class='ocrx_word' id='word_1_675' title='bbox 1360 4857 1700 4911; x_wconf 84' lang='lat' dir='ltr'><strong>occasionem</strong></span> 
     </span>
    </p>
   </div>
   <div class='ocr_carea' id='block_1_93' title="bbox 121 4936 1700 5014">
    <p class='ocr_par' dir='ltr' id='par_1_93' title="bbox 121 4936 1700 5014">
     <span class='ocr_line' id='line_1_93' title="bbox 121 4936 1700 5014; baseline 0.008 -24"><span class='ocrx_word' id='word_1_676' title='bbox 121 4936 179 4983; x_wconf 68' lang='lat' dir='ltr'><strong>ei</strong></span> <span class='ocrx_word' id='word_1_677' title='bbox 219 4947 420 4996; x_wconf 60' lang='lat' dir='ltr'><strong>cauum</strong></span> <span class='ocrx_word' id='word_1_678' title='bbox 470 4944 555 4998; x_wconf 90' lang='lat' dir='ltr'><strong>his</strong></span> <span class='ocrx_word' id='word_1_679' title='bbox 594 4946 847 5011; x_wconf 78' lang='lat' dir='ltr'><strong>patefecit</strong></span> <span class='ocrx_word' id='word_1_680' title='bbox 894 4946 1113 5004; x_wconf 85' lang='lat' dir='ltr'><strong>verbis:</strong></span> <span class='ocrx_word' id='word_1_681' title='bbox 1161 4947 1540 5014; x_wconf 69' lang='lat' dir='ltr'><strong>«Somniastis,</strong></span> <span class='ocrx_word' id='word_1_682' title='bbox 1574 4968 1593 5003; x_wconf 72' lang='grc' dir='ltr'><strong>ι</strong></span> <span class='ocrx_word' id='word_1_683' title='bbox 1630 4949 1700 5003; x_wconf 90' lang='lat' dir='ltr'><strong>ita</strong></span> 
     </span>
    </p>
   </div>
   <div class='ocr_carea' id='block_1_94' title="bbox 108 5016 1702 5107">
    <p class='ocr_par' dir='ltr' id='par_1_94' title="bbox 108 5016 1702 5107">
     <span class='ocr_line' id='line_1_94' title="bbox 108 5016 1702 5107; baseline 0.006 -21"><span class='ocrx_word' id='word_1_684' title='bbox 108 5016 201 5074; x_wconf 68' lang='lat' dir='ltr'><strong>me</strong></span> <span class='ocrx_word' id='word_1_685' title='bbox 234 5029 476 5090; x_wconf 84' lang='lat' dir='ltr'><strong>Gentiles</strong></span> <span class='ocrx_word' id='word_1_686' title='bbox 514 5037 831 5105; x_wconf 90' lang='lat' dir='ltr'><strong>alloquitur,</strong></span> <span class='ocrx_word' id='word_1_687' title='bbox 871 5048 1071 5107; x_wconf 68' lang='lat' dir='ltr'><strong>«caput</strong></span> <span class='ocrx_word' id='word_1_688' title='bbox 1099 5040 1367 5094; x_wconf 87' lang='lat' dir='ltr'><strong>asininum</strong></span> <span class='ocrx_word' id='word_1_689' title='bbox 1396 5057 1517 5097; x_wconf 91' lang='lat' dir='ltr'><strong>esse</strong></span> <span class='ocrx_word' id='word_1_690' title='bbox 1543 5042 1702 5098; x_wconf 92' lang='lat' dir='ltr'><strong>deum</strong></span> 
     </span>
    </p>
   </div>
   <div class='ocr_carea' id='block_1_95' title="bbox 93 5122 1700 5202">
    <p class='ocr_par' dir='ltr' id='par_1_95' title="bbox 93 5122 1700 5202">
     <span class='ocr_line' id='line_1_95' title="bbox 93 5122 1700 5202; baseline 0.005 -23"><span class='ocrx_word' id='word_1_691' title='bbox 93 5122 371 5183; x_wconf 59' lang='lat' dir='ltr'><strong>&quot;Mirum.</strong></span> <span class='ocrx_word' id='word_1_692' title='bbox 399 5127 551 5183; x_wconf 79' lang='lat' dir='ltr'><strong>Hanc</strong></span> <span class='ocrx_word' id='word_1_693' title='bbox 571 5128 858 5185; x_wconf 85' lang='lat' dir='ltr'><strong>Cornelius</strong></span> <span class='ocrx_word' id='word_1_694' title='bbox 882 5130 1097 5186; x_wconf 82' lang='lat' dir='ltr'><strong>Tacitus</strong></span> <span class='ocrx_word' id='word_1_695' title='bbox 1119 5133 1483 5202; x_wconf 87' lang='lat' dir='ltr'><strong>suspicionem</strong></span> <span class='ocrx_word' id='word_1_696' title='bbox 1514 5133 1700 5201; x_wconf 83' lang='lat' dir='ltr'><strong>huius-</strong></span> 
     </span>
    </p>
   </div>
   <div class='ocr_carea' id='block_1_96' title="bbox 74 5204 1698 5292">
    <p class='ocr_par' dir='ltr' id='par_1_96' title="bbox 74 5204 1698 5292">
     <span class='ocr_line' id='line_1_96' title="bbox 74 5204 1698 5292; baseline 0.004 -20"><span class='ocrx_word' id='word_1_697' title='bbox 74 5204 241 5292; x_wconf 64' lang='grc' dir='ltr'><strong>Ψοάὲ</strong></span> <span class='ocrx_word' id='word_1_698' title='bbox 272 5220 518 5276; x_wconf 86' lang='lat' dir='ltr'><strong>inseruit.</strong></span> <span class='ocrx_word' id='word_1_699' title='bbox 546 5222 596 5277; x_wconf 85' lang='lat' dir='ltr'><strong>Is</strong></span> <span class='ocrx_word' id='word_1_700' title='bbox 618 5223 763 5277; x_wconf 84' lang='lat' dir='ltr'><strong>enim</strong></span> <span class='ocrx_word' id='word_1_701' title='bbox 793 5223 843 5274; x_wconf 92' lang='lat' dir='ltr'><strong>in</strong></span> <span class='ocrx_word' id='word_1_702' title='bbox 866 5223 1050 5292; x_wconf 85' lang='lat' dir='ltr'><strong>quinta</strong></span> <span class='ocrx_word' id='word_1_703' title='bbox 1084 5221 1430 5278; x_wconf 79' lang='lat' dir='ltr'><strong>Historiarum</strong></span> <span class='ocrx_word' id='word_1_704' title='bbox 1457 5240 1698 5289; x_wconf 88' lang='lat' dir='ltr'><strong>suarum,</strong></span> 
     </span>
    </p>
   </div>
   <div class='ocr_carea' id='block_1_97' title="bbox 48 5290 1702 5392">
    <p class='ocr_par' dir='ltr' id='par_1_97' title="bbox 48 5290 1702 5392">
     <span class='ocr_line' id='line_1_97' title="bbox 48 5290 1702 5392; baseline 0.004 -26"><span class='ocrx_word' id='word_1_705' title='bbox 48 5290 300 5392; x_wconf 43' lang='lat' dir='ltr'><strong>.bellhm</strong></span> <span class='ocrx_word' id='word_1_706' title='bbox 330 5312 616 5368; x_wconf 70' lang='lat' dir='ltr'><strong>Iudaicum</strong></span> <span class='ocrx_word' id='word_1_707' title='bbox 642 5290 970 5369; x_wconf 13' lang='lat' dir='ltr'><strong>cxorsusﬁah</strong></span> <span class='ocrx_word' id='word_1_708' title='bbox 998 5316 1204 5385; x_wconf 87' lang='lat' dir='ltr'><strong>origine</strong></span> <span class='ocrx_word' id='word_1_709' title='bbox 1233 5318 1427 5384; x_wconf 87' lang='lat' dir='ltr'><strong>gentis,</strong></span> <span class='ocrx_word' id='word_1_710' title='bbox 1451 5317 1611 5370; x_wconf 86' lang='lat' dir='ltr'><strong>etiam</strong></span> <span class='ocrx_word' id='word_1_711' title='bbox 1634 5318 1702 5372; x_wconf 89' lang='lat' dir='ltr'><strong>de</strong></span> 
     </span>
    </p>
   </div>
   <div class='ocr_carea' id='block_1_98' title="bbox 44 5398 1698 5479">
    <p class='ocr_par' dir='ltr' id='par_1_98' title="bbox 44 5398 1698 5479">
     <span class='ocr_line' id='line_1_98' title="bbox 44 5398 1698 5479; baseline 0.004 -20"><span class='ocrx_word' id='word_1_712' title='bbox 44 5398 151 5448; x_wconf 70' lang='grc'><strong>’1³⁸³</strong></span> <span class='ocrx_word' id='word_1_713' title='bbox 226 5416 347 5462; x_wconf 63' lang='lat' dir='ltr'><strong>tam</strong></span> <span class='ocrx_word' id='word_1_714' title='bbox 373 5409 588 5478; x_wconf 88' lang='lat' dir='ltr'><strong>origine</strong></span> <span class='ocrx_word' id='word_1_715' title='bbox 617 5424 778 5477; x_wconf 87' lang='lat' dir='ltr'><strong>quam</strong></span> <span class='ocrx_word' id='word_1_716' title='bbox 800 5408 865 5462; x_wconf 90' lang='lat' dir='ltr'><strong>de</strong></span> <span class='ocrx_word' id='word_1_717' title='bbox 888 5410 1103 5464; x_wconf 88' lang='lat' dir='ltr'><strong>nomine</strong></span> <span class='ocrx_word' id='word_1_718' title='bbox 1133 5417 1189 5465; x_wconf 90' lang='lat' dir='ltr'><strong>et</strong></span> <span class='ocrx_word' id='word_1_719' title='bbox 1217 5411 1472 5478; x_wconf 88' lang='lat' dir='ltr'><strong>religione</strong></span> <span class='ocrx_word' id='word_1_720' title='bbox 1502 5409 1698 5479; x_wconf 86' lang='lat' dir='ltr'><strong>gentis,</strong></span> 
     </span>
    </p>
   </div>
   <div class='ocr_carea' id='block_1_99' title="bbox 27 5484 1701 5581">
    <p class='ocr_par' dir='ltr' id='par_1_99' title="bbox 27 5484 1701 5581">
     <span class='ocr_line' id='line_1_99' title="bbox 27 5484 1701 5581; baseline 0.014 -47"><span class='ocrx_word' id='word_1_721' title='bbox 27 5484 165 5581; x_wconf 54' lang='lat' dir='ltr'><strong>(in:</strong></span> <span class='ocrx_word' id='word_1_722' title='bbox 250 5499 417 5554; x_wconf 71' lang='grc' dir='ltr'>νοιιιῑι</span> <span class='ocrx_word' id='word_1_723' title='bbox 442 5507 871 5569; x_wconf 82' lang='lat' dir='ltr'><strong>argumentatus,</strong></span> <span class='ocrx_word' id='word_1_724' title='bbox 902 5499 1119 5556; x_wconf 67' lang='lat' dir='ltr'><strong>JlldiBOS</strong></span> <span class='ocrx_word' id='word_1_725' title='bbox 1157 5501 1319 5556; x_wconf 84' lang='lat' dir='ltr'><strong>refert</strong></span> <span class='ocrx_word' id='word_1_726' title='bbox 1345 5501 1578 5574; x_wconf 68' lang='lat' dir='ltr'><strong>Egypto</strong></span> <span class='ocrx_word' id='word_1_727' title='bbox 1608 5517 1701 5556; x_wconf 91' lang='lat' dir='ltr'><strong>cx-</strong></span> 
     </span>
    </p>
   </div>
   <div class='ocr_carea' id='block_1_100' title="bbox 27 5563 1697 5675">
    <p class='ocr_par' dir='ltr' id='par_1_100' title="bbox 27 5563 1697 5675">
     <span class='ocr_line' id='line_1_100' title="bbox 27 5563 1697 5675; baseline 0.013 -38"><span class='ocrx_word' id='word_1_728' title='bbox 27 5563 181 5675; x_wconf 39' lang='grc' dir='ltr'><strong>δξλίῆ</strong></span> <span class='ocrx_word' id='word_1_729' title='bbox 234 5602 316 5643; x_wconf 87' lang='lat' dir='ltr'><strong>tos</strong></span> <span class='ocrx_word' id='word_1_730' title='bbox 348 5594 491 5654; x_wconf 84' lang='lat' dir='ltr'><strong>sive,</strong></span> <span class='ocrx_word' id='word_1_731' title='bbox 523 5602 580 5647; x_wconf 91' lang='lat' dir='ltr'><strong>ut</strong></span> <span class='ocrx_word' id='word_1_732' title='bbox 613 5592 837 5662; x_wconf 86' lang='lat' dir='ltr'><strong>putavit,</strong></span> <span class='ocrx_word' id='word_1_733' title='bbox 880 5603 1145 5659; x_wconf 81' lang='lat' dir='ltr'><strong>extorres,</strong></span> <span class='ocrx_word' id='word_1_734' title='bbox 1192 5595 1355 5649; x_wconf 69' lang='lat' dir='ltr'><strong>VttStis</strong></span> <span class='ocrx_word' id='word_1_735' title='bbox 1394 5594 1603 5649; x_wconf 55' lang='lat' dir='ltr'><strong>Arabia:</strong></span> <span class='ocrx_word' id='word_1_736' title='bbox 1646 5595 1697 5649; x_wconf 75' lang='lat' dir='ltr'><strong>in</strong></span> 
     </span>
    </p>
   </div>
   <div class='ocr_carea' id='block_1_101' title="bbox 47 5659 1696 5759">
    <p class='ocr_par' dir='ltr' id='par_1_101' title="bbox 47 5659 1696 5759">
     <span class='ocr_line' id='line_1_101' title="bbox 47 5659 1696 5759; baseline 0.002 -20"><span class='ocrx_word' id='word_1_737' title='bbox 47 5659 265 5744; x_wconf 49' lang='lat'><strong>\“§\&#39;§.</strong></span> <span class='ocrx_word' id='word_1_738' title='bbox 301 5701 562 5759; x_wconf 79' lang='lat' dir='ltr'><strong>aquarum</strong></span> <span class='ocrx_word' id='word_1_739' title='bbox 592 5688 974 5757; x_wconf 86' lang='lat' dir='ltr'><strong>egentissimis,</strong></span> <span class='ocrx_word' id='word_1_740' title='bbox 1006 5704 1127 5744; x_wconf 90' lang='lat' dir='ltr'><strong>cum</strong></span> <span class='ocrx_word' id='word_1_741' title='bbox 1158 5690 1244 5744; x_wconf 91' lang='lat' dir='ltr'><strong>siti</strong></span> <span class='ocrx_word' id='word_1_742' title='bbox 1276 5698 1696 5755; x_wconf 85' lang='lat' dir='ltr'><strong>macerarentur,</strong></span> 
     </span>
    </p>
   </div>
   <div class='ocr_carea' id='block_1_102' title="bbox 114 5772 1700 5849">
    <p class='ocr_par' dir='ltr' id='par_1_102' title="bbox 114 5772 1700 5849">
     <span class='ocr_line' id='line_1_102' title="bbox 114 5772 1700 5849; baseline 0.003 -17"><span class='ocrx_word' id='word_1_743' title='bbox 114 5772 336 5841; x_wconf 56' lang='grc' dir='ltr'><strong>δῖδλὲνὶς,</strong></span> <span class='ocrx_word' id='word_1_744' title='bbox 385 5779 481 5849; x_wconf 88' lang='lat' dir='ltr'><strong>qui</strong></span> <span class='ocrx_word' id='word_1_745' title='bbox 512 5778 655 5833; x_wconf 88' lang='lat' dir='ltr'><strong>forte</strong></span> <span class='ocrx_word' id='word_1_746' title='bbox 693 5776 761 5830; x_wconf 92' lang='lat' dir='ltr'><strong>de</strong></span> <span class='ocrx_word' id='word_1_747' title='bbox 802 5790 952 5847; x_wconf 82' lang='lat' dir='ltr'><strong>pasm</strong></span> <span class='ocrx_word' id='word_1_748' title='bbox 1001 5790 1182 5848; x_wconf 78' lang='lat' dir='ltr'><strong>potum</strong></span> <span class='ocrx_word' id='word_1_749' title='bbox 1215 5781 1426 5847; x_wconf 87' lang='lat' dir='ltr'><strong>petituri</strong></span> <span class='ocrx_word' id='word_1_750' title='bbox 1468 5783 1700 5837; x_wconf 64' lang='lat' dir='ltr'><strong>aestima-</strong></span> 
     </span>
    </p>
   </div>
   <div class='ocr_carea' id='block_1_103' title="bbox 106 5849 1703 5943">
    <p class='ocr_par' dir='ltr' id='par_1_103' title="bbox 106 5849 1703 5943">
     <span class='ocr_line' id='line_1_103' title="bbox 106 5849 1703 5943; baseline 0.004 -20"><span class='ocrx_word' id='word_1_751' title='bbox 106 5849 310 5933; x_wconf 64' lang='lat' dir='ltr'><strong>b‘WUI‘,</strong></span> <span class='ocrx_word' id='word_1_752' title='bbox 348 5869 624 5928; x_wconf 88' lang='lat' dir='ltr'><strong>indicibus</strong></span> <span class='ocrx_word' id='word_1_753' title='bbox 653 5868 815 5926; x_wconf 87' lang='lat' dir='ltr'><strong>fontis</strong></span> <span class='ocrx_word' id='word_1_754' title='bbox 842 5884 987 5938; x_wconf 88' lang='lat' dir='ltr'><strong>usos,</strong></span> <span class='ocrx_word' id='word_1_755' title='bbox 1021 5871 1092 5928; x_wconf 90' lang='lat' dir='ltr'><strong>ob</strong></span> <span class='ocrx_word' id='word_1_756' title='bbox 1119 5887 1237 5928; x_wconf 83' lang='lat' dir='ltr'><strong>eam</strong></span> <span class='ocrx_word' id='word_1_757' title='bbox 1267 5874 1491 5943; x_wconf 88' lang='lat' dir='ltr'><strong>gratiam</strong></span> <span class='ocrx_word' id='word_1_758' title='bbox 1525 5875 1703 5931; x_wconf 88' lang='lat' dir='ltr'><strong>consi-</strong></span> 
     </span>
    </p>
   </div>
   <div class='ocr_carea' id='block_1_104' title="bbox 1806 4758 3403 4834">
    <p class='ocr_par' dir='ltr' id='par_1_104' title="bbox 1806 4758 3403 4834">
     <span class='ocr_line' id='line_1_104' title="bbox 1806 4758 3403 4834; baseline -0.003 -17"><span class='ocrx_word' id='word_1_759' title='bbox 1806 4762 2143 4834; x_wconf 68' lang='lat' dir='ltr'><strong>prazsumpsit</strong></span> <span class='ocrx_word' id='word_1_760' title='bbox 2178 4762 2393 4817; x_wconf 90' lang='lat' dir='ltr'><strong>edicere</strong></span> <span class='ocrx_word' id='word_1_761' title='bbox 2437 4759 2574 4814; x_wconf 88' lang='lat' dir='ltr'><strong>asini</strong></span> <span class='ocrx_word' id='word_1_762' title='bbox 2621 4767 2784 4829; x_wconf 87' lang='lat' dir='ltr'><strong>caput</strong></span> <span class='ocrx_word' id='word_1_763' title='bbox 2822 4760 3120 4814; x_wconf 88' lang='lat' dir='ltr'><strong>collocasse</strong></span> <span class='ocrx_word' id='word_1_764' title='bbox 3154 4758 3403 4826; x_wconf 74' lang='lat' dir='ltr'><strong>Judzeos,</strong></span> 
     </span>
    </p>
   </div>
   <div class='ocr_carea' id='block_1_105' title="bbox 1805 4851 3405 4924">
    <p class='ocr_par' dir='ltr' id='par_1_105' title="bbox 1805 4851 3405 4924">
     <span class='ocr_line' id='line_1_105' title="bbox 1805 4851 3405 4924; baseline -0.003 -13"><span class='ocrx_word' id='word_1_765' title='bbox 1805 4868 1860 4911; x_wconf 90' lang='lat' dir='ltr'><strong>et</strong></span> <span class='ocrx_word' id='word_1_766' title='bbox 1890 4856 1942 4912; x_wconf 92' lang='lat' dir='ltr'><strong>id</strong></span> <span class='ocrx_word' id='word_1_767' title='bbox 1966 4856 2146 4911; x_wconf 89' lang='lat' dir='ltr'><strong>colere</strong></span> <span class='ocrx_word' id='word_1_768' title='bbox 2176 4870 2239 4910; x_wconf 90' lang='lat' dir='ltr'><strong>ac</strong></span> <span class='ocrx_word' id='word_1_769' title='bbox 2267 4854 2485 4924; x_wconf 88' lang='lat' dir='ltr'><strong>dignum</strong></span> <span class='ocrx_word' id='word_1_770' title='bbox 2517 4851 2695 4908; x_wconf 84' lang='lat' dir='ltr'><strong>facere</strong></span> <span class='ocrx_word' id='word_1_771' title='bbox 2718 4862 2858 4907; x_wconf 89' lang='lat' dir='ltr'><strong>tanta</strong></span> <span class='ocrx_word' id='word_1_772' title='bbox 2890 4853 3167 4922; x_wconf 87' lang='lat' dir='ltr'><strong>religione.</strong></span> <span class='ocrx_word' id='word_1_773' title='bbox 3206 4851 3269 4906; x_wconf 85' lang='lat' dir='ltr'><strong>Et</strong></span> <span class='ocrx_word' id='word_1_774' title='bbox 3302 4851 3405 4907; x_wconf 85' lang='lat' dir='ltr'><strong>hoc</strong></span> 
     </span>
    </p>
   </div>
   <div class='ocr_carea' id='block_1_106' title="bbox 1804 4944 3404 5016">
    <p class='ocr_par' dir='ltr' id='par_1_106' title="bbox 1804 4944 3404 5016">
     <span class='ocr_line' id='line_1_106' title="bbox 1804 4944 3404 5016; baseline -0.002 -13"><span class='ocrx_word' id='word_1_775' title='bbox 1804 4948 2035 5003; x_wconf 77' lang='lat' dir='ltr'><strong>afﬁrmat</strong></span> <span class='ocrx_word' id='word_1_776' title='bbox 2079 4947 2244 5001; x_wconf 88' lang='lat' dir='ltr'><strong>fuisse</strong></span> <span class='ocrx_word' id='word_1_777' title='bbox 2282 4946 2589 5016; x_wconf 88' lang='lat' dir='ltr'><strong>depalatum</strong></span> <span class='ocrx_word' id='word_1_778' title='bbox 2611 4944 2738 4998; x_wconf 92' lang='lat' dir='ltr'><strong>dum</strong></span> <span class='ocrx_word' id='word_1_779' title='bbox 2770 4944 3067 4998; x_wconf 84' lang='lat' dir='ltr'><strong>Antiochus</strong></span> <span class='ocrx_word' id='word_1_780' title='bbox 3098 4944 3404 5013; x_wconf 84' lang='lat' dir='ltr'><strong>Epiphanes</strong></span> 
     </span>
    </p>
   </div>
   <div class='ocr_carea' id='block_1_107' title="bbox 1804 5038 3399 5111">
    <p class='ocr_par' dir='ltr' id='par_1_107' title="bbox 1804 5038 3399 5111">
     <span class='ocr_line' id='line_1_107' title="bbox 1804 5038 3399 5111; baseline -0.004 -11"><span class='ocrx_word' id='word_1_781' title='bbox 1804 5053 1859 5100; x_wconf 90' lang='lat' dir='ltr'><strong>et</strong></span> <span class='ocrx_word' id='word_1_782' title='bbox 1884 5043 2237 5111; x_wconf 75' lang='lat' dir='ltr'><strong>exspoliasset</strong></span> <span class='ocrx_word' id='word_1_783' title='bbox 2269 5040 2525 5110; x_wconf 90' lang='lat' dir='ltr'><strong>templum</strong></span> <span class='ocrx_word' id='word_1_784' title='bbox 2552 5048 2605 5093; x_wconf 90' lang='lat' dir='ltr'><strong>et</strong></span> <span class='ocrx_word' id='word_1_785' title='bbox 2649 5038 2778 5092; x_wconf 89' lang='lat' dir='ltr'><strong>illud</strong></span> <span class='ocrx_word' id='word_1_786' title='bbox 2806 5049 2966 5107; x_wconf 75' lang='lat' dir='ltr'><strong>caput</strong></span> <span class='ocrx_word' id='word_1_787' title='bbox 3005 5038 3298 5093; x_wconf 87' lang='lat' dir='ltr'><strong>invenisset</strong></span> <span class='ocrx_word' id='word_1_788' title='bbox 3334 5054 3399 5094; x_wconf 86' lang='lat' dir='ltr'><strong>ex</strong></span> 
     </span>
    </p>
   </div>
   <div class='ocr_carea' id='block_1_108' title="bbox 1804 5130 3399 5207">
    <p class='ocr_par' dir='ltr' id='par_1_108' title="bbox 1804 5130 3399 5207">
     <span class='ocr_line' id='line_1_108' title="bbox 1804 5130 3399 5207; baseline -0.004 -14"><span class='ocrx_word' id='word_1_789' title='bbox 1804 5154 1936 5193; x_wconf 88' lang='lat' dir='ltr'><strong>auro</strong></span> <span class='ocrx_word' id='word_1_790' title='bbox 1967 5137 2342 5207; x_wconf 85' lang='lat' dir='ltr'><strong>compositum,</strong></span> <span class='ocrx_word' id='word_1_791' title='bbox 2378 5134 2557 5187; x_wconf 88' lang='lat' dir='ltr'><strong>multis</strong></span> <span class='ocrx_word' id='word_1_792' title='bbox 2604 5132 2846 5202; x_wconf 87' lang='lat' dir='ltr'><strong>pecuniis</strong></span> <span class='ocrx_word' id='word_1_793' title='bbox 2892 5131 3130 5201; x_wconf 85' lang='lat' dir='ltr'><strong>dignum.</strong></span> <span class='ocrx_word' id='word_1_794' title='bbox 3183 5131 3262 5185; x_wconf 79' lang='lat' dir='ltr'><strong>Ad</strong></span> <span class='ocrx_word' id='word_1_795' title='bbox 3297 5130 3399 5186; x_wconf 91' lang='lat' dir='ltr'><strong>hoc</strong></span> 
     </span>
    </p>
   </div>
   <div class='ocr_carea' id='block_1_109' title="bbox 1805 5223 3395 5301">
    <p class='ocr_par' dir='ltr' id='par_1_109' title="bbox 1805 5223 3395 5301">
     <span class='ocr_line' id='line_1_109' title="bbox 1805 5223 3395 5301; baseline -0.005 -14"><span class='ocrx_word' id='word_1_796' title='bbox 1805 5232 1967 5301; x_wconf 90' lang='lat' dir='ltr'><strong>igitur</strong></span> <span class='ocrx_word' id='word_1_797' title='bbox 1996 5232 2228 5301; x_wconf 88' lang='lat' dir='ltr'><strong>prituuut</strong></span> <span class='ocrx_word' id='word_1_798' title='bbox 2252 5228 2466 5299; x_wconf 87' lang='lat' dir='ltr'><strong>quidem</strong></span> <span class='ocrx_word' id='word_1_799' title='bbox 2493 5224 2792 5294; x_wconf 80' lang='lat' dir='ltr'><strong>re~pondeo</strong></span> <span class='ocrx_word' id='word_1_800' title='bbox 2816 5225 3067 5295; x_wconf 90' lang='lat' dir='ltr'><strong>quoniam</strong></span> <span class='ocrx_word' id='word_1_801' title='bbox 3093 5223 3395 5296; x_wconf 66' lang='lat' dir='ltr'><strong>Egyptius,</strong></span> 
     </span>
    </p>
   </div>
   <div class='ocr_carea' id='block_1_110' title="bbox 1804 5318 3401 5394">
    <p class='ocr_par' dir='ltr' id='par_1_110' title="bbox 1804 5318 3401 5394">
     <span class='ocr_line' id='line_1_110' title="bbox 1804 5318 3401 5394; baseline -0.004 -16"><span class='ocrx_word' id='word_1_802' title='bbox 1804 5327 1889 5381; x_wconf 89' lang='lat' dir='ltr'><strong>vel</strong></span> <span class='ocrx_word' id='word_1_803' title='bbox 1928 5326 1972 5380; x_wconf 91' lang='lat' dir='ltr'><strong>si</strong></span> <span class='ocrx_word' id='word_1_804' title='bbox 2002 5322 2198 5394; x_wconf 86' lang='lat' dir='ltr'><strong>aliquid</strong></span> <span class='ocrx_word' id='word_1_805' title='bbox 2228 5322 2331 5377; x_wconf 90' lang='lat' dir='ltr'><strong>tale</strong></span> <span class='ocrx_word' id='word_1_806' title='bbox 2366 5319 2505 5390; x_wconf 90' lang='lat' dir='ltr'><strong>apud</strong></span> <span class='ocrx_word' id='word_1_807' title='bbox 2538 5333 2635 5373; x_wconf 91' lang='lat' dir='ltr'><strong>nos</strong></span> <span class='ocrx_word' id='word_1_808' title='bbox 2666 5319 2869 5379; x_wconf 57' lang='lat' dir='ltr'><strong>fuisset.</strong></span> <span class='ocrx_word' id='word_1_809' title='bbox 2922 5332 3259 5388; x_wconf 88' lang='lat' dir='ltr'><strong>nequaquam</strong></span> <span class='ocrx_word' id='word_1_810' title='bbox 3304 5318 3401 5372; x_wconf 90' lang='lat' dir='ltr'><strong>de-</strong></span> 
     </span>
    </p>
   </div>
   <div class='ocr_carea' id='block_1_111' title="bbox 1802 5411 3401 5485">
    <p class='ocr_par' dir='ltr' id='par_1_111' title="bbox 1802 5411 3401 5485">
     <span class='ocr_line' id='line_1_111' title="bbox 1802 5411 3401 5485; baseline -0.006 -10"><span class='ocrx_word' id='word_1_811' title='bbox 1802 5419 1994 5475; x_wconf 86' lang='lat' dir='ltr'><strong>buerat</strong></span> <span class='ocrx_word' id='word_1_812' title='bbox 2019 5419 2296 5485; x_wconf 70' lang='lat' dir='ltr'><strong>increpare</strong></span> <span class='ocrx_word' id='word_1_813' title='bbox 2320 5430 2441 5470; x_wconf 90' lang='lat' dir='ltr'><strong>cum</strong></span> <span class='ocrx_word' id='word_1_814' title='bbox 2474 5428 2578 5467; x_wconf 91' lang='lat' dir='ltr'><strong>non</strong></span> <span class='ocrx_word' id='word_1_815' title='bbox 2610 5413 2679 5466; x_wconf 92' lang='lat' dir='ltr'><strong>sit</strong></span> <span class='ocrx_word' id='word_1_816' title='bbox 2705 5411 2943 5467; x_wconf 82' lang='lat' dir='ltr'><strong>deterior</strong></span> <span class='ocrx_word' id='word_1_817' title='bbox 2971 5412 3157 5467; x_wconf 87' lang='lat' dir='ltr'><strong>asinus</strong></span> <span class='ocrx_word' id='word_1_818' title='bbox 3195 5411 3401 5467; x_wconf 87' lang='lat' dir='ltr'><strong>furoni-</strong></span> 
     </span>
    </p>
   </div>
   <div class='ocr_carea' id='block_1_112' title="bbox 1802 5503 3393 5575">
    <p class='ocr_par' dir='ltr' id='par_1_112' title="bbox 1802 5503 3393 5575">
     <span class='ocr_line' id='line_1_112' title="bbox 1802 5503 3393 5575; baseline -0.004 -8"><span class='ocrx_word' id='word_1_819' title='bbox 1802 5511 1905 5566; x_wconf 88' lang='lat' dir='ltr'><strong>bus</strong></span> <span class='ocrx_word' id='word_1_820' title='bbox 1941 5521 1991 5567; x_wconf 93' lang='lat' dir='ltr'><strong>et</strong></span> <span class='ocrx_word' id='word_1_821' title='bbox 2022 5510 2183 5565; x_wconf 89' lang='lat' dir='ltr'><strong>hircis</strong></span> <span class='ocrx_word' id='word_1_822' title='bbox 2231 5517 2285 5561; x_wconf 91' lang='lat' dir='ltr'><strong>et</strong></span> <span class='ocrx_word' id='word_1_823' title='bbox 2315 5506 2434 5559; x_wconf 88' lang='lat' dir='ltr'><strong>aliis</strong></span> <span class='ocrx_word' id='word_1_824' title='bbox 2463 5504 2550 5575; x_wconf 91' lang='lat' dir='ltr'><strong>qui</strong></span> <span class='ocrx_word' id='word_1_825' title='bbox 2580 5512 2705 5558; x_wconf 88' lang='lat' dir='ltr'><strong>sunt</strong></span> <span class='ocrx_word' id='word_1_826' title='bbox 2733 5503 2872 5574; x_wconf 90' lang='lat' dir='ltr'><strong>apud</strong></span> <span class='ocrx_word' id='word_1_827' title='bbox 2905 5519 3001 5559; x_wconf 90' lang='lat' dir='ltr'><strong>eos</strong></span> <span class='ocrx_word' id='word_1_828' title='bbox 3028 5504 3120 5557; x_wconf 89' lang='lat' dir='ltr'><strong>dii.</strong></span> <span class='ocrx_word' id='word_1_829' title='bbox 3158 5504 3393 5573; x_wconf 88' lang='lat' dir='ltr'><strong>Deinde,</strong></span> 
     </span>
    </p>
   </div>
   <div class='ocr_carea' id='block_1_113' title="bbox 1801 5594 3398 5674">
    <p class='ocr_par' dir='ltr' id='par_1_113' title="bbox 1801 5594 3398 5674">
     <span class='ocr_line' id='line_1_113' title="bbox 1801 5594 3398 5674; baseline -0.004 -17"><span class='ocrx_word' id='word_1_830' title='bbox 1801 5601 2072 5674; x_wconf 88' lang='lat' dir='ltr'><strong>quomodo</strong></span> <span class='ocrx_word' id='word_1_831' title='bbox 2103 5615 2206 5652; x_wconf 92' lang='lat' dir='ltr'><strong>non</strong></span> <span class='ocrx_word' id='word_1_832' title='bbox 2251 5596 2532 5661; x_wconf 74' lang='lat' dir='ltr'><strong>intellexit,</strong></span> <span class='ocrx_word' id='word_1_833' title='bbox 2562 5594 2816 5664; x_wconf 87' lang='lat' dir='ltr'><strong>operibus</strong></span> <span class='ocrx_word' id='word_1_834' title='bbox 2844 5596 3176 5663; x_wconf 87' lang='lat' dir='ltr'><strong>increpatus,</strong></span> <span class='ocrx_word' id='word_1_835' title='bbox 3224 5596 3293 5651; x_wconf 91' lang='lat' dir='ltr'><strong>de</strong></span> <span class='ocrx_word' id='word_1_836' title='bbox 3317 5598 3398 5651; x_wconf 84' lang='lat' dir='ltr'><strong>in-</strong></span> 
     </span>
    </p>
   </div>
   <div class='ocr_carea' id='block_1_114' title="bbox 1802 5686 3369 5757">
    <p class='ocr_par' dir='ltr' id='par_1_114' title="bbox 1802 5686 3369 5757">
     <span class='ocr_line' id='line_1_114' title="bbox 1802 5686 3369 5757; baseline -0.004 -8"><span class='ocrx_word' id='word_1_837' title='bbox 1802 5692 2043 5750; x_wconf 89' lang='lat' dir='ltr'><strong>credibili</strong></span> <span class='ocrx_word' id='word_1_838' title='bbox 2068 5706 2165 5745; x_wconf 88' lang='lat' dir='ltr'><strong>suo</strong></span> <span class='ocrx_word' id='word_1_839' title='bbox 2188 5687 2508 5744; x_wconf 80' lang='lat' dir='ltr'><strong>mendacio?</strong></span> <span class='ocrx_word' id='word_1_840' title='bbox 2534 5686 2762 5756; x_wconf 80' lang='lat' dir='ltr'><strong>Legibus</strong></span> <span class='ocrx_word' id='word_1_841' title='bbox 2793 5702 3022 5757; x_wconf 89' lang='lat' dir='ltr'><strong>namque</strong></span> <span class='ocrx_word' id='word_1_842' title='bbox 3054 5702 3268 5757; x_wconf 90' lang='lat' dir='ltr'><strong>semper</strong></span> <span class='ocrx_word' id='word_1_843' title='bbox 3293 5688 3369 5742; x_wconf 90' lang='lat' dir='ltr'><strong>uti</strong></span> 
     </span>
    </p>
   </div>
   <div class='ocr_carea' id='block_1_115' title="bbox 1805 5781 3383 5852">
    <p class='ocr_par' dir='ltr' id='par_1_115' title="bbox 1805 5781 3383 5852">
     <span class='ocr_line' id='line_1_115' title="bbox 1805 5781 3383 5852; baseline -0.004 -10"><span class='ocrx_word' id='word_1_844' title='bbox 1805 5803 1927 5842; x_wconf 91' lang='lat' dir='ltr'><strong>mur</strong></span> <span class='ocrx_word' id='word_1_845' title='bbox 1967 5785 2178 5847; x_wconf 74' lang='lat' dir='ltr'><strong>iisdem,</strong></span> <span class='ocrx_word' id='word_1_846' title='bbox 2211 5784 2261 5837; x_wconf 93' lang='lat' dir='ltr'><strong>in</strong></span> <span class='ocrx_word' id='word_1_847' title='bbox 2293 5781 2487 5852; x_wconf 89' lang='lat' dir='ltr'><strong>quibus</strong></span> <span class='ocrx_word' id='word_1_848' title='bbox 2517 5781 2632 5835; x_wconf 89' lang='lat' dir='ltr'><strong>sine</strong></span> <span class='ocrx_word' id='word_1_849' title='bbox 2660 5781 2764 5835; x_wconf 90' lang='lat' dir='ltr'><strong>line</strong></span> <span class='ocrx_word' id='word_1_850' title='bbox 2793 5781 3151 5836; x_wconf 89' lang='lat' dir='ltr'><strong>constitimus.</strong></span> <span class='ocrx_word' id='word_1_851' title='bbox 3184 5781 3248 5837; x_wconf 80' lang='lat' dir='ltr'><strong>Et</strong></span> <span class='ocrx_word' id='word_1_852' title='bbox 3270 5797 3383 5844; x_wconf 74' lang='lat' dir='ltr'><strong>cun</strong></span> 
     </span>
    </p>
   </div>
   <div class='ocr_carea' id='block_1_116' title="bbox 1804 5872 3391 5942">
    <p class='ocr_par' dir='ltr' id='par_1_116' title="bbox 1804 5872 3391 5942">
     <span class='ocr_line' id='line_1_116' title="bbox 1804 5872 3391 5942; baseline 0 -10"><span class='ocrx_word' id='word_1_853' title='bbox 1804 5878 1936 5933; x_wconf 86' lang='lat' dir='ltr'><strong>varii</strong></span> <span class='ocrx_word' id='word_1_854' title='bbox 1971 5891 2128 5932; x_wconf 80' lang='lat' dir='ltr'><strong>casus</strong></span> <span class='ocrx_word' id='word_1_855' title='bbox 2165 5883 2407 5931; x_wconf 80' lang='lat' dir='ltr'><strong>nostram</strong></span> <span class='ocrx_word' id='word_1_856' title='bbox 2446 5872 2741 5938; x_wconf 86' lang='lat' dir='ltr'><strong>civitatem,</strong></span> <span class='ocrx_word' id='word_1_857' title='bbox 2773 5873 2912 5930; x_wconf 90' lang='lat' dir='ltr'><strong>sicut</strong></span> <span class='ocrx_word' id='word_1_858' title='bbox 2936 5873 3101 5929; x_wconf 88' lang='lat' dir='ltr'><strong>etiam</strong></span> <span class='ocrx_word' id='word_1_859' title='bbox 3132 5874 3391 5942; x_wconf 88' lang='lat' dir='ltr'><strong>aliorum,</strong></span> 
     </span>
    </p>
   </div>
  </div>
