3818 6282
452 330 558 388 507

1735 331 1820 385 DE
1857 327 2114 387 JlllNUCll
2142 329 2441 386 OCTAVIO
2902 404 2909 409 ,
3537 355 3601 413 5,,

453 449 769 505 vexaverint
794 456 847 503 et
875 446 1052 501 Thcos
1078 460 1141 501 ac
1171 445 1460 515 Pompeius
1476 460 1698 518 magnus
1725 460 1788 501 ac
1810 445 2048 501 Licinius
2072 450 2126 507 Α
2152 442 2204 498 ls
2235 445 2400 509 enim,
2430 450 2551 514 post
2586 441 2848 514 ejuratam
2874 441 3141 499 Judaicam
3173 447 3437 517 religionem
3464 461 3605 530 tplCltt-
3700 444 3701 451 ‘

456 542 703 607 Crassus,
743 552 799 599 et
840 542 907 596 ad
936 542 1286 596 novissimum
1339 540 1495 595 Titus
1519 538 1723 606 Caesar,
1758 540 1898 595 bello
1930 542 2051 595 vin-

452 647 663 700 centes,
704 634 1030 690 obtinuerint
1058 635 1336 704 templum,
1371 634 1502 689 nihil
1532 633 1836 704 huiusmodi
1862 633 1937 687 illi
1966 638 2050 687 in-

451 743 650 784 venere
675 745 694 780 i
724 727 966 797 lJosepli.
1010 727 1103 782 lib.
1148 742 1207 792 ιι,
1243 736 1380 782 cont.
1414 727 1539 798 Ap.,
1575 741 1695 797 pag.
1741 725 1928 791 1065).
1969 724 2052 780 Ad

452 822 720 879 insulsum
764 822 947 892 itaque
976 821 1077 875 hoc
1107 820 1464 886 mendacium,
1498 828 1604 873 tam
1636 835 1781 890 smpe
1803 830 1855 874 et
1887 833 2051 888 repe-

456 916 611 969 titum
655 924 709 969 et
758 915 1065 983 repulsum,
1106 915 1214 968 duo
1253 913 1519 983 Josephus
1558 914 1788 983 reponit.
1833 912 2049 978 Primo,

452 1021 828 1077 argumentum
863 1010 913 1063 in
943 1012 1234 1078 ipsummet
1260 1010 1581 1079 Appionem,
1614 1006 1925 1077 Egyptium
1950 1007 2051 1058 Ιιο-

454 1104 677 1169 minem,
696 1113 991 1174 retorquet,
1013 1104 1354 1174 ostenditque
1374 1102 1442 1158 de
1467 1103 1567 1157 hoc
1589 1104 1813 1158 crimine
1833 1102 2053 1173 iniquis-

455 1198 647 1254 simam
682 1211 802 1253 esse
842 1198 984 1252 illius
1014 1197 1498 1265 expostulationem
1533 1216 1545 1250 :
1582 1196 1816 1269 Aﬂgyptii
1856 1199 2055 1267 quippe

458 1305 565 1346 non
595 1292 778 1347 minus
804 1290 1038 1346 absurdo
1063 1291 1336 1360 impieque
1362 1291 1508 1345 cultu
1538 1291 1737 1345 bestias
1759 1289 2055 1344 adorahant

455 1400 520 1440 ac
546 1385 963 1440 venerabantur.
995 1384 1262 1451 Secundo,
1320 1386 1512 1454 probat
1542 1383 1670 1438 illud
1722 1399 1828 1439 non
1861 1383 2052 1438 falsum

455 1477 849 1541 tantummodo,
892 1477 986 1531 sed
1022 1476 1339 1532 incredibile
1367 1477 1581 1545 penitus
1612 1490 1771 1529 esse:
1806 1489 1926 1528 nam
1954 1474 2051 1528 .Iu-

456 1570 582 1635 diei,
628 1571 720 1642 qui
768 1584 984 1626 omnem
1031 1584 1248 1640 prorsus
1292 1568 1674 1634 idololatriam,
1716 1583 1779 1623 ac
1827 1567 2055 1638 proinde

456 1662 675 1729 asiuiui,
719 1663 1060 1733 quantumvis
1113 1664 1282 1729 aurei,
1337 1663 1525 1732 capitis
1577 1663 1799 1725 cultum,
1844 1675 2056 1716 summo

457 1754 583 1811 odio
622 1768 914 1825 numquam
969 1770 1075 1808 non
1122 1754 1444 1821 habuerunt,
1491 1755 1680 1809 iisdem
1726 1769 1944 1822 semper
1971 1754 2053 1806 vi-

2158 551 2304 599 ratu,
2336 554 2356 589 ι
2392 538 2564 606 inquit
2600 536 2842 592 eruditus
2870 536 2958 592 ille
2983 538 3248 596 Africanus
3271 544 3475 615 scriptor,
3500 571 3607 624 tpl'o.

2158 630 2336 697 posuit
2364 644 2482 682 eum
2515 629 2779 699 ejusmodi
2809 630 3146 698 inscriptione
3167 651 3179 687 :
3204 633 3332 690 Deus
3354 635 3608 705 Οιιιιιετιιιιο.

2158 737 2267 776 nun
2318 721 2674 778 Ouocnos'rss
2704 740 2725 775 ι
2788 721 2807 793 (
2838 722 3059 778 Tertull.
3090 724 3175 779 lib.
3202 741 3220 780 ι
3244 729 3304 781 ad
3329 730 3516 800 Natum,
3536 754 3608 811 cap.

2159 818 2247 883 11,
2271 832 2387 887 pag.
2421 818 2513 881 57,
2541 829 2595 873 et
2641 818 2842 888 seqq.).
2876 818 3007 873 Tum
3052 820 3192 874 addit
3236 821 3415 880 huncce
3450 829 3611 893 fictitinn

2158 910 2316 965 deum
2358 912 2522 966 fuisse
2567 921 3004 982 reprazsentatum
3045 928 3162 967 cum
3212 916 3407 972 asininis
3440 926 3611 997 auribus,

2158 1002 2330 1057 altero
2381 1004 2514 1073 pede
2544 1005 2877 1075 ungulatum,
2926 1005 3119 1060 librum
3149 1018 3414 1076 gestantem
3449 1029 3497 1070 ac
3520 1027 3612 1090 toga.

2162 1107 2270 1152 tum
2303 1098 2495 1168 (Idem,
2523 1100 2818 1170 Apologet.,
2847 1114 2965 1169 cap.
2994 1100 3078 1160 16.
3108 1116 3221 1171 pag.
3247 1103 3349 1172 l'i),
3370 1108 3431 1160 uti
3454 1124 3525 1163 sun
3544 1114 3613 1171 loco

2158 1189 2567 1254 explicabimus.
2598 1190 2676 1245 Ad
2702 1192 2817 1246 haec
2846 1207 2972 1245 vero
2994 1190 3326 1261 Epiphanius,
3352 1196 3427 1250 ubi
3448 1198 3499 1255 de
3515 1202 3615 1262 (inus

2162 1282 2302 1348 ticis,
2334 1281 2704 1339 famosissimis
2735 1285 2838 1339 illis
2860 1284 3273 1342 Christianorum
3302 1289 3532 1359 haereticis,
3556 1316 3615 1355 δα.

2163 1389 2373 1429 nionem
2408 1377 2662 1440 instituit,
2689 1377 2801 1431 haec
2827 1379 3098 1433 memoria:
3125 1379 3396 1449 litterisque
3416 1385 3614 1446 mandavit:

2167 1488 2183 1518 ι
2214 1468 2366 1536 Quod
2396 1469 2461 1521 ad
2494 1470 2728 1524 Sabaoth
2761 1472 3015 1539 pertinet,
3048 1470 3184 1525 hunc
3206 1472 3330 1526 asini
3370 1475 3550 1544 quidam,
3569 1483 3616 1538 alii

2162 1562 2309 1630 porci
2342 1561 2507 1631 figura
2547 1572 2795 1617 constare
2822 1575 3045 1617 censent
3080 1579 3099 1616 ι
3134 1563 3404 1635 (Epiphan.
3430 1567 3472 1622 iu
3496 1569 3616 1632 Hm

2160 1669 2330 1718 xxvr,
2366 1653 2395 1724 §
2431 1654 2530 1721 10,
2562 1670 2680 1725 pag.
2714 1656 2826 1723 91).
2882 1657 2951 1711 At
3002 1656 3119 1711 sive
3160 1656 3271 1712 haec
3309 1659 3407 1714 sive
3440 1662 3516 1716 alia
3535 1680 3620 1735 qua.

2159 1746 2292 1801 libet
2333 1747 2456 1803 ﬁcta
2506 1747 2664 1812 ratio,
2715 1748 2949 1817 aliquam
2998 1748 3325 1805 Christianos
3367 1754 3618 1814 scelestissini

458 1861 589 1903 xere
617 1846 841 1918 legibus.
873 1846 1095 1914 Deinde,
1125 1847 1266 1916 quod
1300 1848 1507 1916 Appion
1537 1845 1606 1901 de
1633 1847 1898 1901 Antiocho
1928 1846 2055 1915 Epi-
2085 1846 2133 1908 B
2162 1840 2467 1911 bujusmodi
2509 1843 2684 1897 cultus
2742 1843 3091 1898 insimulaudi
3126 1844 3433 1902 occasionem
3471 1850 3618 1917 dederit,

458 1940 637 2011 pltane
668 1948 953 2013 memorat,
1002 1939 1102 1995 hoc
1127 1939 1394 2009 Josephus
1429 1941 1496 1993 ab
1526 1941 1636 2010 ipsa
1666 1942 1893 1995 veritate
1936 1954 2055 1992 om-

459 2035 591 2090 nino
633 2023 926 2090 ahhurrere
979 2032 1233 2087 ostendit.
1291 2031 1481 2086 Nullus
1520 2034 1831 2095 enimvero,
1884 2045 2057 2102 neque

459 2126 748 2197 Pompeius
784 2138 1011 2195 magnus
1059 2139 1234 2195 neque
1262 2125 1350 2179 alii
1392 2123 1616 2177 Romani
1669 2126 2055 2194 imperatores,

458 2226 582 2291 post
612 2226 910 2289 reportatus
954 2217 1024 2272 de
1062 2217 1263 2272 iudicis
1300 2216 1553 2271 victorias
1581 2217 1632 2269 in
1668 2216 2057 2287 Hierosolymi-

457 2319 644 2366 tanum
688 2309 943 2380 templum
975 2308 1222 2376 ingressi,
1256 2308 1427 2363 ullum
1459 2308 1651 2362 asinini
1677 2307 1867 2377 capitis
1892 2309 2059 2362 simu-

459 2400 662 2458 lacrum
693 2402 747 2456 in
776 2417 842 2458 eo
870 2402 1416 2471 umquaminveuere.

535 2493 721 2564 Neque
759 2492 811 2549 id
831 2508 1029 2564 negare
1050 2494 1223 2564 potuit
1250 2493 1484 2557 Tacitus,
1506 2507 1664 2563 quem
1693 2490 2061 2546 Tertulliauus

462 2593 720 2656 tanquam
753 2585 1065 2642 mendacem
1097 2585 1470 2642 immemorem
1511 2586 1793 2655 ipsiusmet
1819 2585 2061 2639 testimo-

465 2679 556 2732 uio
583 2676 782 2733 refellit
826 2688 882 2735 et
920 2679 1214 2734 insectatur
1241 2696 1254 2733 :
1293 2697 1312 2729 ι
1340 2680 1405 2732 At
1435 2678 1576 2732 enim
1608 2678 1749 2731 idem
1777 2676 2064 2731 Cornelius

462 2773 702 2842 Tacitus,
733 2792 754 2827 ι
788 2774 1017 2844 ipsamet
1047 2772 1364 2829 Tertulliani
1397 2782 1524 2828 sunt
1552 2771 1739 2838 verba,
1765 2789 1784 2823 ι
1812 2786 1943 2825 sane
1974 2770 2063 2824 ille

465 2869 868 2925 mendaciorum
898 2870 1325 2939 loquacissimus,
1352 2868 1403 2922 in
1426 2867 1614 2921 eadem
1647 2865 1878 2920 Historia
1899 2866 2067 2919 refert

466 2962 689 3018 Cneium
718 2963 1053 3033 Pompeium,
1084 2978 1207 3017 cum
1248 2960 1580 3016 Hierusalem
1606 2960 1861 3026 cepisset,
1890 2974 2058 3028 prop-

469 3067 726 3127 tereaque
759 3055 1015 3124 templum
1058 3053 1279 3108 adiisset
1305 3051 1647 3120 speculandis
1675 3049 1910 3105 Judaicre
1949 3050 2068 3113 reli-

468 3149 645 3221 giouis
672 3148 904 3212 arcanis,
940 3145 1147 3199 nullum
1174 3143 1281 3199 illic
1306 3144 1571 3212 reperisse
1602 3141 1971 3196 simulacrum.
2004 3141 2070 3195 Et

2161 1944 2308 1988 certe
2353 1933 2617 1989 Minucius
2666 1945 2848 1990 noster
2891 1937 3051 2005 plane
3100 1938 3399 2006 penitusque
3433 1955 3619 2014 pernegat,

2163 2023 2306 2078 illam
2340 2025 2525 2080 nefarii
2556 2026 2794 2081 Judaicie
2824 2028 3101 2097 religionis
3128 2029 3399 2085 desertoris
3425 2034 3620 2103 sycophan-

2164 2116 2322 2180 tiam,
2365 2134 2594 2188 eumque
2634 2119 3085 2175 absurdissimum
3133 2118 3471 2178 Gnosticorum
3499 2126 3620 2181 mltum

2166 2214 2274 2267 ullo
2319 2227 2534 2281 prorsus
2563 2214 2724 2268 modo
2753 2216 2818 2268 ad
2851 2231 3009 2270 veros
3046 2215 3355 2283 pertinuisse
3376 2216 3621 2276 Christianos.

2165 2305 2346 2360 Palam
2377 2306 2655 2360 enimvero
2703 2316 3126 2377 constanterque
3162 2319 3413 2363 asseverat
3447 2311 3548 2365 hunc
3574 2311 3624 2366 fil

2167 2414 2282 2452 sum
2315 2397 2381 2451 de
2416 2399 2607 2452 asinini
2652 2400 2842 2469 rapitis
2884 2400 3035 2454 cultu
3063 2414 3325 2456 rumorem
3350 2413 3375 2454 a
3398 2398 3623 2458 daemonibus

2166 2506 2410 2561 sparsum
2460 2506 2522 2545 ac
2572 2493 2972 2561 pervulgatum,
3018 2495 3106 2549 cui
3146 2495 3317 2549 nullus
3357 2508 3477 2549 sanie
3509 2500 3623 2551 mentis

2166 2585 2331 2639 homo
2371 2586 2528 2640 fidem
2562 2602 2810 2655 umquam
2860 2588 3062 2642 habere
3110 2591 3291 2658 potuit.
3327 2588 3472 2657 «Quis
3489 2591 3621 2655 enimp

2176 2696 2194 2727 ι
2220 2677 2390 2747 inquit
2410 2679 2519 2745 ille,
2546 2696 2565 2730 ε
2594 2689 2698 2733 tam
2718 2680 2937 2747 stultus,
2960 2691 3019 2734 ut
3048 2682 3149 2734 hoc
3174 2681 3336 2736 colat?
3359 2680 3464 2748 Quis
3482 2683 3623 2745 stultior,

2170 2780 2226 2824 ut
2257 2769 2358 2824 hoc
2385 2771 2487 2825 coli
2510 2771 2727 2826 credat?
2747 2789 2768 2824 ι
2797 2771 2998 2825 Meram
3029 2772 3208 2843 itaque
3228 2774 3514 2837 calumniam,
3535 2762 3625 2842 atque

2172 2863 2692 2932 itnpudcntissimum
2745 2864 3089 2919 mendacium
3139 2865 3358 2931 cuilibet,
3384 2866 3465 2919 nisi
3497 2866 3626 2918 omnino

2173 2959 2428 3027 desipiat,
2484 2958 2686 3013 homini
2743 2974 2966 3028 prorsus
3017 2959 3322 3015 incredibile
3363 2973 3461 3015 esse
3499 2959 3626 3013 asserit

2174 3050 2423 3104 Pluribus
2462 3066 2624 3120 porro
2652 3051 2831 3105 verbis
2864 3051 2996 3105 illud
3045 3066 3150 3106 nou
3182 3050 3381 3116 refellit,
3418 3049 3627 3119 quandoqn

2175 3142 2295 3197 dem
2341 3144 2443 3199 hoc
2485 3145 2650 3199 semel
2681 3144 2946 3214 negando,
2992 3146 3126 3199 satis
3170 3160 3225 3201 se
3274 3143 3523 3200 coniutasse
3549 3142 3626 3199 etis

471 3243 678 3312 utique,
730 3241 774 3295 si
805 3239 855 3295 id
891 3239 1167 3295 cnlebatur
1192 3236 1335 3306 quod
1359 3236 1534 3305 aliqua
1559 3236 1738 3306 effigie
1765 3251 2069 3305 repriesen-
2095 3235 2140 3300 C
2178 3236 2417 3290 timabat.

472 3333 706 3396 tabatur,
744 3344 1007 3399 nusquam
1048 3329 1218 3398 magis
1245 3343 1403 3398 quam
1435 3327 1489 3382 in
1515 3328 1753 3383 sacrario
1791 3343 1890 3382 suo
1909 3328 2067 3382 exhi-

474 3424 723 3485 beretur;
755 3436 822 3475 eo
854 3422 1021 3490 magis
1059 3421 1183 3490 quia
1211 3434 1309 3474 nec
1337 3419 1623 3473 verebatur
1668 3429 1954 3474 extraneos
1982 3434 2069 3474 ar-

475 3513 666 3579 hitros,
697 3526 1018 3582 quamquam
1073 3526 1205 3565 vana
1247 3511 1457 3564 cultura
1489 3529 1502 3565 :
1534 3512 1664 3566 sol-is
1708 3511 1849 3566 enim
1884 3526 2067 3567 sacer-

473 3605 693 3660 dotibus
719 3604 869 3660 adire
914 3604 1116 3658 licitum
1152 3602 1355 3668 ;etiam
1397 3612 1720 3673 conspectus
1748 3613 2069 3658 caeterorum

479 3696 598 3750 velo
625 3710 864 3765 oppanso
887 3695 1305 3751 interdicebatur
1341 3711 1359 3746 ι
1385 3693 1627 3767 (Tertull.
1662 3695 1811 3766 Apol.
1834 3710 1953 3765 cap.
1983 3695 2067 3762 16,

479 3801 602 3858 pag.
638 3786 751 3858 17).
803 3788 999 3843 Eadem
1035 3788 1104 3843 ab
1129 3788 1240 3853 illo,
1286 3786 1380 3841 sed
1424 3788 1542 3843 aliis
1590 3789 1787 3855 verbis,
1820 3788 1869 3842 in
1900 3789 2074 3857 primo

479 3881 548 3935 ad
573 3879 822 3936 Nationes
866 3882 1002 3937 libro
1033 3882 1174 3955 (cap.
1213 3884 1303 3953 11)
1335 3898 1519 3937 rursus
1545 3882 1757 3950 scriptis
1786 3880 1977 3935 tradita
2008 3881 2075 3936 le-

479 3975 675 4047 gimus.
707 3976 772 4030 Et
807 3984 955 4030 recte
982 3975 1230 4046 quidem;
1266 3991 1387 4029 nam
1415 3972 1695 4030 Cornelius
1715 3973 1931 4028 Tacitus
1960 3972 2076 4027 haec

479 4070 644 4125 citato
669 4068 721 4122 in
769 4068 906 4123 libro
935 4084 1123 4139 revera
1149 4071 1479 4138 scripserat:
1516 4085 1534 4120 ι
1571 4067 1934 4121 [tertianorum
1970 4065 2076 4133 pri-

482 4177 601 4218 mus
639 4159 740 4217 Cn.
766 4161 1056 4230 Pompeius
1081 4160 1296 4216 Iudaeos
1321 4160 1551 4223 domuit,
1575 4158 1938 4228 templumque
1956 4156 2077 4225 jure

481 4254 720 4309 victoria
778 4255 1051 4325 ingressus
1087 4263 1186 4309 est.
1232 4252 1363 4309 lude
1416 4251 1687 4320 vulgatum
1744 4248 1888 4303 nulla
1935 4248 2079 4302 intus

483 4346 653 4402 Deum
681 4346 877 4419 efﬁgie,
903 4366 923 4400 ι
958 4348 1154 4416 pictum
1181 4347 1430 4402 videlicet
1453 4355 1543 4400 aut
1574 4344 1913 4409 fabricatum,
1946 4362 1964 4393 ι
1988 4356 2080 4395 va-

484 4455 636 4496 cuam
663 4442 844 4497 sedem
883 4451 939 4497 et
990 4441 1169 4497 inania
1210 4456 1407 4498 arcana
1451 4458 1469 4493 »
1502 4440 1696 4511 (Tacit.
1727 4430 1834 4496 lib.‘
1870 4454 1902 4492 v
1939 4435 2076 4493 Hist.

498 4542 610 4590 host
641 4534 805 4603 init.).

2763 3368 3060 3409 ARTICULUS
3103 3370 3158 3408 ll.

2177 3464 2446 3532 Quomodo
2502 3464 2764 3520 Minucius
2810 3468 3099 3538 probaverit
3147 3467 3357 3523 ethnicos
3382 3465 3516 3533 hujus,
3546 3461 3627 3515 simi-

2246 3561 2404 3631 lisque
2440 3570 2529 3615 aut
2552 3562 2740 3632 pejoris
2763 3561 2967 3616 sceleris
3014 3578 3123 3618 esse
3156 3578 3286 3631 reos,
3323 3562 3394 3633 qui
3419 3557 3539 3613 asinos
3564 3570 3627 3608 ctu

2247 3652 2435 3724 Epona
2484 3664 2530 3707 et
2579 3653 2744 3719 Iside,
2793 3664 2945 3723 atque
3000 3654 3150 3709 boum
3197 3665 3242 3709 et
3285 3666 3491 3709 vervecum
3529 3646 3628 3714 cupita

2245 3747 2402 3815 impie
2447 3747 2699 3809 colebant,
2749 3764 2808 3800 ac
2868 3748 3251 3803 venerabantur.

2177 3884 2383 3950 QUanta
2433 3897 2558 3937 vero
2610 3891 2753 3938 esset
2794 3882 3135 3938 ethnicorum
3181 3881 3467 3938 Christianos
3502 3869 3625 3926 asininl

2178 3977 2356 4030 cultus
2401 3977 2765 4030 accusantium
2799 3976 3092 4039 dementia,
3127 3975 3432 4031 manifestum
3457 3967 3538 4022 inde
3555 3977 3627 4016 auc-

2181 4079 2265 4124 tor
2308 4077 2493 4124 uoster
2547 4070 2695 4133 facit,
2740 4070 2879 4138 quod
2932 4070 3009 4124 illi
3051 4084 3155 4124 non
3202 4066 3382 4131 semel,
3420 4060 3491 4118 sed
3520 4055 3627 4123 ὕπερθ’

2180 4162 2313 4216 sime
2361 4161 2601 4229 ejusdem
2644 4170 2732 4216 aut
2782 4161 2969 4216 similis
2997 4160 3180 4233 flagitii
3207 4156 3466 4216 certissime
3500 4147 3627 4205 contin-

2181 4265 2450 4311 cerentur.
2486 4256 2587 4310 Tot
2637 4268 2814 4311 autem
2863 4256 3127 4325 exemplis
3177 4256 3274 4309 hoc
3310 4243 3622 4315 abeOprohtlufi

2184 4358 2242 4404 ιιι
2267 4349 2398 4403 nihil
2432 4349 2631 4404 ethnici
2657 4357 2841 4403 contra
2863 4349 3212 4419 respondere,
3243 4357 3328 4402 aut
3347 4342 3518 4399 omnino
3533 4334 3627 4388 1Ιὶεῶ

2184 4456 2244 4496 re
2289 4440 2568 4496 auderent.
2626 4441 2710 4499 Ab
2739 4442 2855 4510 ipso
2901 4442 3104 4512 itaque,
3158 4454 3308 4512 quem
3338 4435 3470 4492 asinis
3496 4425 3629 4491 etEt»-

2185 4549 2270 4588 nae
2290 4534 2637 4599 adhibebattt,
2661 4534 2807 4588 cultu
2830 4534 2907 4589 sic
2937 4533 3156 4604 incipit:
3182 4551 3201 4585 ι
3233 4530 3330 4586 Vos
3352 4538 3397 4583 et
3415 4518 3628 4579 ιοιοθιδίυοε

560 4626 638 4680 Ex
676 4625 758 4679 his
806 4639 965 4694 porro
1005 4640 1126 4695 quas
1160 4624 1420 4680 hactenus
1471 4623 1738 4692 disputata
1778 4631 1921 4690 sunt,
1960 4621 2081 4692 quis
2105 4630 2160 4692 1)
2187 4643 2307 4684 cum
2355 4633 2534 4682 vestra
2610 4626 2835 4697 (Regius
2879 4628 3049 4682 codex
3075 4625 3274 4682 addidit
3294 4619 3381 4692 uel)
3413 4618 3540 4687 Epona
3557 4618 3633 4661 σου·

486 4732 596 4773 nou
633 4715 811 4772 videat
837 4718 1034 4771 nullam
1061 4718 1217 4786 plane
1238 4717 1396 4772 fidem
1423 4715 1719 4771 habendam
1750 4731 1923 4786 neque
1954 4715 2081 4770 huic

486 4810 743 4869 Cornelio
774 4810 961 4866 Tacito
989 4825 1162 4880 neque
1199 4809 1321 4863 aliis
1371 4809 1629 4878 improbis
1684 4808 2087 4865 calumniatori-

488 4902 613 4968 bus,
659 4880 750 4973 (ιιιί
792 4920 820 4958 a
847 4903 1044 4959 Judinis
1077 4902 1329 4971 primum,
1363 4902 1559 4957 deinde
1588 4902 1907 4958 Christianis
1949 4902 2087 4958 divi-

490 5013 619 5054 num
669 4999 903 5069 aliquem
937 4999 1143 5053 cultum
1172 4999 1385 5053 asinino
1423 4998 1584 5068 capiti
1616 4997 1871 5053 tributum
1912 4999 2087 5068 impu-

490 5092 807 5149 dentissime
834 5092 1265 5148 mentiebantur?

564 5184 719 5241 Unde
757 5197 884 5240 vero
915 5196 1020 5239 tam
1060 5186 1237 5248 putida
1286 5187 1460 5243 fabula
1507 5197 1696 5243 exorta
1737 5188 1827 5254 sit,
1875 5188 2085 5252 varias,

493 5287 691 5349 praeter
730 5292 848 5333 eam
889 5293 1009 5348 quae
1043 5278 1152 5347 jam
1192 5294 1221 5331 a
1259 5280 1416 5335 nobis
1456 5281 1614 5336 allata
1645 5292 1757 5346 est,
1793 5280 2089 5336 Bochartus

491 5372 767 5441 (Bochart.
795 5371 859 5425 de
878 5371 1103 5426 Animal.
1122 5388 1253 5426 sacr.
1284 5376 1461 5444 script.
1494 5382 1623 5429 tom.
1650 5391 1685 5439 ι,
1706 5389 1825 5442 cap.
1850 5375 1939 5437 18,
1966 5387 2086 5442 pag.

488 5465 588 5520 221
622 5475 677 5520 et
694 5464 874 5537 seqq.)
902 5480 964 5521 ac
981 5464 1202 5522 Vossius
1220 5466 1395 5540 (Voss.
1430 5468 1523 5522 lib.
1549 5483 1628 5534 ιιι,
1655 5467 1718 5520 de
1745 5466 1858 5520 Ort.
1888 5476 1935 5520 et
1962 5465 2090 5520 Pro-

490 5575 650 5629 gress.
670 5556 967 5627 Idololatr.,
987 5575 1104 5632 cap.
1126 5561 1212 5625 75,
1239 5578 1287 5631 p.
1305 5560 1435 5630 565)
1458 5561 1696 5616 rationes
1714 5559 2081 5615 reddiderunt.

492 5653 582 5708 Eae
606 5659 806 5719 autem,
840 5666 961 5708 cum
986 5654 1036 5707 iu
1060 5668 1247 5709 eorum
1276 5653 1430 5708 libris
1458 5653 1618 5708 facile
1647 5668 1676 5706 a
1706 5652 1946 5723 quolibet
1983 5653 2084 5722 legi

489 5745 715 5814 possint,
761 5744 890 5801 illud
941 5756 1142 5801 tantum
1183 5746 1500 5815 adjiciemus
1546 5745 1686 5815 quod
1734 5748 1803 5801 de
1852 5745 2083 5816 quodam

489 5836 695 5902 Judmo,
731 5836 949 5895 homine
979 5838 1367 5908 perditissimo,
1399 5837 1766 5894 Tertullianus
1794 5846 2078 5895 memorat.

2185 4721 2430 4776 secretis.
2471 4739 2490 4772 ι
2534 4719 2641 4776 Sed
2674 4719 2889 4790 plurimi
2924 4718 2995 4775 ibi
3032 4717 3235 4774 librarii
3272 4700 3633 4799 mendumsubeiﬂ

2187 4814 2519 4879 existimant,
2565 4813 2707 4884 quod
2747 4813 2977 4883 quisque
3025 4827 3122 4882 pro
3176 4807 3358 4880 ingenii
3383 4802 3450 4858 sui
3483 4799 3633 4851 ιωιιιιιε

2186 4908 2456 4979 corrigere
2506 4914 2732 4962 conatus
2761 4917 2861 4962 est.
2915 4908 3139 4972 Quidam
3184 4903 3318 4961 enim
3364 4895 3465 4955 illud
3497 4888 3550 4945 vel
3580 4896 3632 4939 α’

2193 4978 2461 5071 pulerunt,
2517 4999 2789 5070 scribique
2835 5000 2886 5055 iu
2940 5000 3096 5055 editis
3144 4999 3404 5053 voluerunt
3433 4978 3632 5052 simplicilﬂ

2197 5114 2215 5146 ί
2253 5109 2374 5148 eum
2431 5104 2608 5150 vestra
2639 5093 2847 5163 Epona.
2879 5111 2900 5145 ι
2953 5091 3030 5147 Ex
3083 5091 3164 5146 his
3221 5100 3380 5144 tamen
3418 5077 3537 5148 aliqui
3567 5078 3631 5122 ιω·

2196 5186 2357 5256 picati
2403 5195 2531 5240 sunt
2567 5186 2636 5242 ab
2682 5187 2861 5257 aliquo
2902 5187 2955 5241 in
2994 5185 3229 5255 margine
3279 5183 3531 5235 notatnmﬂ

2193 5249 2455 5348 llippona.
2495 5298 2514 5331 ι
2549 5278 2745 5332 Verum
2773 5249 2871 5333 bis
2910 5294 3072 5334 merae
3110 5249 3408 5345 conjectum
3426 5249 3629 5321 suntnam

2192 5373 2512 5426 auctoritate
2542 5370 2623 5423 vel
2655 5370 2963 5425 testimonio
3003 5369 3167 5425 fultae.
3215 5364 3310 5421 Alii
3358 5370 3461 5415 vero
3497 5354 3534 5405 in
3579 5350 3629 5395 ⁸⁸³

2193 5464 2429 5519 editione
2478 5463 2756 5533 jusserunt
2807 5463 3010 5530 scribi,
3070 5479 3090 5514 ι
3150 5474 3265 5516 cum
3311 5461 3456 5510 vestra
3493 5439 3551 5497 vel
3580 5444 3627 5489 ⁸⁸⁵³

2191 5557 2398 5625 Epona.
2439 5574 2458 5608 ι
2508 5555 2680 5622 Quam
2722 5554 2940 5624 quidem
2989 5553 3354 5622 conjecturam,
3402 5539 3479 5597 etsi
3523 5534 3628 5625 confli

2191 5648 2539 5717 manuscripti
2590 5646 2778 5713 fidem,
2827 5661 2950 5701 mox
2991 5643 3213 5700 citaudis
3252 5616 3628 5695 Tertullianiterl'”

2188 5742 2543 5807 confirmare,
2593 5742 2687 5796 sed
2745 5755 3027 5809 perperam
3079 5737 3320 5792 nituntur.
3365 5719 3627 5809 Quidamltﬂ'

2188 5836 2310 5893 dem
2339 5802 3076 5906 einend'andum'opinantur:
3112 5849 3129 5884 ι
3158 5845 3271 5888 cum
3298 5825 3447 5887 Vesta,
3470 5809 3529 5867 vel
3548 5802 3625 5869 Et”
