3818 6282
96 398 213 455 5’09

1478 388 1943 448 DISSERTATIO.

3280 393 3385 447 5'10

100 531 207 584 na;
245 534 262 566 ι
331 511 451 582 quia
496 508 730 579 gentiles
776 521 1090 579 persuasum
1157 506 1427 562 habebant
1479 507 1685 561 asinum
1714 509 1770 569 Α
1801 525 1820 560 ι
1855 506 2145 576 decoratis,
2184 526 2204 560 ι
2259 507 2380 578 quia
2426 514 2709 577 utramque
2749 504 2905 575 asini,
2969 506 3125 563 deam
3187 505 3385 565 lsidem

104 626 225 669 esse
260 607 432 663 Vesta:
476 604 752 660 delicium.
806 602 875 659 At
918 611 1063 658 certe
1091 603 1298 658 tametsi
1327 603 1511 656 asinus
1537 615 1688 657 reve-

110 722 172 764 ra
214 705 268 759 iu
294 701 497 757 deliciis
526 699 722 754 fuisset
767 699 962 764 "estw,
996 699 1329 769 probandum
1373 697 1549 752 adhuc
1571 704 1688 751 erat

116 800 291 855 asinos
329 796 377 851 ei
412 793 741 858 consecrari,
770 801 825 847 et
845 809 940 847 cur
966 791 1227 848 Minucius
1272 791 1487 857 dixerit,
1546 809 1565 842 ι
1599 790 1686 846 vel

121 894 322 965 Epona.
354 910 375 944 ι
400 888 652 943 Prteterea
678 887 917 942 scribere
953 887 1247 951 debuisset,
1283 904 1302 939 ‹
1340 897 1393 941 et
1424 885 1627 955 Epona,
1660 902 1680 938 ›

131 998 289 1056 atque
337 1000 396 1040 eo
439 983 677 1047 maxime,
708 982 854 1052 quod
903 983 1243 1037 continenter
1288 980 1547 1050 adjecerit
1574 979 1682 1033 asi-

134 1096 238 1136 nos
280 1078 395 1134 Isidi
442 1086 698 1131 mactatos.
753 1077 888 1145 Quid
939 1092 1067 1147 ergo
1107 1079 1150 1131 si
1182 1076 1459 1148 particula,
1488 1074 1586 1141 vel,
1618 1072 1686 1128 ab

137 1184 345 1229 auctore
387 1182 563 1236 noStro,
620 1170 761 1223 sicut
817 1185 845 1224 a
898 1169 1137 1240 pluribus
1169 1172 1285 1224 aliis
1321 1158 1562 1224 sumatur
1590 1181 1685 1237 pro

137 1267 322 1320 etiam!
359 1264 527 1319 Nonne
563 1262 727 1317 latina
770 1278 833 1317 ac
863 1265 1143 1332 perspicua
1174 1263 1277 1317 erit
1306 1263 1422 1334 ejus
1465 1261 1681 1328 locutio,

132 1359 353 1430 nihilque
387 1359 431 1413 in
470 1358 577 1429 ejus
606 1367 752 1411 textu
804 1358 1162 1412 mutandum?

194 1456 316 1521 Qua:
341 1468 486 1522 porro
516 1451 671 1506 fuerit
702 1452 909 1522 Epona,
947 1452 1027 1505 Itis
1058 1450 1378 1506 Plutarchus
1405 1459 1525 1522 post
1547 1457 1686 1522 Age-

133 1547 306 1601 silaum
350 1544 528 1616 (Ages.
556 1560 609 1598 tn
633 1538 810 1599 Italic.
844 1543 862 1615 )
896 1545 1115 1613 exponit
1165 1545 1341 1601 verbis
1375 1567 1387 1602 :
1419 1567 1436 1599 t
1462 1548 1685 1603 Fulvius

135 1637 316 1694 Stellus
338 1680 352 1701 ,
386 1653 411 1690 a
446 1636 751 1691 mulieribus
779 1637 958 1691 animo
1005 1637 1201 1703 alieno,
1234 1652 1355 1692 cum
1406 1658 1539 1711 equa
1570 1656 1683 1696 rem

138 1730 319 1785 habuit.
351 1730 418 1785 Ea
459 1744 552 1785 suo
582 1740 829 1800 tempore
873 1730 1036 1785 ﬁliam
1082 1729 1250 1786 edidit
1283 1733 1682 1802 perpulchram,

146 1824 226 1875 cui
245 1829 377 1891 pater
399 1820 584 1891 Epona:
627 1837 823 1876 nomen
870 1821 1094 1886 indidit,
1146 1824 1383 1891 ὠνδμασεν
1421 1814 1681 1889 laxas”;

1792 603 2096 672 portantis,
2155 610 2314 673 atque
2350 601 2627 671 ipsiusmet
2682 598 2858 667 Isidis,
2928 599 3159 673 efﬁgiem
3235 602 3385 656 vario

1790 704 1984 750 ornatu
2030 695 2338 751 decoratam
2387 694 2544 749 simul
2598 695 3009 749 venerabantur.
3060 692 3171 748 Nec
3207 694 3383 764 inepta

1790 804 2011 860 prorsus
2061 788 2271 844 videtur
2310 787 2427 843 haec
2472 787 2813 856 conjectura;
2860 785 2970 856 jam
3029 786 3170 841 enim
3231 788 3376 854 Apu-

1789 883 1951 938 leium
1987 881 2288 936 audivimus
2328 882 2595 936 dicentem
2647 880 2760 935 dere
2795 877 2999 948 Eponae
3032 877 3379 933 simulacrum

1788 975 2096 1030 recentibus
2150 974 2367 1029 corollis
2421 974 2596 1028 roseis
2656 973 2821 1026 fuisse
2867 979 3120 1026 accurate
3156 982 3385 1023 corona-

1790 1077 1923 1122 tum.
1992 1067 2114 1121 Alio
2161 1077 2338 1122 autem
2394 1067 2447 1121 iu
2501 1066 2639 1120 libro
2689 1078 2796 1119 non
2853 1064 3030 1118 minus
3102 1061 3384 1133 perspicue

1788 1159 2023 1215 declarat
2078 1159 2231 1214 Isidis
2283 1159 2514 1229 efﬁgiem
2559 1156 2629 1212 ab
2679 1157 2797 1226 ejus
2852 1154 3223 1211 sacerdotibus
3292 1167 3388 1222 per

1788 1242 2018 1305 casulas,
2038 1242 2185 1296 vicos
2223 1251 2280 1296 et
2330 1251 2505 1295 castra
2550 1238 2883 1294 circumferri
2946 1236 3159 1291 solitam
3210 1235 3385 1290 serico

1787 1343 2090 1390 contectam
2132 1334 2387 1400 amiculo,
2434 1347 2556 1403 qua:
2616 1330 2683 1386 ab
2732 1330 2904 1386 obviis
2950 1329 3201 1384 omnibus
3255 1342 3387 1397 gen—

1789 1427 1971 1486 tilibus
2027 1428 2309 1484 colebatur
2358 1426 2588 1500 (Apulei.
2626 1425 2813 1480 lib.vt.
2866 1422 3078 1478 Metam.
3124 1423 3218 1477 sub
3260 1419 3381 1490 fin).

1789 1521 2046 1591 Expende
2088 1536 2219 1591 ergo
2272 1529 2450 1575 utrum
2474 1519 2561 1574 hic
2606 1521 2676 1575 sit
2725 1518 2941 1573 Minucii
2971 1516 3139 1571 nostri
3165 1529 3382 1579 sensus,

1789 1627 1843 1671 et
1886 1620 1938 1669 iu
1978 1614 2094 1684 ejus
2139 1623 2293 1669 textu
2351 1613 2637 1683 legendum
2684 1614 2755 1667 sit
2804 1631 2823 1663 ί
2853 1611 3146 1668 decoratis.
3187 1626 3206 1661 ι
3239 1608 3384 1664 Nihil

1788 1710 1930 1765 enim
1987 1724 2087 1764 nos
2136 1709 2253 1763 sine
2282 1708 2475 1780 integri
2514 1708 2720 1764 codicis
2739 1707 3058 1771 auctoritate
3103 1716 3254 1760 ccrto
3292 1702 3383 1758 de-

1791 1802 2084 1858 ﬁniendum
2136 1813 2403 1874 putamus.

151 1887 296 1983 atque
322 1915 412 1968 [me
432 1887 508 1968 est
534 1913 657 1979 dea,
688 1930 944 1983 equorum
976 1887 1404 1985 ρι-οοτρθιέοηεηι
1434 1930 1628 1988 gerens
1717 1903 1762 1964 Β
1861 1896 1942 1954 Ad
2002 1895 2106 1950 alia
2152 1896 2333 1962 itaque
2359 1901 2729 1947 transeamus:
2766 1910 2784 1943 ι
2820 1892 3064 1988 Eoum,»
3091 1887 3246 1988 addit
3270 1887 3382 1953 ille,

147 2006 400 2079 (Plutarch.
423 2014 545 2060 tom.
577 2021 635 2061 tt.
666 2008 717 2060 in
748 2006 996 2063 Paratlel.
1043 2024 1163 2079 pag.
1208 2009 1358 2079 312).

198 2098 351 2160 Ipsius
394 2107 561 2154 autem
612 2100 959 2157 simulacrum
1018 2104 1069 2156 in
1110 2105 1387 2174 praescpiis
1440 2105 1688 2160 collocari

124 2191 323 2247 solitum
367 2191 613 2263 colligunt
656 2209 719 2250 ex
778 2195 859 2248 his
914 2194 1187 2250 Juvenalis
1225 2196 1420 2252 dictis:

284 2364 634 2457 .Solam'hippo,
656 2369 716 2462 ei
745 2369 896 2462 facies
921 2371 1048 2447 olida
1073 2371 1131 2446 ad
1158 2338 1592 2462 przeslellgtpietas.

664 2415 716 2444 Cl.
746 2415 896 2447 laCIt’S
921 2415 1047 2447 Ollua
1073 2415 1129 2446 30
1158 2415 1399 2462 praesepia

648 2457 895 2520 (Juvenal.
919 2462 1087 2524 Satyr.
1115 2476 1208 2522 vui,
1233 2475 1278 2511 υ.
1308 2415 1451 2525 157i)

112 2577 178 2630 lbi
206 2592 335 2633 vero
380 2581 616 2636 nonnulli
670 2599 767 2653 pro
813 2584 989 2657 Hippo
1031 2587 1130 2657 legi
1190 2587 1426 2658 Eponam
1476 2591 1685 2646 volunt.

113 2669 177 2723 De
220 2671 415 2727 eodem
460 2690 672 2745 quoque
724 2677 948 2747 Eponae,
993 2681 1105 2733 sive
1152 2680 1434 2751 Hippotae,
1468 2682 1688 2736 simula-

107 2776 185 2817 cro
230 2765 284 2818 in
336 2769 613 2838 praesepiis
663 2772 837 2839 posito
894 2773 1006 2825 lucc
1048 2784 1173 2827 sunt
1218 2775 1429 2844 Apuleii
1481 2775 1683 2831 verba:

110 2875 123 2907 t
166 2858 421 2929 Respicio
468 2862 587 2933 pilae
628 2866 835 2931 medim,
888 2883 1006 2937 qua!
1050 2868 1241 2923 stabuli
1304 2870 1482 2925 trabes
1527 2872 1689 2925 susti-

105 2953 266 3018 nebat,
304 2955 358 3008 in
392 2957 509 3026 ipso
537 2957 647 3014 fere
674 2948 975 3017 meditullio
1020 2963 1297 3034 Hipponae,
1328 2980 1419 3019 seu
1459 2966 1682 3037 Eponae,

105 3046 199 3101 dem
244 3049 620 3118 simulacrum,
649 3056 893 3110 residens
936 3057 1198 3125 aediculae,
1242 3059 1384 3129 quod
1434 3073 1687 3117 accurate

105 3140 304 3196 mrollis
355 3144 555 3209 roseis,
584 3154 636 3200 et
679 3147 893 3215 quidem
948 3151 1275 3213 recentibus,
1314 3151 1488 3208 fuerat
1525 3167 1685 3207 coro-

106 3240 263 3286 uatum
303 3255 324 3286 ι
363 3235 594 3307 (Apulei.
620 3239 709 3292 lib.
740 3256 797 3294 ιιι
828 3241 1040 3295 Metam.
1089 3244 1180 3296 sub
1227 3242 1369 3314 ﬁn.).

163 3326 432 3382 (Ia-terum
478 3330 741 3393 Minucius
790 3347 970 3387 noster
1015 3335 1141 3388 dum
1194 3338 1420 3391 ethnicis
1464 3339 1683 3411 impium

105 3417 235 3471 iilum
273 3421 477 3490 Eponae
517 3424 716 3478 cultum
746 3426 958 3496 objicit,
988 3428 1199 3484 videtur
1242 3430 1295 3484 in
1327 3433 1567 3503 vestigiis
1598 3434 1685 3486 iu-

102 3512 279 3569 sisterc
325 3515 679 3585 Tertulliani,
721 3521 806 3590 qui
857 3523 967 3590 pari
1014 3522 1175 3577 modo
1215 3533 1403 3578 contra
1452 3532 1546 3579 cos
1607 3526 1686 3581 sic

102 3605 488 3675 distintaverat:
529 3628 548 3661 ι
589 3611 696 3666 Vos
742 3622 917 3668 tamen
961 3630 1063 3670 non
1106 3616 1371 3683 negabitis
1396 3618 1685 3688 etjumen-

106 3709 146 3753 ta
182 3703 387 3767 omnia,
442 3714 496 3758 et
538 3715 681 3761 [oms
734 3708 1039 3763 cantherios
1078 3725 1198 3764 cum
1239 3726 1333 3765 sua
1368 3712 1552 3780 Epona
1582 3714 1685 3770 coli

107 3808 131 3841 ει
163 3796 328 3849 vobis.
393 3796 507 3852 Hoc
540 3798 762 3852 forsitan
797 3801 1183 3870 ituprobamur,
1213 3804 1356 3873 quod
1406 3805 1544 3860 inter
1571 3806 1687 3860 cul-

113 3896 230 3942 tores
270 3890 510 3945 amnium
565 3893 826 3960 pecudum
881 3893 1282 3965 bestiarumque
1321 3896 1533 3951 asinarii
1568 3910 1684 3953 tan-

114 3988 200 4037 tum
243 4000 431 4040 sumus
467 4004 486 4035 ι
524 3983 765 4053 (Tertull.
797 3987 1061 4061 Apoloqet.
1093 3982 1211 4056 cap.
1236 3990 1323 4056 lli,
1354 4007 1475 4061 pag.
1521 3991 1607 4051 l7.
1637 4004 1686 4047 et

118 4078 165 4128 ad
195 4077 378 4135 Nation
405 4097 523 4150 cap.
560 4081 650 4145 il,
682 4098 803 4152 pag.
839 4082 909 4137 58
939 4082 980 4149 ).
1010 4084 1208 4139 Eadem
1241 4101 1454 4155 quoque
1494 4087 1685 4143 iisdem

124 4168 355 4243 plerisque
409 4172 592 4228 verbis
640 4173 746 4228 alio
800 4176 851 4229 in
897 4175 1035 4228 libro
1084 4177 1295 4247 repetit.
1347 4176 1685 4248 QuaprOpter

127 4260 407 4322 Ptudentius
449 4267 591 4323 hanc
620 4267 879 4323 inSulsam
922 4268 1254 4324 divinitatem
1312 4270 1395 4326 his
1440 4271 1686 4329 versibus

138 4355 337 4421 explodit
357 4376 370 4410 ι

220 4463 357 4538 licius
618 4478 706 4538 aut
724 4472 905 4538 Eponae
926 4483 1077 4533 super
1099 4477 1227 4538 astra
1251 4474 1457 4537 deabus,

216 4521 297 4601 Pal
316 4521 488 4601 sptium,
509 4521 728 4601 quamvis
749 4521 1226 4601 solidampersolvat
1242 4521 1480 4601 acer—rain,

214 4588 541 4657 εδει-ἰ]ρείεᾲυὲ
566 4598 747 4646 molam
770 4588 995 4647 manibus
1022 4599 1230 4647 rimetur
1253 4606 1305 4648 et
1331 4609 1464 4651 exta.

831 4659 1111 4721 lPrudent.,
1136 4662 1393 4725 Apamam,
1415 4664 1443 4728 §
1465 4664 1555 4727 ΙΙ.)

184 4780 291 4837 Post
331 4782 441 4839 hate
493 4784 747 4841 Octavius
796 4783 1095 4853 Cmcilium,
1151 4787 1394 4857 aliosque
1433 4787 1679 4847 ethnicos

124 4874 191 4928 sic
224 4876 484 4947 increpare
522 4880 729 4950 pergit:
787 4897 806 4930 ε
847 4879 1077 4934 Eosdem
1120 4881 1304 4933 asinos
1358 4895 1479 4935 cum
1545 4880 1680 4939 lside

118 4968 333 5042 religime
375 4972 665 5037 devotatis,
705 4993 723 5026 ι
779 4974 829 5027 in
860 4975 1007 5043 regio
1055 4973 1241 5028 codice
1296 4993 1315 5025 ι
1348 4974 1673 5040 devoratis,»

117 5064 198 5118 sed
236 5063 326 5120 hoc
371 5064 647 5135 plerisque
698 5065 947 5120 omnibus
988 5064 1200 5119 videtur
1257 5064 1460 5119 librarii
1522 5081 1676 5120 men-

117 5155 239 5211 dum.
274 5156 580 5229 Legendum
632 5159 815 5227 itaque
857 5158 1096 5212 nonnulli
1142 5167 1463 5226 putaverunt
1496 5176 1515 5209 ‹
1576 5158 1675 5213 de-

118 5252 346 5317 votatis,»
403 5250 455 5305 id
513 5261 614 5317 est,
667 5250 891 5305 devotos
941 5250 1245 5306 ostenditis.
1289 5248 1394 5307 Sed
1448 5249 1677 5321 probare

116 5343 348 5399 debebant
400 5345 617 5399 ubinam
682 5344 906 5399 verbum
960 5344 1196 5397 devolare
1250 5358 1314 5398 eo
1372 5358 1534 5398 sensu
1587 5336 1677 5399 ac-

120 5438 322 5505 cipitur?
381 5438 483 5493 Alii
541 5442 798 5509 scriptum
849 5437 1215 5492 ariolabantur
1268 5456 1286 5489 t
1324 5437 1610 5492 denotatis.
1650 5456 1669 5489 ι

124 5530 190 5584 At
228 5529 332 5599 quid
369 5530 431 5584 ad
485 5530 695 5585 Octavii
744 5525 1121 5601 propositum?
1174 5528 1279 5584 Alii
1329 5527 1676 5589 autumabant

123 5622 477 5677 emendandum
513 5641 532 5673 t
567 5622 874 5690 devocatis,
914 5642 932 5675 ›
981 5636 1086 5693 quo
1124 5636 1283 5676 sensu
1333 5621 1582 5678 Socrates
1644 5637 1673 5675 a

118 5717 250 5773 bonis
277 5717 582 5772 auctoribus
610 5716 804 5769 dicitur
838 5715 1231 5789 philosotihiam
1276 5716 1567 5771 devocasse
1608 5717 1676 5774 de

118 5812 254 5867 ctelo.
301 5808 401 5865 Sed
448 5822 731 5877 quorsum,
784 5810 972 5863 amabo
1039 5824 1130 5873 te,
1203 5809 1474 5863 asinorum
1553 5824 1675 5866 cum

121 5907 239 5963 lside
276 5902 595 5959 dcvocatio?
652 5901 756 5957 Alii
805 5903 1013 5958 tandem
1044 5901 1420 5971 corrigendum
1451 5914 1677 5961 censent

1800 2012 1818 2044 ι
1852 1991 2025 2060 capita
2048 2032 2060 2052 ,
2092 1998 2149 2043 et
2192 1987 2367 2055 capita
2413 2000 2721 2048 vervecum,
2744 1993 2799 2038 et
2845 1982 3157 2046 immolatis,
3188 1991 3241 2034 et
3287 1993 3385 2034 co-

1793 2086 1921 2141 litis.
1964 2103 1983 2136 ι
2037 2082 2107 2141 At
2137 2080 2204 2136 de
2247 2081 2407 2135 boum
2452 2078 2600 2133 cultu
2632 2086 2687 2132 et
2734 2073 3000 2131 sacriﬁcio
3031 2071 3111 2128 sie
3150 2071 3388 2140 loquitur

1790 2175 2125 2234 Herodotus:
2180 2189 2200 2223 ς
2256 2173 2428 2231 Boves
2477 2184 2693 2235 mares,
2741 2166 3074 2238 eosdemque
3117 2162 3385 2231 mundos,

1791 2288 1854 2328 ac
1896 2270 2091 2328 vitulos
2137 2267 2375 2324 universi
2434 2264 2694 2337 Egyptii,
2749 2268 2931 2329 θόουσι,
2963 2259 3267 2316 immolant.
3316 2257 3392 2311 At

1791 2365 2019 2421 feminas
2071 2364 2153 2419 eis
2194 2369 2320 2417 obsis
2351 2359 2630 2415 immolare
2686 2372 2793 2414 non
2820 2357 2986 2423 licet,
3016 2362 3206 2425 utpote
3262 2349 3387 2407 Isidi

1791 2467 2154 2515 consecratas.
2212 2455 2346 2510 Nam
2391 2453 2548 2509 Isidis
2598 2451 2947 2507 simulacrum
2993 2444 3256 2503 muliebre
3278 2451 3384 2510 est,

1792 2551 2005 2607 bubulis
2035 2549 2316 2619 praeditum
2342 2546 2617 2609 cornibus,
2651 2541 3103 2613 quemadmodum
3122 2538 3182 2594 lo
3211 2536 3386 2593 (ἓνωοί

1791 2643 2119 2699 describunt.
2161 2641 2262 2697 Καὶ
2304 2649 2389 2704 τὰς
2428 2647 2544 2712 βοῦς
2588 2646 2673 2699 τὰς
2712 2645 2897 2699 θηλείας
2936 2639 3190 2706 Αἰγύπτιοι
3215 2638 3389 2693 πάντες

1790 2744 1962 2805 ὁμοίως
1991 2742 2206 2791 σέϐονται
2228 2741 2473 2805 προϐάτων
2496 2739 2683 2789 πάντων
2706 2735 2920 2800 μάλιστα
2947 2746 2962 2783 .'
2994 2729 3273 2797 Bovesque
3302 2723 3386 2779 fe-

1790 2832 1962 2886 minas
2012 2842 2203 2885 omnes
2257 2827 2418 2882 iidem
2472 2824 2711 2897 Egyptii
2766 2831 3093 2880 venerantur
3147 2835 3213 2875 ex
3270 2831 3391 2871 om-

1790 2925 1949 2979 nibus
2020 2921 2314 2993 peeudibus
2375 2920 2532 2990 longe
2602 2917 2929 2988 plurimum:
3002 2927 3176 2983 eoque
3226 2922 3389 2964 nemo

1788 3016 2092 3088 Egyptins,
2146 3013 2505 3085 Egyptiave,
2558 3010 2737 3068 Graeci
2782 3009 2882 3064 viri
2935 3015 3030 3062 aut
3073 3018 3135 3061 os
3172 3004 3386 3060 suavia-

1788 3119 1974 3173 retur,
2031 3118 2124 3163 aut
2177 3107 2376 3170 cultro,
2404 3106 2490 3161 vel
2550 3120 2705 3170 veru,
2751 3102 2833 3157 vel
2885 3101 2988 3156 olla
3036 3099 3179 3154 illius
3209 3104 3388 3150 ntere-

1791 3211 1896 3261 tur.
1952 3211 2045 3255 aut
2114 3214 2243 3269 pura
2315 3197 2468 3256 bovis
2531 3212 2693 3252 carne
2763 3208 2937 3265 gratco
3007 3191 3181 3249 cultro
3219 3186 3387 3243 incisa

1711 3292 1756 3354 C
1790 3303 2100 3351 vescerctur
2137 3312 2157 3346 ι
2189 3292 2465 3363 (Herodot.
2510 3291 2606 3349 lib.
2659 3305 2715 3345 ιι.
2764 3287 2794 3360 ᾗ
2847 3285 2968 3357 41).

1861 3388 1999 3454 Quid
2041 3402 2189 3459 ergo,
2221 3396 2409 3455 arguet
2443 3385 2679 3454 aliquis?
2723 3382 2912 3439 Nonne
2958 3378 3148 3437 falsum
3215 3374 3390 3429 omni-

1791 3495 1862 3538 no
1907 3491 1992 3537 est
2034 3482 2194 3536 ullam
2246 3481 2371 3537 bovi
2416 3479 2483 3534 ab
2510 3478 2780 3551 Egyptiis
2819 3475 3112 3533 cxhibitam
3162 3485 3390 3527 venera-

1790 3578 2011 3641 tionem,
2062 3582 2245 3644 utpote
2317 3574 2409 3643 qui
2466 3572 2612 3629 illutn
2699 3569 2803 3626 diis
2850 3564 3230 3623 immolarent?
3278 3562 3389 3635 Eu-

1790 3668 1972 3723 sebius
2019 3668 2298 3722 enimvero
2341 3666 2680 3735 apertissime
2730 3662 3000 3725 inﬁciatus
3041 3668 3126 3715 est
3172 3662 3241 3712 ab
3298 3655 3390 3710 iis-

1790 3762 1911 3816 dem
1962 3759 2233 3831 Egyptiis
2283 3760 2448 3815 boves
2493 3772 2592 3829 pro
2654 3756 2759 3812 diis
2828 3755 3072 3819 habitos;
3140 3750 3387 3822 quando-

1790 3852 2004 3924 quidem
2058 3852 2142 3906 his
2183 3850 2405 3906 eosdem
2438 3850 2602 3905 boves
2627 3846 3020 3907 sacriﬁcabant.
3057 3844 3183 3898 [hec
3208 3851 3385 3897 autem

1790 3951 1931 4005 illius
1960 3958 2083 4005 sunt
2124 3948 2323 4004 verba:
2355 3935 2450 4005 ὅτι
2480 3952 2529 4001 δὲ
2562 3951 2665 4001 οὐδὲ
2709 3953 2774 4001 τὰ
2818 3948 2922 4010 ζῶα
2964 3949 3093 4000 θηρὸς
3138 3946 3384 4005 ἡγοῦνται,

1790 4048 1928 4109 δηλοῖ
1978 4054 2032 4103 τὸ
2063 4046 2312 4113 πολλαχοῦ
2352 4053 2469 4113 βοῦς
2513 4044 2802 4110 ἀναχθέντας
2833 4042 2954 4098 θοοῖς
2981 4042 3030 4091 ἓν
3054 4038 3161 4097 ταῖς
3191 4042 3387 4103 ῑιρομη-

1788 4151 1910 4204 νίαις
1935 4158 1982 4195 :t
2009 4139 2162 4207 Quod
2195 4137 2291 4203 illi,
2324 4136 2552 4208 Egytii,
2581 4136 2765 4191 brutas
2791 4132 3092 4186 animantes
3112 4126 3248 4183 deos
3262 4138 3388 4182 esse

1788 4247 2017 4302 nequam
2080 4230 2506 4293 arbitrarentur,
2561 4225 2644 4280 vel
2700 4240 2767 4280 ex
2830 4237 2898 4277 eo
2962 4221 3173 4290 liquet,
3239 4215 3385 4288 quod

1787 4327 1841 4380 in
1894 4324 2163 4392 plerisque
2203 4321 2338 4383 locis
2373 4320 2540 4375 boves
2583 4316 2685 4372 diis
2736 4322 3084 4371 consecratos
3129 4310 3387 4366 solemni-

1787 4420 1889 4475 bus
1927 4417 2075 4471 feriis
2137 4415 2470 4484 deorumque
2515 4408 2869 4480 religionibus
2919 4405 3200 4461 immolare
3246 4403 3388 4459 sole-

1788 4512 1913 4567 bant
1945 4531 1964 4563 ›
2002 4507 2216 4583 (Euseb.
2247 4505 2337 4579 lib.
2375 4523 2453 4562 ιιι.
2490 4504 2727 4576 Prwpar.
2759 4497 2960 4585 Evang.
2993 4515 3111 4571 cap.
3140 4497 3227 4566 12,
3259 4512 3382 4568 pag.

1789 4605 1964 4674 H7).
2022 4602 2277 4659 Animum
2320 4612 2498 4657 tamen
2551 4598 2597 4653 is
2656 4595 2901 4653 advertat
2947 4603 3124 4648 utrum
3156 4592 3289 4647 facta
3317 4587 3384 4643 ab

1704 4688 2063 4753 DHerodoto
2133 4694 2315 4762 bovis,
2366 4693 2530 4749 maris
2584 4700 2640 4748 et
2697 4690 2944 4753 feminae,
2999 4685 3383 4751 distinctione,

1782 4792 1957 4846 nodus
2015 4788 2237 4860 hujusce
2291 4786 2625 4843 difﬁcultatis
2676 4801 2779 4840 non
2834 4783 3094 4838 solvatur.

1854 4883 2068 4939 lnlicias
2108 4881 2374 4952 siquidem
2416 4880 2597 4936 nullus
2650 4879 2776 4945 ibit,
2814 4875 3102 4948 Egyptios
3140 4873 3383 4945 aliquan-

1781 4977 1852 5034 do
1906 4977 2029 5032 bovi
2076 4976 2430 5041 reverentiam
2465 4975 2834 5044 honoremque
2877 4969 3215 5033 adhibuisse,
3255 4981 3380 5023 cum

1781 5081 1979 5142 praeter
2018 5071 2279 5138 plurimos
2324 5069 2494 5133 alios,
2543 5067 2698 5122 Philo
2746 5063 2965 5119 Judteus
3007 5061 3110 5119 hoc
3159 5059 3227 5115 de
3274 5056 3381 5113 illis

1778 5166 2036 5235 scriptum
2057 5165 2366 5236 reliquerit:
2388 5158 2714 5229 Exlaﬂbpcvm
2734 5175 2817 5221 τῆς
2837 5167 2950 5233 πρὸς
2970 5166 3024 5213 τὸ
3041 5164 3092 5213 ὃν
3111 5158 3375 5220 ὁσιότητος,

1775 5269 1991 5323 ζηλωταὶ
2014 5275 2103 5315 τῶν
2130 5267 2453 5329 orbum-tuan
2478 5267 2685 5327 γίνοντιι
2712 5258 3020 5320 πλασμάτων.
3040 5250 3151 5306 εἶτα
3177 5254 3379 5320 χρυσοῦν

1777 5360 1951 5424 ταῦρον
1986 5358 2452 5420 auruncum-imor,
2477 5360 2679 5417 μίμημα
2693 5354 2775 5404 τοῦ
2795 5354 2923 5401 κατὰ
2944 5353 3097 5415 χώραν
3122 5348 3376 5415 ἱερωτάτην

1779 5448 1902 5510 ζώου
1926 5446 2164 5503 δοκοῦντος
2194 5443 2338 5508 εἶναι,
2388 5444 2552 5504 θυσίας
2582 5443 2783 5500 ἀθῦτους
2819 5444 3072 5505 ἀνήγαγον.
3122 5454 3138 5487 ι
3175 5433 3336 5488 01)ιὶιὶ
3357 5475 3372 5501 ,

1779 5532 2056 5600 Israelitte,
2127 5534 2238 5588 veri
2278 5526 2406 5599 'Dei,
2477 5541 2757 5601 cmperunt
2822 5528 3065 5584 :ernulari
3122 5520 3373 5597 figmenta

1781 5625 2080 5699 Egyptias,
2133 5625 2273 5682 facto
2297 5626 2527 5696 juvenco
2561 5640 2747 5691 aureo,
2774 5624 2841 5681 ad
2882 5622 3232 5677 imitationem
3261 5635 3376 5673 aut-

1782 5721 1938 5791 malis
1993 5721 2113 5791 ejus
2165 5719 2539 5785 sacratissimi,
2593 5717 2677 5773 cui
2729 5716 2952 5790 profana
3007 5729 3159 5770 sacra
3213 5713 3376 5769 facie-

1779 5814 1930 5880 bant,
1965 5813 2194 5869 choreas
2225 5814 2472 5884 agebant,
2506 5823 2611 5869 etc.
2639 5832 2657 5864 ι
2690 5800 2891 5883 (Philo.
2925 5810 3013 5866 lib.
3044 5826 3121 5866 Ill.
3153 5810 3215 5864 de
3259 5806 3376 5864 Vita

1781 5905 1951 5976 Moqs.
2013 5922 2136 5977 pag.
2204 5907 2381 5979 677).
2457 5908 2817 5978 Hieronymus
2884 5920 3010 5963 ver)
3085 5888 3376 5962 siinilitcri
