  <div class='ocr_page' id='page_1' title='image "/cluster/home/n/w/nwhite01/storage/ocr_20150623/3/uva.x000669812/307.png"; bbox 0 0 3824 6282; ppageno 0'>
   <div class='ocr_carea' id='block_1_1' title="bbox 401 360 500 415">
    <p class='ocr_par' dir='ltr' id='par_1_1' title="bbox 401 360 500 415">
     <span class='ocr_line' id='line_1_1' title="bbox 401 360 500 415; baseline -0.01 0"><span class='ocrx_word' id='word_1_1' title='bbox 401 360 500 415; x_wconf 77' lang='lat' dir='ltr'><strong>5H</strong></span> 
     </span>
    </p>
   </div>
   <div class='ocr_carea' id='block_1_2' title="bbox 1673 357 2400 417">
    <p class='ocr_par' dir='ltr' id='par_1_2' title="bbox 1673 357 2400 417">
     <span class='ocr_line' id='line_1_2' title="bbox 1673 357 2400 417; baseline -0.003 0"><span class='ocrx_word' id='word_1_2' title='bbox 1673 361 1763 417; x_wconf 85' lang='lat' dir='ltr'><strong>DE</strong></span> <span class='ocrx_word' id='word_1_3' title='bbox 1804 357 2059 417; x_wconf 81' lang='lat' dir='ltr'><strong>MINUCII</strong></span> <span class='ocrx_word' id='word_1_4' title='bbox 2100 357 2400 415; x_wconf 77' lang='lat' dir='ltr'><strong>OCTAVIO</strong></span> 
     </span>
    </p>
   </div>
   <div class='ocr_carea' id='block_1_3' title="bbox 3566 365 3649 421">
    <p class='ocr_par' dir='ltr' id='par_1_3' title="bbox 3566 365 3649 421">
     <span class='ocr_line' id='line_1_3' title="bbox 3566 365 3649 421; baseline 0.048 -4"><span class='ocrx_word' id='word_1_5' title='bbox 3566 365 3649 421; x_wconf 72' lang='grc'><strong>512</strong></span> 
     </span>
    </p>
   </div>
   <div class='ocr_carea' id='block_1_4' title="bbox 408 474 3649 547">
    <p class='ocr_par' dir='ltr' id='par_1_4' title="bbox 408 474 3649 547">
     <span class='ocr_line' id='line_1_4' title="bbox 408 474 3649 547; baseline 0.001 -18"><span class='ocrx_word' id='word_1_6' title='bbox 408 495 426 529; x_wconf 82' lang='grc' dir='ltr'><strong>ι</strong></span> <span class='ocrx_word' id='word_1_7' title='bbox 460 476 681 534; x_wconf 79' lang='lat' dir='ltr'><strong>Videtur</strong></span> <span class='ocrx_word' id='word_1_8' title='bbox 717 475 844 531; x_wconf 91' lang='lat' dir='ltr'><strong>mihi</strong></span> <span class='ocrx_word' id='word_1_9' title='bbox 870 475 1070 532; x_wconf 85' lang='lat' dir='ltr'><strong>idcirco</strong></span> <span class='ocrx_word' id='word_1_10' title='bbox 1097 476 1325 547; x_wconf 90' lang='lat' dir='ltr'><strong>populus</strong></span> <span class='ocrx_word' id='word_1_11' title='bbox 1370 476 1533 532; x_wconf 86' lang='lat' dir='ltr'><strong>Israel</strong></span> <span class='ocrx_word' id='word_1_12' title='bbox 1579 478 1632 532; x_wconf 88' lang='lat' dir='ltr'><strong>in</strong></span> <span class='ocrx_word' id='word_1_13' title='bbox 1699 476 1988 532; x_wconf 90' lang='lat' dir='ltr'><strong>solitudine</strong></span> <span class='ocrx_word' id='word_1_14' title='bbox 2016 478 2063 535; x_wconf 85' lang='lat' dir='ltr'><strong>A</strong></span> <span class='ocrx_word' id='word_1_15' title='bbox 2095 484 2537 545; x_wconf 63' lang='lat' dir='ltr'><strong>reprmsetttatttm</strong></span> <span class='ocrx_word' id='word_1_16' title='bbox 2598 483 2782 531; x_wconf 87' lang='lat' dir='ltr'><strong>narrat</strong></span> <span class='ocrx_word' id='word_1_17' title='bbox 2826 474 3126 532; x_wconf 85' lang='lat' dir='ltr'><strong>Herodotus</strong></span> <span class='ocrx_word' id='word_1_18' title='bbox 3180 490 3194 528; x_wconf 87' lang='lat'><strong>:</strong></span> <span class='ocrx_word' id='word_1_19' title='bbox 3239 481 3467 547; x_wconf 67' lang='lat' dir='ltr'><strong>rpa&#39;zpmt</strong></span> <span class='ocrx_word' id='word_1_20' title='bbox 3520 483 3560 533; x_wconf 62' lang='grc' dir='ltr'><strong>εξ</strong></span> <span class='ocrx_word' id='word_1_21' title='bbox 3603 488 3649 544; x_wconf 71' lang='grc' dir='ltr'><strong>δὴ</strong></span> 
     </span>
    </p>
   </div>
   <div class='ocr_carea' id='block_1_5' title="bbox 402 570 2000 639">
    <p class='ocr_par' dir='ltr' id='par_1_5' title="bbox 402 570 2000 639">
     <span class='ocr_line' id='line_1_5' title="bbox 402 570 2000 639; baseline -0.003 -11"><span class='ocrx_word' id='word_1_22' title='bbox 402 571 598 628; x_wconf 70' lang='lat' dir='ltr'><strong>iecisse</strong></span> <span class='ocrx_word' id='word_1_23' title='bbox 642 571 742 626; x_wconf 86' lang='lat' dir='ltr'><strong>sibi</strong></span> <span class='ocrx_word' id='word_1_24' title='bbox 791 580 949 639; x_wconf 88' lang='lat' dir='ltr'><strong>caput</strong></span> <span class='ocrx_word' id='word_1_25' title='bbox 996 570 1147 625; x_wconf 91' lang='lat' dir='ltr'><strong>vituli</strong></span> <span class='ocrx_word' id='word_1_26' title='bbox 1191 572 1332 636; x_wconf 87' lang='lat' dir='ltr'><strong>quod</strong></span> <span class='ocrx_word' id='word_1_27' title='bbox 1386 574 1626 637; x_wconf 76' lang='lat' dir='ltr'><strong>coleret,</strong></span> <span class='ocrx_word' id='word_1_28' title='bbox 1684 582 1738 627; x_wconf 92' lang='lat' dir='ltr'><strong>et</strong></span> <span class='ocrx_word' id='word_1_29' title='bbox 1809 572 2000 626; x_wconf 86' lang='lat' dir='ltr'><strong>lliero-</strong></span> 
     </span>
    </p>
   </div>
   <div class='ocr_carea' id='block_1_6' title="bbox 403 663 2004 726">
    <p class='ocr_par' dir='ltr' id='par_1_6' title="bbox 403 663 2004 726">
     <span class='ocr_line' id='line_1_6' title="bbox 403 663 2004 726; baseline -0.001 -5"><span class='ocrx_word' id='word_1_30' title='bbox 403 664 562 721; x_wconf 88' lang='lat' dir='ltr'><strong>boam</strong></span> <span class='ocrx_word' id='word_1_31' title='bbox 600 663 736 718; x_wconf 80' lang='lat' dir='ltr'><strong>illius</strong></span> <span class='ocrx_word' id='word_1_32' title='bbox 776 663 981 718; x_wconf 65' lang='lat' dir='ltr'><strong>Nabatb</strong></span> <span class='ocrx_word' id='word_1_33' title='bbox 1039 664 1236 718; x_wconf 91' lang='lat' dir='ltr'><strong>vitulos</strong></span> <span class='ocrx_word' id='word_1_34' title='bbox 1288 680 1482 720; x_wconf 89' lang='lat' dir='ltr'><strong>aureos</strong></span> <span class='ocrx_word' id='word_1_35' title='bbox 1547 666 1874 726; x_wconf 82' lang='lat' dir='ltr'><strong>fabricatus:</strong></span> <span class='ocrx_word' id='word_1_36' title='bbox 1946 673 2004 719; x_wconf 90' lang='lat' dir='ltr'><strong>ut</strong></span> 
     </span>
    </p>
   </div>
   <div class='ocr_carea' id='block_1_7' title="bbox 401 755 1998 828">
    <p class='ocr_par' dir='ltr' id='par_1_7' title="bbox 401 755 1998 828">
     <span class='ocr_line' id='line_1_7' title="bbox 401 755 1998 828; baseline 0 -17"><span class='ocrx_word' id='word_1_37' title='bbox 401 756 541 827; x_wconf 89' lang='lat' dir='ltr'><strong>quod</strong></span> <span class='ocrx_word' id='word_1_38' title='bbox 622 756 675 811; x_wconf 91' lang='lat' dir='ltr'><strong>in</strong></span> <span class='ocrx_word' id='word_1_39' title='bbox 729 755 964 828; x_wconf 59' lang='lat' dir='ltr'><strong>IEgypto</strong></span> <span class='ocrx_word' id='word_1_40' title='bbox 1041 756 1339 812; x_wconf 87' lang='lat' dir='ltr'><strong>didicerant</strong></span> <span class='ocrx_word' id='word_1_41' title='bbox 1403 758 1557 828; x_wconf 79' lang='lat' dir='ltr'><strong>Apim</strong></span> <span class='ocrx_word' id='word_1_42' title='bbox 1616 768 1669 813; x_wconf 92' lang='lat' dir='ltr'><strong>et</strong></span> <span class='ocrx_word' id='word_1_43' title='bbox 1732 758 1998 825; x_wconf 81' lang='lat' dir='ltr'><strong>Mnevim,</strong></span> 
     </span>
    </p>
   </div>
   <div class='ocr_carea' id='block_1_8' title="bbox 399 848 2001 921">
    <p class='ocr_par' dir='ltr' id='par_1_8' title="bbox 399 848 2001 921">
     <span class='ocr_line' id='line_1_8' title="bbox 399 848 2001 921; baseline 0.003 -18"><span class='ocrx_word' id='word_1_44' title='bbox 399 848 490 921; x_wconf 92' lang='lat' dir='ltr'><strong>qui</strong></span> <span class='ocrx_word' id='word_1_45' title='bbox 533 848 632 904; x_wconf 88' lang='lat' dir='ltr'><strong>sub</strong></span> <span class='ocrx_word' id='word_1_46' title='bbox 686 849 850 920; x_wconf 82' lang='lat' dir='ltr'><strong>ﬁgura</strong></span> <span class='ocrx_word' id='word_1_47' title='bbox 920 850 1077 905; x_wconf 90' lang='lat' dir='ltr'><strong>boum</strong></span> <span class='ocrx_word' id='word_1_48' title='bbox 1140 851 1414 915; x_wconf 87' lang='lat' dir='ltr'><strong>coluntur,</strong></span> <span class='ocrx_word' id='word_1_49' title='bbox 1467 868 1588 907; x_wconf 90' lang='lat' dir='ltr'><strong>esse</strong></span> <span class='ocrx_word' id='word_1_50' title='bbox 1634 852 1788 917; x_wconf 90' lang='lat' dir='ltr'><strong>deos,</strong></span> <span class='ocrx_word' id='word_1_51' title='bbox 1822 853 2001 908; x_wconf 88' lang='lat' dir='ltr'><strong>ltociu</strong></span> 
     </span>
    </p>
   </div>
   <div class='ocr_carea' id='block_1_9' title="bbox 399 944 2004 1018">
    <p class='ocr_par' dir='ltr' id='par_1_9' title="bbox 399 944 2004 1018">
     <span class='ocr_line' id='line_1_9' title="bbox 399 944 2004 1018; baseline 0.004 -19"><span class='ocrx_word' id='word_1_52' title='bbox 399 944 781 1014; x_wconf 91' lang='lat' dir='ltr'><strong>superstitione</strong></span> <span class='ocrx_word' id='word_1_53' title='bbox 807 954 1087 1001; x_wconf 90' lang='lat' dir='ltr'><strong>servarent</strong></span> <span class='ocrx_word' id='word_1_54' title='bbox 1121 966 1139 999; x_wconf 79' lang='grc' dir='ltr'><strong>ι</strong></span> <span class='ocrx_word' id='word_1_55' title='bbox 1179 946 1420 1012; x_wconf 83' lang='lat' dir='ltr'><strong>(Hieron.</strong></span> <span class='ocrx_word' id='word_1_56' title='bbox 1442 948 1494 1001; x_wconf 82' lang='lat' dir='ltr'><strong>in</strong></span> <span class='ocrx_word' id='word_1_57' title='bbox 1517 965 1634 1018; x_wconf 86' lang='lat' dir='ltr'><strong>cap.</strong></span> <span class='ocrx_word' id='word_1_58' title='bbox 1662 965 1825 1004; x_wconf 79' lang='lat' dir='ltr'><strong>vau.</strong></span> <span class='ocrx_word' id='word_1_59' title='bbox 1858 949 2004 1005; x_wconf 68' lang='lat' dir='ltr'><strong>Oscae</strong></span> 
     </span>
    </p>
   </div>
   <div class='ocr_carea' id='block_1_10' title="bbox 396 1038 2004 1114">
    <p class='ocr_par' dir='ltr' id='par_1_10' title="bbox 396 1038 2004 1114">
     <span class='ocr_line' id='line_1_10' title="bbox 396 1038 2004 1114; baseline 0.004 -21"><span class='ocrx_word' id='word_1_60' title='bbox 396 1053 451 1093; x_wconf 94' lang='lat' dir='ltr'><strong>v.</strong></span> <span class='ocrx_word' id='word_1_61' title='bbox 496 1038 632 1111; x_wconf 74' lang='grc'><strong>15).</strong></span> <span class='ocrx_word' id='word_1_62' title='bbox 682 1039 837 1094; x_wconf 84' lang='lat' dir='ltr'><strong>Prius</strong></span> <span class='ocrx_word' id='word_1_63' title='bbox 886 1055 1017 1096; x_wconf 89' lang='lat' dir='ltr'><strong>vero</strong></span> <span class='ocrx_word' id='word_1_64' title='bbox 1066 1041 1376 1097; x_wconf 68' lang='lat' dir='ltr'><strong>Lactantius</strong></span> <span class='ocrx_word' id='word_1_65' title='bbox 1425 1043 1493 1098; x_wconf 92' lang='lat' dir='ltr'><strong>de</strong></span> <span class='ocrx_word' id='word_1_66' title='bbox 1544 1043 1732 1098; x_wconf 83' lang='lat' dir='ltr'><strong>iisdem</strong></span> <span class='ocrx_word' id='word_1_67' title='bbox 1789 1060 2004 1114; x_wconf 91' lang='lat' dir='ltr'><strong>quoque</strong></span> 
     </span>
    </p>
   </div>
   <div class='ocr_carea' id='block_1_11' title="bbox 398 1131 2000 1207">
    <p class='ocr_par' dir='ltr' id='par_1_11' title="bbox 398 1131 2000 1207">
     <span class='ocr_line' id='line_1_11' title="bbox 398 1131 2000 1207; baseline 0.002 -21"><span class='ocrx_word' id='word_1_68' title='bbox 398 1131 687 1188; x_wconf 85' lang='lat' dir='ltr'><strong>Israelitis:</strong></span> <span class='ocrx_word' id='word_1_69' title='bbox 721 1152 739 1185; x_wconf 78' lang='grc' dir='ltr'><strong>ι</strong></span> <span class='ocrx_word' id='word_1_70' title='bbox 773 1133 831 1188; x_wconf 84' lang='grc' dir='ltr'><strong>1η</strong></span> <span class='ocrx_word' id='word_1_71' title='bbox 859 1133 1148 1202; x_wconf 84' lang='lat' dir='ltr'><strong>luxuriam,</strong></span> <span class='ocrx_word' id='word_1_72' title='bbox 1181 1153 1200 1187; x_wconf 76' lang='grc' dir='ltr'><strong>ι</strong></span> <span class='ocrx_word' id='word_1_73' title='bbox 1224 1135 1427 1204; x_wconf 83' lang='lat' dir='ltr'><strong>inquit,</strong></span> <span class='ocrx_word' id='word_1_74' title='bbox 1458 1152 1476 1186; x_wconf 86' lang='lat' dir='ltr'><strong>t</strong></span> <span class='ocrx_word' id='word_1_75' title='bbox 1511 1137 1743 1205; x_wconf 79' lang='lat' dir='ltr'><strong>prolapsi</strong></span> <span class='ocrx_word' id='word_1_76' title='bbox 1779 1137 1844 1191; x_wconf 87' lang='lat' dir='ltr'><strong>ad</strong></span> <span class='ocrx_word' id='word_1_77' title='bbox 1874 1153 2000 1207; x_wconf 89' lang='lat' dir='ltr'><strong>pro-</strong></span> 
     </span>
    </p>
   </div>
   <div class='ocr_carea' id='block_1_12' title="bbox 402 1226 2002 1301">
    <p class='ocr_par' dir='ltr' id='par_1_12' title="bbox 402 1226 2002 1301">
     <span class='ocr_line' id='line_1_12' title="bbox 402 1226 2002 1301; baseline 0.004 -19"><span class='ocrx_word' id='word_1_78' title='bbox 402 1226 558 1283; x_wconf 80' lang='lat' dir='ltr'><strong>fanos</strong></span> <span class='ocrx_word' id='word_1_79' title='bbox 608 1227 985 1301; x_wconf 68' lang='lat' dir='ltr'><strong>ngyptiorum</strong></span> <span class='ocrx_word' id='word_1_80' title='bbox 1036 1231 1172 1286; x_wconf 90' lang='lat' dir='ltr'><strong>ritus</strong></span> <span class='ocrx_word' id='word_1_81' title='bbox 1202 1232 1412 1287; x_wconf 91' lang='lat' dir='ltr'><strong>animos</strong></span> <span class='ocrx_word' id='word_1_82' title='bbox 1438 1233 2002 1289; x_wconf 82' lang='lat' dir='ltr'><strong>traustulerunt.Cum</strong></span> 
     </span>
    </p>
   </div>
   <div class='ocr_carea' id='block_1_13' title="bbox 398 1321 2001 1393">
    <p class='ocr_par' dir='ltr' id='par_1_13' title="bbox 398 1321 2001 1393">
     <span class='ocr_line' id='line_1_13' title="bbox 398 1321 2001 1393; baseline 0.004 -18"><span class='ocrx_word' id='word_1_83' title='bbox 398 1322 544 1375; x_wconf 87' lang='lat' dir='ltr'><strong>enim</strong></span> <span class='ocrx_word' id='word_1_84' title='bbox 597 1321 809 1393; x_wconf 78' lang='lat' dir='ltr'><strong>Moyses</strong></span> <span class='ocrx_word' id='word_1_85' title='bbox 860 1322 967 1378; x_wconf 81' lang='lat' dir='ltr'><strong>dux</strong></span> <span class='ocrx_word' id='word_1_86' title='bbox 1023 1337 1208 1378; x_wconf 89' lang='lat' dir='ltr'><strong>eorum</strong></span> <span class='ocrx_word' id='word_1_87' title='bbox 1261 1324 1595 1379; x_wconf 86' lang='lat' dir='ltr'><strong>ascendisset</strong></span> <span class='ocrx_word' id='word_1_88' title='bbox 1644 1326 1696 1379; x_wconf 92' lang='lat' dir='ltr'><strong>in</strong></span> <span class='ocrx_word' id='word_1_89' title='bbox 1765 1338 2001 1383; x_wconf 83' lang='lat' dir='ltr'><strong>montem</strong></span> 
     </span>
    </p>
   </div>
   <div class='ocr_carea' id='block_1_14' title="bbox 405 1415 2001 1490">
    <p class='ocr_par' dir='ltr' id='par_1_14' title="bbox 405 1415 2001 1490">
     <span class='ocr_line' id='line_1_14' title="bbox 405 1415 2001 1490; baseline 0.005 -22"><span class='ocrx_word' id='word_1_90' title='bbox 405 1423 567 1485; x_wconf 88' lang='lat' dir='ltr'><strong>atque</strong></span> <span class='ocrx_word' id='word_1_91' title='bbox 616 1415 687 1469; x_wconf 92' lang='lat' dir='ltr'><strong>ibi</strong></span> <span class='ocrx_word' id='word_1_92' title='bbox 739 1415 813 1470; x_wconf 71' lang='lat'><strong>40</strong></span> <span class='ocrx_word' id='word_1_93' title='bbox 853 1415 1044 1471; x_wconf 91' lang='lat' dir='ltr'><strong>diebus</strong></span> <span class='ocrx_word' id='word_1_94' title='bbox 1072 1428 1396 1483; x_wconf 86' lang='lat' dir='ltr'><strong>moraretur,</strong></span> <span class='ocrx_word' id='word_1_95' title='bbox 1458 1433 1681 1473; x_wconf 91' lang='lat' dir='ltr'><strong>aureum</strong></span> <span class='ocrx_word' id='word_1_96' title='bbox 1709 1431 1871 1490; x_wconf 87' lang='lat' dir='ltr'><strong>caput</strong></span> <span class='ocrx_word' id='word_1_97' title='bbox 1902 1421 2001 1476; x_wconf 88' lang='lat' dir='ltr'><strong>bo-</strong></span> 
     </span>
    </p>
   </div>
   <div class='ocr_carea' id='block_1_15' title="bbox 398 1508 2003 1585">
    <p class='ocr_par' dir='ltr' id='par_1_15' title="bbox 398 1508 2003 1585">
     <span class='ocr_line' id='line_1_15' title="bbox 398 1508 2003 1585; baseline 0.005 -22"><span class='ocrx_word' id='word_1_98' title='bbox 398 1508 502 1574; x_wconf 88' lang='lat' dir='ltr'><strong>vis,</strong></span> <span class='ocrx_word' id='word_1_99' title='bbox 562 1524 721 1577; x_wconf 85' lang='lat' dir='ltr'><strong>quem</strong></span> <span class='ocrx_word' id='word_1_100' title='bbox 755 1519 949 1565; x_wconf 84' lang='lat' dir='ltr'><strong>vocant</strong></span> <span class='ocrx_word' id='word_1_101' title='bbox 999 1510 1178 1579; x_wconf 79' lang='lat' dir='ltr'><strong>Apim,</strong></span> <span class='ocrx_word' id='word_1_102' title='bbox 1218 1512 1358 1581; x_wconf 90' lang='lat' dir='ltr'><strong>quod</strong></span> <span class='ocrx_word' id='word_1_103' title='bbox 1401 1526 1495 1567; x_wconf 90' lang='lat' dir='ltr'><strong>eos</strong></span> <span class='ocrx_word' id='word_1_104' title='bbox 1532 1513 1584 1567; x_wconf 91' lang='lat' dir='ltr'><strong>in</strong></span> <span class='ocrx_word' id='word_1_105' title='bbox 1617 1514 1827 1582; x_wconf 87' lang='lat' dir='ltr'><strong>signum</strong></span> <span class='ocrx_word' id='word_1_106' title='bbox 1861 1531 2003 1585; x_wconf 76' lang='lat' dir='ltr'><strong>pra:-</strong></span> 
     </span>
    </p>
   </div>
   <div class='ocr_carea' id='block_1_16' title="bbox 398 1603 2001 1681">
    <p class='ocr_par' dir='ltr' id='par_1_16' title="bbox 398 1603 2001 1681">
     <span class='ocr_line' id='line_1_16' title="bbox 398 1603 2001 1681; baseline 0.004 -22"><span class='ocrx_word' id='word_1_107' title='bbox 398 1603 642 1664; x_wconf 82' lang='lat' dir='ltr'><strong>cederet.</strong></span> <span class='ocrx_word' id='word_1_108' title='bbox 674 1604 972 1673; x_wconf 78' lang='lat' dir='ltr'><strong>tigurarunt</strong></span> <span class='ocrx_word' id='word_1_109' title='bbox 1008 1624 1027 1658; x_wconf 77' lang='grc' dir='ltr'><strong>ι</strong></span> <span class='ocrx_word' id='word_1_110' title='bbox 1055 1605 1320 1677; x_wconf 84' lang='lat' dir='ltr'><strong>(Lactant.</strong></span> <span class='ocrx_word' id='word_1_111' title='bbox 1349 1608 1439 1661; x_wconf 85' lang='lat' dir='ltr'><strong>lib.</strong></span> <span class='ocrx_word' id='word_1_112' title='bbox 1478 1623 1550 1673; x_wconf 85' lang='lat' dir='ltr'><strong>tv,</strong></span> <span class='ocrx_word' id='word_1_113' title='bbox 1589 1624 1708 1679; x_wconf 85' lang='lat' dir='ltr'><strong>cap.</strong></span> <span class='ocrx_word' id='word_1_114' title='bbox 1742 1610 1827 1674; x_wconf 75' lang='lat'><strong>10,</strong></span> <span class='ocrx_word' id='word_1_115' title='bbox 1879 1626 2001 1681; x_wconf 87' lang='lat' dir='ltr'><strong>pag.</strong></span> 
     </span>
    </p>
   </div>
   <div class='ocr_carea' id='block_1_17' title="bbox 402 1697 2001 1773">
    <p class='ocr_par' dir='ltr' id='par_1_17' title="bbox 402 1697 2001 1773">
     <span class='ocr_line' id='line_1_17' title="bbox 402 1697 2001 1773; baseline 0.005 -19"><span class='ocrx_word' id='word_1_116' title='bbox 402 1697 509 1755; x_wconf 78' lang='lat'><strong>376</strong></span> <span class='ocrx_word' id='word_1_117' title='bbox 548 1699 587 1771; x_wconf 90' lang='lat'><strong>).</strong></span> <span class='ocrx_word' id='word_1_118' title='bbox 637 1699 742 1756; x_wconf 85' lang='lat' dir='ltr'><strong>Sed</strong></span> <span class='ocrx_word' id='word_1_119' title='bbox 796 1700 865 1755; x_wconf 87' lang='lat' dir='ltr'><strong>de</strong></span> <span class='ocrx_word' id='word_1_120' title='bbox 893 1701 993 1770; x_wconf 77' lang='lat' dir='ltr'><strong>Api</strong></span> <span class='ocrx_word' id='word_1_121' title='bbox 1055 1700 1194 1756; x_wconf 89' lang='lat' dir='ltr'><strong>bove</strong></span> <span class='ocrx_word' id='word_1_122' title='bbox 1236 1718 1334 1756; x_wconf 92' lang='lat' dir='ltr'><strong>nos</strong></span> <span class='ocrx_word' id='word_1_123' title='bbox 1384 1704 1546 1773; x_wconf 91' lang='lat' dir='ltr'><strong>paulo</strong></span> <span class='ocrx_word' id='word_1_124' title='bbox 1582 1704 1717 1758; x_wconf 83' lang='lat' dir='ltr'><strong>infra</strong></span> <span class='ocrx_word' id='word_1_125' title='bbox 1765 1705 2001 1762; x_wconf 88' lang='lat' dir='ltr'><strong>dissere-</strong></span> 
     </span>
    </p>
   </div>
   <div class='ocr_carea' id='block_1_18' title="bbox 402 1807 1147 1848">
    <p class='ocr_par' dir='ltr' id='par_1_18' title="bbox 402 1807 1147 1848">
     <span class='ocr_line' id='line_1_18' title="bbox 402 1807 1147 1848; baseline -0.001 0"><span class='ocrx_word' id='word_1_126' title='bbox 402 1807 544 1848; x_wconf 82' lang='lat' dir='ltr'><strong>mus.</strong></span> <span class='ocrx_word' id='word_1_127' title='bbox 1134 1816 1147 1837; x_wconf 68' lang='grc' dir='ltr'>δ</span> 
     </span>
    </p>
   </div>
   <div class='ocr_carea' id='block_1_19' title="bbox 2108 573 3651 643">
    <p class='ocr_par' dir='ltr' id='par_1_19' title="bbox 2108 573 3651 643">
     <span class='ocr_line' id='line_1_19' title="bbox 2108 573 3651 643; baseline 0.005 -23"><span class='ocrx_word' id='word_1_128' title='bbox 2108 573 2188 624; x_wconf 71' lang='grc' dir='ltr'><strong>καὶ</strong></span> <span class='ocrx_word' id='word_1_129' title='bbox 2209 574 2430 640; x_wconf 73' lang='grc' dir='ltr'><strong>γὶῦρουσι</strong></span> <span class='ocrx_word' id='word_1_130' title='bbox 2458 578 2504 625; x_wconf 78' lang='grc' dir='ltr'><strong>οἱ</strong></span> <span class='ocrx_word' id='word_1_131' title='bbox 2528 576 2786 641; x_wconf 65' lang='grc' dir='ltr'><strong>ζωγράφοι,</strong></span> <span class='ocrx_word' id='word_1_132' title='bbox 2813 574 2896 624; x_wconf 74' lang='grc' dir='ltr'><strong>καὶ</strong></span> <span class='ocrx_word' id='word_1_133' title='bbox 2926 579 2967 625; x_wconf 77' lang='lat' dir='ltr'><strong>oi</strong></span> <span class='ocrx_word' id='word_1_134' title='bbox 2994 574 3395 638; x_wconf 71' lang='grc' dir='ltr'><strong>ἀγαλματοπυιοὶ,</strong></span> <span class='ocrx_word' id='word_1_135' title='bbox 3417 578 3495 627; x_wconf 73' lang='grc' dir='ltr'><strong>τοῦ</strong></span> <span class='ocrx_word' id='word_1_136' title='bbox 3514 580 3651 643; x_wconf 70' lang='grc' dir='ltr'><strong>Πανὸς,</strong></span> 
     </span>
    </p>
   </div>
   <div class='ocr_carea' id='block_1_20' title="bbox 2106 653 3654 735">
    <p class='ocr_par' dir='ltr' id='par_1_20' title="bbox 2106 653 3654 735">
     <span class='ocr_line' id='line_1_20' title="bbox 2106 653 3654 735; baseline 0.004 -19"><span class='ocrx_word' id='word_1_137' title='bbox 2106 670 2317 735; x_wconf 68' lang='grc' dir='ltr'><strong>καθάπερ</strong></span> <span class='ocrx_word' id='word_1_138' title='bbox 2341 653 2569 729; x_wconf 51' lang='lat' dir='ltr'><strong>binm“,-</strong></span> <span class='ocrx_word' id='word_1_139' title='bbox 2587 670 2818 735; x_wconf 63' lang='grc' dir='ltr'><strong>τῶγαλμα</strong></span> <span class='ocrx_word' id='word_1_140' title='bbox 2842 669 3218 735; x_wconf 66' lang='grc' dir='ltr'><strong>αἰγοπρόσωπον,</strong></span> <span class='ocrx_word' id='word_1_141' title='bbox 3249 674 3331 718; x_wconf 74' lang='lat' dir='ltr'><strong>uti</strong></span> <span class='ocrx_word' id='word_1_142' title='bbox 3364 676 3654 732; x_wconf 67' lang='grc' dir='ltr'><strong>τριγοηιλὶι.</strong></span> 
     </span>
    </p>
   </div>
   <div class='ocr_carea' id='block_1_21' title="bbox 2116 755 3659 826">
    <p class='ocr_par' dir='ltr' id='par_1_21' title="bbox 2116 755 3659 826">
     <span class='ocr_line' id='line_1_21' title="bbox 2116 755 3659 826; baseline 0.006 -20"><span class='ocrx_word' id='word_1_143' title='bbox 2116 774 2135 806; x_wconf 77' lang='grc' dir='ltr'><strong>ι</strong></span> <span class='ocrx_word' id='word_1_144' title='bbox 2176 756 2336 810; x_wconf 87' lang='lat' dir='ltr'><strong>Panis</strong></span> <span class='ocrx_word' id='word_1_145' title='bbox 2388 765 2568 810; x_wconf 90' lang='lat' dir='ltr'><strong>autem</strong></span> <span class='ocrx_word' id='word_1_146' title='bbox 2620 756 2986 819; x_wconf 88' lang='lat' dir='ltr'><strong>simulacrum,</strong></span> <span class='ocrx_word' id='word_1_147' title='bbox 3033 765 3089 811; x_wconf 90' lang='lat' dir='ltr'><strong>et</strong></span> <span class='ocrx_word' id='word_1_148' title='bbox 3118 755 3349 826; x_wconf 85' lang='lat' dir='ltr'><strong>pictores</strong></span> <span class='ocrx_word' id='word_1_149' title='bbox 3376 757 3659 826; x_wconf 85' lang='lat' dir='ltr'><strong>pingunt.et</strong></span> 
     </span>
    </p>
   </div>
   <div class='ocr_carea' id='block_1_22' title="bbox 2108 846 3656 918">
    <p class='ocr_par' dir='ltr' id='par_1_22' title="bbox 2108 846 3656 918">
     <span class='ocr_line' id='line_1_22' title="bbox 2108 846 3656 918; baseline 0.001 -15"><span class='ocrx_word' id='word_1_150' title='bbox 2108 847 2349 903; x_wconf 80' lang='lat' dir='ltr'><strong>Statuarii</strong></span> <span class='ocrx_word' id='word_1_151' title='bbox 2407 848 2693 918; x_wconf 89' lang='lat' dir='ltr'><strong>sculpunt,</strong></span> <span class='ocrx_word' id='word_1_152' title='bbox 2750 847 3202 917; x_wconf 87' lang='lat' dir='ltr'><strong>quemadmodum</strong></span> <span class='ocrx_word' id='word_1_153' title='bbox 3259 846 3430 901; x_wconf 69' lang='lat' dir='ltr'><strong>Graeci</strong></span> <span class='ocrx_word' id='word_1_154' title='bbox 3478 850 3656 916; x_wconf 78' lang='lat' dir='ltr'><strong>caprina</strong></span> 
     </span>
    </p>
   </div>
   <div class='ocr_carea' id='block_1_23' title="bbox 2107 938 3659 1012">
    <p class='ocr_par' dir='ltr' id='par_1_23' title="bbox 2107 938 3659 1012">
     <span class='ocr_line' id='line_1_23' title="bbox 2107 938 3659 1012; baseline 0.004 -19"><span class='ocrx_word' id='word_1_155' title='bbox 2107 940 2261 1006; x_wconf 80' lang='lat' dir='ltr'><strong>facie,</strong></span> <span class='ocrx_word' id='word_1_156' title='bbox 2323 938 2649 1011; x_wconf 87' lang='lat' dir='ltr'><strong>hircinisqtte</strong></span> <span class='ocrx_word' id='word_1_157' title='bbox 2696 940 2942 996; x_wconf 85' lang='lat' dir='ltr'><strong>cruribus</strong></span> <span class='ocrx_word' id='word_1_158' title='bbox 2979 958 2998 992; x_wconf 73' lang='grc' dir='ltr'><strong>ι</strong></span> <span class='ocrx_word' id='word_1_159' title='bbox 3036 941 3054 1010; x_wconf 95' lang='grc'>(</span> <span class='ocrx_word' id='word_1_160' title='bbox 3082 938 3281 994; x_wconf 84' lang='lat' dir='ltr'><strong>Herod.</strong></span> <span class='ocrx_word' id='word_1_161' title='bbox 3311 939 3399 994; x_wconf 92' lang='lat' dir='ltr'><strong>lib.</strong></span> <span class='ocrx_word' id='word_1_162' title='bbox 3433 954 3486 994; x_wconf 89' lang='lat' dir='ltr'><strong>tt.</strong></span> <span class='ocrx_word' id='word_1_163' title='bbox 3518 940 3542 1012; x_wconf 83' lang='lat'><strong>§</strong></span> <span class='ocrx_word' id='word_1_164' title='bbox 3572 941 3659 1012; x_wconf 75' lang='grc' dir='ltr'><strong>ιθ).</strong></span> 
     </span>
    </p>
   </div>
   <div class='ocr_carea' id='block_1_24' title="bbox 2110 1030 3659 1091">
    <p class='ocr_par' dir='ltr' id='par_1_24' title="bbox 2110 1030 3659 1091">
     <span class='ocr_line' id='line_1_24' title="bbox 2110 1030 3659 1091; baseline 0.003 -5"><span class='ocrx_word' id='word_1_165' title='bbox 2110 1030 2272 1086; x_wconf 87' lang='lat' dir='ltr'><strong>Addit</strong></span> <span class='ocrx_word' id='word_1_166' title='bbox 2335 1040 2512 1086; x_wconf 90' lang='lat' dir='ltr'><strong>tamen</strong></span> <span class='ocrx_word' id='word_1_167' title='bbox 2545 1047 2641 1087; x_wconf 88' lang='lat' dir='ltr'><strong>eos</strong></span> <span class='ocrx_word' id='word_1_168' title='bbox 2686 1032 3024 1087; x_wconf 77' lang='lat' dir='ltr'><strong>existimasse</strong></span> <span class='ocrx_word' id='word_1_169' title='bbox 3053 1032 3253 1087; x_wconf 88' lang='lat' dir='ltr'><strong>Panem</strong></span> <span class='ocrx_word' id='word_1_170' title='bbox 3282 1030 3506 1087; x_wconf 85' lang='lat' dir='ltr'><strong>similem</strong></span> <span class='ocrx_word' id='word_1_171' title='bbox 3532 1032 3659 1091; x_wconf 81' lang='lat' dir='ltr'><strong>fuisse</strong></span> 
     </span>
    </p>
   </div>
   <div class='ocr_carea' id='block_1_25' title="bbox 2109 1122 3658 1194">
    <p class='ocr_par' dir='ltr' id='par_1_25' title="bbox 2109 1122 3658 1194">
     <span class='ocr_line' id='line_1_25' title="bbox 2109 1122 3658 1194; baseline 0.003 -18"><span class='ocrx_word' id='word_1_172' title='bbox 2109 1122 2200 1177; x_wconf 84' lang='lat' dir='ltr'><strong>alii</strong></span> <span class='ocrx_word' id='word_1_173' title='bbox 2269 1122 2404 1186; x_wconf 87' lang='lat' dir='ltr'><strong>diis,</strong></span> <span class='ocrx_word' id='word_1_174' title='bbox 2457 1122 2552 1178; x_wconf 90' lang='lat' dir='ltr'><strong>sed</strong></span> <span class='ocrx_word' id='word_1_175' title='bbox 2601 1138 2669 1178; x_wconf 92' lang='lat' dir='ltr'><strong>eo</strong></span> <span class='ocrx_word' id='word_1_176' title='bbox 2724 1124 2885 1179; x_wconf 90' lang='lat' dir='ltr'><strong>modo</strong></span> <span class='ocrx_word' id='word_1_177' title='bbox 2931 1123 3001 1178; x_wconf 87' lang='lat' dir='ltr'><strong>ab</strong></span> <span class='ocrx_word' id='word_1_178' title='bbox 3040 1124 3145 1179; x_wconf 89' lang='lat' dir='ltr'><strong>illis</strong></span> <span class='ocrx_word' id='word_1_179' title='bbox 3197 1123 3400 1193; x_wconf 87' lang='lat' dir='ltr'><strong>pictum</strong></span> <span class='ocrx_word' id='word_1_180' title='bbox 3448 1125 3658 1194; x_wconf 86' lang='lat' dir='ltr'><strong>quasdam</strong></span> 
     </span>
    </p>
   </div>
   <div class='ocr_carea' id='block_1_26' title="bbox 2108 1216 3659 1287">
    <p class='ocr_par' dir='ltr' id='par_1_26' title="bbox 2108 1216 3659 1287">
     <span class='ocr_line' id='line_1_26' title="bbox 2108 1216 3659 1287; baseline 0.003 -18"><span class='ocrx_word' id='word_1_181' title='bbox 2108 1224 2329 1285; x_wconf 78' lang='lat' dir='ltr'><strong>prapter</strong></span> <span class='ocrx_word' id='word_1_182' title='bbox 2373 1231 2605 1280; x_wconf 85' lang='lat' dir='ltr'><strong>causas,</strong></span> <span class='ocrx_word' id='word_1_183' title='bbox 2655 1231 2789 1286; x_wconf 90' lang='lat' dir='ltr'><strong>quas</strong></span> <span class='ocrx_word' id='word_1_184' title='bbox 2844 1216 3048 1272; x_wconf 81' lang='lat' dir='ltr'><strong>referre</strong></span> <span class='ocrx_word' id='word_1_185' title='bbox 3100 1216 3323 1271; x_wconf 88' lang='lat' dir='ltr'><strong>minime</strong></span> <span class='ocrx_word' id='word_1_186' title='bbox 3357 1216 3456 1272; x_wconf 85' lang='lat' dir='ltr'><strong>sibi</strong></span> <span class='ocrx_word' id='word_1_187' title='bbox 3494 1227 3659 1287; x_wconf 85' lang='lat' dir='ltr'><strong>gratum</strong></span> 
     </span>
    </p>
   </div>
   <div class='ocr_carea' id='block_1_27' title="bbox 2108 1307 3663 1381">
    <p class='ocr_par' dir='ltr' id='par_1_27' title="bbox 2108 1307 3663 1381">
     <span class='ocr_line' id='line_1_27' title="bbox 2108 1307 3663 1381; baseline 0.001 -18"><span class='ocrx_word' id='word_1_188' title='bbox 2108 1323 2230 1364; x_wconf 92' lang='lat' dir='ltr'><strong>esse</strong></span> <span class='ocrx_word' id='word_1_189' title='bbox 2269 1309 2525 1363; x_wconf 87' lang='lat' dir='ltr'><strong>declarat.</strong></span> <span class='ocrx_word' id='word_1_190' title='bbox 2584 1310 2759 1381; x_wconf 83' lang='lat' dir='ltr'><strong>Satyri</strong></span> <span class='ocrx_word' id='word_1_191' title='bbox 2812 1324 3028 1380; x_wconf 85' lang='lat' dir='ltr'><strong>quoque</strong></span> <span class='ocrx_word' id='word_1_192' title='bbox 3088 1307 3427 1379; x_wconf 80' lang='lat' dir='ltr'><strong>ﬁngebantur</strong></span> <span class='ocrx_word' id='word_1_193' title='bbox 3472 1307 3663 1365; x_wconf 81' lang='lat' dir='ltr'><strong>humano</strong></span> 
     </span>
    </p>
   </div>
   <div class='ocr_carea' id='block_1_28' title="bbox 2110 1400 3660 1472">
    <p class='ocr_par' dir='ltr' id='par_1_28' title="bbox 2110 1400 3660 1472">
     <span class='ocr_line' id='line_1_28' title="bbox 2110 1400 3660 1472; baseline 0.002 -18"><span class='ocrx_word' id='word_1_194' title='bbox 2110 1400 2349 1471; x_wconf 76' lang='lat' dir='ltr'><strong>quidem,</strong></span> <span class='ocrx_word' id='word_1_195' title='bbox 2394 1400 2487 1454; x_wconf 80' lang='lat' dir='ltr'><strong>sed</strong></span> <span class='ocrx_word' id='word_1_196' title='bbox 2531 1411 2760 1456; x_wconf 91' lang='lat' dir='ltr'><strong>cornuto</strong></span> <span class='ocrx_word' id='word_1_197' title='bbox 2810 1401 3020 1471; x_wconf 86' lang='lat' dir='ltr'><strong>capite,</strong></span> <span class='ocrx_word' id='word_1_198' title='bbox 3080 1400 3305 1470; x_wconf 86' lang='lat' dir='ltr'><strong>pedibus</strong></span> <span class='ocrx_word' id='word_1_199' title='bbox 3336 1401 3580 1472; x_wconf 82' lang='lat' dir='ltr'><strong>caprinis,</strong></span> <span class='ocrx_word' id='word_1_200' title='bbox 3616 1417 3660 1457; x_wconf 83' lang='lat' dir='ltr'><strong>ac</strong></span> 
     </span>
    </p>
   </div>
   <div class='ocr_carea' id='block_1_29' title="bbox 2109 1492 3661 1560">
    <p class='ocr_par' dir='ltr' id='par_1_29' title="bbox 2109 1492 3661 1560">
     <span class='ocr_line' id='line_1_29' title="bbox 2109 1492 3661 1560; baseline 0.002 -13"><span class='ocrx_word' id='word_1_201' title='bbox 2109 1494 2303 1548; x_wconf 87' lang='lat' dir='ltr'><strong>villoso</strong></span> <span class='ocrx_word' id='word_1_202' title='bbox 2357 1509 2606 1560; x_wconf 82' lang='lat' dir='ltr'><strong>corpore.</strong></span> <span class='ocrx_word' id='word_1_203' title='bbox 2655 1494 2764 1548; x_wconf 85' lang='lat' dir='ltr'><strong>Hos</strong></span> <span class='ocrx_word' id='word_1_204' title='bbox 2796 1504 2975 1549; x_wconf 91' lang='lat' dir='ltr'><strong>autem</strong></span> <span class='ocrx_word' id='word_1_205' title='bbox 3025 1492 3291 1549; x_wconf 80' lang='lat' dir='ltr'><strong>Lucianus</strong></span> <span class='ocrx_word' id='word_1_206' title='bbox 3321 1494 3476 1549; x_wconf 90' lang='lat' dir='ltr'><strong>sicuti</strong></span> <span class='ocrx_word' id='word_1_207' title='bbox 3503 1494 3661 1551; x_wconf 81' lang='lat' dir='ltr'><strong>Panem</strong></span> 
     </span>
    </p>
   </div>
   <div class='ocr_carea' id='block_1_30' title="bbox 2107 1587 3661 1658">
    <p class='ocr_par' dir='ltr' id='par_1_30' title="bbox 2107 1587 3661 1658">
     <span class='ocr_line' id='line_1_30' title="bbox 2107 1587 3661 1658; baseline 0.001 -16"><span class='ocrx_word' id='word_1_208' title='bbox 2107 1596 2163 1642; x_wconf 89' lang='lat' dir='ltr'><strong>et</strong></span> <span class='ocrx_word' id='word_1_209' title='bbox 2192 1587 2433 1642; x_wconf 88' lang='lat' dir='ltr'><strong>Silenum</strong></span> <span class='ocrx_word' id='word_1_210' title='bbox 2477 1588 2604 1641; x_wconf 86' lang='lat' dir='ltr'><strong>dicit</strong></span> <span class='ocrx_word' id='word_1_211' title='bbox 2637 1587 2806 1643; x_wconf 83' lang='lat' dir='ltr'><strong>forma</strong></span> <span class='ocrx_word' id='word_1_212' title='bbox 2840 1595 3142 1643; x_wconf 88' lang='lat' dir='ltr'><strong>monstrosa</strong></span> <span class='ocrx_word' id='word_1_213' title='bbox 3178 1602 3300 1642; x_wconf 76' lang='lat' dir='ltr'><strong>e3se</strong></span> <span class='ocrx_word' id='word_1_214' title='bbox 3353 1588 3661 1658; x_wconf 80' lang='lat' dir='ltr'><strong>spectabiles:</strong></span> 
     </span>
    </p>
   </div>
   <div class='ocr_carea' id='block_1_31' title="bbox 2107 1667 3664 1753">
    <p class='ocr_par' dir='ltr' id='par_1_31' title="bbox 2107 1667 3664 1753">
     <span class='ocr_line' id='line_1_31' title="bbox 2107 1667 3664 1753; baseline 0 -18"><span class='ocrx_word' id='word_1_215' title='bbox 2107 1667 2173 1735; x_wconf 63' lang='grc' dir='ltr'><strong>ὧν</strong></span> <span class='ocrx_word' id='word_1_216' title='bbox 2194 1686 2219 1734; x_wconf 82' lang='grc' dir='ltr'><em>ὁ</em></span> <span class='ocrx_word' id='word_1_217' title='bbox 2238 1690 2324 1749; x_wconf 65' lang='grc' dir='ltr'><strong>μιν</strong></span> <span class='ocrx_word' id='word_1_218' title='bbox 2349 1689 2524 1749; x_wconf 76' lang='grc' dir='ltr'><strong>κέρατα</strong></span> <span class='ocrx_word' id='word_1_219' title='bbox 2545 1688 2680 1749; x_wconf 76' lang='grc' dir='ltr'><strong>ἔχων.</strong></span> <span class='ocrx_word' id='word_1_220' title='bbox 2703 1692 2788 1735; x_wconf 71' lang='grc' dir='ltr'><strong>καὶ</strong></span> <span class='ocrx_word' id='word_1_221' title='bbox 2819 1686 2924 1736; x_wconf 63' lang='grc' dir='ltr'><strong>ὅταν</strong></span> <span class='ocrx_word' id='word_1_222' title='bbox 2948 1687 3001 1747; x_wconf 74' lang='grc' dir='ltr'>ιε</span> <span class='ocrx_word' id='word_1_223' title='bbox 3029 1690 3273 1749; x_wconf 74' lang='grc' dir='ltr'><strong>ἡμισείας,</strong></span> <span class='ocrx_word' id='word_1_224' title='bbox 3306 1688 3352 1742; x_wconf 70' lang='grc' dir='ltr'>ις</span> <span class='ocrx_word' id='word_1_225' title='bbox 3373 1690 3430 1735; x_wconf 81' lang='grc' dir='ltr'><strong><em>τὸ</em></strong></span> <span class='ocrx_word' id='word_1_226' title='bbox 3454 1687 3573 1736; x_wconf 74' lang='grc' dir='ltr'><strong>κάτω</strong></span> <span class='ocrx_word' id='word_1_227' title='bbox 3589 1687 3664 1753; x_wconf 59' lang='grc' dir='ltr'><strong>αἰγὶ</strong></span> 
     </span>
    </p>
   </div>
   <div class='ocr_carea' id='block_1_32' title="bbox 2109 1777 3669 1846">
    <p class='ocr_par' dir='ltr' id='par_1_32' title="bbox 2109 1777 3669 1846">
     <span class='ocr_line' id='line_1_32' title="bbox 2109 1777 3669 1846; baseline 0 -18"><span class='ocrx_word' id='word_1_228' title='bbox 2109 1781 2289 1835; x_wconf 55' lang='lat' dir='ltr'><strong>icturi»,</strong></span> <span class='ocrx_word' id='word_1_229' title='bbox 2325 1777 2410 1827; x_wconf 81' lang='grc' dir='ltr'><strong>παὶ</strong></span> <span class='ocrx_word' id='word_1_230' title='bbox 2440 1781 2614 1841; x_wconf 68' lang='grc' dir='ltr'><strong>γένειον</strong></span> <span class='ocrx_word' id='word_1_231' title='bbox 2643 1783 2771 1846; x_wconf 62' lang='grc' dir='ltr'><strong>βαθὺ</strong></span> <span class='ocrx_word' id='word_1_232' title='bbox 2801 1780 3195 1844; x_wconf 71' lang='grc' dir='ltr'><strong>καιοιιμξνος.....</strong></span> <span class='ocrx_word' id='word_1_233' title='bbox 3216 1782 3262 1828; x_wconf 77' lang='grc' dir='ltr'><strong><em>οε</em></strong></span> <span class='ocrx_word' id='word_1_234' title='bbox 3290 1777 3339 1827; x_wconf 73' lang='grc' dir='ltr'><strong>δὲ</strong></span> <span class='ocrx_word' id='word_1_235' title='bbox 3367 1780 3553 1845; x_wconf 63' lang='grc' dir='ltr'><strong>σάτυροι</strong></span> <span class='ocrx_word' id='word_1_236' title='bbox 3575 1780 3669 1841; x_wconf 72' lang='grc' dir='ltr'><strong>ὀξεῖς</strong></span> 
     </span>
    </p>
   </div>
   <div class='ocr_carea' id='block_1_33' title="bbox 3793 1533 3796 1669">
    <p class='ocr_par' dir='ltr' id='par_1_33' title="bbox 3793 1533 3796 1669">
     <span class='ocr_line' id='line_1_33' title="bbox 3793 1533 3796 1669; baseline 0 -9"><span class='ocrx_word' id='word_1_237' title='bbox 3793 1533 3796 1651; x_wconf 71' lang='lat' dir='ltr'><strong>l</strong></span> 
     </span>
    </p>
   </div>
   <div class='ocr_carea' id='block_1_34' title="bbox 473 1864 2022 1962">
    <p class='ocr_par' dir='ltr' id='par_1_34' title="bbox 473 1885 1999 1962">
     <span class='ocr_line' id='line_1_34' title="bbox 473 1885 1999 1962; baseline 0.004 -22"><span class='ocrx_word' id='word_1_238' title='bbox 473 1885 656 1957; x_wconf 84' lang='lat' dir='ltr'><strong>Neque</strong></span> <span class='ocrx_word' id='word_1_239' title='bbox 683 1901 846 1957; x_wconf 88' lang='lat' dir='ltr'><strong>porro</strong></span> <span class='ocrx_word' id='word_1_240' title='bbox 892 1904 1217 1961; x_wconf 89' lang='lat' dir='ltr'><strong>quemquam</strong></span> <span class='ocrx_word' id='word_1_241' title='bbox 1238 1899 1482 1953; x_wconf 85' lang='lat' dir='ltr'><strong>moveat,</strong></span> <span class='ocrx_word' id='word_1_242' title='bbox 1560 1890 1703 1960; x_wconf 92' lang='lat' dir='ltr'><strong>quod</strong></span> <span class='ocrx_word' id='word_1_243' title='bbox 1771 1901 1999 1962; x_wconf 88' lang='lat' dir='ltr'><strong>uterque</strong></span> 
     </span>
    </p>
   </div>
   <div class='ocr_carea' id='block_1_35' title="bbox 2117 1864 3785 1962">
    <p class='ocr_par' dir='ltr' id='par_1_35' title="bbox 2117 1864 3785 1943">
     <span class='ocr_line' id='line_1_35' title="bbox 2117 1864 3785 1943; baseline -0.001 -21"><span class='ocrx_word' id='word_1_244' title='bbox 2117 1877 2159 1922; x_wconf 79' lang='lat' dir='ltr'><strong>rd</strong></span> <span class='ocrx_word' id='word_1_245' title='bbox 2198 1869 2319 1930; x_wconf 79' lang='grc' dir='ltr'><strong>ὦτα.</strong></span> <span class='ocrx_word' id='word_1_246' title='bbox 2350 1879 2433 1924; x_wconf 77' lang='grc' dir='ltr'><strong>καὶ</strong></span> <span class='ocrx_word' id='word_1_247' title='bbox 2461 1874 2598 1926; x_wconf 69' lang='grc' dir='ltr'><strong>αὕτδί</strong></span> <span class='ocrx_word' id='word_1_248' title='bbox 2621 1874 2880 1943; x_wconf 57' lang='grc' dir='ltr'><strong>φαλακροὶ,</strong></span> <span class='ocrx_word' id='word_1_249' title='bbox 2927 1876 3180 1941; x_wconf 69' lang='grc' dir='ltr'><strong>κεράσται,</strong></span> <span class='ocrx_word' id='word_1_250' title='bbox 3215 1867 3296 1923; x_wconf 75' lang='grc' dir='ltr'><strong>οἶα</strong></span> <span class='ocrx_word' id='word_1_251' title='bbox 3315 1882 3415 1928; x_wconf 79' lang='grc' dir='ltr'><strong>τοῖς</strong></span> <span class='ocrx_word' id='word_1_252' title='bbox 3456 1874 3558 1940; x_wconf 67' lang='grc' dir='ltr'><strong>ἄρτι</strong></span> <span class='ocrx_word' id='word_1_253' title='bbox 3585 1892 3670 1938; x_wconf 55' lang='grc' dir='ltr'><strong>γεν-</strong></span> 
     </span>
    </p>
   </div>
   <div class='ocr_carea' id='block_1_36' title="bbox 402 1979 1994 2055">
    <p class='ocr_par' dir='ltr' id='par_1_36' title="bbox 402 1979 1994 2055">
     <span class='ocr_line' id='line_1_36' title="bbox 402 1979 1994 2055; baseline 0 -19"><span class='ocrx_word' id='word_1_254' title='bbox 402 1979 714 2037; x_wconf 89' lang='lat' dir='ltr'><strong>Lactantius</strong></span> <span class='ocrx_word' id='word_1_255' title='bbox 740 1991 795 2037; x_wconf 83' lang='lat' dir='ltr'><strong>et</strong></span> <span class='ocrx_word' id='word_1_256' title='bbox 861 1983 1220 2055; x_wconf 82' lang='lat' dir='ltr'><strong>Hieronymus</strong></span> <span class='ocrx_word' id='word_1_257' title='bbox 1263 1983 1487 2043; x_wconf 83' lang='lat' dir='ltr'><strong>dixerit.</strong></span> <span class='ocrx_word' id='word_1_258' title='bbox 1527 2002 1547 2034; x_wconf 81' lang='grc' dir='ltr'><strong>ι</strong></span> <span class='ocrx_word' id='word_1_259' title='bbox 1578 1994 1739 2053; x_wconf 89' lang='lat' dir='ltr'><strong>caput</strong></span> <span class='ocrx_word' id='word_1_260' title='bbox 1764 1985 1937 2051; x_wconf 91' lang='lat' dir='ltr'><strong>vituli,</strong></span> <span class='ocrx_word' id='word_1_261' title='bbox 1978 2005 1994 2036; x_wconf 78' lang='grc' dir='ltr'><strong>ι</strong></span> 
     </span>
    </p>
   </div>
   <div class='ocr_carea' id='block_1_37' title="bbox 407 2077 2002 2149">
    <p class='ocr_par' dir='ltr' id='par_1_37' title="bbox 407 2077 2002 2149">
     <span class='ocr_line' id='line_1_37' title="bbox 407 2077 2002 2149; baseline 0.003 -19"><span class='ocrx_word' id='word_1_262' title='bbox 407 2077 862 2147; x_wconf 81' lang='lat' dir='ltr'><strong>quemadmodum</strong></span> <span class='ocrx_word' id='word_1_263' title='bbox 904 2078 1167 2134; x_wconf 81' lang='lat' dir='ltr'><strong>Minucius</strong></span> <span class='ocrx_word' id='word_1_264' title='bbox 1217 2088 1402 2134; x_wconf 83' lang='lat' dir='ltr'><strong>uoster</strong></span> <span class='ocrx_word' id='word_1_265' title='bbox 1447 2079 1618 2149; x_wconf 85' lang='lat' dir='ltr'><strong>capita</strong></span> <span class='ocrx_word' id='word_1_266' title='bbox 1687 2079 1868 2134; x_wconf 90' lang='lat' dir='ltr'><strong>boum.</strong></span> <span class='ocrx_word' id='word_1_267' title='bbox 1921 2079 2002 2134; x_wconf 87' lang='lat' dir='ltr'><strong>Eo</strong></span> 
     </span>
    </p>
   </div>
   <div class='ocr_carea' id='block_1_38' title="bbox 404 2170 2001 2242">
    <p class='ocr_par' dir='ltr' id='par_1_38' title="bbox 404 2170 2001 2242">
     <span class='ocr_line' id='line_1_38' title="bbox 404 2170 2001 2242; baseline 0.001 -17"><span class='ocrx_word' id='word_1_268' title='bbox 404 2170 670 2240; x_wconf 82' lang='lat' dir='ltr'><strong>siquidem</strong></span> <span class='ocrx_word' id='word_1_269' title='bbox 723 2170 975 2241; x_wconf 77' lang='lat' dir='ltr'><strong>loquendi</strong></span> <span class='ocrx_word' id='word_1_270' title='bbox 1032 2170 1193 2226; x_wconf 89' lang='lat' dir='ltr'><strong>modo</strong></span> <span class='ocrx_word' id='word_1_271' title='bbox 1242 2172 1374 2226; x_wconf 82' lang='lat' dir='ltr'><strong>nihil</strong></span> <span class='ocrx_word' id='word_1_272' title='bbox 1418 2172 1595 2232; x_wconf 90' lang='lat' dir='ltr'><strong>aliud.</strong></span> <span class='ocrx_word' id='word_1_273' title='bbox 1647 2188 1807 2242; x_wconf 89' lang='lat' dir='ltr'><strong>quam</strong></span> <span class='ocrx_word' id='word_1_274' title='bbox 1861 2173 2001 2227; x_wconf 91' lang='lat' dir='ltr'><strong>vitu-</strong></span> 
     </span>
    </p>
   </div>
   <div class='ocr_carea' id='block_1_39' title="bbox 405 2262 2004 2334">
    <p class='ocr_par' dir='ltr' id='par_1_39' title="bbox 405 2262 2004 2334">
     <span class='ocr_line' id='line_1_39' title="bbox 405 2262 2004 2334; baseline 0.001 -17"><span class='ocrx_word' id='word_1_275' title='bbox 405 2262 515 2317; x_wconf 91' lang='lat' dir='ltr'><strong>lum</strong></span> <span class='ocrx_word' id='word_1_276' title='bbox 558 2271 650 2317; x_wconf 90' lang='lat' dir='ltr'><strong>aut</strong></span> <span class='ocrx_word' id='word_1_277' title='bbox 704 2263 868 2318; x_wconf 89' lang='lat' dir='ltr'><strong>boves</strong></span> <span class='ocrx_word' id='word_1_278' title='bbox 911 2264 1056 2331; x_wconf 82' lang='lat' dir='ltr'><strong>ipsus</strong></span> <span class='ocrx_word' id='word_1_279' title='bbox 1083 2264 1319 2334; x_wconf 89' lang='lat' dir='ltr'><strong>integros</strong></span> <span class='ocrx_word' id='word_1_280' title='bbox 1385 2263 1706 2334; x_wconf 78' lang='lat' dir='ltr'><strong>significant.</strong></span> <span class='ocrx_word' id='word_1_281' title='bbox 1769 2264 2004 2320; x_wconf 88' lang='lat' dir='ltr'><strong>Bochar-</strong></span> 
     </span>
    </p>
   </div>
   <div class='ocr_carea' id='block_1_40' title="bbox 404 2355 2001 2425">
    <p class='ocr_par' dir='ltr' id='par_1_40' title="bbox 404 2355 2001 2425">
     <span class='ocr_line' id='line_1_40' title="bbox 404 2355 2001 2425; baseline -0.001 -13"><span class='ocrx_word' id='word_1_282' title='bbox 404 2364 517 2412; x_wconf 88' lang='lat' dir='ltr'><strong>tttm</strong></span> <span class='ocrx_word' id='word_1_283' title='bbox 544 2370 605 2411; x_wconf 91' lang='lat' dir='ltr'><strong>ea</strong></span> <span class='ocrx_word' id='word_1_284' title='bbox 649 2355 719 2412; x_wconf 91' lang='lat' dir='ltr'><strong>de</strong></span> <span class='ocrx_word' id='word_1_285' title='bbox 749 2371 838 2420; x_wconf 86' lang='lat' dir='ltr'><strong>re,</strong></span> <span class='ocrx_word' id='word_1_286' title='bbox 868 2356 912 2410; x_wconf 91' lang='lat' dir='ltr'><strong>si</strong></span> <span class='ocrx_word' id='word_1_287' title='bbox 939 2356 1087 2410; x_wconf 83' lang='lat' dir='ltr'><strong>lubet</strong></span> <span class='ocrx_word' id='word_1_288' title='bbox 1110 2398 1123 2415; x_wconf 92' lang='lat'><strong>.</strong></span> <span class='ocrx_word' id='word_1_289' title='bbox 1156 2358 1441 2412; x_wconf 81' lang='lat' dir='ltr'><strong>consulere</strong></span> <span class='ocrx_word' id='word_1_290' title='bbox 1491 2358 1691 2425; x_wconf 88' lang='lat' dir='ltr'><strong>poteris</strong></span> <span class='ocrx_word' id='word_1_291' title='bbox 1735 2356 2001 2421; x_wconf 79' lang='lat' dir='ltr'><strong>(Bac/um.</strong></span> 
     </span>
    </p>
   </div>
   <div class='ocr_carea' id='block_1_41' title="bbox 405 2447 1999 2521">
    <p class='ocr_par' dir='ltr' id='par_1_41' title="bbox 405 2447 1999 2521">
     <span class='ocr_line' id='line_1_41' title="bbox 405 2447 1999 2521; baseline 0 -18"><span class='ocrx_word' id='word_1_292' title='bbox 405 2447 494 2503; x_wconf 92' lang='lat' dir='ltr'><strong>lib.</strong></span> <span class='ocrx_word' id='word_1_293' title='bbox 515 2464 571 2503; x_wconf 88' lang='grc' dir='ltr'>ιι.</span> <span class='ocrx_word' id='word_1_294' title='bbox 624 2448 687 2502; x_wconf 85' lang='lat' dir='ltr'><strong>de</strong></span> <span class='ocrx_word' id='word_1_295' title='bbox 713 2448 940 2503; x_wconf 77' lang='lat' dir='ltr'><strong>Animal.</strong></span> <span class='ocrx_word' id='word_1_296' title='bbox 962 2465 1097 2503; x_wconf 85' lang='lat' dir='ltr'><strong>sacr.</strong></span> <span class='ocrx_word' id='word_1_297' title='bbox 1141 2448 1335 2519; x_wconf 86' lang='lat' dir='ltr'><strong>Script.</strong></span> <span class='ocrx_word' id='word_1_298' title='bbox 1386 2464 1503 2519; x_wconf 86' lang='lat' dir='ltr'><strong>cap.</strong></span> <span class='ocrx_word' id='word_1_299' title='bbox 1552 2450 1641 2517; x_wconf 72' lang='grc'><strong>54,</strong></span> <span class='ocrx_word' id='word_1_300' title='bbox 1684 2464 1803 2520; x_wconf 87' lang='lat' dir='ltr'><strong>pag.</strong></span> <span class='ocrx_word' id='word_1_301' title='bbox 1851 2450 1999 2521; x_wconf 72' lang='grc'><strong>546).</strong></span> 
     </span>
    </p>
   </div>
   <div class='ocr_carea' id='block_1_42' title="bbox 482 2538 2006 2611">
    <p class='ocr_par' dir='ltr' id='par_1_42' title="bbox 482 2538 2006 2611">
     <span class='ocr_line' id='line_1_42' title="bbox 482 2538 2006 2611; baseline 0.002 -17"><span class='ocrx_word' id='word_1_302' title='bbox 482 2538 687 2594; x_wconf 85' lang='lat' dir='ltr'><strong>Eodem</strong></span> <span class='ocrx_word' id='word_1_303' title='bbox 738 2540 898 2611; x_wconf 87' lang='lat' dir='ltr'><strong>plane</strong></span> <span class='ocrx_word' id='word_1_304' title='bbox 936 2556 1099 2597; x_wconf 90' lang='lat' dir='ltr'><strong>sensu</strong></span> <span class='ocrx_word' id='word_1_305' title='bbox 1168 2550 1360 2596; x_wconf 89' lang='lat' dir='ltr'><strong>auctor</strong></span> <span class='ocrx_word' id='word_1_306' title='bbox 1428 2553 1611 2597; x_wconf 88' lang='lat' dir='ltr'><strong>noster</strong></span> <span class='ocrx_word' id='word_1_307' title='bbox 1660 2541 1890 2611; x_wconf 78' lang='lat' dir='ltr'><strong>adjecit:</strong></span> <span class='ocrx_word' id='word_1_308' title='bbox 1950 2552 2006 2597; x_wconf 89' lang='lat' dir='ltr'><strong>et</strong></span> 
     </span>
    </p>
   </div>
   <div class='ocr_carea' id='block_1_43' title="bbox 414 2632 2002 2702">
    <p class='ocr_par' dir='ltr' id='par_1_43' title="bbox 414 2632 2002 2702">
     <span class='ocr_line' id='line_1_43' title="bbox 414 2632 2002 2702; baseline 0.003 -18"><span class='ocrx_word' id='word_1_309' title='bbox 414 2648 435 2684; x_wconf 84' lang='grc' dir='ltr'><strong>ι</strong></span> <span class='ocrx_word' id='word_1_310' title='bbox 482 2632 654 2702; x_wconf 89' lang='lat' dir='ltr'><strong>capita</strong></span> <span class='ocrx_word' id='word_1_311' title='bbox 703 2634 1010 2688; x_wconf 84' lang='lat' dir='ltr'><strong>vervecum.</strong></span> <span class='ocrx_word' id='word_1_312' title='bbox 1061 2652 1079 2684; x_wconf 78' lang='grc' dir='ltr'><strong>ι</strong></span> <span class='ocrx_word' id='word_1_313' title='bbox 1137 2633 1205 2689; x_wconf 80' lang='lat' dir='ltr'><strong>At</strong></span> <span class='ocrx_word' id='word_1_314' title='bbox 1259 2649 1420 2689; x_wconf 92' lang='lat' dir='ltr'><strong>nemo</strong></span> <span class='ocrx_word' id='word_1_315' title='bbox 1480 2642 1564 2689; x_wconf 89' lang='lat' dir='ltr'><strong>est</strong></span> <span class='ocrx_word' id='word_1_316' title='bbox 1613 2632 2002 2702; x_wconf 86' lang='lat' dir='ltr'><strong>proculdubio,</strong></span> 
     </span>
    </p>
   </div>
   <div class='ocr_carea' id='block_1_44' title="bbox 408 2724 2002 2795">
    <p class='ocr_par' dir='ltr' id='par_1_44' title="bbox 408 2724 2002 2795">
     <span class='ocr_line' id='line_1_44' title="bbox 408 2724 2002 2795; baseline 0.001 -15"><span class='ocrx_word' id='word_1_317' title='bbox 408 2724 499 2795; x_wconf 89' lang='lat' dir='ltr'><strong>qui</strong></span> <span class='ocrx_word' id='word_1_318' title='bbox 544 2725 749 2780; x_wconf 82' lang='lat' dir='ltr'><strong>nesciat</strong></span> <span class='ocrx_word' id='word_1_319' title='bbox 799 2741 1086 2782; x_wconf 86' lang='lat' dir='ltr'><strong>vervecem</strong></span> <span class='ocrx_word' id='word_1_320' title='bbox 1135 2742 1256 2783; x_wconf 90' lang='lat' dir='ltr'><strong>esse</strong></span> <span class='ocrx_word' id='word_1_321' title='bbox 1312 2727 1611 2782; x_wconf 82' lang='lat' dir='ltr'><strong>masculum</strong></span> <span class='ocrx_word' id='word_1_322' title='bbox 1657 2743 1813 2782; x_wconf 87' lang='lat' dir='ltr'><strong>ovem</strong></span> <span class='ocrx_word' id='word_1_323' title='bbox 1880 2742 2002 2781; x_wconf 84' lang='lat' dir='ltr'><strong>cas-</strong></span> 
     </span>
    </p>
   </div>
   <div class='ocr_carea' id='block_1_45' title="bbox 411 2819 2007 2877">
    <p class='ocr_par' dir='ltr' id='par_1_45' title="bbox 411 2819 2007 2877">
     <span class='ocr_line' id='line_1_45' title="bbox 411 2819 2007 2877; baseline 0.001 -2"><span class='ocrx_word' id='word_1_324' title='bbox 411 2828 630 2875; x_wconf 84' lang='lat' dir='ltr'><strong>tratum.</strong></span> <span class='ocrx_word' id='word_1_325' title='bbox 673 2819 781 2877; x_wconf 77' lang='lat' dir='ltr'><strong>Nos</strong></span> <span class='ocrx_word' id='word_1_326' title='bbox 826 2832 1003 2875; x_wconf 84' lang='lat' dir='ltr'><strong>autem</strong></span> <span class='ocrx_word' id='word_1_327' title='bbox 1059 2821 1185 2876; x_wconf 88' lang='lat' dir='ltr'><strong>alibi</strong></span> <span class='ocrx_word' id='word_1_328' title='bbox 1238 2821 1615 2876; x_wconf 85' lang='lat' dir='ltr'><strong>annotavimus</strong></span> <span class='ocrx_word' id='word_1_329' title='bbox 1660 2820 1872 2877; x_wconf 86' lang='lat' dir='ltr'><strong>Samios</strong></span> <span class='ocrx_word' id='word_1_330' title='bbox 1918 2836 2007 2877; x_wconf 87' lang='lat' dir='ltr'><strong>re-</strong></span> 
     </span>
    </p>
   </div>
   <div class='ocr_carea' id='block_1_46' title="bbox 410 2913 2005 2985">
    <p class='ocr_par' dir='ltr' id='par_1_46' title="bbox 410 2913 2005 2985">
     <span class='ocr_line' id='line_1_46' title="bbox 410 2913 2005 2985; baseline 0.001 -19"><span class='ocrx_word' id='word_1_331' title='bbox 410 2926 539 2968; x_wconf 85' lang='lat' dir='ltr'><strong>vera</strong></span> <span class='ocrx_word' id='word_1_332' title='bbox 596 2915 797 2969; x_wconf 85' lang='lat' dir='ltr'><strong>cultum</strong></span> <span class='ocrx_word' id='word_1_333' title='bbox 826 2913 1139 2971; x_wconf 81' lang='lat' dir='ltr'><strong>exhibuisse</strong></span> <span class='ocrx_word' id='word_1_334' title='bbox 1167 2915 1284 2978; x_wconf 86' lang='lat' dir='ltr'><strong>nvi,</strong></span> <span class='ocrx_word' id='word_1_335' title='bbox 1344 2925 1400 2971; x_wconf 93' lang='lat' dir='ltr'><strong>et</strong></span> <span class='ocrx_word' id='word_1_336' title='bbox 1453 2931 1614 2985; x_wconf 90' lang='lat' dir='ltr'><strong>quam</strong></span> <span class='ocrx_word' id='word_1_337' title='bbox 1665 2916 1736 2968; x_wconf 92' lang='lat' dir='ltr'><strong>ob</strong></span> <span class='ocrx_word' id='word_1_338' title='bbox 1788 2930 2005 2968; x_wconf 90' lang='lat' dir='ltr'><strong>causam</strong></span> 
     </span>
    </p>
   </div>
   <div class='ocr_carea' id='block_1_47' title="bbox 416 3004 2003 3076">
    <p class='ocr_par' dir='ltr' id='par_1_47' title="bbox 416 3004 2003 3076">
     <span class='ocr_line' id='line_1_47' title="bbox 416 3004 2003 3076; baseline 0.003 -17"><span class='ocrx_word' id='word_1_339' title='bbox 416 3004 588 3076; x_wconf 84' lang='lat' dir='ltr'><strong>(Tom.</strong></span> <span class='ocrx_word' id='word_1_340' title='bbox 616 3021 653 3061; x_wconf 91' lang='grc' dir='ltr'>ι.</span> <span class='ocrx_word' id='word_1_341' title='bbox 687 3006 940 3075; x_wconf 76' lang='lat' dir='ltr'><strong>Apparet.</strong></span> <span class='ocrx_word' id='word_1_342' title='bbox 971 3007 1056 3063; x_wconf 87' lang='lat' dir='ltr'><strong>lib.</strong></span> <span class='ocrx_word' id='word_1_343' title='bbox 1092 3024 1170 3063; x_wconf 90' lang='grc' dir='ltr'>ιιι.</span> <span class='ocrx_word' id='word_1_344' title='bbox 1225 3009 1431 3061; x_wconf 82' lang='lat' dir='ltr'><strong>dissert.</strong></span> <span class='ocrx_word' id='word_1_345' title='bbox 1474 3009 1527 3071; x_wconf 75' lang='lat' dir='ltr'><strong>l,</strong></span> <span class='ocrx_word' id='word_1_346' title='bbox 1556 3022 1676 3072; x_wconf 89' lang='lat' dir='ltr'><strong>cap.</strong></span> <span class='ocrx_word' id='word_1_347' title='bbox 1722 3008 1779 3071; x_wconf 90' lang='lat'><strong>9,</strong></span> <span class='ocrx_word' id='word_1_348' title='bbox 1821 3017 1923 3061; x_wconf 91' lang='lat' dir='ltr'><strong>art.</strong></span> <span class='ocrx_word' id='word_1_349' title='bbox 1949 3009 2003 3071; x_wconf 76' lang='lat'><strong>&#39;5,</strong></span> 
     </span>
    </p>
   </div>
   <div class='ocr_carea' id='block_1_48' title="bbox 413 3098 2008 3171">
    <p class='ocr_par' dir='ltr' id='par_1_48' title="bbox 413 3098 2008 3171">
     <span class='ocr_line' id='line_1_48' title="bbox 413 3098 2008 3171; baseline 0.003 -20"><span class='ocrx_word' id='word_1_350' title='bbox 413 3107 534 3168; x_wconf 80' lang='lat' dir='ltr'><strong>pag.</strong></span> <span class='ocrx_word' id='word_1_351' title='bbox 585 3098 735 3170; x_wconf 90' lang='lat'><strong>768).</strong></span> <span class='ocrx_word' id='word_1_352' title='bbox 793 3099 898 3156; x_wconf 90' lang='lat' dir='ltr'><strong>Sed</strong></span> <span class='ocrx_word' id='word_1_353' title='bbox 945 3101 997 3155; x_wconf 90' lang='lat' dir='ltr'><strong>id</strong></span> <span class='ocrx_word' id='word_1_354' title='bbox 1035 3116 1139 3155; x_wconf 93' lang='lat' dir='ltr'><strong>non</strong></span> <span class='ocrx_word' id='word_1_355' title='bbox 1193 3101 1469 3170; x_wconf 92' lang='lat' dir='ltr'><strong>prohibuit</strong></span> <span class='ocrx_word' id='word_1_356' title='bbox 1515 3101 1803 3171; x_wconf 89' lang='lat' dir='ltr'><strong>quominus</strong></span> <span class='ocrx_word' id='word_1_357' title='bbox 1854 3101 2008 3157; x_wconf 91' lang='lat' dir='ltr'><strong>Lari-</strong></span> 
     </span>
    </p>
   </div>
   <div class='ocr_carea' id='block_1_49' title="bbox 412 3192 2008 3260">
    <p class='ocr_par' dir='ltr' id='par_1_49' title="bbox 412 3192 2008 3260">
     <span class='ocr_line' id='line_1_49' title="bbox 412 3192 2008 3260; baseline 0.001 -11"><span class='ocrx_word' id='word_1_358' title='bbox 412 3192 513 3249; x_wconf 89' lang='lat' dir='ltr'><strong>bus</strong></span> <span class='ocrx_word' id='word_1_359' title='bbox 562 3193 630 3248; x_wconf 91' lang='lat' dir='ltr'><strong>ab</strong></span> <span class='ocrx_word' id='word_1_360' title='bbox 670 3195 808 3260; x_wconf 91' lang='lat' dir='ltr'><strong>aliis,</strong></span> <span class='ocrx_word' id='word_1_361' title='bbox 845 3204 984 3250; x_wconf 85' lang='lat' dir='ltr'><strong>teste</strong></span> <span class='ocrx_word' id='word_1_362' title='bbox 1028 3194 1310 3259; x_wconf 89' lang='lat' dir='ltr'><strong>Cicerone,</strong></span> <span class='ocrx_word' id='word_1_363' title='bbox 1362 3194 1757 3249; x_wconf 80' lang='lat' dir='ltr'><strong>sacriﬁcaretur</strong></span> <span class='ocrx_word' id='word_1_364' title='bbox 1796 3213 1807 3248; x_wconf 95' lang='lat'><strong>:</strong></span> <span class='ocrx_word' id='word_1_365' title='bbox 1847 3214 1866 3247; x_wconf 85' lang='grc'>‹</span> <span class='ocrx_word' id='word_1_366' title='bbox 1905 3195 2008 3250; x_wconf 84' lang='lat' dir='ltr'><strong>Ne-</strong></span> 
     </span>
    </p>
   </div>
   <div class='ocr_carea' id='block_1_50' title="bbox 411 3288 2007 3361">
    <p class='ocr_par' dir='ltr' id='par_1_50' title="bbox 411 3288 2007 3361">
     <span class='ocr_line' id='line_1_50' title="bbox 411 3288 2007 3361; baseline 0.003 -17"><span class='ocrx_word' id='word_1_367' title='bbox 411 3304 517 3361; x_wconf 90' lang='lat' dir='ltr'><strong>que</strong></span> <span class='ocrx_word' id='word_1_368' title='bbox 547 3303 768 3345; x_wconf 90' lang='lat' dir='ltr'><strong>necesse</strong></span> <span class='ocrx_word' id='word_1_369' title='bbox 805 3299 942 3353; x_wconf 78' lang='lat' dir='ltr'><strong>est,s</strong></span> <span class='ocrx_word' id='word_1_370' title='bbox 970 3288 1139 3359; x_wconf 89' lang='lat' dir='ltr'><strong>inquit</strong></span> <span class='ocrx_word' id='word_1_371' title='bbox 1182 3288 1288 3350; x_wconf 89' lang='lat' dir='ltr'><strong>ille,</strong></span> <span class='ocrx_word' id='word_1_372' title='bbox 1319 3307 1338 3339; x_wconf 78' lang='grc' dir='ltr'><strong>ι</strong></span> <span class='ocrx_word' id='word_1_373' title='bbox 1366 3289 1589 3344; x_wconf 76' lang='lat' dir='ltr'><strong>edisseri</strong></span> <span class='ocrx_word' id='word_1_374' title='bbox 1634 3305 1662 3342; x_wconf 91' lang='lat' dir='ltr'><strong>a</strong></span> <span class='ocrx_word' id='word_1_375' title='bbox 1715 3290 1886 3347; x_wconf 87' lang='lat' dir='ltr'><strong>uobis.</strong></span> <span class='ocrx_word' id='word_1_376' title='bbox 1934 3334 1947 3347; x_wconf 90' lang='lat'><strong>.</strong></span> <span class='ocrx_word' id='word_1_377' title='bbox 1994 3335 2007 3347; x_wconf 95' lang='lat'><strong>.</strong></span> 
     </span>
    </p>
   </div>
   <div class='ocr_carea' id='block_1_51' title="bbox 413 3382 2012 3453">
    <p class='ocr_par' dir='ltr' id='par_1_51' title="bbox 413 3382 2012 3453">
     <span class='ocr_line' id='line_1_51' title="bbox 413 3382 2012 3453; baseline 0.001 -17"><span class='ocrx_word' id='word_1_378' title='bbox 413 3382 557 3453; x_wconf 91' lang='lat' dir='ltr'><strong>quod</strong></span> <span class='ocrx_word' id='word_1_379' title='bbox 598 3398 766 3452; x_wconf 86' lang='lat' dir='ltr'><strong>genus</strong></span> <span class='ocrx_word' id='word_1_380' title='bbox 792 3383 1042 3438; x_wconf 90' lang='lat' dir='ltr'><strong>sacrilicii</strong></span> <span class='ocrx_word' id='word_1_381' title='bbox 1083 3382 1203 3436; x_wconf 85' lang='lat' dir='ltr'><strong>Lari</strong></span> <span class='ocrx_word' id='word_1_382' title='bbox 1232 3384 1550 3439; x_wconf 86' lang='lat' dir='ltr'><strong>vervecibus</strong></span> <span class='ocrx_word' id='word_1_383' title='bbox 1582 3384 1672 3437; x_wconf 84' lang='lat' dir='ltr'><strong>ﬁat</strong></span> <span class='ocrx_word' id='word_1_384' title='bbox 1712 3403 1731 3435; x_wconf 87' lang='grc'><strong>›</strong></span> <span class='ocrx_word' id='word_1_385' title='bbox 1761 3382 1889 3453; x_wconf 81' lang='lat' dir='ltr'><strong>(Cic.</strong></span> <span class='ocrx_word' id='word_1_386' title='bbox 1922 3384 2012 3438; x_wconf 90' lang='lat' dir='ltr'><strong>lib.</strong></span> 
     </span>
    </p>
   </div>
   <div class='ocr_carea' id='block_1_52' title="bbox 416 3475 2018 3549">
    <p class='ocr_par' dir='ltr' id='par_1_52' title="bbox 416 3475 2018 3549">
     <span class='ocr_line' id='line_1_52' title="bbox 416 3475 2018 3549; baseline 0.001 -18"><span class='ocrx_word' id='word_1_387' title='bbox 416 3490 475 3533; x_wconf 88' lang='lat' dir='ltr'><strong>tt.</strong></span> <span class='ocrx_word' id='word_1_388' title='bbox 525 3477 590 3532; x_wconf 83' lang='lat' dir='ltr'><strong>de</strong></span> <span class='ocrx_word' id='word_1_389' title='bbox 639 3477 812 3547; x_wconf 86' lang='lat' dir='ltr'><strong>Legib.</strong></span> <span class='ocrx_word' id='word_1_390' title='bbox 858 3491 979 3548; x_wconf 92' lang='lat' dir='ltr'><strong>pag.</strong></span> <span class='ocrx_word' id='word_1_391' title='bbox 1030 3477 1137 3534; x_wconf 67' lang='lat'><strong>340</strong></span> <span class='ocrx_word' id='word_1_392' title='bbox 1157 3475 1197 3549; x_wconf 93' lang='lat'><strong>).</strong></span> <span class='ocrx_word' id='word_1_393' title='bbox 1245 3476 1399 3544; x_wconf 84' lang='lat' dir='ltr'><strong>Quod</strong></span> <span class='ocrx_word' id='word_1_394' title='bbox 1449 3478 1667 3549; x_wconf 87' lang='lat' dir='ltr'><strong>quidem</strong></span> <span class='ocrx_word' id='word_1_395' title='bbox 1723 3478 2018 3533; x_wconf 88' lang='lat' dir='ltr'><strong>Lambinus</strong></span> 
     </span>
    </p>
   </div>
   <div class='ocr_carea' id='block_1_53' title="bbox 416 3569 2017 3627">
    <p class='ocr_par' dir='ltr' id='par_1_53' title="bbox 416 3569 2017 3627">
     <span class='ocr_line' id='line_1_53' title="bbox 416 3569 2017 3627; baseline -0.001 -1"><span class='ocrx_word' id='word_1_396' title='bbox 416 3570 531 3626; x_wconf 88' lang='lat' dir='ltr'><strong>suis</strong></span> <span class='ocrx_word' id='word_1_397' title='bbox 582 3570 635 3624; x_wconf 93' lang='lat' dir='ltr'><strong>in</strong></span> <span class='ocrx_word' id='word_1_398' title='bbox 677 3569 822 3626; x_wconf 87' lang='lat' dir='ltr'><strong>hunc</strong></span> <span class='ocrx_word' id='word_1_399' title='bbox 862 3570 1142 3627; x_wconf 89' lang='lat' dir='ltr'><strong>Ciceronis</strong></span> <span class='ocrx_word' id='word_1_400' title='bbox 1174 3571 1349 3626; x_wconf 87' lang='lat' dir='ltr'><strong>locum</strong></span> <span class='ocrx_word' id='word_1_401' title='bbox 1391 3572 1861 3627; x_wconf 88' lang='lat' dir='ltr'><strong>observationibus</strong></span> <span class='ocrx_word' id='word_1_402' title='bbox 1887 3587 2017 3626; x_wconf 89' lang='lat' dir='ltr'><strong>con-</strong></span> 
     </span>
    </p>
   </div>
   <div class='ocr_carea' id='block_1_54' title="bbox 418 3663 2010 3734">
    <p class='ocr_par' dir='ltr' id='par_1_54' title="bbox 418 3663 2010 3734">
     <span class='ocr_line' id='line_1_54' title="bbox 418 3663 2010 3734; baseline 0.001 -15"><span class='ocrx_word' id='word_1_403' title='bbox 418 3663 599 3719; x_wconf 74' lang='lat' dir='ltr'><strong>firmat</strong></span> <span class='ocrx_word' id='word_1_404' title='bbox 625 3663 728 3720; x_wconf 88' lang='lat' dir='ltr'><strong>hac</strong></span> <span class='ocrx_word' id='word_1_405' title='bbox 767 3663 989 3720; x_wconf 83' lang='lat' dir='ltr'><strong>fratrum</strong></span> <span class='ocrx_word' id='word_1_406' title='bbox 1012 3665 1317 3721; x_wconf 86' lang='lat' dir='ltr'><strong>Larvalium</strong></span> <span class='ocrx_word' id='word_1_407' title='bbox 1372 3665 1721 3734; x_wconf 90' lang='lat' dir='ltr'><strong>inscriptione</strong></span> <span class='ocrx_word' id='word_1_408' title='bbox 1771 3684 1784 3721; x_wconf 92' lang='lat'><strong>:</strong></span> <span class='ocrx_word' id='word_1_409' title='bbox 1837 3681 2010 3721; x_wconf 78' lang='lat' dir='ltr'><strong>LARIB.</strong></span> 
     </span>
    </p>
   </div>
   <div class='ocr_carea' id='block_1_55' title="bbox 420 3772 1576 3813">
    <p class='ocr_par' dir='ltr' id='par_1_55' title="bbox 420 3772 1576 3813">
     <span class='ocr_line' id='line_1_55' title="bbox 420 3772 1576 3813; baseline -0.002 -1"><span class='ocrx_word' id='word_1_410' title='bbox 420 3773 582 3812; x_wconf 73' lang='grc' dir='ltr'>νιιιιιι.</span> <span class='ocrx_word' id='word_1_411' title='bbox 631 3773 684 3812; x_wconf 80' lang='lat' dir='ltr'><strong>N.</strong></span> <span class='ocrx_word' id='word_1_412' title='bbox 744 3773 802 3812; x_wconf 82' lang='lat' dir='ltr'><strong>ll.</strong></span> <span class='ocrx_word' id='word_1_413' title='bbox 851 3773 1039 3813; x_wconf 77' lang='grc' dir='ltr'>ιίΑτιιι.</span> <span class='ocrx_word' id='word_1_414' title='bbox 1094 3774 1216 3813; x_wconf 77' lang='lat' dir='ltr'><strong>LAR.</strong></span> <span class='ocrx_word' id='word_1_415' title='bbox 1275 3772 1363 3813; x_wconf 78' lang='grc' dir='ltr'><strong>ον.</strong></span> <span class='ocrx_word' id='word_1_416' title='bbox 1410 3774 1464 3813; x_wconf 78' lang='grc' dir='ltr'><strong>Ν.</strong></span> <span class='ocrx_word' id='word_1_417' title='bbox 1519 3773 1576 3812; x_wconf 85' lang='lat' dir='ltr'><strong>ll.</strong></span> 
     </span>
    </p>
   </div>
   <div class='ocr_carea' id='block_1_56' title="bbox 495 3850 2020 3921">
    <p class='ocr_par' dir='ltr' id='par_1_56' title="bbox 495 3850 2020 3921">
     <span class='ocr_line' id='line_1_56' title="bbox 495 3850 2020 3921; baseline 0.001 -17"><span class='ocrx_word' id='word_1_418' title='bbox 495 3850 695 3907; x_wconf 80' lang='lat' dir='ltr'><strong>Deinde</strong></span> <span class='ocrx_word' id='word_1_419' title='bbox 748 3865 880 3906; x_wconf 85' lang='lat' dir='ltr'><strong>vero</strong></span> <span class='ocrx_word' id='word_1_420' title='bbox 950 3861 1133 3908; x_wconf 85' lang='lat' dir='ltr'><strong>narrat</strong></span> <span class='ocrx_word' id='word_1_421' title='bbox 1193 3861 1414 3921; x_wconf 88' lang='lat' dir='ltr'><strong>propter</strong></span> <span class='ocrx_word' id='word_1_422' title='bbox 1480 3850 1738 3907; x_wconf 89' lang='lat' dir='ltr'><strong>indictum</strong></span> <span class='ocrx_word' id='word_1_423' title='bbox 1798 3850 2020 3907; x_wconf 87' lang='lat' dir='ltr'><strong>Octavio</strong></span> 
     </span>
    </p>
   </div>
   <div class='ocr_carea' id='block_1_57' title="bbox 419 3942 2020 4019">
    <p class='ocr_par' dir='ltr' id='par_1_57' title="bbox 419 3942 2020 4019">
     <span class='ocr_line' id='line_1_57' title="bbox 419 3942 2020 4019; baseline 0.001 -21"><span class='ocrx_word' id='word_1_424' title='bbox 419 3942 621 4000; x_wconf 67' lang='lat' dir='ltr'><strong>Caesari</strong></span> <span class='ocrx_word' id='word_1_425' title='bbox 667 3947 890 4019; x_wconf 83' lang='lat' dir='ltr'><strong>Augusti</strong></span> <span class='ocrx_word' id='word_1_426' title='bbox 942 3963 1168 4010; x_wconf 87' lang='lat' dir='ltr'><strong>nomen.</strong></span> <span class='ocrx_word' id='word_1_427' title='bbox 1222 3955 1382 4015; x_wconf 89' lang='lat' dir='ltr'><strong>atque</strong></span> <span class='ocrx_word' id='word_1_428' title='bbox 1428 3946 1477 3999; x_wconf 92' lang='lat' dir='ltr'><strong>in</strong></span> <span class='ocrx_word' id='word_1_429' title='bbox 1522 3945 1745 4014; x_wconf 87' lang='lat' dir='ltr'><strong>hujusce</strong></span> <span class='ocrx_word' id='word_1_430' title='bbox 1774 3947 1854 4001; x_wconf 91' lang='lat' dir='ltr'><strong>rei</strong></span> <span class='ocrx_word' id='word_1_431' title='bbox 1903 3961 2020 4000; x_wconf 91' lang='lat' dir='ltr'><strong>me-</strong></span> 
     </span>
    </p>
   </div>
   <div class='ocr_carea' id='block_1_58' title="bbox 422 4037 2022 4110">
    <p class='ocr_par' dir='ltr' id='par_1_58' title="bbox 422 4037 2022 4110">
     <span class='ocr_line' id='line_1_58' title="bbox 422 4037 2022 4110; baseline -0.001 -16"><span class='ocrx_word' id='word_1_432' title='bbox 422 4040 649 4095; x_wconf 89' lang='lat' dir='ltr'><strong>moriam</strong></span> <span class='ocrx_word' id='word_1_433' title='bbox 672 4084 687 4109; x_wconf 95' lang='lat'><strong>,</strong></span> <span class='ocrx_word' id='word_1_434' title='bbox 724 4060 745 4094; x_wconf 77' lang='grc' dir='ltr'><strong>ι</strong></span> <span class='ocrx_word' id='word_1_435' title='bbox 782 4055 1065 4097; x_wconf 87' lang='lat' dir='ltr'><strong>vervecem</strong></span> <span class='ocrx_word' id='word_1_436' title='bbox 1099 4058 1119 4093; x_wconf 75' lang='grc' dir='ltr'><strong>ι</strong></span> <span class='ocrx_word' id='word_1_437' title='bbox 1174 4040 1226 4094; x_wconf 94' lang='lat' dir='ltr'><strong>in</strong></span> <span class='ocrx_word' id='word_1_438' title='bbox 1285 4039 1488 4110; x_wconf 87' lang='lat' dir='ltr'><strong>templo</strong></span> <span class='ocrx_word' id='word_1_439' title='bbox 1532 4038 1680 4093; x_wconf 86' lang='lat' dir='ltr'><strong>Jovis</strong></span> <span class='ocrx_word' id='word_1_440' title='bbox 1727 4038 1903 4092; x_wconf 85' lang='lat' dir='ltr'><strong>idibus</strong></span> <span class='ocrx_word' id='word_1_441' title='bbox 1931 4037 2022 4093; x_wconf 81' lang='lat' dir='ltr'><strong>Ja-</strong></span> 
     </span>
    </p>
   </div>
   <div class='ocr_carea' id='block_1_59' title="bbox 422 4132 2021 4200">
    <p class='ocr_par' dir='ltr' id='par_1_59' title="bbox 422 4132 2021 4200">
     <span class='ocr_line' id='line_1_59' title="bbox 422 4132 2021 4200; baseline -0.002 -10"><span class='ocrx_word' id='word_1_442' title='bbox 422 4135 627 4191; x_wconf 85' lang='lat' dir='ltr'><strong>nuariis</strong></span> <span class='ocrx_word' id='word_1_443' title='bbox 676 4132 712 4190; x_wconf 57' lang='lat' dir='ltr'><strong>&#39;a</strong></span> <span class='ocrx_word' id='word_1_444' title='bbox 788 4133 1004 4189; x_wconf 83' lang='lat' dir='ltr'><strong>ﬂamine</strong></span> <span class='ocrx_word' id='word_1_445' title='bbox 1075 4135 1431 4190; x_wconf 90' lang='lat' dir='ltr'><strong>immolatum.</strong></span> <span class='ocrx_word' id='word_1_446' title='bbox 1482 4134 1653 4200; x_wconf 82' lang='lat' dir='ltr'><strong>Quam</strong></span> <span class='ocrx_word' id='word_1_447' title='bbox 1705 4133 1776 4188; x_wconf 90' lang='lat' dir='ltr'><strong>ob</strong></span> <span class='ocrx_word' id='word_1_448' title='bbox 1802 4148 2021 4189; x_wconf 88' lang='lat' dir='ltr'><strong>causam</strong></span> 
     </span>
    </p>
   </div>
   <div class='ocr_carea' id='block_1_60' title="bbox 420 4225 1091 4284">
    <p class='ocr_par' dir='ltr' id='par_1_60' title="bbox 420 4225 1091 4284">
     <span class='ocr_line' id='line_1_60' title="bbox 420 4225 1091 4284; baseline -0.001 -1"><span class='ocrx_word' id='word_1_449' title='bbox 420 4225 640 4284; x_wconf 87' lang='lat' dir='ltr'><strong>Ovidius</strong></span> <span class='ocrx_word' id='word_1_450' title='bbox 688 4227 803 4284; x_wconf 64' lang='lat' dir='ltr'><strong>haec</strong></span> <span class='ocrx_word' id='word_1_451' title='bbox 857 4229 1053 4284; x_wconf 85' lang='lat' dir='ltr'><strong>cecinit</strong></span> <span class='ocrx_word' id='word_1_452' title='bbox 1076 4246 1091 4283; x_wconf 89' lang='lat'><strong>:</strong></span> 
     </span>
    </p>
   </div>
   <div class='ocr_carea' id='block_1_61' title="bbox 549 4339 1694 4403">
    <p class='ocr_par' dir='ltr' id='par_1_61' title="bbox 549 4339 1694 4403">
     <span class='ocr_line' id='line_1_61' title="bbox 549 4339 1694 4403; baseline -0.004 -11"><span class='ocrx_word' id='word_1_453' title='bbox 549 4342 716 4393; x_wconf 89' lang='lat' dir='ltr'><strong>Idibus</strong></span> <span class='ocrx_word' id='word_1_454' title='bbox 740 4344 790 4392; x_wconf 89' lang='lat' dir='ltr'><strong>in</strong></span> <span class='ocrx_word' id='word_1_455' title='bbox 813 4343 973 4403; x_wconf 83' lang='lat' dir='ltr'><strong>magni</strong></span> <span class='ocrx_word' id='word_1_456' title='bbox 995 4348 1158 4391; x_wconf 88' lang='lat' dir='ltr'><strong>castus</strong></span> <span class='ocrx_word' id='word_1_457' title='bbox 1175 4340 1202 4389; x_wconf 70' lang='grc' dir='ltr'><strong>Ι</strong></span> <span class='ocrx_word' id='word_1_458' title='bbox 1206 4342 1310 4391; x_wconf 84' lang='lat' dir='ltr'><strong>ovis</strong></span> <span class='ocrx_word' id='word_1_459' title='bbox 1328 4339 1436 4403; x_wconf 63' lang='lat' dir='ltr'><strong>aede</strong></span> <span class='ocrx_word' id='word_1_460' title='bbox 1462 4339 1694 4389; x_wconf 87' lang='lat' dir='ltr'><strong>sacerdos</strong></span> 
     </span>
    </p>
   </div>
   <div class='ocr_carea' id='block_1_62' title="bbox 610 4402 1614 4455">
    <p class='ocr_par' dir='ltr' id='par_1_62' title="bbox 610 4402 1614 4455">
     <span class='ocr_line' id='line_1_62' title="bbox 610 4402 1614 4455; baseline -0.003 0"><span class='ocrx_word' id='word_1_461' title='bbox 610 4402 1123 4455; x_wconf 71' lang='lat' dir='ltr'><strong>Semimaris‘ﬂammis</strong></span> <span class='ocrx_word' id='word_1_462' title='bbox 1142 4408 1328 4455; x_wconf 84' lang='lat' dir='ltr'><strong>viscera</strong></span> <span class='ocrx_word' id='word_1_463' title='bbox 1354 4402 1473 4453; x_wconf 83' lang='lat' dir='ltr'><strong>libat</strong></span> <span class='ocrx_word' id='word_1_464' title='bbox 1492 4405 1614 4453; x_wconf 87' lang='lat' dir='ltr'><strong>ovis.</strong></span> 
     </span>
    </p>
   </div>
   <div class='ocr_carea' id='block_1_63' title="bbox 550 4466 1814 4530">
    <p class='ocr_par' dir='ltr' id='par_1_63' title="bbox 550 4466 1814 4530">
     <span class='ocr_line' id='line_1_63' title="bbox 550 4466 1814 4530; baseline -0.002 -15"><span class='ocrx_word' id='word_1_465' title='bbox 550 4466 862 4530; x_wconf 57' lang='lat' dir='ltr'><strong>Redditaque</strong></span> <span class='ocrx_word' id='word_1_466' title='bbox 886 4475 964 4517; x_wconf 88' lang='lat' dir='ltr'><strong>est</strong></span> <span class='ocrx_word' id='word_1_467' title='bbox 985 4470 1143 4516; x_wconf 84' lang='lat' dir='ltr'><strong>omnis</strong></span> <span class='ocrx_word' id='word_1_468' title='bbox 1162 4466 1369 4530; x_wconf 75' lang='lat' dir='ltr'><strong>populat</strong></span> <span class='ocrx_word' id='word_1_469' title='bbox 1394 4467 1603 4515; x_wconf 82' lang='lat' dir='ltr'><strong>rovincia</strong></span> <span class='ocrx_word' id='word_1_470' title='bbox 1631 4472 1814 4524; x_wconf 88' lang='lat' dir='ltr'><strong>nostro,</strong></span> 
     </span>
    </p>
   </div>
   <div class='ocr_carea' id='block_1_64' title="bbox 610 4528 1616 4593">
    <p class='ocr_par' dir='ltr' id='par_1_64' title="bbox 610 4528 1616 4593">
     <span class='ocr_line' id='line_1_64' title="bbox 610 4528 1616 4593; baseline -0.003 -15"><span class='ocrx_word' id='word_1_471' title='bbox 610 4528 672 4578; x_wconf 88' lang='lat' dir='ltr'><strong>Et</strong></span> <span class='ocrx_word' id='word_1_472' title='bbox 696 4528 808 4578; x_wconf 84' lang='lat' dir='ltr'><strong>tuus</strong></span> <span class='ocrx_word' id='word_1_473' title='bbox 828 4529 1050 4593; x_wconf 85' lang='lat' dir='ltr'><strong>Augusto</strong></span> <span class='ocrx_word' id='word_1_474' title='bbox 1084 4528 1281 4577; x_wconf 83' lang='lat' dir='ltr'><strong>nomine</strong></span> <span class='ocrx_word' id='word_1_475' title='bbox 1304 4529 1464 4578; x_wconf 89' lang='lat' dir='ltr'><strong>dictus</strong></span> <span class='ocrx_word' id='word_1_476' title='bbox 1483 4540 1616 4577; x_wconf 89' lang='lat' dir='ltr'><strong>avus.</strong></span> 
     </span>
    </p>
   </div>
   <div class='ocr_carea' id='block_1_65' title="bbox 925 4609 1839 4674">
    <p class='ocr_par' dir='ltr' id='par_1_65' title="bbox 925 4609 1839 4674">
     <span class='ocr_line' id='line_1_65' title="bbox 925 4609 1839 4674; baseline -0.009 -11"><span class='ocrx_word' id='word_1_477' title='bbox 925 4610 1111 4674; x_wconf 77' lang='lat' dir='ltr'><strong>(Ovid,</strong></span> <span class='ocrx_word' id='word_1_478' title='bbox 1136 4611 1171 4660; x_wconf 90' lang='lat' dir='ltr'><strong>l.</strong></span> <span class='ocrx_word' id='word_1_479' title='bbox 1199 4612 1389 4672; x_wconf 82' lang='lat' dir='ltr'><strong>tFast.,</strong></span> <span class='ocrx_word' id='word_1_480' title='bbox 1414 4623 1463 4660; x_wconf 82' lang='grc' dir='ltr'><strong>υ.</strong></span> <span class='ocrx_word' id='word_1_481' title='bbox 1482 4610 1594 4668; x_wconf 71' lang='grc'><strong>546,</strong></span> <span class='ocrx_word' id='word_1_482' title='bbox 1619 4614 1664 4660; x_wconf 87' lang='lat' dir='ltr'><strong>et</strong></span> <span class='ocrx_word' id='word_1_483' title='bbox 1680 4609 1839 4671; x_wconf 85' lang='lat' dir='ltr'><strong>seqq.)</strong></span> 
     </span>
    </p>
   </div>
   <div class='ocr_carea' id='block_1_66' title="bbox 1037 4734 1517 4796">
    <p class='ocr_par' dir='ltr' id='par_1_66' title="bbox 1037 4734 1517 4796">
     <span class='ocr_line' id='line_1_66' title="bbox 1037 4734 1517 4796; baseline -0.004 -1"><span class='ocrx_word' id='word_1_484' title='bbox 1037 4754 1329 4796; x_wconf 78' lang='lat' dir='ltr'><strong>ARTICULUS</strong></span> <span class='ocrx_word' id='word_1_485' title='bbox 1356 4756 1434 4794; x_wconf 91' lang='lat' dir='ltr'><strong>ttt.</strong></span> <span class='ocrx_word' id='word_1_486' title='bbox 1514 4734 1517 4739; x_wconf 83' lang='grc'><em>’</em></span> 
     </span>
    </p>
   </div>
   <div class='ocr_carea' id='block_1_67' title="bbox 431 4894 2028 4965">
    <p class='ocr_par' dir='ltr' id='par_1_67' title="bbox 431 4894 2028 4965">
     <span class='ocr_line' id='line_1_67' title="bbox 431 4894 2028 4965; baseline -0.001 -14"><span class='ocrx_word' id='word_1_487' title='bbox 431 4896 699 4964; x_wconf 79' lang='lat' dir='ltr'><strong>Quomodo</strong></span> <span class='ocrx_word' id='word_1_488' title='bbox 740 4895 1001 4950; x_wconf 80' lang='lat' dir='ltr'><strong>Minucius</strong></span> <span class='ocrx_word' id='word_1_489' title='bbox 1059 4896 1229 4949; x_wconf 82' lang='lat' dir='ltr'><strong>adhuc</strong></span> <span class='ocrx_word' id='word_1_490' title='bbox 1291 4895 1575 4965; x_wconf 82' lang='lat' dir='ltr'><strong>probaverit</strong></span> <span class='ocrx_word' id='word_1_491' title='bbox 1629 4895 1692 4948; x_wconf 87' lang='lat' dir='ltr'><strong>ab</strong></span> <span class='ocrx_word' id='word_1_492' title='bbox 1761 4894 2028 4965; x_wconf 72' lang='lat' dir='ltr'><strong>gentilibus</strong></span> 
     </span>
    </p>
   </div>
   <div class='ocr_carea' id='block_1_68' title="bbox 502 4987 2029 5059">
    <p class='ocr_par' dir='ltr' id='par_1_68' title="bbox 502 4987 2029 5059">
     <span class='ocr_line' id='line_1_68' title="bbox 502 4987 2029 5059; baseline -0.004 -14"><span class='ocrx_word' id='word_1_493' title='bbox 502 4991 602 5045; x_wconf 81' lang='lat' dir='ltr'><strong>coli</strong></span> <span class='ocrx_word' id='word_1_494' title='bbox 647 4999 693 5044; x_wconf 89' lang='lat' dir='ltr'><strong>et</strong></span> <span class='ocrx_word' id='word_1_495' title='bbox 743 4988 951 5043; x_wconf 84' lang='lat' dir='ltr'><strong>adorari</strong></span> <span class='ocrx_word' id='word_1_496' title='bbox 975 4987 1095 5042; x_wconf 79' lang='lat' dir='ltr'><strong>deos</strong></span> <span class='ocrx_word' id='word_1_497' title='bbox 1142 5000 1296 5059; x_wconf 75' lang='lat' dir='ltr'><strong>capro</strong></span> <span class='ocrx_word' id='word_1_498' title='bbox 1348 4997 1395 5041; x_wconf 86' lang='lat' dir='ltr'><strong>et</strong></span> <span class='ocrx_word' id='word_1_499' title='bbox 1449 4988 1651 5041; x_wconf 83' lang='lat' dir='ltr'><strong>homine</strong></span> <span class='ocrx_word' id='word_1_500' title='bbox 1676 4988 1882 5052; x_wconf 78' lang='lat' dir='ltr'><strong>mixtos,</strong></span> <span class='ocrx_word' id='word_1_501' title='bbox 1920 4987 2029 5040; x_wconf 80' lang='lat' dir='ltr'><strong>eul-</strong></span> 
     </span>
    </p>
   </div>
   <div class='ocr_carea' id='block_1_69' title="bbox 503 5078 2029 5154">
    <p class='ocr_par' dir='ltr' id='par_1_69' title="bbox 503 5078 2029 5154">
     <span class='ocr_line' id='line_1_69' title="bbox 503 5078 2029 5154; baseline -0.005 -18"><span class='ocrx_word' id='word_1_502' title='bbox 503 5093 680 5154; x_wconf 84' lang='lat' dir='ltr'><strong>tusque</strong></span> <span class='ocrx_word' id='word_1_503' title='bbox 724 5082 925 5136; x_wconf 82' lang='lat' dir='ltr'><strong>leonum</strong></span> <span class='ocrx_word' id='word_1_504' title='bbox 988 5090 1036 5133; x_wconf 90' lang='lat' dir='ltr'><strong>et</strong></span> <span class='ocrx_word' id='word_1_505' title='bbox 1084 5096 1268 5133; x_wconf 84' lang='lat' dir='ltr'><strong>canum</strong></span> <span class='ocrx_word' id='word_1_506' title='bbox 1322 5081 1667 5151; x_wconf 65' lang='lat' dir='ltr'><strong>praeferentes,</strong></span> <span class='ocrx_word' id='word_1_507' title='bbox 1713 5079 1833 5131; x_wconf 78' lang='lat' dir='ltr'><strong>item</strong></span> <span class='ocrx_word' id='word_1_508' title='bbox 1876 5078 2029 5146; x_wconf 83' lang='lat' dir='ltr'><strong>Apim</strong></span> 
     </span>
    </p>
   </div>
   <div class='ocr_carea' id='block_1_70' title="bbox 505 5173 2028 5246">
    <p class='ocr_par' dir='ltr' id='par_1_70' title="bbox 505 5173 2028 5246">
     <span class='ocr_line' id='line_1_70' title="bbox 505 5173 2028 5246; baseline -0.007 -12"><span class='ocrx_word' id='word_1_509' title='bbox 505 5180 697 5243; x_wconf 82' lang='lat' dir='ltr'><strong>bovem,</strong></span> <span class='ocrx_word' id='word_1_510' title='bbox 746 5185 1019 5246; x_wconf 71' lang='lat' dir='ltr'><strong>serpentes,</strong></span> <span class='ocrx_word' id='word_1_511' title='bbox 1076 5174 1381 5237; x_wconf 83' lang='lat' dir='ltr'><strong>crocodilos.</strong></span> <span class='ocrx_word' id='word_1_512' title='bbox 1427 5184 1578 5243; x_wconf 87' lang='lat' dir='ltr'><strong>atque</strong></span> <span class='ocrx_word' id='word_1_513' title='bbox 1640 5173 1770 5226; x_wconf 81' lang='lat' dir='ltr'><strong>alias</strong></span> <span class='ocrx_word' id='word_1_514' title='bbox 1819 5187 1934 5226; x_wconf 80' lang='lat' dir='ltr'><strong>aves</strong></span> <span class='ocrx_word' id='word_1_515' title='bbox 1980 5180 2028 5225; x_wconf 87' lang='lat' dir='ltr'><strong>et</strong></span> 
     </span>
    </p>
   </div>
   <div class='ocr_carea' id='block_1_71' title="bbox 506 5267 1818 5338">
    <p class='ocr_par' dir='ltr' id='par_1_71' title="bbox 506 5267 1818 5338">
     <span class='ocr_line' id='line_1_71' title="bbox 506 5267 1818 5338; baseline -0.007 -12"><span class='ocrx_word' id='word_1_516' title='bbox 506 5271 720 5336; x_wconf 83' lang='lat' dir='ltr'><strong>belluas,</strong></span> <span class='ocrx_word' id='word_1_517' title='bbox 778 5285 839 5322; x_wconf 87' lang='lat' dir='ltr'><strong>ac</strong></span> <span class='ocrx_word' id='word_1_518' title='bbox 878 5284 1000 5338; x_wconf 82' lang='lat' dir='ltr'><strong>cepe</strong></span> <span class='ocrx_word' id='word_1_519' title='bbox 1048 5269 1220 5335; x_wconf 88' lang='lat' dir='ltr'><strong>etiam,</strong></span> <span class='ocrx_word' id='word_1_520' title='bbox 1265 5277 1313 5322; x_wconf 88' lang='lat' dir='ltr'><strong>et</strong></span> <span class='ocrx_word' id='word_1_521' title='bbox 1348 5267 1534 5321; x_wconf 86' lang='lat' dir='ltr'><strong>ventris</strong></span> <span class='ocrx_word' id='word_1_522' title='bbox 1578 5269 1818 5333; x_wconf 84' lang='lat' dir='ltr'><strong>crepitus.</strong></span> 
     </span>
    </p>
   </div>
   <div class='ocr_carea' id='block_1_72' title="bbox 505 5379 2025 5455">
    <p class='ocr_par' dir='ltr' id='par_1_72' title="bbox 505 5379 2025 5455">
     <span class='ocr_line' id='line_1_72' title="bbox 505 5379 2025 5455; baseline -0.005 -16"><span class='ocrx_word' id='word_1_523' title='bbox 505 5384 855 5455; x_wconf 89' lang='lat' dir='ltr'><strong>Prosequitur</strong></span> <span class='ocrx_word' id='word_1_524' title='bbox 882 5381 1171 5447; x_wconf 88' lang='lat' dir='ltr'><strong>Minucius,</strong></span> <span class='ocrx_word' id='word_1_525' title='bbox 1201 5392 1252 5437; x_wconf 92' lang='lat' dir='ltr'><strong>et</strong></span> <span class='ocrx_word' id='word_1_526' title='bbox 1282 5392 1336 5435; x_wconf 91' lang='lat' dir='ltr'><strong>ut</strong></span> <span class='ocrx_word' id='word_1_527' title='bbox 1365 5381 1608 5436; x_wconf 85' lang='lat' dir='ltr'><strong>ethnicos</strong></span> <span class='ocrx_word' id='word_1_528' title='bbox 1632 5379 1846 5432; x_wconf 65' lang='lat' dir='ltr'><strong>insulsa:</strong></span> <span class='ocrx_word' id='word_1_529' title='bbox 1873 5393 2025 5446; x_wconf 90' lang='lat' dir='ltr'><strong>pror-</strong></span> 
     </span>
    </p>
   </div>
   <div class='ocr_carea' id='block_1_73' title="bbox 434 5471 2025 5548">
    <p class='ocr_par' dir='ltr' id='par_1_73' title="bbox 434 5471 2025 5548">
     <span class='ocr_line' id='line_1_73' title="bbox 434 5471 2025 5548; baseline -0.006 -14"><span class='ocrx_word' id='word_1_530' title='bbox 434 5494 529 5534; x_wconf 88' lang='lat' dir='ltr'><strong>sus</strong></span> <span class='ocrx_word' id='word_1_531' title='bbox 550 5520 565 5543; x_wconf 92' lang='lat'><strong>,</strong></span> <span class='ocrx_word' id='word_1_532' title='bbox 600 5494 704 5548; x_wconf 91' lang='lat' dir='ltr'><strong>qua</strong></span> <span class='ocrx_word' id='word_1_533' title='bbox 726 5476 1060 5533; x_wconf 85' lang='lat' dir='ltr'><strong>Christianos</strong></span> <span class='ocrx_word' id='word_1_534' title='bbox 1102 5476 1296 5531; x_wconf 89' lang='lat' dir='ltr'><strong>asiniui</strong></span> <span class='ocrx_word' id='word_1_535' title='bbox 1322 5476 1499 5529; x_wconf 89' lang='lat' dir='ltr'><strong>cultus</strong></span> <span class='ocrx_word' id='word_1_536' title='bbox 1541 5473 1678 5527; x_wconf 78' lang='lat' dir='ltr'><strong>falso</strong></span> <span class='ocrx_word' id='word_1_537' title='bbox 1708 5471 2025 5541; x_wconf 74' lang='lat' dir='ltr'><strong>arguebant,</strong></span> 
     </span>
    </p>
   </div>
   <div class='ocr_carea' id='block_1_74' title="bbox 433 5562 2033 5639">
    <p class='ocr_par' dir='ltr' id='par_1_74' title="bbox 433 5562 2033 5639">
     <span class='ocr_line' id='line_1_74' title="bbox 433 5562 2033 5639; baseline -0.005 -13"><span class='ocrx_word' id='word_1_538' title='bbox 433 5570 720 5626; x_wconf 65' lang='lat' dir='ltr'><strong>calumniae</strong></span> <span class='ocrx_word' id='word_1_539' title='bbox 771 5570 1025 5639; x_wconf 87' lang='lat' dir='ltr'><strong>puderet:</strong></span> <span class='ocrx_word' id='word_1_540' title='bbox 1083 5586 1102 5619; x_wconf 73' lang='grc' dir='ltr'><strong>ι</strong></span> <span class='ocrx_word' id='word_1_541' title='bbox 1141 5568 1215 5621; x_wconf 89' lang='lat' dir='ltr'><strong>De</strong></span> <span class='ocrx_word' id='word_1_542' title='bbox 1243 5581 1405 5635; x_wconf 88' lang='lat' dir='ltr'><strong>capro</strong></span> <span class='ocrx_word' id='word_1_543' title='bbox 1430 5584 1478 5629; x_wconf 81' lang='grc' dir='ltr'>,ι</span> <span class='ocrx_word' id='word_1_544' title='bbox 1506 5565 1617 5629; x_wconf 89' lang='lat' dir='ltr'><strong>ait,</strong></span> <span class='ocrx_word' id='word_1_545' title='bbox 1651 5582 1670 5614; x_wconf 86' lang='grc'><strong>‹</strong></span> <span class='ocrx_word' id='word_1_546' title='bbox 1696 5573 1751 5619; x_wconf 90' lang='lat' dir='ltr'><strong>et</strong></span> <span class='ocrx_word' id='word_1_547' title='bbox 1817 5562 2033 5618; x_wconf 86' lang='lat' dir='ltr'><strong>homine</strong></span> 
     </span>
    </p>
   </div>
   <div class='ocr_carea' id='block_1_75' title="bbox 436 5657 2035 5728">
    <p class='ocr_par' dir='ltr' id='par_1_75' title="bbox 436 5657 2035 5728">
     <span class='ocr_line' id='line_1_75' title="bbox 436 5657 2035 5728; baseline -0.006 -6"><span class='ocrx_word' id='word_1_548' title='bbox 436 5666 634 5722; x_wconf 80' lang='lat' dir='ltr'><strong>mixtos</strong></span> <span class='ocrx_word' id='word_1_549' title='bbox 690 5665 853 5728; x_wconf 86' lang='lat' dir='ltr'><strong>deos,</strong></span> <span class='ocrx_word' id='word_1_550' title='bbox 910 5672 966 5718; x_wconf 89' lang='lat' dir='ltr'><strong>et</strong></span> <span class='ocrx_word' id='word_1_551' title='bbox 1044 5662 1258 5717; x_wconf 87' lang='lat' dir='ltr'><strong>leonum</strong></span> <span class='ocrx_word' id='word_1_552' title='bbox 1328 5671 1384 5716; x_wconf 90' lang='lat' dir='ltr'><strong>et</strong></span> <span class='ocrx_word' id='word_1_553' title='bbox 1431 5674 1622 5714; x_wconf 80' lang='lat' dir='ltr'><strong>canum</strong></span> <span class='ocrx_word' id='word_1_554' title='bbox 1672 5659 1850 5712; x_wconf 89' lang='lat' dir='ltr'><strong>vultus</strong></span> <span class='ocrx_word' id='word_1_555' title='bbox 1902 5657 2035 5713; x_wconf 85' lang='lat' dir='ltr'><strong>deos</strong></span> 
     </span>
    </p>
   </div>
   <div class='ocr_carea' id='block_1_76' title="bbox 436 5751 2033 5823">
    <p class='ocr_par' dir='ltr' id='par_1_76' title="bbox 436 5751 2033 5823">
     <span class='ocr_line' id='line_1_76' title="bbox 436 5751 2033 5823; baseline -0.004 -11"><span class='ocrx_word' id='word_1_556' title='bbox 436 5758 720 5812; x_wconf 85' lang='lat' dir='ltr'><strong>dedicatis.</strong></span> <span class='ocrx_word' id='word_1_557' title='bbox 760 5777 779 5809; x_wconf 78' lang='lat' dir='ltr'><strong>s</strong></span> <span class='ocrx_word' id='word_1_558' title='bbox 815 5755 1015 5823; x_wconf 79' lang='lat' dir='ltr'><strong>Quales</strong></span> <span class='ocrx_word' id='word_1_559' title='bbox 1062 5755 1151 5809; x_wconf 89' lang='lat' dir='ltr'><strong>ille</strong></span> <span class='ocrx_word' id='word_1_560' title='bbox 1202 5755 1402 5822; x_wconf 79' lang='lat' dir='ltr'><strong>primOs</strong></span> <span class='ocrx_word' id='word_1_561' title='bbox 1442 5751 1606 5812; x_wconf 67' lang='lat' dir='ltr'><strong>tiri-it,</strong></span> <span class='ocrx_word' id='word_1_562' title='bbox 1658 5752 1781 5806; x_wconf 88' lang='lat' dir='ltr'><strong>talis</strong></span> <span class='ocrx_word' id='word_1_563' title='bbox 1850 5751 2033 5820; x_wconf 76' lang='lat' dir='ltr'><strong>procul</strong></span> 
     </span>
    </p>
   </div>
   <div class='ocr_carea' id='block_1_77' title="bbox 440 5845 2036 5917">
    <p class='ocr_par' dir='ltr' id='par_1_77' title="bbox 440 5845 2036 5917">
     <span class='ocr_line' id='line_1_77' title="bbox 440 5845 2036 5917; baseline -0.003 -11"><span class='ocrx_word' id='word_1_564' title='bbox 440 5851 605 5907; x_wconf 85' lang='lat' dir='ltr'><strong>dubio</strong></span> <span class='ocrx_word' id='word_1_565' title='bbox 646 5860 761 5907; x_wconf 76' lang='lat' dir='ltr'><strong>erat</strong></span> <span class='ocrx_word' id='word_1_566' title='bbox 794 5850 929 5914; x_wconf 89' lang='lat' dir='ltr'><strong>Pan,</strong></span> <span class='ocrx_word' id='word_1_567' title='bbox 974 5863 1134 5917; x_wconf 87' lang='lat' dir='ltr'><strong>quem</strong></span> <span class='ocrx_word' id='word_1_568' title='bbox 1178 5848 1256 5901; x_wconf 90' lang='lat' dir='ltr'><strong>sic</strong></span> <span class='ocrx_word' id='word_1_569' title='bbox 1285 5864 1313 5900; x_wconf 87' lang='lat' dir='ltr'><strong>a</strong></span> <span class='ocrx_word' id='word_1_570' title='bbox 1341 5846 1637 5917; x_wconf 89' lang='lat' dir='ltr'><strong>pictoribus</strong></span> <span class='ocrx_word' id='word_1_571' title='bbox 1679 5856 1736 5901; x_wconf 91' lang='lat' dir='ltr'><strong>et</strong></span> <span class='ocrx_word' id='word_1_572' title='bbox 1760 5845 2036 5902; x_wconf 86' lang='lat' dir='ltr'><strong>statuariis</strong></span> 
     </span>
    </p>
   </div>
   <div class='ocr_carea' id='block_1_78' title="bbox 2106 1960 3671 2035">
    <p class='ocr_par' dir='ltr' id='par_1_78' title="bbox 2106 1960 3671 2035">
     <span class='ocr_line' id='line_1_78' title="bbox 2106 1960 3671 2035; baseline 0.002 -22"><span class='ocrx_word' id='word_1_573' title='bbox 2106 1968 2308 2021; x_wconf 75' lang='grc' dir='ltr'><strong>νηθεῖσιν</strong></span> <span class='ocrx_word' id='word_1_574' title='bbox 2333 1967 2511 2033; x_wconf 65' lang='grc' dir='ltr'><strong>ἐρίφοις</strong></span> <span class='ocrx_word' id='word_1_575' title='bbox 2538 1970 2603 2017; x_wconf 76' lang='grc' dir='ltr'><strong>τὰ</strong></span> <span class='ocrx_word' id='word_1_576' title='bbox 2626 1972 2806 2035; x_wconf 67' lang='grc' dir='ltr'><strong>κέρατα</strong></span> <span class='ocrx_word' id='word_1_577' title='bbox 2834 1970 3115 2030; x_wconf 40' lang='lat' dir='ltr'><strong>“clebrem.</strong></span> <span class='ocrx_word' id='word_1_578' title='bbox 3148 1981 3168 2013; x_wconf 74' lang='grc' dir='ltr'><strong>ι</strong></span> <span class='ocrx_word' id='word_1_579' title='bbox 3202 1960 3445 2031; x_wconf 85' lang='lat' dir='ltr'><strong>Quorum</strong></span> <span class='ocrx_word' id='word_1_580' title='bbox 3474 1962 3551 2016; x_wconf 86' lang='lat' dir='ltr'><strong>hic</strong></span> <span class='ocrx_word' id='word_1_581' title='bbox 3573 1963 3671 2032; x_wconf 88' lang='lat' dir='ltr'><strong>qui-</strong></span> 
     </span>
    </p>
   </div>
   <div class='ocr_carea' id='block_1_79' title="bbox 2115 2050 3671 2133">
    <p class='ocr_par' dir='ltr' id='par_1_79' title="bbox 2115 2050 3671 2133">
     <span class='ocr_line' id='line_1_79' title="bbox 2115 2050 3671 2133; baseline 0.001 -27"><span class='ocrx_word' id='word_1_582' title='bbox 2115 2050 2239 2106; x_wconf 91' lang='lat' dir='ltr'><strong>dem</strong></span> <span class='ocrx_word' id='word_1_583' title='bbox 2298 2069 2493 2123; x_wconf 86' lang='lat' dir='ltr'><strong>gerens</strong></span> <span class='ocrx_word' id='word_1_584' title='bbox 2547 2070 2771 2120; x_wconf 85' lang='lat' dir='ltr'><strong>cornua,</strong></span> <span class='ocrx_word' id='word_1_585' title='bbox 2828 2055 3045 2133; x_wconf 80' lang='lat' dir='ltr'><strong>dimidia</strong></span> <span class='ocrx_word' id='word_1_586' title='bbox 3104 2063 3255 2124; x_wconf 89' lang='lat' dir='ltr'><strong>parte</strong></span> <span class='ocrx_word' id='word_1_587' title='bbox 3311 2054 3545 2124; x_wconf 83' lang='lat' dir='ltr'><strong>corporis</strong></span> <span class='ocrx_word' id='word_1_588' title='bbox 3593 2067 3671 2108; x_wconf 80' lang='lat' dir='ltr'><strong>ca-</strong></span> 
     </span>
    </p>
   </div>
   <div class='ocr_carea' id='block_1_80' title="bbox 2111 2135 3673 2217">
    <p class='ocr_par' dir='ltr' id='par_1_80' title="bbox 2111 2135 3673 2217">
     <span class='ocr_line' id='line_1_80' title="bbox 2111 2135 3673 2217; baseline -0.001 -18"><span class='ocrx_word' id='word_1_589' title='bbox 2111 2161 2264 2215; x_wconf 90' lang='lat' dir='ltr'><strong>prum</strong></span> <span class='ocrx_word' id='word_1_590' title='bbox 2322 2145 2597 2212; x_wconf 78' lang='lat' dir='ltr'><strong>referens,</strong></span> <span class='ocrx_word' id='word_1_591' title='bbox 2645 2135 2974 2216; x_wconf 82' lang='lat' dir='ltr'><strong>barbamque</strong></span> <span class='ocrx_word' id='word_1_592' title='bbox 3043 2144 3368 2217; x_wconf 79' lang='lat' dir='ltr'><strong>profundam</strong></span> <span class='ocrx_word' id='word_1_593' title='bbox 3429 2146 3673 2213; x_wconf 81' lang='lat' dir='ltr'><strong>nutricas,</strong></span> 
     </span>
    </p>
   </div>
   <div class='ocr_carea' id='block_1_81' title="bbox 2110 2237 3678 2309">
    <p class='ocr_par' dir='ltr' id='par_1_81' title="bbox 2110 2237 3678 2309">
     <span class='ocr_line' id='line_1_81' title="bbox 2110 2237 3678 2309; baseline 0.002 -19"><span class='ocrx_word' id='word_1_594' title='bbox 2110 2253 2298 2301; x_wconf 88' lang='lat' dir='ltr'><strong>parum</strong></span> <span class='ocrx_word' id='word_1_595' title='bbox 2348 2238 2417 2292; x_wconf 90' lang='lat' dir='ltr'><strong>ab</strong></span> <span class='ocrx_word' id='word_1_596' title='bbox 2470 2239 2622 2293; x_wconf 88' lang='lat' dir='ltr'><strong>hirco</strong></span> <span class='ocrx_word' id='word_1_597' title='bbox 2693 2238 2986 2303; x_wconf 83' lang='lat' dir='ltr'><strong>discrepat.</strong></span> <span class='ocrx_word' id='word_1_598' title='bbox 3033 2277 3046 2291; x_wconf 95' lang='lat'><strong>.</strong></span> <span class='ocrx_word' id='word_1_599' title='bbox 3094 2279 3107 2293; x_wconf 93' lang='lat'><strong>.</strong></span> <span class='ocrx_word' id='word_1_600' title='bbox 3153 2277 3168 2292; x_wconf 90' lang='lat'><strong>.</strong></span> <span class='ocrx_word' id='word_1_601' title='bbox 3213 2274 3230 2291; x_wconf 92' lang='lat'><strong>.</strong></span> <span class='ocrx_word' id='word_1_602' title='bbox 3273 2277 3289 2291; x_wconf 94' lang='lat'><strong>.</strong></span> <span class='ocrx_word' id='word_1_603' title='bbox 3330 2237 3504 2309; x_wconf 87' lang='lat' dir='ltr'><strong>Satyri</strong></span> <span class='ocrx_word' id='word_1_604' title='bbox 3526 2238 3678 2293; x_wconf 78' lang='lat' dir='ltr'><strong>acutis</strong></span> 
     </span>
    </p>
   </div>
   <div class='ocr_carea' id='block_1_82' title="bbox 3768 1960 3781 2017">
    <p class='ocr_par' dir='ltr' id='par_1_82' title="bbox 3768 1960 3781 2017">
     <span class='ocr_line' id='line_1_82' title="bbox 3768 1960 3781 2017; baseline 0 0"><span class='ocrx_word' id='word_1_605' title='bbox 3768 1960 3781 2017; x_wconf 75' lang='grc' dir='ltr'>Ξ</span> 
     </span>
    </p>
   </div>
   <div class='ocr_carea' id='block_1_83' title="bbox 3766 2028 3781 2077">
    <p class='ocr_par' dir='ltr' id='par_1_83' title="bbox 3766 2028 3781 2077">
     <span class='ocr_line' id='line_1_83' title="bbox 3766 2028 3781 2077; baseline 0 0"><span class='ocrx_word' id='word_1_606' title='bbox 3766 2028 3781 2077; x_wconf 70' lang='lat' dir='ltr'><strong>in</strong></span> 
     </span>
    </p>
   </div>
   <div class='ocr_carea' id='block_1_84' title="bbox 3764 2080 3783 2335">
    <p class='ocr_par' dir='ltr' id='par_1_84' title="bbox 3764 2080 3783 2335">
     <span class='ocr_line' id='line_1_84' title="bbox 3764 2080 3783 2335; baseline 0 0"><span class='ocrx_word' id='word_1_607' title='bbox 3764 2080 3783 2335; x_wconf 80' lang='lat' dir='ltr'><strong>l</strong></span> 
     </span>
    </p>
   </div>
   <div class='ocr_carea' id='block_1_85' title="bbox 2107 2327 3781 2400">
    <p class='ocr_par' dir='ltr' id='par_1_85' title="bbox 2107 2327 3781 2400">
     <span class='ocr_line' id='line_1_85' title="bbox 2107 2327 3781 2400; baseline 0 -17"><span class='ocrx_word' id='word_1_608' title='bbox 2107 2328 2347 2391; x_wconf 86' lang='lat' dir='ltr'><strong>auribus,</strong></span> <span class='ocrx_word' id='word_1_609' title='bbox 2397 2337 2449 2383; x_wconf 93' lang='lat' dir='ltr'><strong>et</strong></span> <span class='ocrx_word' id='word_1_610' title='bbox 2503 2330 2601 2399; x_wconf 87' lang='lat' dir='ltr'><strong>ipsi</strong></span> <span class='ocrx_word' id='word_1_611' title='bbox 2629 2329 2799 2396; x_wconf 84' lang='lat' dir='ltr'><strong>calvi,</strong></span> <span class='ocrx_word' id='word_1_612' title='bbox 2831 2329 3145 2398; x_wconf 78' lang='lat' dir='ltr'><strong>cornigeri,</strong></span> <span class='ocrx_word' id='word_1_613' title='bbox 3176 2329 3352 2400; x_wconf 88' lang='lat' dir='ltr'><strong>qualia</strong></span> <span class='ocrx_word' id='word_1_614' title='bbox 3394 2328 3504 2385; x_wconf 81' lang='lat' dir='ltr'><strong>fere</strong></span> <span class='ocrx_word' id='word_1_615' title='bbox 3524 2327 3675 2383; x_wconf 65' lang='lat' dir='ltr'><strong>hstiis</strong></span> <span class='ocrx_word' id='word_1_616' title='bbox 3768 2327 3781 2383; x_wconf 77' lang='grc' dir='ltr'>ἶ</span> 
     </span>
    </p>
   </div>
   <div class='ocr_carea' id='block_1_86' title="bbox 2107 2419 3675 2489">
    <p class='ocr_par' dir='ltr' id='par_1_86' title="bbox 2107 2419 3675 2489">
     <span class='ocr_line' id='line_1_86' title="bbox 2107 2419 3675 2489; baseline -0.002 -14"><span class='ocrx_word' id='word_1_617' title='bbox 2107 2435 2278 2489; x_wconf 89' lang='lat' dir='ltr'><strong>nuper</strong></span> <span class='ocrx_word' id='word_1_618' title='bbox 2332 2420 2472 2474; x_wconf 90' lang='lat' dir='ltr'><strong>natis</strong></span> <span class='ocrx_word' id='word_1_619' title='bbox 2526 2429 2851 2476; x_wconf 75' lang='lat' dir='ltr'><strong>exercscnnt</strong></span> <span class='ocrx_word' id='word_1_620' title='bbox 2894 2434 3094 2477; x_wconf 90' lang='lat' dir='ltr'><strong>cornua</strong></span> <span class='ocrx_word' id='word_1_621' title='bbox 3138 2439 3157 2473; x_wconf 89' lang='lat' dir='ltr'><strong>s</strong></span> <span class='ocrx_word' id='word_1_622' title='bbox 3184 2419 3422 2489; x_wconf 82' lang='lat' dir='ltr'><strong>(Lucian.</strong></span> <span class='ocrx_word' id='word_1_623' title='bbox 3452 2422 3504 2474; x_wconf 81' lang='lat' dir='ltr'><strong>in</strong></span> <span class='ocrx_word' id='word_1_624' title='bbox 3544 2419 3675 2473; x_wconf 75' lang='lat' dir='ltr'><strong>Dect.</strong></span> 
     </span>
    </p>
   </div>
   <div class='ocr_carea' id='block_1_87' title="bbox 2106 2510 3783 2585">
    <p class='ocr_par' dir='ltr' id='par_1_87' title="bbox 2106 2510 3783 2585">
     <span class='ocr_line' id='line_1_87' title="bbox 2106 2510 3783 2585; baseline 0.002 -22"><span class='ocrx_word' id='word_1_625' title='bbox 2106 2511 2272 2585; x_wconf 72' lang='lat' dir='ltr'><strong>coniti.</strong></span> <span class='ocrx_word' id='word_1_626' title='bbox 2330 2526 2451 2581; x_wconf 88' lang='lat' dir='ltr'><strong>pag.</strong></span> <span class='ocrx_word' id='word_1_627' title='bbox 2484 2510 2677 2585; x_wconf 73' lang='lat'><strong>1096).</strong></span> <span class='ocrx_word' id='word_1_628' title='bbox 2728 2511 2863 2567; x_wconf 85' lang='lat' dir='ltr'><strong>Hinc</strong></span> <span class='ocrx_word' id='word_1_629' title='bbox 2915 2510 3250 2581; x_wconf 86' lang='lat' dir='ltr'><strong>Propertius,</strong></span> <span class='ocrx_word' id='word_1_630' title='bbox 3298 2511 3396 2567; x_wconf 90' lang='lat' dir='ltr'><strong>lib.</strong></span> <span class='ocrx_word' id='word_1_631' title='bbox 3442 2526 3516 2566; x_wconf 89' lang='grc' dir='ltr'>ιιι.</span> <span class='ocrx_word' id='word_1_632' title='bbox 3549 2510 3679 2582; x_wconf 77' lang='lat' dir='ltr'><strong>Eleg.</strong></span> <span class='ocrx_word' id='word_1_633' title='bbox 3778 2558 3783 2567; x_wconf 43' lang='grc' dir='ltr'><em>λ</em></span> 
     </span>
    </p>
   </div>
   <div class='ocr_carea' id='block_1_88' title="bbox 2110 2581 3397 2718">
    <p class='ocr_par' dir='ltr' id='par_1_88' title="bbox 2110 2581 3397 2718">
     <span class='ocr_line' id='line_1_88' title="bbox 2110 2581 3397 2718; baseline -0.001 -14"><span class='ocrx_word' id='word_1_634' title='bbox 2110 2581 2178 2636; x_wconf 56' lang='lat'><strong>‘6</strong></span> <span class='ocrx_word' id='word_1_635' title='bbox 2203 2625 2215 2636; x_wconf 51' lang='grc'><strong>’</strong></span> <span class='ocrx_word' id='word_1_636' title='bbox 2293 2652 2594 2718; x_wconf 87' lang='lat' dir='ltr'><strong>Capripedes</strong></span> <span class='ocrx_word' id='word_1_637' title='bbox 2616 2653 2799 2704; x_wconf 86' lang='lat' dir='ltr'><strong>calamo</strong></span> <span class='ocrx_word' id='word_1_638' title='bbox 2820 2653 2984 2705; x_wconf 87' lang='lat' dir='ltr'><strong>Panes</strong></span> <span class='ocrx_word' id='word_1_639' title='bbox 3004 2654 3173 2705; x_wconf 87' lang='lat' dir='ltr'><strong>hiante</strong></span> <span class='ocrx_word' id='word_1_640' title='bbox 3195 2660 3397 2704; x_wconf 85' lang='lat' dir='ltr'><strong>canent.</strong></span> 
     </span>
    </p>
   </div>
   <div class='ocr_carea' id='block_1_89' title="bbox 2111 2736 3173 2806">
    <p class='ocr_par' dir='ltr' id='par_1_89' title="bbox 2111 2736 3173 2806">
     <span class='ocr_line' id='line_1_89' title="bbox 2111 2736 3173 2806; baseline 0.002 -14"><span class='ocrx_word' id='word_1_641' title='bbox 2111 2737 2173 2792; x_wconf 83' lang='lat' dir='ltr'><strong>Et</strong></span> <span class='ocrx_word' id='word_1_642' title='bbox 2211 2736 2524 2803; x_wconf 87' lang='lat' dir='ltr'><strong>Lucretius,</strong></span> <span class='ocrx_word' id='word_1_643' title='bbox 2574 2738 2666 2793; x_wconf 92' lang='lat' dir='ltr'><strong>lib.</strong></span> <span class='ocrx_word' id='word_1_644' title='bbox 2715 2755 2789 2806; x_wconf 77' lang='grc' dir='ltr'><strong>ιν,</strong></span> <span class='ocrx_word' id='word_1_645' title='bbox 2827 2749 2952 2794; x_wconf 89' lang='lat' dir='ltr'><strong>ante</strong></span> <span class='ocrx_word' id='word_1_646' title='bbox 2981 2740 3124 2794; x_wconf 89' lang='lat' dir='ltr'><strong>med.</strong></span> <span class='ocrx_word' id='word_1_647' title='bbox 3160 2758 3173 2794; x_wconf 92' lang='lat'><strong>:</strong></span> 
     </span>
    </p>
   </div>
   <div class='ocr_carea' id='block_1_90' title="bbox 2300 2828 3639 2893">
    <p class='ocr_par' dir='ltr' id='par_1_90' title="bbox 2300 2828 3639 2893">
     <span class='ocr_line' id='line_1_90' title="bbox 2300 2828 3639 2893; baseline 0.001 -15"><span class='ocrx_word' id='word_1_648' title='bbox 2300 2828 2415 2893; x_wconf 63' lang='lat' dir='ltr'><strong>Haec</strong></span> <span class='ocrx_word' id='word_1_649' title='bbox 2432 2828 3082 2893; x_wconf 26' lang='lat' dir='ltr'><strong>jocaACapripedesisatyros</strong></span> <span class='ocrx_word' id='word_1_650' title='bbox 3103 2829 3452 2893; x_wconf 56' lang='lat' dir='ltr'><strong>Nymphasque</strong></span> <span class='ocrx_word' id='word_1_651' title='bbox 3470 2832 3639 2879; x_wconf 82' lang='lat' dir='ltr'><strong>tenere</strong></span> 
     </span>
    </p>
   </div>
   <div class='ocr_carea' id='block_1_91' title="bbox 2304 2890 3497 2955">
    <p class='ocr_par' dir='ltr' id='par_1_91' title="bbox 2304 2890 3497 2955">
     <span class='ocr_line' id='line_1_91' title="bbox 2304 2890 3497 2955; baseline 0 -15"><span class='ocrx_word' id='word_1_652' title='bbox 2304 2890 2515 2941; x_wconf 83' lang='lat' dir='ltr'><strong>Fimtimi</strong></span> <span class='ocrx_word' id='word_1_653' title='bbox 2540 2890 2750 2952; x_wconf 83' lang='lat' dir='ltr'><strong>lingunt,</strong></span> <span class='ocrx_word' id='word_1_654' title='bbox 2777 2900 2829 2941; x_wconf 90' lang='lat' dir='ltr'><strong>et</strong></span> <span class='ocrx_word' id='word_1_655' title='bbox 2854 2890 3048 2941; x_wconf 81' lang='lat' dir='ltr'><strong>Faunos</strong></span> <span class='ocrx_word' id='word_1_656' title='bbox 3071 2890 3183 2942; x_wconf 80' lang='lat' dir='ltr'><strong>esse</strong></span> <span class='ocrx_word' id='word_1_657' title='bbox 3205 2890 3497 2955; x_wconf 75' lang='lat' dir='ltr'><strong>lbquuntur.</strong></span> 
     </span>
    </p>
   </div>
   <div class='ocr_carea' id='block_1_92' title="bbox 2183 2971 3685 3043">
    <p class='ocr_par' dir='ltr' id='par_1_92' title="bbox 2183 2971 3685 3043">
     <span class='ocr_line' id='line_1_92' title="bbox 2183 2971 3685 3043; baseline 0.001 -15"><span class='ocrx_word' id='word_1_658' title='bbox 2183 2971 2238 3028; x_wconf 91' lang='lat' dir='ltr'><strong>Si</strong></span> <span class='ocrx_word' id='word_1_659' title='bbox 2293 2975 2369 3028; x_wconf 91' lang='lat' dir='ltr'><strong>rei</strong></span> <span class='ocrx_word' id='word_1_660' title='bbox 2421 2974 2561 3029; x_wconf 86' lang='lat' dir='ltr'><strong>haud</strong></span> <span class='ocrx_word' id='word_1_661' title='bbox 2622 2977 2966 3043; x_wconf 74' lang='lat' dir='ltr'><strong>ittcompertm</strong></span> <span class='ocrx_word' id='word_1_662' title='bbox 3013 2974 3151 3030; x_wconf 84' lang='lat' dir='ltr'><strong>alios</strong></span> <span class='ocrx_word' id='word_1_663' title='bbox 3203 2975 3485 3030; x_wconf 87' lang='lat' dir='ltr'><strong>desideras</strong></span> <span class='ocrx_word' id='word_1_664' title='bbox 3509 2984 3685 3039; x_wconf 83' lang='lat' dir='ltr'><strong>testes.</strong></span> 
     </span>
    </p>
   </div>
   <div class='ocr_carea' id='block_1_93' title="bbox 2111 3064 3689 3135">
    <p class='ocr_par' dir='ltr' id='par_1_93' title="bbox 2111 3064 3689 3135">
     <span class='ocr_line' id='line_1_93' title="bbox 2111 3064 3689 3135; baseline 0.001 -16"><span class='ocrx_word' id='word_1_665' title='bbox 2111 3065 2263 3120; x_wconf 89' lang='lat' dir='ltr'><strong>adire</strong></span> <span class='ocrx_word' id='word_1_666' title='bbox 2322 3067 2520 3135; x_wconf 86' lang='lat' dir='ltr'><strong>poteris</strong></span> <span class='ocrx_word' id='word_1_667' title='bbox 2568 3066 2895 3134; x_wconf 88' lang='lat' dir='ltr'><strong>Eusebium,</strong></span> <span class='ocrx_word' id='word_1_668' title='bbox 2956 3065 3235 3135; x_wconf 86' lang='lat' dir='ltr'><strong>Servium,</strong></span> <span class='ocrx_word' id='word_1_669' title='bbox 3292 3066 3565 3133; x_wconf 81' lang='lat' dir='ltr'><strong>Vossium,</strong></span> <span class='ocrx_word' id='word_1_670' title='bbox 3604 3064 3689 3120; x_wconf 80' lang='lat' dir='ltr'><strong>Ns-</strong></span> 
     </span>
    </p>
   </div>
   <div class='ocr_carea' id='block_1_94' title="bbox 2118 3157 3690 3229">
    <p class='ocr_par' dir='ltr' id='par_1_94' title="bbox 2118 3157 3690 3229">
     <span class='ocr_line' id='line_1_94' title="bbox 2118 3157 3690 3229; baseline -0.001 -19"><span class='ocrx_word' id='word_1_671' title='bbox 2118 3158 2279 3211; x_wconf 71' lang='lat' dir='ltr'><strong>t:tleut</strong></span> <span class='ocrx_word' id='word_1_672' title='bbox 2326 3157 2623 3222; x_wconf 89' lang='lat' dir='ltr'><strong>Comitem,</strong></span> <span class='ocrx_word' id='word_1_673' title='bbox 2682 3158 2925 3228; x_wconf 88' lang='lat' dir='ltr'><strong>aliosque</strong></span> <span class='ocrx_word' id='word_1_674' title='bbox 2995 3174 3100 3213; x_wconf 92' lang='lat' dir='ltr'><strong>uon</strong></span> <span class='ocrx_word' id='word_1_675' title='bbox 3146 3173 3349 3229; x_wconf 85' lang='lat' dir='ltr'><strong>paucos</strong></span> <span class='ocrx_word' id='word_1_676' title='bbox 3390 3157 3596 3229; x_wconf 76' lang='lat' dir='ltr'><strong>(Euseb.</strong></span> <span class='ocrx_word' id='word_1_677' title='bbox 3617 3157 3690 3211; x_wconf 76' lang='lat' dir='ltr'><strong>lib.</strong></span> 
     </span>
    </p>
   </div>
   <div class='ocr_carea' id='block_1_95' title="bbox 2037 3248 3695 3321">
    <p class='ocr_par' dir='ltr' id='par_1_95' title="bbox 2037 3248 3695 3321">
     <span class='ocr_line' id='line_1_95' title="bbox 2037 3248 3695 3321; baseline -0.003 -17"><span class='ocrx_word' id='word_1_678' title='bbox 2037 3254 2083 3318; x_wconf 66' lang='grc' dir='ltr'><strong>(ζ</strong></span> <span class='ocrx_word' id='word_1_679' title='bbox 2117 3265 2195 3304; x_wconf 86' lang='grc' dir='ltr'>ιιι.</span> <span class='ocrx_word' id='word_1_680' title='bbox 2263 3248 2501 3319; x_wconf 72' lang='lat' dir='ltr'><strong>Pt‘tepar.</strong></span> <span class='ocrx_word' id='word_1_681' title='bbox 2547 3250 2743 3321; x_wconf 83' lang='lat' dir='ltr'><strong>Evang.</strong></span> <span class='ocrx_word' id='word_1_682' title='bbox 2808 3265 2927 3321; x_wconf 81' lang='lat' dir='ltr'><strong>cap.</strong></span> <span class='ocrx_word' id='word_1_683' title='bbox 2979 3250 3033 3315; x_wconf 69' lang='lat'><strong>4,</strong></span> <span class='ocrx_word' id='word_1_684' title='bbox 3092 3266 3212 3321; x_wconf 85' lang='lat' dir='ltr'><strong>pag.</strong></span> <span class='ocrx_word' id='word_1_685' title='bbox 3276 3251 3406 3316; x_wconf 71' lang='grc' dir='ltr'>ηις</span> <span class='ocrx_word' id='word_1_686' title='bbox 3461 3249 3600 3306; x_wconf 77' lang='lat' dir='ltr'><strong>3m.</strong></span> <span class='ocrx_word' id='word_1_687' title='bbox 3653 3249 3695 3300; x_wconf 87' lang='lat' dir='ltr'><strong>ia</strong></span> 
     </span>
    </p>
   </div>
   <div class='ocr_carea' id='block_1_96' title="bbox 2123 3339 3697 3415">
    <p class='ocr_par' dir='ltr' id='par_1_96' title="bbox 2123 3339 3697 3415">
     <span class='ocr_line' id='line_1_96' title="bbox 2123 3339 3697 3415; baseline -0.003 -19"><span class='ocrx_word' id='word_1_688' title='bbox 2123 3342 2300 3415; x_wconf 76' lang='lat' dir='ltr'><strong>Eclog.</strong></span> <span class='ocrx_word' id='word_1_689' title='bbox 2356 3343 2392 3398; x_wconf 76' lang='lat'><strong>2</strong></span> <span class='ocrx_word' id='word_1_690' title='bbox 2457 3343 2637 3415; x_wconf 77' lang='lat' dir='ltr'><strong>Virgil.</strong></span> <span class='ocrx_word' id='word_1_691' title='bbox 2690 3359 2743 3398; x_wconf 90' lang='lat' dir='ltr'><strong>v.</strong></span> <span class='ocrx_word' id='word_1_692' title='bbox 2793 3344 2884 3398; x_wconf 74' lang='lat'><strong>3|.</strong></span> <span class='ocrx_word' id='word_1_693' title='bbox 2938 3340 3085 3398; x_wconf 82' lang='lat' dir='ltr'><strong>Voss.</strong></span> <span class='ocrx_word' id='word_1_694' title='bbox 3149 3343 3239 3397; x_wconf 88' lang='lat' dir='ltr'><strong>lib.</strong></span> <span class='ocrx_word' id='word_1_695' title='bbox 3290 3357 3330 3397; x_wconf 85' lang='grc' dir='ltr'>ι.</span> <span class='ocrx_word' id='word_1_696' title='bbox 3374 3341 3439 3395; x_wconf 80' lang='lat' dir='ltr'><strong>de</strong></span> <span class='ocrx_word' id='word_1_697' title='bbox 3488 3339 3627 3409; x_wconf 85' lang='lat' dir='ltr'><strong>Orig.</strong></span> <span class='ocrx_word' id='word_1_698' title='bbox 3657 3348 3697 3392; x_wconf 78' lang='lat' dir='ltr'><strong>ct</strong></span> 
     </span>
    </p>
   </div>
   <div class='ocr_carea' id='block_1_97' title="bbox 2119 3432 3696 3507">
    <p class='ocr_par' dir='ltr' id='par_1_97' title="bbox 2119 3432 3696 3507">
     <span class='ocr_line' id='line_1_97' title="bbox 2119 3432 3696 3507; baseline -0.001 -19"><span class='ocrx_word' id='word_1_699' title='bbox 2119 3432 2388 3507; x_wconf 82' lang='lat' dir='ltr'><strong>Progress.</strong></span> <span class='ocrx_word' id='word_1_700' title='bbox 2430 3434 2705 3489; x_wconf 83' lang='lat' dir='ltr'><strong>ldololatr.</strong></span> <span class='ocrx_word' id='word_1_701' title='bbox 2748 3450 2869 3505; x_wconf 89' lang='lat' dir='ltr'><strong>cap.</strong></span> <span class='ocrx_word' id='word_1_702' title='bbox 2918 3437 2974 3503; x_wconf 90' lang='lat'><strong>8,</strong></span> <span class='ocrx_word' id='word_1_703' title='bbox 3031 3451 3151 3507; x_wconf 83' lang='lat' dir='ltr'><strong>pag.</strong></span> <span class='ocrx_word' id='word_1_704' title='bbox 3226 3436 3318 3501; x_wconf 76' lang='grc'><strong>51,</strong></span> <span class='ocrx_word' id='word_1_705' title='bbox 3366 3444 3421 3490; x_wconf 86' lang='lat' dir='ltr'><strong>et</strong></span> <span class='ocrx_word' id='word_1_706' title='bbox 3483 3434 3574 3489; x_wconf 90' lang='lat' dir='ltr'><strong>lib.</strong></span> <span class='ocrx_word' id='word_1_707' title='bbox 3621 3447 3696 3494; x_wconf 71' lang='grc' dir='ltr'>ιιι,</span> 
     </span>
    </p>
   </div>
   <div class='ocr_carea' id='block_1_98' title="bbox 2119 3530 2723 3601">
    <p class='ocr_par' dir='ltr' id='par_1_98' title="bbox 2119 3530 2723 3601">
     <span class='ocr_line' id='line_1_98' title="bbox 2119 3530 2723 3601; baseline 0 -15"><span class='ocrx_word' id='word_1_708' title='bbox 2119 3545 2237 3601; x_wconf 90' lang='lat' dir='ltr'><strong>cap.</strong></span> <span class='ocrx_word' id='word_1_709' title='bbox 2299 3533 2350 3586; x_wconf 84' lang='grc'>5.</span> <span class='ocrx_word' id='word_1_710' title='bbox 2408 3546 2527 3600; x_wconf 81' lang='lat' dir='ltr'><strong>pag.</strong></span> <span class='ocrx_word' id='word_1_711' title='bbox 2572 3530 2723 3599; x_wconf 75' lang='lat'><strong>559).</strong></span> 
     </span>
    </p>
   </div>
   <div class='ocr_carea' id='block_1_99' title="bbox 3780 3576 3795 3621">
    <p class='ocr_par' dir='ltr' id='par_1_99' title="bbox 3780 3576 3795 3621">
     <span class='ocr_line' id='line_1_99' title="bbox 3780 3576 3795 3621; baseline 0 0"><span class='ocrx_word' id='word_1_712' title='bbox 3780 3576 3795 3621; x_wconf 75' lang='grc' dir='ltr'><strong>ι</strong></span> 
     </span>
    </p>
   </div>
   <div class='ocr_carea' id='block_1_100' title="bbox 2197 3618 3799 3695">
    <p class='ocr_par' dir='ltr' id='par_1_100' title="bbox 2197 3618 3799 3695">
     <span class='ocr_line' id='line_1_100' title="bbox 2197 3618 3799 3695; baseline -0.005 -18"><span class='ocrx_word' id='word_1_713' title='bbox 2197 3624 2271 3677; x_wconf 89' lang='lat' dir='ltr'><strong>De</strong></span> <span class='ocrx_word' id='word_1_714' title='bbox 2312 3623 2418 3677; x_wconf 83' lang='lat' dir='ltr'><strong>illis</strong></span> <span class='ocrx_word' id='word_1_715' title='bbox 2449 3633 2626 3676; x_wconf 86' lang='lat' dir='ltr'><strong>autem</strong></span> <span class='ocrx_word' id='word_1_716' title='bbox 2672 3623 2812 3687; x_wconf 86' lang='lat' dir='ltr'><strong>diis,</strong></span> <span class='ocrx_word' id='word_1_717' title='bbox 2863 3621 2953 3692; x_wconf 86' lang='lat' dir='ltr'><strong>qui</strong></span> <span class='ocrx_word' id='word_1_718' title='bbox 2985 3622 3204 3677; x_wconf 87' lang='lat' dir='ltr'><strong>leonum</strong></span> <span class='ocrx_word' id='word_1_719' title='bbox 3249 3634 3553 3690; x_wconf 83' lang='lat' dir='ltr'><strong>canumque</strong></span> <span class='ocrx_word' id='word_1_720' title='bbox 3598 3618 3699 3673; x_wconf 85' lang='lat' dir='ltr'><strong>vul-</strong></span> 
     </span>
    </p>
   </div>
   <div class='ocr_carea' id='block_1_101' title="bbox 2122 3710 3706 3787">
    <p class='ocr_par' dir='ltr' id='par_1_101' title="bbox 2122 3710 3706 3787">
     <span class='ocr_line' id='line_1_101' title="bbox 2122 3710 3706 3787; baseline -0.006 -15"><span class='ocrx_word' id='word_1_721' title='bbox 2122 3725 2212 3772; x_wconf 90' lang='lat' dir='ltr'><strong>tus</strong></span> <span class='ocrx_word' id='word_1_722' title='bbox 2266 3732 2375 3787; x_wconf 79' lang='lat' dir='ltr'><strong>prae</strong></span> <span class='ocrx_word' id='word_1_723' title='bbox 2423 3731 2483 3771; x_wconf 87' lang='lat' dir='ltr'><strong>se</strong></span> <span class='ocrx_word' id='word_1_724' title='bbox 2531 3715 2806 3780; x_wconf 81' lang='lat' dir='ltr'><strong>ferebant,</strong></span> <span class='ocrx_word' id='word_1_725' title='bbox 2851 3725 3011 3785; x_wconf 91' lang='lat' dir='ltr'><strong>atque</strong></span> <span class='ocrx_word' id='word_1_726' title='bbox 3061 3716 3184 3770; x_wconf 91' lang='lat' dir='ltr'><strong>aliis</strong></span> <span class='ocrx_word' id='word_1_727' title='bbox 3236 3714 3552 3769; x_wconf 90' lang='lat' dir='ltr'><strong>tnonstrosis</strong></span> <span class='ocrx_word' id='word_1_728' title='bbox 3588 3710 3706 3766; x_wconf 53' lang='lat' dir='ltr'><strong>dvo.</strong></span> 
     </span>
    </p>
   </div>
   <div class='ocr_carea' id='block_1_102' title="bbox 2124 3801 3708 3878">
    <p class='ocr_par' dir='ltr' id='par_1_102' title="bbox 2124 3801 3708 3878">
     <span class='ocr_line' id='line_1_102' title="bbox 2124 3801 3708 3878; baseline -0.006 -16"><span class='ocrx_word' id='word_1_729' title='bbox 2124 3824 2242 3863; x_wconf 90' lang='lat' dir='ltr'><strong>rum</strong></span> <span class='ocrx_word' id='word_1_730' title='bbox 2277 3808 2458 3878; x_wconf 88' lang='lat' dir='ltr'><strong>liguris</strong></span> <span class='ocrx_word' id='word_1_731' title='bbox 2485 3849 2500 3872; x_wconf 99' lang='lat'><strong>,</strong></span> <span class='ocrx_word' id='word_1_732' title='bbox 2557 3807 2696 3861; x_wconf 90' lang='lat' dir='ltr'><strong>haud</strong></span> <span class='ocrx_word' id='word_1_733' title='bbox 2743 3805 3055 3876; x_wconf 79' lang='lat' dir='ltr'><strong>infrequens</strong></span> <span class='ocrx_word' id='word_1_734' title='bbox 3102 3821 3133 3860; x_wconf 87' lang='lat' dir='ltr'><strong>a</strong></span> <span class='ocrx_word' id='word_1_735' title='bbox 3162 3806 3329 3861; x_wconf 90' lang='lat' dir='ltr'><strong>variis</strong></span> <span class='ocrx_word' id='word_1_736' title='bbox 3373 3801 3708 3872; x_wconf 87' lang='lat' dir='ltr'><strong>scriptoribus</strong></span> 
     </span>
    </p>
   </div>
   <div class='ocr_carea' id='block_1_103' title="bbox 2127 3895 3710 3967">
    <p class='ocr_par' dir='ltr' id='par_1_103' title="bbox 2127 3895 3710 3967">
     <span class='ocr_line' id='line_1_103' title="bbox 2127 3895 3710 3967; baseline -0.004 -11"><span class='ocrx_word' id='word_1_737' title='bbox 2127 3903 2330 3957; x_wconf 86' lang='lat' dir='ltr'><strong>mentio</strong></span> <span class='ocrx_word' id='word_1_738' title='bbox 2370 3901 2505 3956; x_wconf 76' lang='lat' dir='ltr'><strong>facta</strong></span> <span class='ocrx_word' id='word_1_739' title='bbox 2562 3911 2665 3955; x_wconf 90' lang='lat' dir='ltr'><strong>est.</strong></span> <span class='ocrx_word' id='word_1_740' title='bbox 2722 3899 2907 3956; x_wconf 81' lang='lat' dir='ltr'><strong>Primo</strong></span> <span class='ocrx_word' id='word_1_741' title='bbox 2947 3900 3148 3956; x_wconf 90' lang='lat' dir='ltr'><strong>etenim</strong></span> <span class='ocrx_word' id='word_1_742' title='bbox 3218 3900 3333 3955; x_wconf 71' lang='lat' dir='ltr'><strong>haec</strong></span> <span class='ocrx_word' id='word_1_743' title='bbox 3372 3897 3506 3967; x_wconf 86' lang='lat' dir='ltr'><strong>apud</strong></span> <span class='ocrx_word' id='word_1_744' title='bbox 3545 3895 3710 3950; x_wconf 78' lang='lat' dir='ltr'><strong>Euse-</strong></span> 
     </span>
    </p>
   </div>
   <div class='ocr_carea' id='block_1_104' title="bbox 3790 3836 3801 3887">
    <p class='ocr_par' dir='ltr' id='par_1_104' title="bbox 3790 3836 3801 3887">
     <span class='ocr_line' id='line_1_104' title="bbox 3790 3836 3801 3887; baseline 0 0"><span class='ocrx_word' id='word_1_745' title='bbox 3790 3836 3801 3887; x_wconf 82' lang='grc' dir='ltr'><strong>ι</strong></span> 
     </span>
    </p>
   </div>
   <div class='ocr_carea' id='block_1_105' title="bbox 2128 3988 3803 4067">
    <p class='ocr_par' dir='ltr' id='par_1_105' title="bbox 2128 3988 3803 4067">
     <span class='ocr_line' id='line_1_105' title="bbox 2128 3988 3803 4067; baseline -0.005 -18"><span class='ocrx_word' id='word_1_746' title='bbox 2128 3994 2273 4049; x_wconf 90' lang='lat' dir='ltr'><strong>bium</strong></span> <span class='ocrx_word' id='word_1_747' title='bbox 2314 4010 2343 4048; x_wconf 92' lang='lat' dir='ltr'><strong>a</strong></span> <span class='ocrx_word' id='word_1_748' title='bbox 2390 3993 2690 4067; x_wconf 84' lang='lat' dir='ltr'><strong>Porpltyrio</strong></span> <span class='ocrx_word' id='word_1_749' title='bbox 2741 3994 2935 4049; x_wconf 88' lang='lat' dir='ltr'><strong>tradita</strong></span> <span class='ocrx_word' id='word_1_750' title='bbox 2986 3994 3252 4063; x_wconf 81' lang='lat' dir='ltr'><strong>legimus:</strong></span> <span class='ocrx_word' id='word_1_751' title='bbox 3291 4012 3312 4045; x_wconf 86' lang='lat' dir='ltr'><strong>s</strong></span> <span class='ocrx_word' id='word_1_752' title='bbox 3364 3990 3423 4047; x_wconf 86' lang='lat' dir='ltr'><strong>ln</strong></span> <span class='ocrx_word' id='word_1_753' title='bbox 3464 3988 3709 4060; x_wconf 75' lang='lat' dir='ltr'><strong>eiliagcn-</strong></span> <span class='ocrx_word' id='word_1_754' title='bbox 3788 3988 3803 4041; x_wconf 70' lang='lat' dir='ltr'><strong>l</strong></span> 
     </span>
    </p>
   </div>
   <div class='ocr_carea' id='block_1_106' title="bbox 2125 4079 3707 4154">
    <p class='ocr_par' dir='ltr' id='par_1_106' title="bbox 2125 4079 3707 4154">
     <span class='ocr_line' id='line_1_106' title="bbox 2125 4079 3707 4154; baseline -0.006 -14"><span class='ocrx_word' id='word_1_755' title='bbox 2125 4084 2210 4140; x_wconf 89' lang='lat' dir='ltr'><strong>dis</strong></span> <span class='ocrx_word' id='word_1_756' title='bbox 2257 4086 2535 4140; x_wconf 92' lang='lat' dir='ltr'><strong>numinum</strong></span> <span class='ocrx_word' id='word_1_757' title='bbox 2585 4085 2909 4148; x_wconf 88' lang='lat' dir='ltr'><strong>simulacris,</strong></span> <span class='ocrx_word' id='word_1_758' title='bbox 2968 4084 3114 4139; x_wconf 89' lang='lat' dir='ltr'><strong>omni</strong></span> <span class='ocrx_word' id='word_1_759' title='bbox 3172 4098 3374 4154; x_wconf 86' lang='lat' dir='ltr'><strong>genere</strong></span> <span class='ocrx_word' id='word_1_760' title='bbox 3420 4079 3707 4137; x_wconf 82' lang='lat' dir='ltr'><strong>animalium</strong></span> 
     </span>
    </p>
   </div>
   <div class='ocr_carea' id='block_1_107' title="bbox 2127 4171 3709 4244">
    <p class='ocr_par' dir='ltr' id='par_1_107' title="bbox 2127 4171 3709 4244">
     <span class='ocr_line' id='line_1_107' title="bbox 2127 4171 3709 4244; baseline -0.005 -12"><span class='ocrx_word' id='word_1_761' title='bbox 2127 4179 2248 4242; x_wconf 90' lang='lat' dir='ltr'><strong>usi,</strong></span> <span class='ocrx_word' id='word_1_762' title='bbox 2323 4177 2465 4233; x_wconf 80' lang='lat' dir='ltr'><strong>feras</strong></span> <span class='ocrx_word' id='word_1_763' title='bbox 2524 4176 2815 4244; x_wconf 84' lang='lat' dir='ltr'><strong>aliquando</strong></span> <span class='ocrx_word' id='word_1_764' title='bbox 2896 4191 3020 4231; x_wconf 92' lang='lat' dir='ltr'><strong>cum</strong></span> <span class='ocrx_word' id='word_1_765' title='bbox 3098 4176 3409 4230; x_wconf 87' lang='lat' dir='ltr'><strong>hominibus</strong></span> <span class='ocrx_word' id='word_1_766' title='bbox 3462 4189 3568 4229; x_wconf 83' lang='lat' dir='ltr'><strong>una</strong></span> <span class='ocrx_word' id='word_1_767' title='bbox 3624 4171 3709 4226; x_wconf 83' lang='lat' dir='ltr'><strong>mi-</strong></span> 
     </span>
    </p>
   </div>
   <div class='ocr_carea' id='block_1_108' title="bbox 2127 4265 3705 4339">
    <p class='ocr_par' dir='ltr' id='par_1_108' title="bbox 2127 4265 3705 4339">
     <span class='ocr_line' id='line_1_108' title="bbox 2127 4265 3705 4339; baseline -0.005 -15"><span class='ocrx_word' id='word_1_768' title='bbox 2127 4284 2364 4334; x_wconf 87' lang='lat' dir='ltr'><strong>scuere,</strong></span> <span class='ocrx_word' id='word_1_769' title='bbox 2454 4268 2744 4339; x_wconf 86' lang='lat' dir='ltr'><strong>aliquando</strong></span> <span class='ocrx_word' id='word_1_770' title='bbox 2806 4270 2983 4323; x_wconf 89' lang='lat' dir='ltr'><strong>avium</strong></span> <span class='ocrx_word' id='word_1_771' title='bbox 3069 4271 3379 4338; x_wconf 86' lang='lat' dir='ltr'><strong>pariterque</strong></span> <span class='ocrx_word' id='word_1_772' title='bbox 3458 4265 3705 4321; x_wconf 78' lang='lat' dir='ltr'><strong>hominum</strong></span> 
     </span>
    </p>
   </div>
   <div class='ocr_carea' id='block_1_109' title="bbox 2127 4362 3709 4433">
    <p class='ocr_par' dir='ltr' id='par_1_109' title="bbox 2127 4362 3709 4433">
     <span class='ocr_line' id='line_1_109' title="bbox 2127 4362 3709 4433; baseline -0.001 -17"><span class='ocrx_word' id='word_1_773' title='bbox 2127 4376 2355 4432; x_wconf 90' lang='lat' dir='ltr'><strong>corpora</strong></span> <span class='ocrx_word' id='word_1_774' title='bbox 2398 4363 2750 4431; x_wconf 74' lang='lat' dir='ltr'><strong>coniunxere.</strong></span> <span class='ocrx_word' id='word_1_775' title='bbox 2790 4382 2808 4412; x_wconf 74' lang='grc' dir='ltr'><strong>ι</strong></span> <span class='ocrx_word' id='word_1_776' title='bbox 2867 4370 3112 4417; x_wconf 75' lang='grc' dir='ltr'><strong>Εἴκασται</strong></span> <span class='ocrx_word' id='word_1_777' title='bbox 3161 4367 3247 4433; x_wconf 72' lang='grc' dir='ltr'><strong>γάρ</strong></span> <span class='ocrx_word' id='word_1_778' title='bbox 3296 4385 3375 4421; x_wconf 68' lang='grc' dir='ltr'><strong>τις</strong></span> <span class='ocrx_word' id='word_1_779' title='bbox 3426 4362 3542 4431; x_wconf 74' lang='grc' dir='ltr'><strong>παρ’</strong></span> <span class='ocrx_word' id='word_1_780' title='bbox 3568 4362 3709 4414; x_wconf 58' lang='lat' dir='ltr'><strong>stituit</strong></span> 
     </span>
    </p>
   </div>
   <div class='ocr_carea' id='block_1_110' title="bbox 2127 4456 3714 4526">
    <p class='ocr_par' dir='ltr' id='par_1_110' title="bbox 2127 4456 3714 4526">
     <span class='ocr_line' id='line_1_110' title="bbox 2127 4456 3714 4526; baseline -0.002 -18"><span class='ocrx_word' id='word_1_781' title='bbox 2127 4462 2272 4525; x_wconf 70' lang='grc' dir='ltr'>μίχρι</span> <span class='ocrx_word' id='word_1_782' title='bbox 2319 4462 2567 4526; x_wconf 57' lang='grc' dir='ltr'><strong>τραχήλου</strong></span> <span class='ocrx_word' id='word_1_783' title='bbox 2607 4457 2973 4524; x_wconf 57' lang='grc' dir='ltr'><strong>ἀνθρωποειδὴς,</strong></span> <span class='ocrx_word' id='word_1_784' title='bbox 3026 4465 3081 4511; x_wconf 72' lang='grc' dir='ltr'><strong>τὸ</strong></span> <span class='ocrx_word' id='word_1_785' title='bbox 3133 4459 3183 4508; x_wconf 78' lang='grc' dir='ltr'><strong>δὲ</strong></span> <span class='ocrx_word' id='word_1_786' title='bbox 3209 4457 3467 4526; x_wconf 59' lang='grc' dir='ltr'><strong>τρίτατον</strong></span> <span class='ocrx_word' id='word_1_787' title='bbox 3500 4456 3714 4513; x_wconf 62' lang='grc' dir='ltr'><strong>ὄρνεον.»μῆ</strong></span> 
     </span>
    </p>
   </div>
   <div class='ocr_carea' id='block_1_111' title="bbox 2129 4546 3715 4616">
    <p class='ocr_par' dir='ltr' id='par_1_111' title="bbox 2129 4546 3715 4616">
     <span class='ocr_line' id='line_1_111' title="bbox 2129 4546 3715 4616; baseline -0.001 -14"><span class='ocrx_word' id='word_1_788' title='bbox 2129 4556 2331 4612; x_wconf 75' lang='grc' dir='ltr'><strong>λέοντος,</strong></span> <span class='ocrx_word' id='word_1_789' title='bbox 2363 4554 2392 4607; x_wconf 76' lang='grc' dir='ltr'>ἢ</span> <span class='ocrx_word' id='word_1_790' title='bbox 2422 4548 2571 4601; x_wconf 75' lang='grc' dir='ltr'><strong>ἄλλον</strong></span> <span class='ocrx_word' id='word_1_791' title='bbox 2591 4556 2714 4608; x_wconf 76' lang='grc' dir='ltr'>τινὸς</span> <span class='ocrx_word' id='word_1_792' title='bbox 2734 4556 2856 4610; x_wconf 67' lang='grc' dir='ltr'><strong>ςώθυ</strong></span> <span class='ocrx_word' id='word_1_793' title='bbox 2877 4556 3175 4616; x_wconf 50' lang='lat' dir='ltr'><strong>nymphae.</strong></span> <span class='ocrx_word' id='word_1_794' title='bbox 3199 4551 3282 4602; x_wconf 69' lang='lat' dir='ltr'><strong>sisti</strong></span> <span class='ocrx_word' id='word_1_795' title='bbox 3304 4555 3451 4602; x_wconf 69' lang='grc' dir='ltr'><strong>πᾶλιν</strong></span> <span class='ocrx_word' id='word_1_796' title='bbox 3470 4546 3535 4601; x_wconf 75' lang='grc' dir='ltr'><strong>αὖ</strong></span> <span class='ocrx_word' id='word_1_797' title='bbox 3557 4553 3715 4614; x_wconf 55' lang='lat' dir='ltr'><strong>apti!&quot;</strong></span> 
     </span>
    </p>
   </div>
   <div class='ocr_carea' id='block_1_112' title="bbox 2048 4644 3719 4710">
    <p class='ocr_par' dir='ltr' id='par_1_112' title="bbox 2048 4644 3719 4710">
     <span class='ocr_line' id='line_1_112' title="bbox 2048 4644 3719 4710; baseline -0.002 -18"><span class='ocrx_word' id='word_1_798' title='bbox 2048 4644 2103 4705; x_wconf 83' lang='grc' dir='ltr'><strong>Ι)</strong></span> <span class='ocrx_word' id='word_1_799' title='bbox 2129 4644 2431 4710; x_wconf 76' lang='grc' dir='ltr'><strong>ἀνθρώπειος,</strong></span> <span class='ocrx_word' id='word_1_800' title='bbox 2463 4651 2547 4694; x_wconf 59' lang='grc' dir='ltr'><strong>καὶ</strong></span> <span class='ocrx_word' id='word_1_801' title='bbox 2573 4644 2725 4695; x_wconf 77' lang='grc' dir='ltr'>ἄλλων</span> <span class='ocrx_word' id='word_1_802' title='bbox 2743 4652 2882 4694; x_wconf 75' lang='grc' dir='ltr'><strong>τινῶν</strong></span> <span class='ocrx_word' id='word_1_803' title='bbox 2902 4649 3031 4704; x_wconf 75' lang='grc' dir='ltr'><strong>ζώων</strong></span> <span class='ocrx_word' id='word_1_804' title='bbox 3056 4649 3201 4710; x_wconf 70' lang='grc' dir='ltr'><strong>μέρη,</strong></span> <span class='ocrx_word' id='word_1_805' title='bbox 3226 4653 3295 4701; x_wconf 77' lang='grc' dir='ltr'><strong>πή</strong></span> <span class='ocrx_word' id='word_1_806' title='bbox 3325 4649 3414 4707; x_wconf 72' lang='grc' dir='ltr'><strong>μὶν</strong></span> <span class='ocrx_word' id='word_1_807' title='bbox 3435 4647 3719 4704; x_wconf 63' lang='grc' dir='ltr'><strong>ὓκςκιζωκ,</strong></span> 
     </span>
    </p>
   </div>
   <div class='ocr_carea' id='block_1_113' title="bbox 2128 4732 3712 4804">
    <p class='ocr_par' dir='ltr' id='par_1_113' title="bbox 2128 4732 3712 4804">
     <span class='ocr_line' id='line_1_113' title="bbox 2128 4732 3712 4804; baseline -0.004 -17"><span class='ocrx_word' id='word_1_808' title='bbox 2128 4744 2202 4793; x_wconf 62' lang='lat' dir='ltr'><strong>ora</strong></span> <span class='ocrx_word' id='word_1_809' title='bbox 2225 4738 2581 4801; x_wconf 57' lang='lat' dir='ltr'><strong>summam.</strong></span> <span class='ocrx_word' id='word_1_810' title='bbox 2613 4752 2632 4783; x_wconf 76' lang='grc' dir='ltr'><strong>ι</strong></span> <span class='ocrx_word' id='word_1_811' title='bbox 2673 4732 2869 4789; x_wconf 83' lang='lat' dir='ltr'><strong>Videas</strong></span> <span class='ocrx_word' id='word_1_812' title='bbox 2922 4733 3060 4801; x_wconf 88' lang='lat' dir='ltr'><strong>apud</strong></span> <span class='ocrx_word' id='word_1_813' title='bbox 3086 4734 3230 4804; x_wconf 88' lang='lat' dir='ltr'><strong>ipsos</strong></span> <span class='ocrx_word' id='word_1_814' title='bbox 3283 4734 3539 4802; x_wconf 80' lang='lat' dir='ltr'><strong>imagines</strong></span> <span class='ocrx_word' id='word_1_815' title='bbox 3558 4744 3712 4799; x_wconf 85' lang='lat' dir='ltr'><strong>quas-</strong></span> 
     </span>
    </p>
   </div>
   <div class='ocr_carea' id='block_1_114' title="bbox 2134 4826 3723 4895">
    <p class='ocr_par' dir='ltr' id='par_1_114' title="bbox 2134 4826 3723 4895">
     <span class='ocr_line' id='line_1_114' title="bbox 2134 4826 3723 4895; baseline -0.004 -13"><span class='ocrx_word' id='word_1_816' title='bbox 2134 4826 2258 4882; x_wconf 90' lang='lat' dir='ltr'><strong>dam</strong></span> <span class='ocrx_word' id='word_1_817' title='bbox 2291 4829 2503 4884; x_wconf 89' lang='lat' dir='ltr'><strong>cervice</strong></span> <span class='ocrx_word' id='word_1_818' title='bbox 2527 4836 2682 4882; x_wconf 87' lang='lat' dir='ltr'><strong>tenus</strong></span> <span class='ocrx_word' id='word_1_819' title='bbox 2719 4826 2951 4880; x_wconf 91' lang='lat' dir='ltr'><strong>humana</strong></span> <span class='ocrx_word' id='word_1_820' title='bbox 2982 4827 3192 4895; x_wconf 87' lang='lat' dir='ltr'><strong>specie,</strong></span> <span class='ocrx_word' id='word_1_821' title='bbox 3223 4827 3372 4880; x_wconf 78' lang='lat' dir='ltr'><strong>vultu</strong></span> <span class='ocrx_word' id='word_1_822' title='bbox 3400 4835 3577 4880; x_wconf 66' lang='lat' dir='ltr'><strong>autem</strong></span> <span class='ocrx_word' id='word_1_823' title='bbox 3614 4837 3723 4877; x_wconf 83' lang='lat' dir='ltr'><strong>mo-</strong></span> 
     </span>
    </p>
   </div>
   <div class='ocr_carea' id='block_1_115' title="bbox 2134 4915 3724 4989">
    <p class='ocr_par' dir='ltr' id='par_1_115' title="bbox 2134 4915 3724 4989">
     <span class='ocr_line' id='line_1_115' title="bbox 2134 4915 3724 4989; baseline -0.004 -14"><span class='ocrx_word' id='word_1_824' title='bbox 2134 4920 2207 4975; x_wconf 94' lang='lat' dir='ltr'><strong>do</strong></span> <span class='ocrx_word' id='word_1_825' title='bbox 2241 4920 2546 4984; x_wconf 68' lang='lat' dir='ltr'><strong>volucrem,</strong></span> <span class='ocrx_word' id='word_1_826' title='bbox 2588 4920 2750 4974; x_wconf 89' lang='lat' dir='ltr'><strong>modo</strong></span> <span class='ocrx_word' id='word_1_827' title='bbox 2803 4919 3044 4983; x_wconf 85' lang='lat' dir='ltr'><strong>lennem,</strong></span> <span class='ocrx_word' id='word_1_828' title='bbox 3072 4931 3160 4973; x_wconf 92' lang='lat' dir='ltr'><strong>aut</strong></span> <span class='ocrx_word' id='word_1_829' title='bbox 3193 4917 3336 4973; x_wconf 89' lang='lat' dir='ltr'><strong>aliud</strong></span> <span class='ocrx_word' id='word_1_830' title='bbox 3366 4918 3598 4989; x_wconf 84' lang='lat' dir='ltr'><strong>quodvis</strong></span> <span class='ocrx_word' id='word_1_831' title='bbox 3622 4915 3724 4970; x_wconf 84' lang='lat' dir='ltr'><strong>ani-</strong></span> 
     </span>
    </p>
   </div>
   <div class='ocr_carea' id='block_1_116' title="bbox 2136 5009 3727 5082">
    <p class='ocr_par' dir='ltr' id='par_1_116' title="bbox 2136 5009 3727 5082">
     <span class='ocr_line' id='line_1_116' title="bbox 2136 5009 3727 5082; baseline -0.005 -12"><span class='ocrx_word' id='word_1_832' title='bbox 2136 5015 2243 5070; x_wconf 90' lang='lat' dir='ltr'><strong>mal</strong></span> <span class='ocrx_word' id='word_1_833' title='bbox 2283 5013 2617 5076; x_wconf 87' lang='lat' dir='ltr'><strong>rel‘erentes;</strong></span> <span class='ocrx_word' id='word_1_834' title='bbox 2649 5014 2889 5082; x_wconf 87' lang='lat' dir='ltr'><strong>a‘iasque</strong></span> <span class='ocrx_word' id='word_1_835' title='bbox 2922 5027 3134 5068; x_wconf 87' lang='lat' dir='ltr'><strong>rursum</strong></span> <span class='ocrx_word' id='word_1_836' title='bbox 3175 5012 3354 5079; x_wconf 86' lang='lat' dir='ltr'><strong>capite</strong></span> <span class='ocrx_word' id='word_1_837' title='bbox 3383 5012 3607 5082; x_wconf 87' lang='lat' dir='ltr'><strong>quidem</strong></span> <span class='ocrx_word' id='word_1_838' title='bbox 3644 5009 3727 5063; x_wconf 85' lang='lat' dir='ltr'><strong>lto-</strong></span> 
     </span>
    </p>
   </div>
   <div class='ocr_carea' id='block_1_117' title="bbox 2135 5103 3725 5176">
    <p class='ocr_par' dir='ltr' id='par_1_117' title="bbox 2135 5103 3725 5176">
     <span class='ocr_line' id='line_1_117' title="bbox 2135 5103 3725 5176; baseline -0.001 -14"><span class='ocrx_word' id='word_1_839' title='bbox 2135 5106 2343 5162; x_wconf 90' lang='lat' dir='ltr'><strong>minum</strong></span> <span class='ocrx_word' id='word_1_840' title='bbox 2392 5106 2631 5172; x_wconf 85' lang='lat' dir='ltr'><strong>similes,</strong></span> <span class='ocrx_word' id='word_1_841' title='bbox 2690 5106 2908 5176; x_wconf 87' lang='lat' dir='ltr'><strong>reliquis</strong></span> <span class='ocrx_word' id='word_1_842' title='bbox 2952 5119 3081 5160; x_wconf 86' lang='lat' dir='ltr'><strong>vero</strong></span> <span class='ocrx_word' id='word_1_843' title='bbox 3146 5106 3391 5174; x_wconf 87' lang='lat' dir='ltr'><strong>partibus</strong></span> <span class='ocrx_word' id='word_1_844' title='bbox 3460 5103 3725 5171; x_wconf 83' lang='lat' dir='ltr'><strong>corporis.</strong></span> 
     </span>
    </p>
   </div>
   <div class='ocr_carea' id='block_1_118' title="bbox 2136 5196 3731 5263">
    <p class='ocr_par' dir='ltr' id='par_1_118' title="bbox 2136 5196 3731 5263">
     <span class='ocr_line' id='line_1_118' title="bbox 2136 5196 3731 5263; baseline -0.006 -9"><span class='ocrx_word' id='word_1_845' title='bbox 2136 5199 2299 5254; x_wconf 91' lang='lat' dir='ltr'><strong>modo</strong></span> <span class='ocrx_word' id='word_1_846' title='bbox 2365 5197 2753 5263; x_wconf 82' lang='lat' dir='ltr'><strong>inferioribus,</strong></span> <span class='ocrx_word' id='word_1_847' title='bbox 2807 5196 2967 5252; x_wconf 91' lang='lat' dir='ltr'><strong>modo</strong></span> <span class='ocrx_word' id='word_1_848' title='bbox 3020 5196 3435 5263; x_wconf 82' lang='lat' dir='ltr'><strong>superioribus,</strong></span> <span class='ocrx_word' id='word_1_849' title='bbox 3516 5196 3731 5250; x_wconf 74' lang='lat' dir='ltr'><strong>aliorum</strong></span> 
     </span>
    </p>
   </div>
   <div class='ocr_carea' id='block_1_119' title="bbox 2132 5289 3733 5363">
    <p class='ocr_par' dir='ltr' id='par_1_119' title="bbox 2132 5289 3733 5363">
     <span class='ocr_line' id='line_1_119' title="bbox 2132 5289 3733 5363; baseline -0.006 -16"><span class='ocrx_word' id='word_1_850' title='bbox 2132 5291 2486 5347; x_wconf 87' lang='lat' dir='ltr'><strong>animantium</strong></span> <span class='ocrx_word' id='word_1_851' title='bbox 2511 5289 2736 5345; x_wconf 82' lang='lat' dir='ltr'><strong>formam</strong></span> <span class='ocrx_word' id='word_1_852' title='bbox 2764 5290 3111 5345; x_wconf 87' lang='lat' dir='ltr'><strong>ostendentes</strong></span> <span class='ocrx_word' id='word_1_853' title='bbox 3146 5310 3165 5342; x_wconf 71' lang='grc' dir='ltr'><strong>ι</strong></span> <span class='ocrx_word' id='word_1_854' title='bbox 3196 5290 3379 5363; x_wconf 78' lang='lat' dir='ltr'><strong>(Apud</strong></span> <span class='ocrx_word' id='word_1_855' title='bbox 3409 5289 3541 5345; x_wconf 74' lang='lat' dir='ltr'><strong>Eas.</strong></span> <span class='ocrx_word' id='word_1_856' title='bbox 3574 5289 3657 5343; x_wconf 82' lang='lat' dir='ltr'><strong>lib.</strong></span> <span class='ocrx_word' id='word_1_857' title='bbox 3686 5299 3733 5339; x_wconf 89' lang='lat' dir='ltr'><strong>tu</strong></span> 
     </span>
    </p>
   </div>
   <div class='ocr_carea' id='block_1_120' title="bbox 2133 5381 3733 5455">
    <p class='ocr_par' dir='ltr' id='par_1_120' title="bbox 2133 5381 3733 5455">
     <span class='ocr_line' id='line_1_120' title="bbox 2133 5381 3733 5455; baseline -0.004 -15"><span class='ocrx_word' id='word_1_858' title='bbox 2133 5383 2375 5455; x_wconf 75' lang='lat' dir='ltr'><strong>Prwpar.</strong></span> <span class='ocrx_word' id='word_1_859' title='bbox 2412 5382 2615 5455; x_wconf 83' lang='lat' dir='ltr'><strong>Evang.</strong></span> <span class='ocrx_word' id='word_1_860' title='bbox 2661 5398 2776 5452; x_wconf 90' lang='lat' dir='ltr'><strong>cap.</strong></span> <span class='ocrx_word' id='word_1_861' title='bbox 2821 5384 2877 5448; x_wconf 73' lang='lat'><strong>4,</strong></span> <span class='ocrx_word' id='word_1_862' title='bbox 2910 5396 3029 5451; x_wconf 88' lang='lat' dir='ltr'><strong>pag.</strong></span> <span class='ocrx_word' id='word_1_863' title='bbox 3063 5381 3172 5449; x_wconf 78' lang='lat'><strong>95).</strong></span> <span class='ocrx_word' id='word_1_864' title='bbox 3238 5382 3521 5436; x_wconf 79' lang='lat' dir='ltr'><strong>Mutuatus</strong></span> <span class='ocrx_word' id='word_1_865' title='bbox 3568 5387 3733 5435; x_wconf 77' lang='lat' dir='ltr'><strong>autem</strong></span> 
     </span>
    </p>
   </div>
   <div class='ocr_carea' id='block_1_121' title="bbox 2136 5474 3734 5547">
    <p class='ocr_par' dir='ltr' id='par_1_121' title="bbox 2136 5474 3734 5547">
     <span class='ocr_line' id='line_1_121' title="bbox 2136 5474 3734 5547; baseline -0.003 -15"><span class='ocrx_word' id='word_1_866' title='bbox 2136 5477 2254 5532; x_wconf 63' lang='lat' dir='ltr'><strong>haec</strong></span> <span class='ocrx_word' id='word_1_867' title='bbox 2287 5476 2491 5540; x_wconf 77' lang='lat' dir='ltr'><strong>fuerat,</strong></span> <span class='ocrx_word' id='word_1_868' title='bbox 2519 5492 2585 5530; x_wconf 79' lang='lat' dir='ltr'><strong>ex</strong></span> <span class='ocrx_word' id='word_1_869' title='bbox 2604 5484 2800 5547; x_wconf 88' lang='lat' dir='ltr'><strong>quarto</strong></span> <span class='ocrx_word' id='word_1_870' title='bbox 2828 5474 3110 5545; x_wconf 84' lang='lat' dir='ltr'><strong>Porphyrii</strong></span> <span class='ocrx_word' id='word_1_871' title='bbox 3153 5479 3262 5545; x_wconf 77' lang='grc' dir='ltr'><strong>περὶ</strong></span> <span class='ocrx_word' id='word_1_872' title='bbox 3320 5482 3504 5542; x_wconf 51' lang='lat' dir='ltr'><strong>inore;</strong></span> <span class='ocrx_word' id='word_1_873' title='bbox 3533 5478 3734 5542; x_wconf 62' lang='grc' dir='ltr'><strong>ιμψύκυτ</strong></span> 
     </span>
    </p>
   </div>
   <div class='ocr_carea' id='block_1_122' title="bbox 2138 5562 3737 5634">
    <p class='ocr_par' dir='ltr' id='par_1_122' title="bbox 2138 5562 3737 5634">
     <span class='ocr_line' id='line_1_122' title="bbox 2138 5562 3737 5634; baseline -0.006 -11"><span class='ocrx_word' id='word_1_874' title='bbox 2138 5568 2279 5623; x_wconf 87' lang='lat' dir='ltr'><strong>libro</strong></span> <span class='ocrx_word' id='word_1_875' title='bbox 2325 5577 2380 5621; x_wconf 80' lang='lat' dir='ltr'><strong>ct</strong></span> <span class='ocrx_word' id='word_1_876' title='bbox 2449 5568 2571 5622; x_wconf 89' lang='lat' dir='ltr'><strong>inde</strong></span> <span class='ocrx_word' id='word_1_877' title='bbox 2623 5567 2882 5622; x_wconf 86' lang='lat' dir='ltr'><strong>adversus</strong></span> <span class='ocrx_word' id='word_1_878' title='bbox 2959 5566 3208 5621; x_wconf 88' lang='lat' dir='ltr'><strong>ethnicos</strong></span> <span class='ocrx_word' id='word_1_879' title='bbox 3278 5565 3618 5634; x_wconf 78' lang='lat' dir='ltr'><strong>pugnando,</strong></span> <span class='ocrx_word' id='word_1_880' title='bbox 3669 5562 3737 5616; x_wconf 76' lang='lat' dir='ltr'><strong>itt-</strong></span> 
     </span>
    </p>
   </div>
   <div class='ocr_carea' id='block_1_123' title="bbox 3594 5664 3738 5717">
    <p class='ocr_par' dir='ltr' id='par_1_123' title="bbox 3594 5664 3738 5717">
     <span class='ocr_line' id='line_1_123' title="bbox 3594 5664 3738 5717; baseline -0.042 -8"><span class='ocrx_word' id='word_1_881' title='bbox 3594 5664 3738 5717; x_wconf 85' lang='lat' dir='ltr'><strong>atque</strong></span> 
     </span>
    </p>
   </div>
   <div class='ocr_carea' id='block_1_124' title="bbox 2138 5744 3736 5824">
    <p class='ocr_par' dir='ltr' id='par_1_124' title="bbox 2138 5744 3736 5824">
     <span class='ocr_line' id='line_1_124' title="bbox 2138 5744 3736 5824; baseline -0.007 -14"><span class='ocrx_word' id='word_1_882' title='bbox 2138 5754 2420 5820; x_wconf 80' lang='lat' dir='ltr'><strong>Minucius,</strong></span> <span class='ocrx_word' id='word_1_883' title='bbox 2452 5754 2613 5810; x_wconf 91' lang='lat' dir='ltr'><strong>telum</strong></span> <span class='ocrx_word' id='word_1_884' title='bbox 2639 5762 2914 5824; x_wconf 90' lang='lat' dir='ltr'><strong>retorquet</strong></span> <span class='ocrx_word' id='word_1_885' title='bbox 2942 5748 3233 5824; x_wconf 77' lang='lat' dir='ltr'><strong>(Porphyr.</strong></span> <span class='ocrx_word' id='word_1_886' title='bbox 3264 5750 3356 5806; x_wconf 86' lang='lat' dir='ltr'><strong>lib.</strong></span> <span class='ocrx_word' id='word_1_887' title='bbox 3377 5761 3594 5818; x_wconf 82' lang='lat' dir='ltr'><strong>tv,ante</strong></span> <span class='ocrx_word' id='word_1_888' title='bbox 3614 5744 3736 5804; x_wconf 71' lang='lat' dir='ltr'><strong>used.</strong></span> 
     </span>
    </p>
   </div>
   <div class='ocr_carea' id='block_1_125' title="bbox 2139 5656 3521 5722">
    <p class='ocr_par' dir='ltr' id='par_1_125' title="bbox 2139 5656 3521 5722">
     <span class='ocr_line' id='line_1_125' title="bbox 2139 5656 3521 5722; baseline -0.004 -6"><span class='ocrx_word' id='word_1_889' title='bbox 2139 5671 2338 5716; x_wconf 90' lang='lat' dir='ltr'><strong>tortum</strong></span> <span class='ocrx_word' id='word_1_890' title='bbox 2397 5661 2465 5715; x_wconf 91' lang='lat' dir='ltr'><strong>ab</strong></span> <span class='ocrx_word' id='word_1_891' title='bbox 2533 5662 2612 5716; x_wconf 90' lang='lat' dir='ltr'><strong>eis</strong></span> <span class='ocrx_word' id='word_1_892' title='bbox 2660 5668 2844 5715; x_wconf 87' lang='lat' dir='ltr'><strong>contra</strong></span> <span class='ocrx_word' id='word_1_893' title='bbox 2928 5658 3264 5714; x_wconf 84' lang='lat' dir='ltr'><strong>Christianos</strong></span> <span class='ocrx_word' id='word_1_894' title='bbox 3338 5656 3521 5722; x_wconf 85' lang='lat' dir='ltr'><strong>idem,</strong></span> 
     </span>
    </p>
   </div>
   <div class='ocr_carea' id='block_1_126' title="bbox 2138 5844 2465 5920">
    <p class='ocr_par' dir='ltr' id='par_1_126' title="bbox 2138 5844 2465 5920">
     <span class='ocr_line' id='line_1_126' title="bbox 2138 5844 2465 5920; baseline 0.003 -20"><span class='ocrx_word' id='word_1_895' title='bbox 2138 5861 2261 5920; x_wconf 86' lang='lat' dir='ltr'><strong>pag.</strong></span> <span class='ocrx_word' id='word_1_896' title='bbox 2316 5844 2465 5917; x_wconf 75' lang='lat'><strong>372).</strong></span> 
     </span>
    </p>
   </div>
  </div>
