3818 6282
77 272 196 330 515

1524 271 1997 329 DlSSERTATlO.

3294 278 3397 335 5M

155 389 235 442 At
262 385 634 443 Tertullianus
666 383 775 455 pari
805 384 965 441 etiam
995 382 1154 439 modo
1179 383 1441 439 adversus
1467 385 1688 440 eosdem
1720 391 1772 449 Α
1798 385 1922 440 deat
1951 384 2168 450 Cicero,
2199 387 2287 457 qui
2317 395 2512 456 quanta
2542 386 2702 443 fuerit
2730 402 2917 444 earum
2944 390 3181 461 gentium
3207 404 3401 461 super-

74 480 317 549 gcntiles
342 489 790 552 argumentatus,
822 478 997 534 eidem
1040 477 1245 532 auctori
1292 492 1476 534 imStro
1526 479 1694 533 facem

76 572 233 630 hisee
260 575 448 629 verbis
477 573 784 643 puelulerat
811 590 824 624 ε
865 589 883 621 ι
920 570 1027 628 Sed
1071 570 1146 625 illi
1177 570 1447 627 debebant
1472 572 1698 627 adorare

76 666 262 722 statim
297 666 535 721 biforme
572 678 812 727 numen;
854 666 979 734 quia
1008 672 1063 719 et
1105 665 1331 728 canino,
1384 674 1439 718 et
1482 663 1696 720 leonino

76 760 262 831 capite
290 759 645 823 eomntistos,
678 767 735 813 et
778 758 845 813 de
888 772 1084 828 capro,
1127 765 1184 812 et
1209 754 1279 811 de
1305 755 1474 811 ariete
1501 771 1697 811 cornu-

82 860 211 918 tos,
242 861 301 907 et
327 868 360 905 a
384 850 582 906 lumbis
621 851 835 917 hircos,
877 858 933 904 et
957 864 988 903 a
1018 848 1263 904 cruribus
1301 858 1611 917 serpentes,
1644 858 1699 904 et

89 945 289 1015 planta
329 945 416 1001 vel
456 955 598 1014 tergo
631 941 788 997 alites
829 940 964 996 deos
1016 950 1334 1011 receperunt
1364 959 1384 994 ι
1418 939 1438 1011 (
1467 939 1694 995 Tertull.

91 1038 335 1108 Apolog.
366 1052 483 1107 cap.
515 1034 637 1104 16).
698 1032 769 1087 Et
805 1032 914 1087 alio
942 1048 1131 1088 rursus
1177 1034 1231 1087 iu
1282 1032 1420 1087 libro
1465 1051 1477 1085 :
1511 1049 1531 1083 ι
1563 1032 1699 1087 Sunt

94 1143 277 1200 penes
305 1145 426 1195 vos,
452 1128 670 1199 gentiles
709 1126 962 1180 nimirum
982 1167 997 1192 ,
1048 1135 1102 1178 et
1139 1123 1363 1195 caprino
1393 1124 1601 1192 capite,
1645 1130 1701 1177 et

92 1222 353 1292 leonino,
381 1234 434 1279 et
454 1222 521 1278 de
545 1223 712 1284 bove,
743 1229 800 1276 et
823 1221 1026 1286 ariete,
1073 1229 1130 1276 et
1171 1222 1318 1275 hirco
1344 1220 1548 1291 caprini
1586 1219 1697 1288 dii,

92 1332 428 1389 caprigenm,
456 1316 542 1372 vel
578 1315 836 1387 anguini,
883 1324 940 1370 et
966 1316 1124 1370 alites
1166 1315 1381 1384 planta,
1424 1313 1603 1370 fronte
1644 1323 1700 1370 et

99 1421 239 1482 tergo
274 1428 295 1462 ι
323 1409 525 1478 (Idem,
554 1410 650 1464 lib.
674 1425 695 1464 1
714 1409 785 1461 ad
807 1407 1026 1462 Ναιὶοη.
1057 1422 1177 1476 cap.
1206 1405 1318 1477 14).

162 1502 290 1571 Qua
327 1502 548 1574 quidem
586 1500 896 1557 conﬁrmari
937 1499 1114 1554 adhuc
1144 1507 1370 1569 possunt
1394 1513 1515 1554 eum
1558 1498 1692 1552 alio-

96 1613 237 1661 rum,
286 1608 405 1650 tum
432 1596 666 1650 maxime
706 1594 791 1648 bis
822 1592 1155 1662 totidemque
1183 1592 1438 1647 Macrohii
1466 1590 1647 1646 verbis
1680 1608 1694 1645 :

104 1707 126 1745 ι
158 1690 339 1746 Eidem
367 1689 606 1761 Aigypto
635 1688 892 1758 adjacens
928 1687 1156 1752 civitas,
1198 1702 1320 1756 qua:
1360 1686 1695 1741 conditorem

1801 479 1947 533 stitio
1969 520 1984 545 ,
2024 480 2207 548 paucis
2238 480 2318 533 his
2344 479 2591 534 edisserit
2616 482 2794 536 verbis
2827 499 2840 535 :
2875 501 2894 533 ι
2948 484 3117 537 Omne
3159 482 3272 538 fere
3301 483 3399 538 be.

1799 574 2020 626 stiarum
2052 589 2222 644 genus
2252 573 2487 646 [Egyptii
2512 586 2966 632 consecraverunt
2997 596 3015 629 ι
3038 576 3059 650 (
3081 579 3192 634 Cic.
3223 577 3315 633 lib.
3344 591 3401 632 ιιι

1800 664 1864 717 de
1890 663 2081 719 Natur.
2128 666 2282 720 Deor.
2315 682 2432 737 pag.
2463 667 2591 733 245,
2628 669 2724 722 lin.
2758 670 2864 735 25;
2898 669 3056 736 lbid.,
3087 670 3177 725 lib.
3208 685 3247 729 ι,
3278 684 3399 740 pug.

1799 754 1903 810 207
1925 797 1939 821 ,
1975 757 2069 811 lin.
2104 758 2211 828 18).
2274 758 2356 813 Eo
2383 768 2562 814 autem
2598 775 2766 831 usque
2793 760 2932 816 hanc
2965 762 3403 832 superstitionem

1801 853 2133 920 processisse
2160 853 2284 908 alibi
2313 866 2611 921 meruerat,
2643 867 2699 909 ut
2725 870 2793 910 ne
2819 855 2977 910 fando
2998 854 3213 926 quidem
3254 853 3406 909 audi-

1803 953 1913 997 tum
1956 949 2026 999 sit
2054 947 2382 1000 crocodilum
2427 957 2517 1001 aut
2546 947 2699 1014 ibim,
2728 960 2819 1003 aut
2859 948 3016 1003 l'elem
3047 949 3115 1004 ab
3143 949 3207 1005 iis
3233 948 3403 1004 viola-

1803 1041 1933 1088 tum.
1984 1036 2121 1102 Quin
2156 1038 2320 1093 immo
2354 1055 2366 1092 :
2412 1056 2430 1089 ι
2482 1038 2721 1107 Quorum
2752 1042 2913 1095 etiam
2959 1043 3002 1096 si
3036 1041 3406 1111 imprudentes

1801 1127 2071 1197 quidpiam
2103 1150 2121 1181 ι
2152 1143 2208 1184 ιιι
2232 1131 2323 1185 ille
2349 1132 2454 1185 alio
2482 1132 2534 1185 iu
2563 1131 2700 1186 libro
2726 1135 2828 1202 ait,
2862 1153 2881 1186 ‹
2912 1133 3160 1202 fecerint,
3189 1149 3403 1205 ptenam

1802 1220 2000 1274 nullam
2050 1233 2302 1279 recusant
2337 1245 2357 1277 ι
2394 1226 2539 1300 (lib.
2570 1244 2604 1282 v
2635 1227 2788 1282 Tusc.
2824 1243 2943 1298 pag.
2982 1229 3113 1291 189.
3159 1230 3253 1285 lin.
3283 1228 3402 1301 25).

1803 1311 1880 1368 De
1925 1313 2033 1369 Hac
2088 1332 2248 1385 porro
2297 1320 2506 1375 violatae
2576 1321 2801 1391 pecudis
2852 1336 3008 1391 ptena
3067 1337 3172 1379 non
3230 1326 3407 1379 minus

1802 1407 2084 1475 perSpicue
2107 1409 2410 1466 Herodotus
2440 1430 2454 1466 :
2492 1431 2511 1464 ι
2545 1413 2809 1481 Quarum,
2842 1415 3041 1484 inquit,
3072 1415 3364 1471 bestiarum
3386 1457 3403 1484 ,

1810 1518 1828 1549 ι
1862 1498 1908 1553 si
1935 1517 2091 1570 quam
2124 1503 2245 1572 quis
2269 1506 2561 1567 necaverit,
2590 1506 2635 1559 si
2659 1505 2863 1570 Volens,
2890 1516 3064 1562 morte
3090 1507 3404 1575 mulctatur,

1803 1592 1848 1645 si
1872 1594 2094 1660 nolens,
2128 1596 2376 1664 plectitur
2402 1613 2463 1650 ea
2493 1598 2688 1652 mulcta
2710 1640 2724 1664 ,
2756 1615 2915 1670 quam
2958 1603 3269 1657 Sacerdotes
3294 1610 3407 1657 sta-

1804 1686 2002 1741 tuerint
2036 1704 2058 1738 ›
2096 1686 2375 1750 (llerodot.
2418 1690 2511 1744 lib.
2546 1706 2616 1752 ιι.
2645 1690 2673 1761 §
2699 1690 2814 1762 65).
2851 1692 3210 1748 'l'ertullianus
3242 1709 3404 1762 vero,

112 1783 454 1841 Alexandrum
479 1780 829 1836 Macedonem
858 1795 1111 1850 magnum
1139 1779 1422 1849 gloriatur.
1453 1777 1695 1848 Serapim
1728 1783 1774 1842 Β
1801 1774 1954 1844 cujus
1994 1780 2045 1831 in
2076 1779 2311 1849 vestigiis
2348 1793 2533 1835 auctor
2561 1792 2741 1837 noster
2781 1792 2927 1839 stare
2955 1784 3130 1839 adhuc
3160 1784 3402 1853 videtur,

114 1889 271 1949 atque
297 1877 410 1931 lsim
431 1874 579 1930 cultu
612 1888 749 1945 pene
769 1873 1009 1928 atlanitte
1034 1872 1402 1927 venerationis
1420 1872 1692 1927 observat.

108 1970 332 2026 Omnem
365 1978 532 2023 tamen
566 1967 712 2023 illam
745 1965 1147 2022 venerationem
1191 1965 1291 2020 soli
1337 1981 1397 2021 se
1423 1966 1523 2021 sub
1555 1966 1697 2019 illius

98 2065 315 2120 nomine
336 2071 559 2118 testatur
583 2059 933 2131 impendere:
965 2061 1051 2114 vel
1077 2059 1202 2114 dum
1232 2060 1520 2115 simulacro
1551 2060 1697 2115 trici~

98 2160 225 2231 pilis
258 2156 553 2212 animantis
574 2154 901 2226 adiungunt,
942 2153 1081 2222 quod
1122 2152 1372 2223 exprimit
1399 2154 1573 2209 medio
1601 2169 1696 2209 co-

101 2252 319 2322 demque
342 2250 584 2305 maximo
608 2252 785 2319 capite
816 2247 986 2301 leonis
1011 2245 1263 2317 efﬁgiem,
1292 2248 1514 2302 dextera
1545 2254 1698 2317 parte

102 2344 245 2400 canis
294 2343 545 2398 exoritur
592 2349 870 2396 mansueta
916 2339 1099 2409 Specie
1147 2338 1517 2393 blandientis:
1573 2354 1697 2409 pars

106 2453 228 2493 vero
257 2438 391 2492 laeva
418 2435 615 2493 cervici
636 2476 652 2501 ,
679 2435 887 2504 rapacis
915 2433 1028 2502 lupi
1064 2433 1239 2504 capite
1264 2432 1466 2496 ﬁnitur,
1499 2447 1700 2502 easque

96 2532 296 2589 fortnas
320 2530 631 2586 animalium
654 2529 819 2585 draco
847 2529 1121 2584 connectit
1151 2527 1424 2581 volumine
1454 2541 1571 2591 suo,
1602 2542 1696 2580 ca-

96 2623 213 2694 pite
259 2622 523 2678 redeunte
581 2620 649 2675 ad
704 2619 797 2675 Dei
863 2619 1175 2684 dexteram,
1224 2632 1329 2689 qua
1374 2618 1700 2687 conspicitur

84 2724 391 2773 monstrum
426 2734 447 2767 ι
478 2713 741 2784 (Macrob.
785 2712 879 2768 lib.
914 2728 929 2767 ι
966 2711 1232 2767 Saturnal.
1262 2726 1382 2780 cap.
1413 2710 1531 2780 20).

169 2810 267 2866 Sed
291 2818 592 2877 auctorem,
611 2809 655 2862 si
679 2808 875 2878 placet,
900 2820 1191 2875 sequamur
1209 2814 1453 2859 nostrum
1480 2822 1493 2858 :
1523 2803 1700 2859 «Non-

90 2915 220 2969 me,»
251 2901 453 2972 inquit,
488 2918 509 2952 ι
535 2907 594 2955 et
617 2899 770 2968 Apim
797 2896 991 2952 bovem
1017 2910 1137 2952 cum
1161 2894 1458 2967 Egyptiis,
1488 2905 1542 2951 et
1571 2893 1701 2950 ado-

86 2994 261 3061 ratis,
301 3005 357 3049 et
388 2991 630 3062 pascitis.
668 3010 689 3042 ι
722 2989 797 3045 De
826 2988 985 3058 hujus
1032 2987 1323 3058 prodigiosi
1372 2989 1607 3042 numinis
1646 2996 1703 3043 et

106 3097 250 3158 pastu
277 3095 334 3142 et
358 3085 543 3151 cultu,
572 3082 619 3138 si
662 3091 853 3137 testem
883 3096 1095 3152 quaeras
1116 3121 1132 3148 ,
1180 3080 1499 3136 Strabonem
1543 3081 1698 3135 inve—

1802 1866 1854 1922 id
1886 1870 1955 1925 de
1999 1870 2190 1927 iisdem
2232 1872 2500 1945 Egyptiis
2544 1875 2791 1944 perbibet
2823 1895 2836 1931 :
2871 1896 2889 1929 ‹
2928 1876 3097 1933 Nemo
3123 1894 3183 1934 se
3217 1878 3286 1934 ab
3314 1880 3402 1934 in-

1803 1962 1914 2017 vito
1956 1965 2060 2018 coli
2094 1967 2264 2031 volet,
2320 1983 2390 2022 ne
2445 1968 2605 2023 homo
2652 1968 2868 2039 quidem
2919 1988 2932 2024 :
2983 1978 3143 2040 atque
3182 1970 3306 2026 ideo
3350 1980 3408 2028 et

1802 2055 2071 2128 Egyptiis
2116 2061 2373 2128 permissa
2416 2070 2502 2115 est
2547 2071 2651 2115 tam
2682 2076 2833 2116 vanae
2875 2061 3272 2133 superstitionis
3303 2078 3405 2133 po-

1804 2159 2005 2216 testas,
2062 2152 2250 2208 avibus
2306 2160 2363 2207 et
2412 2153 2599 2207 bestiis
2649 2154 3032 2210 consecrandis
3062 2195 3077 2217 ,
3123 2166 3175 2210 et
3230 2156 3407 2226 capite

1801 2242 2139 2312 damnandis,
2159 2246 2251 2316 qui
2275 2249 2508 2317 aliquem
2539 2248 2848 2318 hujusmodi
2868 2249 3029 2305 deum
3054 2249 3356 2307 occiderint
3382 2268 3402 2303 ι

1807 2334 2058 2406 (Tertull.
2092 2340 2310 2409 Apolog.
2340 2355 2458 2409 cap.
2492 2340 2588 2407 24,
2615 2356 2734 2411 pag.
2764 2338 2881 2411 26).

1877 2426 1988 2482 Nos
2020 2444 2146 2483 vero
2194 2431 2440 2484 nonnihil
2488 2432 2556 2486 de
2601 2432 2705 2486 hoc
2756 2431 2984 2487 ridiculo
3026 2430 3405 2504 ngyptiorum

1805 2520 1957 2576 cultu
1990 2522 2042 2575 in
2071 2524 2352 2591 superiore
2380 2525 2682 2592 Apparatus
2708 2526 2880 2579 nostri
2922 2534 3069 2579 tonio
3092 2525 3408 2595 perstrinxi-

1806 2631 1946 2670 mus.
1981 2613 2087 2670 Sed
2127 2614 2172 2669 si
2212 2613 2329 2669 haec
2376 2613 2469 2669 tibi
2515 2632 2622 2671 non
2674 2615 2977 2683 sufﬁciant,
3028 2618 3305 2672 mittemus
3334 2615 3403 2672 ad

1805 2707 2135 2763 Herodotum
2155 2750 2170 2774 ,
2202 2707 2493 2764 Diodorum
2521 2708 2756 2764 Siculum
2776 2748 2792 2775 ,
2842 2708 3194 2771 Strabonem,
3226 2707 3404 2765 [Elia-

1807 2817 1973 2869 num,
2006 2801 2098 2872 qui
2124 2800 2314 2857 vadem
2347 2815 2501 2855 suum
2533 2801 2877 2855 Plutarchum
2922 2800 3103 2867 dedit,
3144 2801 3405 2872 Cyrillum

1803 2893 2390 2965 Hierosolymitanum,
2452 2892 2838 2964 Hieronymum
2894 2904 2950 2948 et
3006 2892 3410 2951 Theodoretum

1804 2986 1983 3057 (Tom.
2014 3012 2028 3045 ι
2067 2988 2322 3056 Apparet.
2354 3001 2476 3056 pag.
2510 2985 2618 3040 496
2636 2997 2690 3039 et
2717 2984 2823 3041 636
2851 3000 2867 3051 ;
2901 2983 3163 3040 Herodot.
3203 2984 3298 3041 lib.
3332 3003 3409 3056 ιι,

1806 3078 1926 3149 §65
1967 3090 2021 3134 et
2066 3094 2244 3150 seqq.;
2301 3080 2525 3133 Diodor.
2576 3078 2740 3135 Sicul.
2789 3077 2883 3132 lib.
2933 3094 2951 3132 1
2997 3077 3241 3133 Bibliollt.
3289 3096 3408 3151 pag.

104 3179 231 3245 uies,
259 3177 351 3249 qui
382 3185 572 3232 narrat
597 3174 890 3243 Memphim
922 3188 1044 3229 esse
1069 3171 1443 3244 Egyptiorum
1472 3174 1695 3245 regiam,
1725 3174 1772 3239 C
1804 3172 1895 3238 52,
1925 3172 1992 3226 Si
2015 3181 2070 3226 et
2096 3187 2248 3242 seqq.
2276 3189 2291 3238 ;
2326 3172 2505 3228 Strab.
2532 3171 2626 3226 lib.
2656 3187 2785 3225 xvn.
2820 3169 3109 3243 Geogrupli.
3150 3186 3271 3242 pag.
3305 3170 3406 3226 811

103 3272 185 3326 ubi
230 3270 452 3342 Apidis,
498 3269 590 3340 qui
637 3269 779 3323 idern
823 3278 985 3338 atque
1032 3266 1238 3330 Osiris,
1271 3269 1526 3338 templum
1569 3268 1700 3323 solis

85 3376 203 3421 erat
232 3380 249 3418 ἒ
279 3363 386 3418 Καὶ
406 3373 487 3419 τὸν
504 3369 623 3433 βοῦν
647 3370 727 3418 τὸν
747 3368 945 3427 Metuis,
975 3368 1020 3415 ἰν
1047 3375 1174 3431 una!
1196 3386 1294 3417 τινι
1331 3371 1624 3434 τρεφόμενον,
1654 3370 1703 3424 ’ὸς

74 3460 203 3530 παρ’
231 3464 402 3518 αὐτοῖς
433 3459 698 3525 meapte-rat
738 3462 882 3521 Θεὸς,
923 3462 1082 3527 ὥσπερ
1106 3460 1188 3510 καὶ
1228 3466 1272 3511 ἐν
1300 3465 1532 3526 Μέμφειό
1555 3445 1698 3518 ἕως.

82 3572 103 3605 ι
140 3553 217 3608 Ει
240 3552 484 3608 Moerim
513 3551 734 3618 bovem,
761 3551 851 3620 qui
882 3549 935 3604 iu
968 3558 1125 3620 septo
1160 3551 1390 3621 quodam
1430 3553 1697 3619 nutritur,

74 3657 135 3701 et
162 3645 241 3700 ab
270 3644 373 3708 iis,
404 3642 845 3712 Heliopolitanis,
880 3657 976 3711 pro
1004 3642 1108 3698 deo
1148 3641 1407 3703 habetur.
1445 3644 1701 3714 quemad.

80 3736 311 3791 modum
350 3735 486 3804 Apis
509 3749 539 3788 a
575 3731 885 3802 Memphitis
923 3752 942 3786 ι
981 3732 1203 3805 (Strab.
1236 3734 1328 3789 lib.
1360 3751 1470 3789 xvn
1510 3734 1696 3807 GeOgr.

96 3845 153 3899 p.
173 3827 309 3893 803,
342 3836 399 3883 et
424 3826 628 3897 seqq).
665 3824 829 3880 Addit
868 3826 957 3882 ille
984 3826 1303 3895 quihusdam
1344 3828 1510 3897 signis
1537 3828 1705 3884 deno-

93 3928 197 3973 ιιι-ι
221 3920 346 3990 quis
369 3920 507 3973 altus
525 3960 538 3982 ,
566 3933 634 3972 eo
660 3916 917 3972 defuncto
936 3960 949 3982 ,
981 3917 1048 3971 ad
1078 3921 1474 3973 successionem
1506 3920 1574 3974 sit
1612 3937 1705 3984 ap.

97 4021 212 4068 tus.
238 4012 400 4067 Plura
433 4011 609 4066 adhuc
637 4011 684 4065 si
710 4011 867 4075 velis,
898 4009 986 4064 adi
1015 4010 1303 4065 Diodorum
1328 4011 1585 4079 Siculum,
1615 4013 1703 4083 qui

100 4115 291 4159 narrat
316 4103 476 4159 etiam
505 4101 781 4173 quomodo
812 4101 909 4156 hos
939 4100 1026 4156 ille
1051 4101 1182 4170 Apis
1218 4112 1337 4172 post
1367 4113 1593 4157 mortem
1621 4119 1704 4159 se-

104 4195 331 4266 pultum
354 4194 612 4259 mandari,
640 4200 799 4261 atque
826 4192 965 4248 alius
988 4191 1040 4246 in
1068 4192 1205 4246 illius
1223 4194 1476 4249 substiiui
1500 4194 1699 4262 locum,

112 4301 147 4340 a
172 4286 361 4356 quibus
384 4286 521 4356 pasci
540 4327 556 4347 ,
587 4292 751 4359 atque
776 4282 863 4339 ubi
891 4282 1187 4338 collocutus
1211 4285 1464 4341 honorari
1483 4286 1703 4342 soleret.

125 4379 294 4433 Adire
316 4389 547 4446 praeterea
577 4375 781 4447 poteris
804 4375 1155 4441 Herodotum,
1177 4375 1473 4445 Elianum,
1491 4377 1703 4444 Melan),

123 4469 475 4539 Porphyrium
498 4470 561 4524 ab
582 4470 820 4525 Eusebio
862 4470 1084 4524 citatum
1108 4509 1122 4533 ,
1156 4471 1468 4526 Ciceronem
1492 4512 1507 4537 ,
1550 4486 1614 4526 ac
1661 4471 1707 4525 si

1807 3280 1866 3325 et
1889 3283 2066 3339 seqq.;
2120 3267 2324 3323 A‘llian.
2358 3268 2455 3322 lib.
2489 3282 2523 3320 χ
2552 3268 2616 3320 de
2643 3266 2870 3322 Animal.
2915 3281 3036 3336 cap.
3083 3266 3169 3331 l5,
3219 3277 3272 3321 et
3316 3265 3410 3321 lib.

1806 3379 1946 3425 xvu,
1976 3378 2095 3430 cap.
2129 3362 2184 3425 5;
2244 3360 2432 3433 Cyrill.
2480 3360 2749 3416 llierosol.
2787 3358 3005 3431 .Catecli.
3060 3357 3130 3426 6,
3165 3373 3284 3429 pag.
3319 3359 3410 3426 6f;

1809 3458 2027 3513 Hieron.
2058 3457 2153 3511 lib.
2183 3472 2219 3510 ιι
2250 3456 2368 3509 adv.
2401 3454 2573 3509 Jovm.
2607 3471 2725 3524 pag.
2760 3454 2831 3510 59
2865 3469 2880 3519 ;
2910 3452 3118 3509 Theod.
3152 3452 3321 3508 Serm.
3354 3453 3410 3519 4,

1808 3552 1871 3604 de
1897 3548 2082 3621 Auget.
2108 3559 2156 3602 et
2181 3549 2427 3615 dromon,
2444 3563 2562 3618 pag.
2596 3543 2749 3616 521).
2780 3545 2934 3613 Quod
2949 3556 3130 3600 autem
3153 3544 3418 3601 Minucius

1808 3645 2027 3715 adjecit,
2083 3645 2180 3697 bas
2217 3640 2599 3714 Egyptiorum
2640 3641 3054 3709 superstitiones
3096 3655 3126 3691 a
3157 3638 3418 3695 Romanis

1814 3753 1919 3793 non
1952 3737 2338 3801 condemnari,
2369 3736 2546 3807 quivis
2575 3734 2730 3789 facile
2757 3732 3046 3794 concedet,
3081 3732 3172 3801 qui
3222 3734 3417 3790 memi-

1812 3832 1955 3887 nerit
1996 3832 2065 3885 ab
2103 3829 2183 3885 eis
2222 3838 2316 3884 aut
2363 3840 2680 3900 susceptas,
2733 3839 2825 3883 aut
2870 3828 3125 3883 toleratas
3175 3828 3415 3881 omnium

1810 3916 2034 3979 aliarum
2077 3925 2350 3995 gentium,
2400 3923 2744 3993 quantumvis
2792 3920 3056 3976 absurdos
3100 3918 3414 3988 religiones.

1812 4018 1945 4073 Nam
1994 4028 2049 4073 ut
2091 4023 2207 4087 ipse
2249 4015 2498 4072 Caecilius
2528 4015 2751 4070 aiebat:
2803 4031 2821 4065 t
2863 4013 2998 4068 Dum
3041 4012 3415 4066 universarum

1811 4110 2051 4183 gentium
2078 4124 2228 4165 sacra
2257 4109 2577 4177 suscipiunt,
2608 4107 2771 4161 etiam
2810 4120 2972 4176 regna
3006 4112 3337 4158 meruerunt.
3380 4122 3401 4156 ι

1886 4202 2052 4273 Magis
2094 4202 2270 4255 adhuc
2298 4201 2592 4254 absurdum
2626 4195 2753 4250 illud
2786 4205 2934 4261 erat,
2965 4193 3108 4264 quod
3139 4193 3416 4264 subjungit

1811 4294 2092 4357 Minucius,
2114 4290 2395 4362 Egyptios
2411 4304 2532 4344 cum
2564 4286 2835 4357 plerisque
2857 4285 3137 4350 Romanis,
3168 4284 3417 4341 timuisse

1816 4400 2070 4454 ceparum
2111 4385 2465 4445 acrimonias,
2498 4392 2552 4435 et
2583 4378 2785 4433 ventris
2826 4377 3102 4446 strepitus.
3133 4375 3215 4431 Ad
3253 4375 3305 4432 id
3339 4385 3420 4432 ta-

1820 4494 1944 4534 men
1975 4493 2080 4531 non
2106 4476 2283 4530 minus
2303 4515 2317 4540 ,
2347 4489 2506 4544 quam
2538 4472 2851 4542 superiora,
2883 4484 3069 4524 verum
3099 4479 3422 4539 certumque

117 4561 283 4625 velis,
312 4574 429 4630 quae
456 4560 504 4613 in
527 4561 692 4629 primo
720 4562 1023 4630 Apparatus
1052 4562 1229 4619 nostri,
1255 4572 1399 4617 toino
1424 4563 1662 4617 retulimt

1881 4576 1979 4627 isse
2006 4586 2070 4626 ex
2089 4569 2174 4624 his
2202 4568 2415 4624 discere
2440 4566 2640 4638 poteris
2666 4563 2941 4620 iuvenalis
2970 4561 3341 4619 carminibus:

114 4653 363 4722 (Diodor.
392 4652 546 4709 Sicul.
576 4653 669 4707 lib.
697 4669 715 4708 1
752 4652 1000 4708 Bibliolh.
1034 4670 1152 4725 pag.
1211 4654 1300 4720 55,
1332 4668 1387 4711 et
1416 4670 1595 4726 seqq.;
1616 4656 1721 4712 He-

110 4746 231 4802 rod.
260 4746 352 4803 lib.
371 4762 447 4812 tu,
480 4745 509 4818 §
537 4744 629 4809 27;
655 4744 784 4801 Eli.
805 4746 898 4801 lib.
918 4747 1027 4800 xde
1057 4746 1308 4812 Animal.,
1333 4763 1451 4817 cap.
1478 4746 1574 4806 ‘28:
1604 4748 1718 4804 Me-

118 4840 171 4895 la
205 4882 223 4905 ,
266 4843 328 4895 de
373 4843 458 4897 sit.
512 4840 640 4898 Urb.
688 4856 809 4911 cap.
863 4841 929 4908 9;
980 4840 1185 4896 Euseb.
1212 4842 1303 4896 lib.
1355 4857 1413 4896 ιιι
1475 4842 1717 4913 Ριαέραν.

114 4932 309 5008 Every.
348 4953 471 5008 cap.
508 4940 614 5007 15,
646 4954 767 5010 pag.
809 4935 1148 5004 ll'l;Cicer.
1182 4936 1274 4991 lib.
1309 4952 1326 4990 ι
1376 4934 1508 4990 Ναι.
1555 4935 1713 4991 Deor.

113 5044 227 5101 pag.
255 5031 381 5094 207;
414 5033 573 5088 Tom.
606 5049 624 5088 1
662 5032 910 5104 Apparet.
946 5048 1063 5103 pag.
1089 5030 1232 5087 1090
1278 5041 1332 5085 et
1359 5030 1562 5101 seqq.).

178 5122 436 5182 Romanis
481 5141 649 5197 porro
676 5125 938 5181 Minucius
978 5126 1109 5179 vitio
1149 5124 1471 5193 criminique
1514 5122 1712 5189 vertit,

118 5216 244 5286 quod
270 5233 376 5273 non
406 5218 588 5273 solum
629 5232 752 5272 cum
797 5216 1064 5288 {Egyptiis
1094 5215 1249 5286 Apim
1294 5215 1485 5270 bovem
1515 5212 1712 5269 adora-

114 5322 215 5366 rent
237 5354 253 5379 ,
281 5311 382 5368 sed
410 5327 477 5367 ea
510 5312 675 5366 etiam
718 5326 825 5365 non
863 5310 1350 5375 condemnassent,
1379 5322 1500 5376 quae
1540 5305 1616 5360 illi
1646 5305 1714 5361 de

112 5396 313 5471 belluis,
341 5403 565 5471 avibus,
596 5402 917 5471 erocodilis,
948 5418 1010 5459 ac
1037 5402 1380 5473 serpentibus
1413 5402 1481 5455 ita
1512 5400 1715 5455 consti—

96 5494 350 5562 lnerant;
392 5505 453 5551 ut
478 5497 525 5553 si
554 5495 681 5566 quis
714 5495 946 5565 aliquem
985 5512 1049 5552 ex
1077 5498 1157 5552 eis
1185 5494 1471 5551 occidisset
1491 5536 1506 5559 ,
1538 5492 1713 5562 capite

74 5590 404 5647 Duniretur.
427 5589 606 5658 Hujus
631 5587 786 5657 impii
813 5585 1182 5660 Egyptiorum
1217 5587 1381 5642 moris
1421 5587 1717 5656 scriptores

52 5679 249 5744 Quian)
279 5682 510 5756 plurimi
550 5680 887 5736 mentionem
933 5679 1198 5736 fecerunt.
1230 5676 1503 5746 Quosdam
1533 5684 1713 5732 autem

26 5767 139 5841 αα
172 5790 394 5851 magno
416 5774 650 5832 illorum
688 5784 916 5828 numero
941 5780 997 5828 ut
1022 5771 1330 5843 seligamus,
1358 5769 1564 5841 primus
1592 5784 1718 5839 pro-

1949 4687 2069 4745 Quis
2092 4687 2269 4746 nescit,
2295 4682 2463 4733 Volusi
2480 4682 2757 4746 Bithynice,
2781 4679 2945 4746 qualia
2964 4679 3175 4746 demens

1949 4743 2192 4819 (Εεγυιιιε
2215 4743 2440 4819 portenta
2462 4743 2626 4819 colat?
2664 4743 2954 4819 CrocOdilou
2966 4743 3146 4819 adorat

1948 4804 2068 4867 ra‘i-g
2083 4804 2318 4869 'btec,'i|la
2350 4816 2501 4872 pavet
2522 4816 2734 4858 saturam
2755 4806 3075 4872 serpentibus
3098 4804 3205 4854 Ibin
3233 4815 3246 4850 :

1943 4876 2148 4943 Elﬁgies
2172 4877 2294 4925 sacri
2309 4869 2441 4923 nitet
2462 4883 2615 4921 aurea
2637 4869 2994 4932 cercopitheci,

1945 5003 2018 5053 Illi
2040 4999 2298 5060 caeruleos,
2323 4999 2404 5048 hic
2428 4998 2612 5060 piscem
2637 4994 2869 5054 fluminis,
2895 4992 2993 5060 illic

1945 5065 2131 5129 Oppida
2155 5068 2255 5113 tota
2279 5054 2451 5110 canem
2479 5068 2792 5129 venerantur,
2818 5068 2964 5129 nemo
2986 5054 3206 5104 Dianam.

1943 5117 2150 5178 Portum
2172 5134 2224 5175 et
2246 5136 2373 5185 eepe
2398 5124 2539 5185 uetas
2561 5118 2759 5185 violare,
2780 5130 2835 5167 ac
2858 5117 3088 5185 frangere
3114 5129 3296 5185 morsu.

1942 5189 1982 5240 Ο
2005 5198 2199 5240 sanctas
2215 5179 2416 5250 gentes,
2440 5183 2623 5244 quibus
2643 5181 2747 5229 haec
2771 5188 3036 5231 nascuntur
3057 5183 3105 5230 in
3124 5179 3281 5231 hortis

1944 5252 2157 5305 Numina
2167 5252 2179 5302 !

2505 5305 2549 5368 (J
2560 5318 2727 5364 uven.,
2754 5306 2861 5356 Sal.
2889 5318 2972 5366 xv,
2990 5304 3124 5370 init.)

1821 5444 2027 5503 Similia
2057 5445 2295 5514 posthaec
2320 5453 2350 5493 a
2392 5433 2688 5493 Prudentio
2718 5433 2999 5490 decantata
3038 5437 3118 5491 sic
3148 5435 3378 5509 legimus
3403 5456 3418 5496 :

1944 5583 2200 5634 Venerem
2225 5578 2477 5640 precaris?
2500 5588 2817 5640 comprecare
2836 5582 2888 5626 et
2909 5573 3119 5625 simiam.

1945 5646 2123 5696 Placet
2145 5638 2368 5704 sacratus
2390 5641 2525 5704 aspis
2548 5638 2829 5704 Esculapii?

1944 5705 2203 5766 Crocodili,
2226 5702 2340 5760 ibis,
2367 5710 2420 5766 et
2436 5699 2586 5752 canes
2610 5715 2701 5766 cur
2721 5699 3019 5765 displicent?

1947 5771 2156 5834 Appone
2182 5764 2303 5819 toris
2316 5765 2578 5827 religiosas
2599 5764 2783 5827 arulas,
