3824 6282
438 273 548 343 515

562 402 821 452 Venerare
836 400 1069 450 acerbum
1091 408 1236 459 cepe,
1263 394 1466 459 mordax
1486 394 1675 443 allium.

504 466 760 529 (Prudent.
782 465 977 530 Hymno
992 460 1042 512 in
1064 452 1233 511 [tottot-1
1256 454 1412 509 sancti
1430 461 1590 519 Rom,
1615 468 1661 505 υ.
1686 454 1796 506 256.
1816 458 1863 505 et
1874 452 2036 518 seqq.)

440 574 776 641 Quapropter
799 568 1002 624 Plinius
1026 567 1096 622 de
1116 580 1249 634 cepe
1279 563 1419 619 haud
1445 562 1757 618 dubitanter
1782 559 1994 615 dixerat
2019 575 2035 613 :

444 665 685 718 «Allium
730 676 995 730 cepasque
1046 662 1183 715 inter
1210 658 1341 715 deos
1369 656 1423 711 in
1469 653 1824 726 jurejurando
1876 650 2043 707 habet

435 756 697 828 (Egyptus
732 774 753 808 ι
788 753 952 827 (Plitt.
983 754 1073 808 lib.
1101 768 1195 808 XIX
1229 750 1420 806 Natur.
1450 747 1587 805 Hist.
1620 763 1670 803 c.
1701 746 1764 811 6,
1796 760 1852 815 p.
1885 744 2036 815 593).

501 848 707 904 Causas
754 847 913 917 hujus
962 845 1202 901 ridiculae
1243 841 1644 906 venerationis,
1691 846 1747 894 et
1788 837 1961 892 cultus
1991 834 2038 889 si

433 942 697 1012 requiras,
749 938 1017 996 Plutarchi
1083 938 1262 993 verbis
1314 936 1564 991 dabimus
1615 950 1629 986 :
1681 940 1744 987 Οἱ
1795 935 1845 984 δὲ
1901 938 2041 999 asper;

431 1038 757 1105 ἀφοσιοῦνται,
792 1036 874 1088 καὶ
903 1037 1278 1101 δυσχεραίνουσι,
1308 1032 1392 1083 καὶ
1439 1037 1499 1082 τὸ
1540 1028 1777 1098 κρόμμυον
1822 1044 2041 1093 παραφυ-

432 1134 700 1193 λάττοντες,
727 1132 803 1183 ὅτι
829 1142 914 1189 τῆς
938 1133 1129 1188 σελήνης
1164 1129 1409 1193 φθινούσης
1440 1123 1601 1189 μόνον,
1635 1121 1872 1188 concptis
1895 1120 2037 1171 τοῦτο

434 1234 517 1279 καί
542 1225 793 1284 τεἿηλὲναι
814 1230 1031 1293 stipans.
1066 1228 1167 1276 ἔστι
1209 1222 1260 1272 δὲ
1299 1221 1553 1289 πρόσφορον
1592 1221 1696 1271 οὔτε
1735 1216 2035 1280 tit-laciniosa,

436 1324 542 1373 οὔτι
573 1323 889 1388 ἆορτᾶςθυσιγ
918 1320 1016 1376 τοῖς
1037 1324 1143 1380 μὲν,
1170 1320 1248 1368 ὅτι
1277 1316 1435 1381 διψῇν,
1454 1316 1553 1371 τοῖς
1596 1313 1645 1363 δὲ
1667 1349 1684 1376 ,
1718 1314 1793 1364 ὅτι
1824 1309 2039 1376 δακρύειν

434 1416 569 1469 ποιεῖ
608 1419 713 1474 τοὺς
743 1418 1159 1483 πρῡσφερρμὲνουσ.
1198 1426 1219 1460 ι
1245 1404 1568 1462 Sacerdotes
1594 1411 1912 1458 aversantur
1948 1414 2039 1455 ce-

435 1520 560 1573 pum
590 1514 644 1560 et
685 1515 919 1572 cavent,
945 1504 1071 1575 quia
1100 1502 1217 1556 haec
1254 1501 1368 1557 sola
1400 1499 1607 1569 planta,
1643 1497 1767 1551 luna
1814 1495 2035 1549 decres-

432 1607 613 1665 cente,
644 1597 843 1669 vigere,
875 1608 929 1652 et
957 1610 1155 1666 augere
1183 1594 1356 1659 solet;
1401 1600 1457 1647 et
1510 1602 1816 1660 cepc'usus
1862 1598 2041 1654 neque

434 1691 807 1744 castimoniam
836 1688 1212 1744 exercentibus
1239 1686 1556 1741 commodus
1583 1691 1685 1749 est,
1716 1695 1896 1751 neque
1917 1679 2040 1734 dies

441 1780 612 1836 festos
640 1782 1080 1847 celebrantibus;
1107 1780 1292 1835 alteris
1311 1822 1325 1847 ,
1361 1780 1486 1849 quia
1516 1777 1659 1833 sitim
1690 1786 1874 1839 creat;
1898 1773 2034 1827 alte-

434 1876 533 1940 ris,
561 1874 684 1945 quia
733 1875 999 1944 lacrymas
1040 1874 1187 1928 elicit
1220 1891 1238 1924 ι
1275 1871 1571 1945 (Plutarch.
1605 1870 1696 1924 lib.
1730 1868 1794 1922 de
1830 1865 1964 1921 Isid.
1997 1874 2045 1919 et

438 1966 575 2021 Osir.
610 1981 728 2037 pag.
773 1967 879 2023 855
909 1967 947 2035 ).
1003 1966 1240 2023 Priorem
1287 1964 1444 2019 istam
1486 1977 1705 2017 causam
1735 1975 1803 2017 ex
1849 1958 2043 2015 eodem

436 2059 727 2114 Plutarcho
753 2059 938 2115 retulit
986 2058 1203 2128 quidem
1235 2059 1303 2113 Δ.
1344 2056 1573 2121 Gellius,
1631 2054 1729 2109 sed
1763 2053 1815 2107 id
1862 2066 2044 2107 sacer-

437 2149 595 2207 d0tes
623 2149 903 2223 Egyptios
928 2151 999 2206 de
1024 2150 1311 2205 Pelusimis
1339 2148 1543 2203 dixisse
1569 2153 1843 2201 asseverat
1872 2143 2039 2215 (Gell.

440 2248 538 2303 lcib.
564 2264 632 2302 xx
685 2245 844 2301 Noct.
890 2246 1019 2300 Atti.
1048 2260 1170 2316 cap.
1225 2242 1309 2314 8).
1347 2240 1458 2297 Nec
1497 2240 1773 2295 immerito
1821 2249 2039 2305 prorsus

427 2345 574 2415 jure.
608 2342 819 2398 Etenim
850 2327 1125 2398 Lucianus
1147 2339 1313 2393 hosce
1334 2336 1636 2391 Pelusiotas
1660 2333 1786 2387 huic
1810 2330 2040 2386 ridiculo

432 2436 771 2506 absurdoque
822 2434 1027 2497 cultui,
1083 2432 1219 2486 sicut
1271 2437 1326 2483 et
1392 2426 1530 2481 alios
1576 2426 1735 2480 alteri
1799 2423 2043 2477 addictos

434 2530 602 2586 fuisse
629 2527 851 2587 tradidit
880 2545 891 2578 :
924 2532 1202 2593 Μεμφίταις
1248 2530 1331 2590 pi.
1385 2525 1410 2574 ὁ
1446 2526 1563 2591 pas;
1612 2525 1750 2582 Θεὸς,
1800 2523 2046 2575 natum-

428 2649 543 2687 ἠις
594 2628 642 2676 δὲ
682 2625 942 2693 κρόμμυον,
993 2622 1076 2673 καὶ
1131 2624 1295 2677 ἄλλοις
1337 2622 1469 2681 ἴϐις,
1513 2621 1542 2673 ἢ
1590 2614 1905 2684 κροκόδιιλσς,
1956 2616 2044 2663 καὶ

432 2727 596 2780 ἄλλοις
622 2723 949 2785 amnismaior,
975 2720 1011 2773 ἢ
1034 2720 1273 2782 ἀλουρος,
1307 2716 1338 2770 ἢ
1388 2717 1605 2771 πίθηκος.
1657 2725 1676 2758 t
1729 2704 2044 2773 Memphitis

432 2814 648 2884 quidem
676 2813 772 2866 bos
799 2808 937 2865 Deus
966 2817 1066 2873 est,
1099 2803 1386 2861 Pelusiotis
1416 2818 1546 2857 vero
1577 2815 1732 2869 cepe,
1776 2797 1889 2868 jam
1921 2796 2045 2850 aliis

433 2910 664 2974 ciconia,
695 2914 788 2960 aut
815 2901 1139 2963 crocodilus,
1170 2900 1291 2957 aliis
1314 2893 1735 2968 cynocephalus,
1758 2899 1853 2947 aut
1879 2888 2038 2953 feles,

431 3012 525 3056 aut
550 3000 705 3056 simia
742 3017 762 3050 ι
786 2996 1033 3069 (Lucian.
1071 2989 1277 3060 Dialog.
1306 2988 1475 3057 Jupit.
1507 2985 1751 3056 Tragwd.
1781 2997 1904 3054 pag.
1936 2978 2043 3036 699

432 3107 489 3153 et
520 3111 672 3167 seqq.
705 3097 747 3163 ).
803 3090 1064 3160 Quocirca
1097 3087 1455 3154 Hieronymus
1489 3098 1502 3134 :
1533 3097 1553 3131 ι
1583 3077 1823 3147 Impelle,
1848 3074 2041 3144 inquit,

431 3194 476 3247 si
508 3199 680 3262 potes,
705 3187 1055 3247 Pelusiotcm,
1086 3190 1147 3235 ut
1173 3174 1463 3231 manducet
1484 3188 1619 3244 cepe
1649 3191 1667 3223 ι
1699 3169 2037 3245 (Hieronym.

431 3286 548 3340 udo.
576 3283 749 3338 lovin.
783 3294 901 3349 pag.
932 3274 1046 3344 59).

504 3377 645 3433 Alibi
670 3388 799 3428 vero
826 3370 966 3426 idem
1000 3366 1382 3436 Hieronymus,
1412 3370 1527 3417 tam
1550 3360 1618 3417 de
1639 3357 1829 3415 eodem
1855 3368 1993 3422 cepe
2016 3392 2034 3419 ,

433 3485 593 3545 quam
618 3470 687 3525 de
715 3464 931 3535 crepitu
954 3460 1190 3525 ventris,
1228 3470 1387 3527 quem
1431 3451 1671 3510 secundo
1696 3452 1814 3506 loco
1845 3454 2036 3545 auctor

436 3539 620 3620 noster
648 3567 930 3622 memorat,
975 3555 1055 3609 sic
1102 3551 1336 3622 loquitur
1382 3566 1396 3603 :
1453 3566 1471 3598 t
1523 3546 1793 3615 Pleraque
1837 3539 2035 3611 oppida

433 3672 655 3720 eorum,
697 3649 1075 3723 Egyptiorum
1102 3687 1118 3713 ,
1147 3660 1215 3699 ex
1266 3641 1567 3699 bestiis.....
1613 3646 1673 3692 ut
1717 3649 1922 3691 taceam
1966 3632 2036 3689 de

434 3747 820 3810 formiduloso,
869 3750 925 3797 et
969 3738 1215 3794 horribili
1271 3749 1436 3805 cepe,
1477 3741 1536 3788 et
1581 3730 1787 3801 crepitu
1830 3725 2036 3783 ventris

434 3845 623 3909 inflati,
652 3835 1076 3911 quze'Pelusiaca
1107 3830 1296 3899 religio
1319 3836 1404 3885 est
1438 3844 1459 3879 ι
1483 3824 1656 3895 (Idem
1687 3824 1740 3877 in
1768 3835 1886 3891 cap.
1906 3834 2037 3874 xui

432 3938 554 3996 Esai
598 3934 641 4008 ).
685 3930 1020 4001 Suffragatur
1092 3925 1419 3995 Hieronymo
1485 3915 2033 4008 Pseudo-Cletnens,

432 4032 521 4102 qui
547 4006 616 4086 de
642 4029 747 4091 his,
780 4033 941 4096 atque
969 4019 1088 4076 aliis
1107 4062 1122 4089 ,
1152 4019 1220 4074 de
1247 4016 1442 4088 quibus
1469 4021 1656 4067 auctor
1688 4020 1873 4064 noster
1916 4006 2032 4063 dis-

431 4101 584 4189 serit,
618 4120 806 4176 isthmc
857 4116 982 4172 fecit
1010 4112 1172 4168 verba
1200 4128 1214 4165 :
1242 4127 1260 4161 t
1292 4105 1666 4178 Egyptiorunt
1694 4101 1787 4156 alii
1819 4102 2032 4165 bovem,

430 4222 520 4292 qui
553 4217 682 4287 Apis
716 4212 947 4272 dicitur,
989 4203 1278 4263 colendum
1310 4199 1616 4263 tradidere,
1657 4195 1748 4250 alii
1789 4193 1995 4292 hircum
2016 4234 2031 4259 ,

428 4287 517 4367 alii
546 4317 719 4382 guttas
739 4348 754 4374 ,
789 4300 1033 4359 nonnulli
1061 4298 1190 4354 ibim
1214 4338 1230 4364 ,
1270 4293 1489 4365 quidam
1530 4297 1837 4382 serpentem
1863 4327 1878 4352 ,
1921 4287 2033 4355 pis-

429 4381 788 4473 ccmrquoque
812 4400 868 4452 et
892 4407 1076 4465 cepas,
1106 4401 1160 4446 et
1187 4386 1393 4444 ventris
1417 4384 1681 4455 crepitus,
1710 4393 1762 4436 et
1784 4381 2027 4445 cloacas,

431 4507 487 4553 et
512 4497 792 4551 brutorum
819 4486 1174 4545 animantium
1200 4482 1463 4545 membra,
1497 4487 1550 4533 et
1581 4476 1733 4532 mille
1755 4475 1876 4529 aliis
1904 4473 2036 4529 sub-

1760 275 1848 331 DE
1888 272 2147 332 MINUCII
2184 272 2484 331 OCTAVIO

3600 274 3686 337 516

2066 395 2117 452 Α
2147 393 2276 445 tanti
2327 390 2570 462 propudii
2616 398 2765 446 certo
2803 400 3060 445 accusare
3091 401 3197 442 non
3226 388 3451 442 audeat:
3486 405 3501 437 t
3536 387 3675 455 Alii,t

2142 485 2331 555 inquit,
2346 500 2471 540 «eos
2493 485 2670 540 ferunt
2693 484 2858 554 ipsius
2880 482 3129 537 antistitis
3150 495 3215 536 ac
3240 481 3522 536 sacerdotis
3540 483 3686 538 colere

2141 578 2390 647 genitalia
2412 619 2426 643 ,
2457 586 2512 631 et
2536 577 2684 647 quasi
2715 576 2951 645 parentis
2977 576 3207 629 adorare
3235 582 3495 628 naturam.
3530 592 3548 625 ι
3578 573 3686 629 Nihil

2142 682 2270 722 sane
2300 668 2400 723 hac
2424 668 2691 723 calumnia
2722 666 2943 730 iutilius,
2974 666 3259 736 minusque
3287 667 3506 721 veritate
3533 665 3683 720 funda-

2144 769 2276 815 tum.
2308 760 2563 816 Factitata
2593 771 2775 814 autem
2802 775 2831 812 a
2857 758 3073 814 Czecilio
3098 758 3330 825 dicitur,
3361 772 3469 812 non
3501 759 3561 812 ab
3596 774 3690 813 out-

2142 852 2320 918 nibus,
2356 852 2450 908 sed
2486 868 2517 907 a
2545 851 2865 922 quibusdam
2893 860 3130 917 tantum,
3161 850 3252 920 qui
3273 893 3288 914 ,
3335 849 3476 920 quod
3503 862 3597 904 non
3620 866 3691 906 att-

2142 946 2341 1001 dehant
2370 958 2706 1013 asseverare,
2736 944 2865 1000 illud
2896 944 3030 999 {aleo
3060 957 3280 998 rumore
3300 942 3638 998 venditabant.

2213 1037 2467 1092 Octavius
2496 1039 2676 1108 itaque
2713 1037 2817 1093 hoc
2857 1037 3016 1106 plane
3042 1036 3289 1091 ﬁetitittm
3315 1036 3543 1102 crimen,
3572 1036 3691 1091 Chri-

2143 1130 2330 1185 stianis
2397 1129 2728 1200 iniquissime
2795 1129 3072 1194 inustum,
3139 1127 3385 1197 duplici,
3436 1128 3507 1181 uti
3553 1128 3687 1195 solet,

2143 1226 2494 1293 responsione
2528 1222 2700 1278 diluit.
2743 1221 2908 1293 Negat
2951 1223 3151 1291 quippe
3194 1221 3370 1289 primo
3398 1219 3453 1275 id
3484 1234 3687 1290 umquam

2142 1318 2210 1372 ab
2250 1317 2354 1372 illis
2391 1315 2628 1383 factum;
2660 1316 2755 1372 sed
2800 1315 3081 1370 ridiculam
3129 1314 3363 1370 fabulam
3386 1354 3402 1380 ,
3435 1329 3695 1386 moramque

2143 1409 2462 1463 calumniam
2491 1423 2611 1463 esse
2635 1416 2990 1463 contestatur.
3030 1406 3232 1460 Deinde
3263 1405 3357 1462 ille
3396 1408 3577 1460 asserit
3605 1409 3696 1462 etii-

2143 1499 2291 1555 nicos
2323 1501 2478 1570 longe
2506 1500 2833 1571 turpioribus
2851 1540 2867 1563 ,
2889 1513 3024 1570 quas
3050 1512 3152 1553 nec
3180 1498 3461 1553 nominare
3479 1539 3497 1565 ,
3520 1509 3606 1553 nec
3626 1515 3696 1553 att—

2142 1592 2259 1646 dire
2301 1595 2462 1647 castis
2503 1592 2723 1646 auribus
2751 1590 2831 1645 fas
2883 1598 3034 1655 erat,
3074 1590 3498 1645 obscenitatihus
3525 1590 3693 1647 foedari

2141 1684 2245 1741 Sed
2278 1685 2393 1741 haec
2428 1686 2642 1755 quidem
2673 1693 2888 1754 praesul
2918 1683 3062 1738 illius
3093 1686 3300 1751 potius,
3331 1694 3490 1753 quam
3531 1685 3699 1738 nostris

2070 1786 2118 1849 Β
2144 1780 2322 1833 verbis
2348 1780 2658 1847 enuntiari;
2698 1795 2718 1831 ε
2764 1777 2865 1844 Qui
2895 1777 2965 1832 de
2990 1777 3230 1832 adoratis
3250 1818 3266 1844 ,
3305 1777 3383 1831 ait
3402 1818 3418 1843 ,
3450 1776 3702 1833 sacerdotis

2146 1872 2391 1927 virilibus
2409 1872 2667 1927 adversus
2692 1886 2790 1925 nos
2817 1870 3114 1937 fabulatur,
3164 1878 3339 1925 tentet
3384 1870 3434 1923 in
3480 1884 3569 1925 nos
3599 1883 3705 1925 eoa-

2147 1963 2290 2019 ferre
2343 1980 2464 2035 qua“:
2506 1979 2601 2018 sua
2643 1974 2790 2018 sunt.
2825 1963 2930 2017 Ista
2974 1964 3118 2017 enim
3173 1962 3514 2030 impudicitiae
3551 1974 3703 2016 eam

2148 2058 2370 2113 forsitan
2399 2073 2549 2113 sacra
2577 2059 2711 2122 sint,
2742 2056 2884 2127 apud
2925 2071 3060 2127 quos
3087 2070 3250 2112 sexus
3282 2056 3461 2111 omnis
3484 2056 3707 2110 membris

2146 2152 2399 2206 omnibus
2426 2162 2661 2222 prostat,
2698 2151 2839 2221 apud
2866 2165 3001 2220 quos
3033 2158 3143 2205 tota
3170 2148 3495 2219 impudicitia
3517 2158 3709 2204 vocatur

2149 2250 2422 2304 urbanitas
2456 2266 2469 2299 :
2498 2249 2587 2317 qui
2618 2259 2923 2303 scortorum
2950 2247 3180 2302 licentiae
3211 2245 3474 2308 invident,
3496 2245 3575 2314 qui
3605 2256 3705 2297 tae-

2146 2343 2266 2398 dios
2295 2344 2437 2398 viros
2477 2344 2749 2408 lambunt,
2783 2341 3072 2398 libidinoso
3100 2356 3195 2396 ore
3225 2340 3529 2412 inguinibus
3564 2338 3709 2393 inha-

2146 2447 2391 2503 rescunt,
2426 2437 2671 2493 homines
2716 2438 2871 2491 malae
2921 2438 3152 2506 linguas,
3203 2436 3416 2490 etiamsi
3467 2442 3706 2495 tacerent;

2146 2547 2283 2603 quos
2328 2534 2475 2602 prius
2525 2532 2765 2586 tmdescit
2814 2530 3203 2601 impudicitiae,
3257 2543 3419 2600 quam
3456 2526 3706 2600 pudescit.

2146 2625 2289 2680 Proh
2333 2624 2516 2680 nefas!
2551 2625 2610 2679 ld
2653 2625 2705 2679 in
2737 2640 2798 2679 se
2850 2624 3068 2693 pessimi
3116 2622 3369 2677 facinoris
3419 2621 3705 2685 admittunt,

2145 2718 2287 2789 quod
2326 2732 2427 2774 nec
2451 2727 2582 2772 (etas
2614 2726 2787 2787 potest
2814 2718 2918 2787 pati
2950 2715 3197 2782 mollior,
3227 2730 3329 2771 nec
3357 2717 3475 2786 cogi
3512 2714 3709 2769 servitus

2146 2810 2348 2865 durior.
2398 2810 2522 2865 Haec
2551 2819 2605 2865 et
2634 2809 2944 2880 hujusmodi
2988 2808 3250 2879 propudia
3283 2808 3442 2863 nobis
3471 2822 3569 2862 non
3610 2805 3709 2861 licet

2148 2919 2246 2958 nec
2284 2904 2488 2965 audire.
2545 2904 2705 2958 etiam
2759 2903 3001 2973 pluribus
3047 2912 3199 2969 turpe
3246 2900 3535 2955 defendere
3572 2908 3709 2953 est.»

2144 2988 2399 3058 Quamvis
2436 2989 2631 3044 dixerit
2661 2988 2814 3045 nefas
2852 3002 2974 3043 esse
3018 2986 3133 3041 haec
3166 2987 3472 3057 turpissima
3502 2985 3713 3041 etbtnoo-
3780 2980 3793 3055 ξι

2144 3098 2261 3138 rum
2288 3082 2488 3153 ﬂagitia
2517 3084 2713 3138 clarius
2729 3083 3006 3153 explicari,
3026 3094 3124 3136 nec
3151 3090 3241 3136 aut
3264 3082 3334 3135 ab
3360 3079 3471 3135 ullo
3488 3079 3713 3135 Chrbtia-

2069 3170 2114 3241 C
2149 3189 2222 3230 no
2249 3175 2445 3242 attdiri,
2475 3184 2567 3230 aut
2592 3176 2659 3231 ab
2685 3176 2794 3230 alio
2820 3175 3062 3245 quolibet
3097 3172 3319 3228 homine
3346 3171 3589 3237 defendi;
3622 3184 3707 3225 non

2148 3267 2325 3321 minus
2358 3276 2534 3321 tamen
2565 3282 2722 3333 vera,
2756 3268 3074 3336 cunctisque
3102 3266 3380 3334 explorata
3404 3275 3565 3321 erant.
3597 3262 3715 3318 Nam

2139 3368 2337 3431 praeter
2380 3362 2536 3417 varia
2569 3370 2851 3430 poetarum
2890 3361 3257 3429 aliorumque,
3291 3368 3453 3431 atque
3482 3358 3718 3429 imprimis

2139 3452 2398 3509 Martialis
2444 3455 2512 3509 de
2553 3456 2621 3510 iis
2648 3454 2989 3520 testimonia,
3033 3453 3408 3509 sanctissimus
3434 3468 3563 3509 sane
3590 3455 3719 3522 Apoc

2140 3551 2313 3606 stolus
2342 3553 2394 3606 in
2434 3567 2529 3606 sua
2557 3552 2673 3607 sola
2697 3550 2763 3607 ad
2786 3551 3061 3605 Romanos
3091 3549 3329 3619 Epistula
3364 3557 3514 3604 tanto
3540 3544 3715 3619 potiori

2133 3643 2258 3712 jure
2289 3644 2574 3707 nonnulla,
2629 3657 2798 3714 eaque
2836 3642 3172 3713 gravissima,
3204 3641 3507 3698 Gentilibus
3550 3652 3722 3708 estpro-

2138 3736 2351 3805 hravit,
2384 3747 2587 3806 quanto
2627 3737 2838 3791 veriora
2884 3749 3005 3791 esse
3046 3744 3198 3790 certo
3247 3736 3450 3791 certius
3494 3738 3723 3788 noverat.

2141 3826 2228 3899 (S.
2250 3826 2432 3893 Paul.,
2451 3826 2620 3898 Epist.
2640 3827 2708 3881 ad
2730 3826 2878 3882 Rom.
2904 3843 3021 3897 cap.
3047 3842 3084 3891 ι,
3108 3842 3245 3881 vers.
3277 3825 3347 3882 16
3367 3822 3583 3893 διεξίῃ.)

2211 3921 2376 3977 Recte
2431 3922 2592 3992 igitur
2630 3932 2816 3977 auctor
2859 3930 3047 3975 noster
3085 3920 3415 3975 ethnicorum
3439 3928 3728 3987 argumen-

2137 4022 2249 4069 tum
2279 4015 2332 4069 in
2377 4030 2473 4071 eos
2511 4024 2805 4086 retorquet.
2850 4014 3039 4070 Nullus
3069 4015 3334 4085 siquidem
3364 4014 3589 4084 probare
3615 4024 3723 4066 utn-

2137 4120 2299 4176 quam
2327 4108 2496 4177 potuit
2524 4105 2865 4162 Christianos
2896 4107 3028 4161 tanti
3058 4108 3306 4175 sceleris,
3333 4107 3403 4162 de
3430 4122 3536 4177 quo
3565 4103 3723 4173 suspi-

2136 4200 2434 4268 cabantur,
2487 4200 2651 4255 fuisse
2698 4216 2843 4255 reos.
2895 4199 3033 4269 Quin
3092 4202 3259 4254 immo
3304 4208 3413 4254 tam
3462 4198 3720 4254 ridiculam

2138 4293 2498 4362 suspicionem
2537 4294 2837 4363 piissimum
2881 4294 3091 4347 illorum
3124 4293 3335 4348 vivendi
3375 4306 3539 4364 genus
3574 4290 3721 4360 plane
3796 4324 3797 4337 η

2136 4387 2459 4457 penituSqne
2499 4388 2830 4442 removebat.
2880 4386 3081 4442 Contra
3128 4401 3257 4441 vero
3300 4384 3547 4442 Gentiles
3577 4382 3721 4451 hujus
3796 4380 3797 4455 ᾖ

2139 4479 2483 4550 aliorumque
2512 4479 2686 4534 adhuc
2712 4479 2976 4550 majorum
3017 4479 3283 4535 scelerum
3316 4494 3346 4534 a
3375 4479 3508 4547 suis,
3540 4486 3597 4533 ut
3622 4475 3724 4530 dic-

428 4590 680 4646 tliderunt
722 4580 1081 4640 odiosisslmls
1127 4572 1546 4646 turpitudinibus
1585 4590 1603 4623 ι
1633 4567 2031 4640 (Pseudo-Cle.
2058 4564 2121 4631 Β
2139 4579 2249 4625 tum
2280 4579 2382 4638 est,
2413 4571 2745 4635 auctoribus,
2780 4572 3007 4643 aliisque
3035 4574 3292 4639 testibus,
3322 4574 3469 4627 omni
3496 4571 3600 4626 fide
3620 4581 3725 4624 ma-

431 4683 526 4739 lib.
557 4697 592 4736 v
623 4677 887 4749 Recognit.
922 4672 1084 4743 §20,
1131 4684 1255 4739 pag.
1299 4666 1409 4723 466
1434 4667 1474 4736 ).
1522 4662 1732 4721 Similia
1778 4661 1872 4717 ille
1910 4657 2038 4713 alibi

428 4785 724 4838 memorat,
766 4786 927 4843 quem
967 4769 1011 4825 si
1043 4776 1196 4820 vacat
1224 4762 1372 4817 adire
1401 4760 1604 4832 poteris
1631 4756 1825 4828 (Idem,
1875 4754 2033 4807 Ηοηι.

429 4874 517 4938 10,
543 4886 665 4944 pag.
698 4868 848 4933 657).
879 4862 1016 4933 Quid
1046 4874 1178 4931 ergo
1207 4855 1493 4913 dicendum
1521 4854 1590 4908 de
1616 4851 1876 4907 Romanis
1897 4890 1912 4917 ,
1943 4847 2036 4944 qui

429 4942 647 5021 insanos
676 4961 794 5017 illos
821 4959 993 5021 ritus,
1040 4954 1116 5009 uti
1162 4950 1434 5015 diximus,
1477 4956 1567 5003 aut
1610 4959 1716 5000 non
1766 4942 2039 5013 improha—

429 5058 590 5125 bant,
621 5064 712 5110 aut
739 5051 1105 5116 sectabantur,
1133 5044 1402 5117 patienter
1426 5052 1603 5097 tamen
1639 5038 1883 5094 ferebant
1910 5037 2033 5092 illos

431 5170 458 5210 a
492 5151 667 5224 poetis
712 5144 989 5204 derideri?

1025 5246 1328 5290 ARTICULUS
1364 5245 1438 5285 ιν.

435 5336 645 5392 Falsum
675 5348 782 5388 esse
806 5347 841 5384 tt
861 5327 1173 5385 Christianis
1197 5324 1407 5378 adorari
1432 5321 1709 5376 sacerdotis
1737 5319 1946 5385 virilia;
1979 5333 2039 5371 ac

503 5429 731 5484 ethnicos
763 5424 1050 5493 turpiorum
1076 5419 1392 5490 ﬂagitiorum
1431 5413 1682 5478 convinci,
1710 5422 1756 5466 et
1786 5426 1900 5482 qua:
1926 5412 2039 5483 fue-

501 5524 568 5577 rit
605 5519 914 5586 turpissimae
953 5514 1096 5569 illius
1146 5507 1483 5565 venerationis
1512 5502 1834 5561 Christianos
1882 5519 2030 5558 accu-

505 5614 656 5670 sandi
684 5608 904 5666 occasio.

507 5704 663 5760 Aliud
689 5702 867 5757 adhuc
885 5697 1091 5753 facinus
1118 5692 1304 5764 ﬂagitii
1329 5708 1461 5749 sane
1490 5689 1884 5759 dedecorisque
1915 5686 2031 5759 ple-

441 5814 566 5856 num
586 5838 599 5865 ,
631 5798 705 5851 ita
729 5790 1053 5850 Christianis
1082 5786 1330 5843 Caecilius
1359 5784 1574 5855 objicit,
1608 5793 1665 5840 ut
1696 5783 1818 5839 illos
1849 5792 2029 5839 tamen

2133 4664 2365 4733 jorihus,
2398 4673 2546 4720 certe
2575 4666 3057 4720 eonviucebantur.

2215 4757 2430 4823 Verum,
2464 4760 2699 4825 tametsi,
2730 4760 2932 4830 inquiet
2960 4759 3172 4829 aliquis.
3201 4774 3231 4813 a
3258 4761 3480 4815 veritate
3508 4756 3730 4810 omnino

2139 4850 2477 4907 abhorruer'tt
2504 4851 2678 4906 virilia
2729 4852 3027 4907 sacerdotis
3056 4870 3082 4904 a
3114 4850 3439 4908 Christianis
3482 4850 3731 4915 adorari;

2142 4943 2400 5000 credibile
2431 4954 2608 4999 tamen
2667 4962 2771 4999 non
2805 4956 2887 5000 est
2936 4944 3205 5014 publicum
3235 4946 3305 5001 de
3350 4946 3625 5001 horrendo
3653 4932 3735 4997 illo

2140 5039 2367 5093 crimine
2386 5080 2402 5106 ,
2428 5038 2529 5093 nisi
2557 5038 2677 5093 data
2706 5038 2892 5093 saltem
2919 5016 3201 5093 occasione
3227 5039 3402 5108 aliqua
3429 5082 3444 5107 ,
3492 5051 3733 5109 sparsum

2141 5133 2302 5188 fuisse
2327 5148 2620 5188 rumorem.
2651 5132 2781 5200 Qua:
2807 5131 2968 5203 igitur
2994 5132 3079 5185 illa
3108 5131 3267 5186 fuerit
3302 5134 3525 5188 occasio
3555 5175 3571 5201 ,
3604 5130 3737 5202 quis-

2141 5225 2263 5296 quis
2294 5227 2434 5281 scire
2460 5226 2637 5281 avebit
2671 5268 2684 5290 ,
2722 5226 2846 5280 huic
2888 5223 3337 5294 respondebimus
3366 5223 3735 5287 Christianos,

2141 5322 2228 5392 qui
2269 5320 2540 5391 prioribus
2583 5318 2842 5375 Ecclesia:
2876 5319 3082 5374 saeculis
3113 5318 3377 5387 publicam
3418 5318 3735 5375 delictorum

2138 5430 2358 5469 suorum
2405 5413 2803 5483 criminumque
2845 5414 3148 5483 graviorum
3199 5411 3585 5480 pmuitentiatu
3629 5425 3738 5482 agec

2138 5505 2302 5570 bant,
2334 5513 2482 5560 extra
2529 5504 2670 5558 fores
2715 5504 2985 5574 limenque
3029 5501 3293 5558 Ecclesia:
3338 5502 3403 5556 ad
3452 5505 3733 5564 omnium,

2137 5597 2435 5668 praesertim
2465 5596 2806 5652 sacerdotum
2831 5638 2846 5660 ,
2893 5610 3015 5651 sese
3049 5594 3414 5663 prosmtvissc
3443 5596 3626 5664 pedes
3648 5637 3662 5660 ,
3691 5600 3738 5648 ut

2136 5689 2347 5744 illorum
2397 5689 2607 5743 veniam
2659 5689 2946 5758 impetrare
3002 5693 3245 5755 possent.
3301 5686 3563 5743 Gentiles
3624 5699 3741 5741 vero

2136 5796 2257 5836 cum
2295 5781 2346 5836 id
2374 5796 2504 5852 vaga
2537 5780 2846 5851 incertaque
2873 5778 3010 5834 fama
3034 5777 3397 5848 excepissent,
3427 5778 3573 5837 inde
3599 5777 3744 5836 fabu~
