3818 6282
173 266 247 323 5l1
1494 263 1963 326 DISSEBTATIO.

3286 262 3392 330 5l8

171 376 578 432 lnocnntecerunt
603 373 672 427 ab
698 374 776 428 eis
801 372 1098 429 sacerdotis
1125 376 1298 430 virilia
1339 378 1576 434 adorari.
1613 381 1686 434 De
1713 383 1762 442 Α
1790 382 1933 450 gnit,
1983 383 2258 437 nocturnis
2289 383 2493 439 scilicet
2535 387 3034 455 congregationibus
3078 399 3132 445 et
3175 391 3393 462 jt-joniis

165 465 464 538 hujuscemodi
492 468 635 520 cnim
665 467 1078 536 pmnitentibus,
1112 469 1177 522 tle
1204 473 1397 538 quibus
1424 488 1522 527 nos
1563 473 1689 527 alibi

161 564 300 624 fusius,
326 561 432 614 hate
458 575 565 629 prae
596 560 805 613 edaci-is
847 562 1037 615 scribit
1076 561 1434 618 Tertullianus
1467 584 1477 617 :
1518 583 1536 615 ι
1581 565 1690 618 Ex-

158 655 457 726 hutnolugcsis
489 655 861 722 prosternendi
911 667 962 709 et
1015 655 1403 712 humiliﬁcandi
1456 659 1690 714 hominis

157 749 379 819 disciplina
421 758 615 800 est.....
669 745 991 817 Plerumque
1032 748 1249 818 jejuniis
1280 766 1468 818 preces
1499 751 1686 817 alere,

157 844 476 915 ingemiscere,
506 841 812 911 lacrymari,
843 853 897 896 et
919 845 1126 913 mugire
1152 844 1268 899 dies
1308 854 1600 915 noctesque
1626 845 1694 900 ad

161 942 403 996 Dominum
425 938 574 991 Deum
603 951 762 990 suum
785 977 800 1002 ,
842 939 1176 1008 presbyteris
1203 939 1436 1004 advolvi,
1473 950 1526 994 et
1555 941 1695 995 caris

163 1034 248 1089 Dei
286 1027 620 1100 adgeuiculari,
672 1028 925 1082 omnibus
970 1027 1225 1084 fratribus
1271 1031 1568 1099 legationes
1595 1029 1694 1084 de-

164 1122 438 1196 precationis
460 1134 555 1174 sum
591 1119 877 1189 injungere
909 1120 1249 1192 (l‘ertullian.
1285 1123 1374 1176 lib.
1407 1122 1470 1175 de
1506 1121 1694 1180 Paenit.

162 1223 326 1286 capo,
353 1229 454 1283 pug.
485 1211 624 1280 146).
668 1231 688 1263 ι
736 1213 967 1268 Rursum
999 1229 1128 1268 vero
1165 1214 1274 1280 ille,
1311 1217 1518 1270 tametsi
1551 1215 1700 1270 Mon-

157 1312 335 1365 tanisue
365 1307 615 1362 erroribus
657 1317 785 1362 tunc
812 1307 1118 1377 implicatus
1137 1350 1152 1375 ,
1184 1312 1252 1364 ab
1283 1326 1407 1364 vera
1443 1310 1698 1364 Ecclesia:

148 1401 362 1456 doctrina
397 1398 670 1452 defecisset
700 1416 712 1450 :
751 1417 770 1449 ς
805 1400 871 1452 Et
902 1410 953 1454 te
979 1401 1249 1469 quidem,»
1273 1402 1463 1471 inquit,
1490 1403 1699 1471 «paeni-

145 1496 339 1552 tentiam
367 1493 544 1548 ﬂttBCltl
568 1492 632 1547 ad
651 1493 984 1549 exorandam
1015 1495 1409 1551 fraternitatem
1437 1499 1488 1551 in
1505 1497 1699 1552 Eccle-

143 1594 262 1647 siam
306 1590 572 1651 inducens,
621 1590 967 1646 conciliatum
999 1601 1052 1646 et
1093 1593 1497 1647 concineratum
1521 1635 1535 1656 ,
1573 1608 1697 1647 cum

150 1687 380 1742 dedecore
410 1694 459 1739 et
493 1684 715 1738 horrore
756 1686 1110 1753 compositum
1157 1687 1453 1755 prosternis
1490 1689 1541 1741 in
1586 1703 1704 1742 me-

1799 476 2166 540 solemnibus,
2205 495 2222 528 ι
2256 494 2359 530 non
2386 493 2539 532 sacro
2582 480 2844 548 quodam,
2893 484 2985 537 sed
3033 485 3238 553 piaculo
3297 489 3394 541 fte-

1797 564 1997 621 derari.
2039 589 2057 620 ι
2090 565 2195 622 Sed
2227 569 2470 624 lubenter
2513 571 2590 625 illi
2624 571 2932 628 fatebantur
2973 586 3076 629 tam
3125 591 3307 632 verum
3341 579 3395 633 id

1798 672 1950 722 esse,
2005 677 2160 729 quam
2217 660 2410 716 falsum
2455 672 2604 728 erat,
2653 665 2705 718 in
2757 666 2819 718 iis
2877 669 3201 737 synaxibus,
3264 685 3397 739 quas

1798 755 2030 818 solemni,
2064 764 2121 808 ut
2152 756 2229 809 ait
2255 757 2526 822 Caecilius,
2559 759 2642 811 die
2687 773 2845 828 agere
2871 761 3150 824 Solebant,
3201 764 3398 830 aliquid

1799 846 1900 898 nisi
1932 848 2330 901 sanctissimum
2357 851 2554 919 peragi.
2589 849 2656 904 Et
2703 853 2752 904 id
2802 862 2950 907 certe
2995 853 3402 911 evidentissimc

1800 937 1924 991 inde
1967 940 2249 1007 probatur,
2307 942 2450 1011 quod
2496 942 2563 998 de
2615 944 2721 997 illis
2774 961 2840 998 ex
2890 944 3088 1001 Justini
3145 948 3405 1018 martyris

1800 1029 2054 1100 Apologia
2102 1031 2231 1085 alibi
2286 1047 2317 1086 a
2363 1033 2518 1088 nobis
2553 1035 2904 1105 deprompta,
2935 1049 2988 1092 et
3024 1039 3157 1092 infra
3188 1053 3256 1094 ex
3279 1038 3407 1096 Ter-

1802 1124 2030 1177 tttlliano
2057 1123 2412 1189 proferentur.
2446 1129 2516 1180 At
2553 1141 2684 1182 sane
2726 1129 2855 1184 illud
2903 1129 3014 1198 jam
3049 1132 3178 1185 satis
3222 1145 3287 1184 ex
3339 1133 3407 1186 iis

1801 1216 2226 1273 demonstratum
2259 1231 2361 1285 est,
2401 1237 2518 1290 quae
2549 1223 2814 1276 hactenus
2843 1233 3030 1278 contra
3060 1224 3405 1296 impudentes

1802 1305 2006 1364 Cmeilii
2051 1313 2371 1379 protulimus
2422 1313 2755 1379 calumnias,
2798 1316 2991 1384 quibus
3042 1317 3246 1371 scelera
3295 1333 3404 1372 non

1803 1405 1982 1458 minus
2010 1403 2261 1470 nefanda,
2298 1420 2455 1474 quam
2488 1407 2848 1475 incredibilia,
2900 1408 2954 1463 in
3013 1409 3118 1464 illis
3172 1410 3406 1465 admissa

1803 1493 1971 1550 fuisse
2001 1512 2280 1566 perperam
2313 1506 2564 1553 causatus
2585 1506 2684 1554 est.

1883 1590 2044 1644 Visne
2070 1591 2234 1644 alium
2260 1591 2434 1646 adhuc
2476 1602 2689 1658 testem,
2733 1593 2834 1648 hac
2869 1594 2922 1650 in
2953 1607 3010 1648 re
3037 1594 3182 1649 omni
3211 1608 3406 1664 excep-

1809 1684 1951 1738 tione
1979 1684 2255 1754 majorem,
2303 1687 2396 1740 tibi
2429 1686 2584 1740 dari?
2625 1686 2876 1753 Plinium,
2903 1688 3174 1744 ethnicum
3225 1691 3410 1759 utique

160 1780 287 1834 dium
307 1820 320 1842 ,
343 1786 445 1831 ante
471 1776 656 1834 viduas
683 1818 698 1842 ,
727 1788 852 1833 ante
893 1780 1237 1850 presbyteros
1256 1823 1270 1844 ,
1303 1782 1542 1835 omnium
1573 1781 1698 1835 laci-
1731 1780 1778 1840 B
1807 1775 2102 1839 hominem,
2131 1779 2508 1848 producentus,
2560 1782 2644 1836 cui
2694 1783 2946 1847 crimina,
3000 1799 3224 1852 quorum
3254 1783 3415 1838 Chri-‘

168 1869 577 1926 niasiuratlentem
599 1911 613 1932 ,
645 1871 886 1926 oumium
915 1873 1135 1941 vestigia
1173 1873 1540 1938 lambentem,
1584 1889 1700 1926 om-

164 1968 291 2020 nium
307 1979 448 2032 genua
467 1963 798 2020 detinentcm
820 1965 1042 2038 i(ldem,
1060 1967 1156 2021 lib.
1177 1967 1238 2022 de
1262 1967 1448 2021 Pudic.
1465 1983 1584 2038 cap.
1613 1969 1698 2034 l5,

152 2074 262 2127 pag.
293 2054 418 2124 729).

200 2151 548 2206 Narratetiam
581 2152 844 2208 Eusebius
893 2152 1130 2208 Natalem
1181 2156 1578 2220 confessorem,
1633 2155 1702 2209 ab

136 2245 386 2300 haereticis
411 2245 788 2313 Asclepiodoto
827 2257 878 2301 et
911 2247 1190 2302 Theodoto
1214 2252 1516 2319 argentario
1545 2249 1707 2318 plane

131 2337 414 2407 deceptum,
445 2348 666 2405 accepto
705 2338 940 2406 salario,
975 2355 1162 2394 eorum
1191 2352 1354 2395 secta:
1393 2343 1712 2411 episcoiium'

131 2443 354 2486 creatum
399 2430 578 2486 fuisse.
613 2432 720 2488 Sed
745 2433 877 2487 tanti
907 2434 1149 2490 criminis
1187 2436 1274 2490 ille
1305 2437 1580 2490 nocturnis
1627 2437 1707 2488 vi-

117 2523 356 2578 sionibus
402 2537 543 2592 sa-pe
596 2524 940 2592 admonitus,
995 2543 1116 2580 cmn
1149 2543 1240 2580 eas
1291 2529 1578 2596 negligeret
1608 2568 1623 2591 ,
1680 2542 1711 2580 a

105 2615 306 2670 sanctis
351 2616 570 2684 Angelis
607 2632 703 2685 per
732 2626 897 2671 totam
925 2630 1136 2673 noctem
1170 2619 1347 2687 ﬂagris
1397 2620 1712 2688 gravissime

105 2720 273 2760 caesus
304 2716 390 2761 est
423 2725 436 2759 :
467 2698 593 2763 άστε
644 2715 776 2762 ἔωθεν
817 2717 1102 2776 ἀναστῆναι,
1132 2717 1216 2766 καὶ
1262 2718 1564 2780 deducat/uvas
1588 2720 1708 2767 o-a'tx-

113 2823 196 2858 ιω,
237 2803 327 2852 καὶ
357 2804 529 2854 σποδὸν
565 2810 966 2870 καταπασάμενςν
1004 2809 1130 2871 μετὰ
1159 2811 1334 2868 πολλῆς
1363 2809 1566 2867 σπουδῆς
1591 2847 1605 2870 ,
1635 2817 1716 2859 imi

120 2894 316 2960 ὃπιρὺων
341 2899 628 2962 «poematis
655 2902 885 2965 Ζεφυρίνῳ
913 2909 978 2965 τῷ
1017 2901 1258 2966 επις-κόπῳ
1286 2938 1300 2960 ,
1330 2901 1601 2965 κυλιόμενον
1629 2903 1718 2950 ὑπὸ

119 2993 207 3043 τεὺς
233 2989 386 3046 πόἔας
422 2991 476 3040 οὐ
503 2991 645 3054 μόνον
669 3001 760 3044 τῶν
787 2994 832 3042 ἐν
857 3001 925 3056 τᾷ
948 2998 1124 3059 κλοιρῳ,
1144 2995 1270 3044 ἀλλὰ
1297 2993 1378 3044 uti
1406 2999 1493 3044 τῶν
1522 2991 1716 3054 lectitati,

120 3088 302 3146 σηχέαι
333 3103 384 3134 τε
404 3085 504 3140 τοῖς
532 3085 732 3150 δάκρυσι
761 3094 848 3141 τὴν
871 3088 1189 3152 εὒσπλαγχνον
1209 3084 1464 3141 ἐκκλησίαν
1484 3089 1565 3136 τοῦ
1590 3089 1721 3140 ἱλεή·

1805 1869 1964 1922 stiani
1998 1871 2479 1938 insimulabantur,
2511 1873 2798 1942 diligenter
2840 1875 3144 1943 inquirendi
3196 1877 3414 1946 provin-

1806 1961 1887 2013 cia
1919 1978 1948 2012 a
1968 1961 2198 2031 'l‘rajano
2235 1965 2557 2032 imperatore
2584 1965 2902 2020 demandata
2925 1966 3114 2021 fuerat.
3145 1967 3192 2021 ls
3214 1969 3417 2040 quippe

1807 2055 2077 2119 omnibus,
2108 2069 2212 2125 qua
2257 2059 2421 2124 potuit
2455 2059 2686 2111 maxima
2713 2058 3013 2129 diligentia,
3049 2059 3410 2129 investigatis,

1809 2145 1875 2198 ad
1943 2159 2066 2200 eum
2121 2149 2336 2216 scripsit
2394 2148 2765 2218 Christianos,
2825 2152 2942 2221 qui,
3003 2160 3059 2206 ut
3102 2152 3194 2207 ille
3240 2152 3334 2218 ait,
3384 2168 3419 2207 a-

1809 2237 2100 2292 cltristiana
2130 2238 2236 2294 fide
2266 2240 2573 2296 defecerant
2601 2282 2615 2308 ,
2646 2242 2984 2298 affirmasse:
3014 2259 3034 2294 ι
3074 2243 3223 2298 Hanc
3249 2243 3416 2298 fuisse

1811 2347 2072 2384 summam
2105 2332 2188 2385 vel
2229 2333 2399 2402 culpa:
2447 2349 2588 2399 suae,
2640 2334 2725 2388 vel
2757 2335 2987 2400 erroris,
3033 2337 3173 2405 quod
3223 2344 3411 2390 essent

1813 2423 1954 2477 soliti
2004 2435 2143 2477 stato
2188 2425 2273 2478 die
2326 2435 2451 2478 ante
2497 2425 2672 2480 lucem
2725 2427 3056 2492 convenire,
3089 2442 3420 2497 carmenque

1815 2514 2050 2579 Christo,
2104 2517 2254 2584 quasi
2302 2516 2446 2580 Deo,
2476 2517 2655 2571 dicere
2703 2532 2885 2571 secum
2931 2518 3191 2580 invicem;
3253 2533 3424 2587 sequo

1817 2617 2157 2661 sacramento
2212 2623 2318 2662 non
2366 2610 2417 2661 in
2451 2611 2627 2664 scelus
2669 2610 2884 2678 aliquod
2933 2610 3290 2680 obstringere,
3325 2611 3418 2668 sed

1820 2716 1888 2754 ue
1918 2699 2085 2762 furta,
2127 2717 2194 2754 ne
2238 2701 2541 2767 latrocinia,
2574 2716 2642 2755 ne
2667 2700 2947 2764 adulteria,
3002 2717 3070 2755 ne
3115 2702 3274 2756 fidem
3324 2701 3425 2754 fal-

1819 2793 2026 2856 lerent,
2097 2809 2165 2848 ne
2217 2793 2519 2862 depositum
2571 2793 2823 2862 appellati
2877 2803 3158 2864 negarent.
3217 2794 3424 2861 Quibus

1822 2887 2074 2955 peractis,
2121 2903 2323 2942 morem
2370 2889 2470 2942 sibi
2515 2887 2827 2942 discedendi
2873 2888 3080 2955 fuisse,
3128 2904 3423 2959 rursusque

1821 2979 2071 3042 eoeundi,
2119 2979 2183 3033 ad
2232 2981 2551 3049 capiendmn
2584 2981 2781 3048 cibum,
2813 2982 3178 3051 promiscuum
3208 2993 3421 3050 tamen,

1824 3082 1878 3125 et
1932 3071 2213 3125 innoxium-
2258 3092 2276 3124 ι
2324 3071 2512 3143 (Plin.
2581 3074 2669 3126 lib.
2731 3089 2793 3138 ι,
2849 3072 3014 3144 Epist.
3072 3074 3140 3127 ad
3205 3072 3424 3136 Traian.

121 3193 240 3235 ima:
265 3180 506 3243 Χριστοῦ.
537 3192 555 3225 ‹
599 3175 748 3230 Adeo
777 3186 834 3232 ut
879 3177 1051 3244 primo
1093 3175 1327 3230 diluculo
1354 3189 1718 3243 consurgens,
1747 3174 1792 3236 C
1828 3180 1947 3233 Pﬂg-
1980 3162 2137 3234 376)-
2179 3165 2314 3231 Quid
2363 3168 2464 3220 hoc
2505 3166 2836 3229 testimonio,
2867 3165 3010 3235 quod
3040 3181 3069 3219 a
3096 3165 3435 3221 Tertulliano

123 3277 324 3318 saccum
381 3266 650 3332 induerit,
718 3277 771 3322 et
829 3267 1008 3322 cinere
1059 3281 1387 3335 conspersus
1435 3265 1714 3320 confestim

118 3367 228 3410 eum
284 3359 542 3431 lacrymis
592 3360 657 3413 ad
728 3359 891 3428 pedes
942 3360 1232 3431 Zephyriui
1297 3358 1531 3428 episcopi
1598 3373 1720 3411 sese

115 3447 391 3519 abiecerit,
438 3468 541 3505 non
573 3453 745 3505 solum
788 3452 942 3513 cieri,
975 3450 1348 3506 verum-etiam
1381 3449 1717 3504 smcularium

117 3544 359 3610 vestigiis
379 3543 688 3610 advolutus,
717 3555 771 3598 et
789 3543 986 3598 Christi
1029 3542 1393 3600 misericordis
1423 3541 1720 3596 Ecclesium

114 3649 330 3705 quoque
357 3637 762 3694 misericordem
784 3637 998 3693 fletibus
1025 3639 1139 3693 suis
1180 3635 1533 3695 commoverit
1563 3645 1724 3703 atque

116 3731 472 3784 concusserit.
537 3749 555 3781 ι
624 3730 763 3786 Vero
818 3732 997 3800 itaque
1047 3731 1378 3788 simillimum
1432 3743 1553 3784 esse
1604 3729 1724 3796 quis

121 3822 339 3888 negabit
363 3822 611 3876 ethnicos
653 3839 716 3878 ex
749 3823 850 3878 hoc
881 3824 968 3893 pio
997 3833 1294 3892 sanctoque
1326 3837 1479 3876 more
1500 3864 1513 3887 ,
1564 3836 1724 3890 quem

122 3922 210 3965 aut
234 3929 344 3968 non
382 3916 513 3968 satis
553 3915 964 3980 intellexerant,
1014 3926 1103 3970 aut
1149 3915 1415 3973 malitiose
1463 3915 1726 3983 interpre-

127 4004 390 4070 Lnbautur,
421 4022 607 4061 ausam
637 4009 964 4076 arripuisse,
993 4008 1330 4063 Christianos
1361 4007 1531 4075 turpis
1559 4006 1723 4072 illius,

123 4112 226 4164 qua
281 4099 348 4153 de
402 4109 590 4155 auctor
648 4109 829 4155 noster
885 4101 1136 4170 loquitur,
1199 4099 1529 4156 adoratiouis
1590 4097 1728 4152 falso

131 4192 433 4248 accusandi.

735 4306 962 4363 CAPUT
1005 4304 1118 4361 XII.

147 4459 298 4498 ALLE
339 4460 521 4504 C.£Cli.ll
559 4462 972 4504 CRIMINATIONES
994 4489 1009 4514 ,
1043 4463 1108 4501 ΕΤ
1142 4462 1208 4500 AD
1238 4460 1334 4502 EAS
1374 4458 1586 4500 OCTi’tVll
1633 4457 1730 4496 RE~

611 4557 806 4599 SPONSA
840 4557 1214 4597 EXAMINANTUB
1225 4580 1236 4592 .

670 4690 966 4734 ABTICULUS
1033 4689 1245 4730 PRIMUS.

119 4810 299 4879 Quam
328 4815 578 4869 immerito
608 4815 844 4870 Cmcilins
876 4813 1284 4869 Christianorum
1314 4826 1550 4881 synaxes,
1579 4819 1625 4864 et
1650 4813 1733 4880 je—

196 4907 351 4972 junio
376 4910 693 4972 condemnet,
727 4908 966 4976 dicatque
993 4923 1074 4960 eos
1106 4922 1212 4959 esse
1239 4905 1520 4974 desperata:
1547 4902 1734 4973 [artio-

204 5001 277 5055 nis
325 5002 578 5070 homines,
611 5003 892 5073 lucifugam
931 5001 1206 5062 nationem,
1240 4997 1449 5052 occultis
1493 4996 1652 5066 signis
1686 5010 1739 5048 se

205 5109 553 5168 agnoscentes,
586 5107 740 5169 atque
780 5106 930 5150 antea
979 5111 1034 5149 se
1081 5105 1255 5148 mutuo
1304 5103 1554 5159 amantes,
1587 5106 1738 5161 quant

208 5193 375 5245 noceri
383 5201 438 5244 nt
448 5233 461 5245 .

213 5328 340 5385 Aliis
369 5329 572 5385 ethnici
614 5329 876 5386 conviciis
929 5328 1107 5397 potius
1150 5341 1313 5397 quam
1358 5325 1609 5394 legitimis
1656 5339 1744 5378 ac-

104 5423 525 5488 cantionibus,
563 5423 912 5478 Christianos
949 5421 1210 5475 infamare
1241 5419 1567 5472 nitebantur.
1611 5418 1743 5482 Quae

105 5514 415 5571 enimvero
455 5516 536 5570 illi
568 5515 783 5586 piacula
812 5522 865 5568 et
891 5513 1092 5568 scelera
1136 5526 1259 5565 esse
1296 5509 1740 5574 criminabantur,

103 5608 256 5664 hac
279 5607 369 5664 isti
415 5605 828 5662 contendebant
866 5605 1064 5673 optima
1101 5617 1259 5669 esse,
1315 5599 1620 5671 probanda,
1681 5613 1746 5654 ac

99 5710 276 5758 rente
322 5701 588 5756 instituta.
645 5697 782 5752 Tale
809 5697 983 5765 procul
1014 5697 1177 5752 dubio
1228 5705 1312 5750 est
1362 5693 1494 5748 illud
1522 5734 1536 5756 ,
1596 5691 1751 5760 cuius

99 5795 382 5852 Caecilius
409 5791 769 5847 Christianos
805 5796 1064 5860 tamquam
1110 5788 1336 5851 sceleris
1388 5785 1612 5855 alicujus
1655 5799 1745 5838 ar-

1823 3256 2204 3325 transcriptum
2254 3256 2573 3319 videbimus,
2610 3256 2677 3311 ad
2729 3257 3058 3327 probandam
3086 3257 3429 3314 Christiana-

1823 3366 1943 3404 rum
1991 3365 2291 3421 synaxeum
2317 3353 2657 3407 sanctitatem
2691 3352 3014 3408 luculentius
3060 3363 3118 3409 et
3158 3353 3437 3410 efﬁcacius

1824 3444 2152 3517 (Tertullian.
2185 3447 2452 3516 Apotoget.
2477 3464 2595 3516 cap.
2628 3446 2714 3516 2)?

1896 3543 2086 3598 Nullus
2116 3545 2294 3614 itaque
2340 3543 2678 3600 Christianus
2707 3545 2760 3598 in
2809 3544 2892 3599 bis
2922 3560 3030 3600 non
3077 3545 3251 3600 solum
3301 3557 3432 3598 con-

1824 3637 2250 3708 gregationibus,
2295 3637 2388 3694 sed
2423 3655 2444 3690 ‹
2492 3638 2825 3693 solemnibus
2845 3638 3009 3692 etiam
3033 3637 3253 3708 jejuniis
3284 3636 3434 3691 omni

1827 3730 1986 3785 laude
2037 3732 2231 3801 dignis,
2287 3747 2394 3786 non
2451 3732 2626 3786 solum
2669 3746 2776 3785 non
2825 3731 3212 3794 erubescebat,
3243 3744 3432 3784 verum

1829 3823 1990 3876 etiam
2053 3823 2402 3893 gloriabatur.
2450 3822 2809 3890 Quamobrem
2863 3821 3154 3891 Gregorius
3203 3819 3434 3874 Nazian-

1831 3931 1996 3970 zenus
2019 3917 2070 3970 in
2092 3931 2194 3970 una
2223 3917 2486 3971 adversus
2507 3915 2781 3971 Julianum
2811 3922 3112 3982 apostatam
3161 3912 3429 3966 oratione:

1837 4027 1856 4060 ‹
1894 4009 2020 4064 [Lee
2052 4025 2203 4075 nos»
2243 4010 2534 4079 inquiebat,
2574 4009 2794 4078 «longis
2819 4006 3040 4076 jejuniis
3071 4002 3337 4069 confecti,
3385 4011 3442 4058 et

1832 4103 2199 4157 semianimes.
2236 4102 2362 4156 Hac
2392 4117 2510 4165 nos,
2567 4102 2660 4169 qui
2687 4100 2886 4155 frustra
2918 4097 3228 4168 vigilantes,
3281 4105 3444 4165 atque

1834 4194 1886 4248 in
1945 4194 2220 4248 nocturnis
2274 4195 2594 4248 stationibus
2643 4205 2950 4261 nugamur,
2999 4201 3052 4245 et
3107 4198 3286 4242 tamen
3342 4201 3438 4244 vos

1834 4288 2226 4356 prosternimus
2254 4303 2272 4334 ι
2293 4283 2467 4356 (Greg.
2503 4282 2729 4336 Nazian.
2761 4281 2912 4335 0rat.
2938 4283 2991 4342 4.
3019 4297 3138 4352 pag.
3168 4277 3320 4350 299).

1907 4379 2240 4435 Gronovium
2270 4378 2450 4446 itaque
2482 4375 2673 4445 aliquis
2720 4373 3077 4444 proculdubio
3130 4372 3438 4440 mirabitur,

1839 4473 1929 4543 qui
1987 4473 2038 4526 in
2095 4471 2307 4525 Minucii
2351 4477 2498 4525 textu
2540 4483 2638 4539 pro
2671 4487 2690 4520 σ
2727 4468 3062 4523 solemnibus
3109 4465 3360 4537 ieiuniis,
3419 4485 3438 4518 ι

1759 4567 1814 4626 Β
1842 4564 2124 4636 legendum
2181 4564 2516 4632 suspicatur,
2546 4580 2566 4613 ι
2600 4562 2870 4617 olentibus
2920 4560 3159 4630 jejuniis.
3203 4579 3222 4612 ι
3259 4559 3448 4613 Nonne

1843 4661 1986 4718 enim
2015 4670 2139 4713 tunc
2166 4658 2433 4713 solemnia
2475 4665 2632 4713 erant
2678 4655 3132 4719 Christianorum,
3157 4663 3317 4722 atque
3347 4652 3448 4706 im-

1843 4754 2028 4824 primis
2059 4750 2495 4821 Quadragcsimac
2534 4749 2778 4818 ieiunia?
2830 4747 3023 4802 Nonne
3075 4746 3144 4801 de
3194 4745 3260 4799 iis
3307 4741 3444 4798 Ter-

1841 4847 2098 4901 tullianus
2119 4844 2376 4913 scripsit:
2413 4861 2430 4894 (
2473 4840 2807 4896 DiePast-lne
2845 4837 3149 4893 communis
3194 4845 3247 4890 et
3292 4835 3460 4902 quasi

1840 4939 2050 5010 publica
2074 4936 2265 5006 jejunii
2305 4935 2492 5004 religio
2529 4943 2614 4988 est
2650 4952 2669 4985 ι
2707 4931 3040 5004 (Terttttlian.
3064 4929 3153 4982 tib.
3198 4927 3260 4980 de
3300 4925 3446 4981 Orat.

1836 5051 1952 5104 cap.
1988 5031 2100 5104 14).
2144 5031 2200 5087 Si
2246 5038 2423 5084 autem
2450 5026 2752 5081 communis
2776 5035 2832 5080 et
2874 5022 3117 5094 publica,
3142 5035 3241 5076 cur
3268 5035 3373 5074 non
3397 5029 3462 5075 et-

1842 5127 2103 5184 soletnnis
2148 5133 2262 5178 erat
2289 5121 2519 5192 religio?
2565 5121 2636 5174 At
2691 5119 2836 5184 haec,
2886 5115 3059 5185 pergit
3103 5112 3448 5178 Gronovius,

1843 5240 1871 5278 a
1903 5219 2143 5285 Caecilio,
2187 5216 2525 5272 ethnicorum
2565 5222 2744 5278 partes
2775 5218 3002 5280 agente,
3048 5207 3252 5278 ieiunia
3291 5204 3448 5259 Chri-

1843 5315 2141 5368 stianorum
2177 5312 2230 5364 in
2264 5307 2458 5361 malam
2508 5311 2714 5372 partem
2745 5302 3100 5369 accipiuntur.
3151 5298 3265 5353 Sed.
3322 5295 3452 5367 qttitl

1844 5417 1991 5462 vetat
2018 5421 2116 5460 cur
2145 5403 2238 5458 ille
2265 5402 2425 5454 homo
2452 5396 2702 5452 ethnicus
2746 5409 2842 5458 ea,
2879 5401 2972 5446 aut
3015 5390 3312 5454 irridendo,
3356 5395 3450 5444 aut

1849 5513 2038 5555 verum
2067 5495 2320 5561 dicendo,
2351 5489 2703 5562 appellaverit
2734 5484 3035 5541 Sollemnia?
3065 5483 3140 5537 De
3165 5483 3250 5538 his
3295 5496 3456 5552 porro

1848 5594 2077 5662 aliisque
2125 5588 2554 5643 Christianorum
2590 5580 2832 5651 jejuniis',
2889 5577 2979 5646 qui
3033 5575 3190 5645 plura
3240 5573 3454 5630 deside-

1848 5685 2014 5748 rabit,
2062 5683 2108 5736 is
2165 5677 2322 5733 adeat
2351 5676 2612 5730 lrenaeum
2645 5672 2713 5726 ab
2754 5668 3024 5736 Eusebio,
3060 5667 3154 5722 lib.
3185 5682 3216 5720 v
3250 5666 3452 5724 Hister.

1855 5778 2052 5832 Ecclus.
2104 5787 2220 5843 cap.
2265 5771 2357 5838 24,
2419 5785 2515 5839 pag
2567 5765 2688 5832 192,
2741 5764 3002 5828 citatum;
3063 5759 3462 5819 'l’ertullianum
