  <div class='ocr_page' id='page_1' title='image "/cluster/home/n/w/nwhite01/storage/ocr_20150623/3/uva.x000669812/313.png"; bbox 0 0 3824 6282; ppageno 0'>
   <div class='ocr_carea' id='block_1_1' title="bbox 371 382 476 440">
    <p class='ocr_par' dir='ltr' id='par_1_1' title="bbox 371 382 476 440">
     <span class='ocr_line' id='line_1_1' title="bbox 371 382 476 440; baseline -0.01 -1"><span class='ocrx_word' id='word_1_1' title='bbox 371 382 476 440; x_wconf 69' lang='lat'><strong>525</strong></span> 
     </span>
    </p>
   </div>
   <div class='ocr_carea' id='block_1_2' title="bbox 1663 379 3583 442">
    <p class='ocr_par' dir='ltr' id='par_1_2' title="bbox 1663 379 3583 442">
     <span class='ocr_line' id='line_1_2' title="bbox 1663 379 3583 442; baseline 0.003 -6"><span class='ocrx_word' id='word_1_2' title='bbox 1663 380 1752 437; x_wconf 87' lang='lat' dir='ltr'><strong>DE</strong></span> <span class='ocrx_word' id='word_1_3' title='bbox 1793 380 2052 439; x_wconf 75' lang='lat' dir='ltr'><strong>MlNUCll</strong></span> <span class='ocrx_word' id='word_1_4' title='bbox 2082 379 2387 439; x_wconf 74' lang='lat' dir='ltr'><strong>OCTAVIO</strong></span> <span class='ocrx_word' id='word_1_5' title='bbox 3502 383 3583 442; x_wconf 69' lang='grc'><strong>521</strong></span> 
     </span>
    </p>
   </div>
   <div class='ocr_carea' id='block_1_3' title="bbox 369 493 3582 569">
    <p class='ocr_par' dir='ltr' id='par_1_3' title="bbox 369 493 3582 569">
     <span class='ocr_line' id='line_1_3' title="bbox 369 493 3582 569; baseline -0.001 -15"><span class='ocrx_word' id='word_1_6' title='bbox 369 502 596 556; x_wconf 74' lang='lat' dir='ltr'><strong>virtutes</strong></span> <span class='ocrx_word' id='word_1_7' title='bbox 630 498 991 557; x_wconf 81' lang='lat' dir='ltr'><strong>exercentium</strong></span> <span class='ocrx_word' id='word_1_8' title='bbox 1029 515 1049 550; x_wconf 73' lang='grc' dir='ltr'><strong>ι</strong></span> <span class='ocrx_word' id='word_1_9' title='bbox 1084 493 1325 569; x_wconf 79' lang='lat' dir='ltr'><strong>(Origen.</strong></span> <span class='ocrx_word' id='word_1_10' title='bbox 1358 495 1451 553; x_wconf 93' lang='lat' dir='ltr'><strong>lib.</strong></span> <span class='ocrx_word' id='word_1_11' title='bbox 1484 512 1595 564; x_wconf 88' lang='lat' dir='ltr'><strong>vtu,</strong></span> <span class='ocrx_word' id='word_1_12' title='bbox 1628 507 1792 552; x_wconf 88' lang='lat' dir='ltr'><strong>contr.</strong></span> <span class='ocrx_word' id='word_1_13' title='bbox 1823 496 1957 554; x_wconf 84' lang='lat' dir='ltr'><strong>Cels.</strong></span> <span class='ocrx_word' id='word_1_14' title='bbox 1989 501 2042 560; x_wconf 81' lang='grc' dir='ltr'>Α</span> <span class='ocrx_word' id='word_1_15' title='bbox 2070 500 2333 554; x_wconf 66' lang='lat' dir='ltr'><strong>tiSsimum</strong></span> <span class='ocrx_word' id='word_1_16' title='bbox 2366 506 2465 563; x_wconf 81' lang='lat' dir='ltr'><strong>est,</strong></span> <span class='ocrx_word' id='word_1_17' title='bbox 2498 511 2597 551; x_wconf 62' lang='lat' dir='ltr'><strong>nec</strong></span> <span class='ocrx_word' id='word_1_18' title='bbox 2639 494 2705 550; x_wconf 87' lang='lat' dir='ltr'><strong>ab</strong></span> <span class='ocrx_word' id='word_1_19' title='bbox 2739 493 3061 550; x_wconf 88' lang='lat' dir='ltr'><strong>adversariis</strong></span> <span class='ocrx_word' id='word_1_20' title='bbox 3107 493 3299 549; x_wconf 78' lang='lat' dir='ltr'><strong>nostris</strong></span> <span class='ocrx_word' id='word_1_21' title='bbox 3323 499 3582 567; x_wconf 70' lang='lat' dir='ltr'><strong>organum.</strong></span> 
     </span>
    </p>
   </div>
   <div class='ocr_carea' id='block_1_4' title="bbox 372 593 677 663">
    <p class='ocr_par' dir='ltr' id='par_1_4' title="bbox 372 593 677 663">
     <span class='ocr_line' id='line_1_4' title="bbox 372 593 677 663; baseline -0.007 -16"><span class='ocrx_word' id='word_1_22' title='bbox 372 608 471 663; x_wconf 82' lang='lat' dir='ltr'><strong>pag</strong></span> <span class='ocrx_word' id='word_1_23' title='bbox 524 593 677 661; x_wconf 78' lang='grc'><strong>589).</strong></span> 
     </span>
    </p>
   </div>
   <div class='ocr_carea' id='block_1_5' title="bbox 444 684 1971 756">
    <p class='ocr_par' dir='ltr' id='par_1_5' title="bbox 444 684 1971 756">
     <span class='ocr_line' id='line_1_5' title="bbox 444 684 1971 756; baseline -0.002 -14"><span class='ocrx_word' id='word_1_24' title='bbox 444 690 560 742; x_wconf 81' lang='lat' dir='ltr'><strong>l’ari</strong></span> <span class='ocrx_word' id='word_1_25' title='bbox 586 689 762 755; x_wconf 93' lang='lat' dir='ltr'><strong>itaque</strong></span> <span class='ocrx_word' id='word_1_26' title='bbox 792 684 952 741; x_wconf 85' lang='lat' dir='ltr'><strong>modo</strong></span> <span class='ocrx_word' id='word_1_27' title='bbox 983 685 1244 742; x_wconf 75' lang='lat' dir='ltr'><strong>Minucius</strong></span> <span class='ocrx_word' id='word_1_28' title='bbox 1278 695 1483 750; x_wconf 87' lang='lat' dir='ltr'><strong>noster,</strong></span> <span class='ocrx_word' id='word_1_29' title='bbox 1503 694 1556 740; x_wconf 87' lang='lat' dir='ltr'><strong>et</strong></span> <span class='ocrx_word' id='word_1_30' title='bbox 1581 685 1862 756; x_wconf 81' lang='lat' dir='ltr'><strong>Origenes,</strong></span> <span class='ocrx_word' id='word_1_31' title='bbox 1886 693 1971 739; x_wconf 52' lang='lat' dir='ltr'><strong>at.</strong></span> 
     </span>
    </p>
   </div>
   <div class='ocr_carea' id='block_1_6' title="bbox 371 779 1971 849">
    <p class='ocr_par' dir='ltr' id='par_1_6' title="bbox 371 779 1971 849">
     <span class='ocr_line' id='line_1_6' title="bbox 371 779 1971 849; baseline -0.002 -16"><span class='ocrx_word' id='word_1_32' title='bbox 371 796 475 849; x_wconf 88' lang='lat' dir='ltr'><strong>quc</strong></span> <span class='ocrx_word' id='word_1_33' title='bbox 500 779 586 832; x_wconf 84' lang='lat' dir='ltr'><strong>alii</strong></span> <span class='ocrx_word' id='word_1_34' title='bbox 619 779 862 846; x_wconf 80' lang='lat' dir='ltr'><strong>ejusdem</strong></span> <span class='ocrx_word' id='word_1_35' title='bbox 894 781 1067 832; x_wconf 66' lang='lat' dir='ltr'><strong>aetatis</strong></span> <span class='ocrx_word' id='word_1_36' title='bbox 1095 779 1387 847; x_wconf 85' lang='lat' dir='ltr'><strong>scriptores</strong></span> <span class='ocrx_word' id='word_1_37' title='bbox 1414 780 1606 843; x_wconf 68' lang='lat' dir='ltr'><strong>nostri,</strong></span> <span class='ocrx_word' id='word_1_38' title='bbox 1655 779 1826 848; x_wconf 79' lang='lat' dir='ltr'><strong>palam</strong></span> <span class='ocrx_word' id='word_1_39' title='bbox 1882 793 1971 831; x_wconf 90' lang='lat' dir='ltr'><strong>as-</strong></span> 
     </span>
    </p>
   </div>
   <div class='ocr_carea' id='block_1_7' title="bbox 368 870 1971 940">
    <p class='ocr_par' dir='ltr' id='par_1_7' title="bbox 368 870 1971 940">
     <span class='ocr_line' id='line_1_7' title="bbox 368 870 1971 940; baseline -0.001 -15"><span class='ocrx_word' id='word_1_40' title='bbox 368 878 559 926; x_wconf 86' lang='lat' dir='ltr'><strong>serunt</strong></span> <span class='ocrx_word' id='word_1_41' title='bbox 582 871 721 925; x_wconf 90' lang='lat' dir='ltr'><strong>nulla</strong></span> <span class='ocrx_word' id='word_1_42' title='bbox 749 871 1073 926; x_wconf 72' lang='lat' dir='ltr'><strong>Christianis</strong></span> <span class='ocrx_word' id='word_1_43' title='bbox 1099 871 1263 926; x_wconf 79' lang='lat' dir='ltr'><strong>fuisse</strong></span> <span class='ocrx_word' id='word_1_44' title='bbox 1293 872 1487 940; x_wconf 88' lang='lat' dir='ltr'><strong>templa</strong></span> <span class='ocrx_word' id='word_1_45' title='bbox 1508 880 1562 926; x_wconf 93' lang='lat' dir='ltr'><strong>et</strong></span> <span class='ocrx_word' id='word_1_46' title='bbox 1585 870 1826 937; x_wconf 88' lang='lat' dir='ltr'><strong>delubra,</strong></span> <span class='ocrx_word' id='word_1_47' title='bbox 1852 870 1971 923; x_wconf 82' lang='lat' dir='ltr'><strong>nul-</strong></span> 
     </span>
    </p>
   </div>
   <div class='ocr_carea' id='block_1_8' title="bbox 368 964 1973 1033">
    <p class='ocr_par' dir='ltr' id='par_1_8' title="bbox 368 964 1973 1033">
     <span class='ocr_line' id='line_1_8' title="bbox 368 964 1973 1033; baseline -0.001 -12"><span class='ocrx_word' id='word_1_48' title='bbox 368 964 450 1021; x_wconf 79' lang='lat' dir='ltr'><strong>las</strong></span> <span class='ocrx_word' id='word_1_49' title='bbox 480 979 660 1021; x_wconf 80' lang='lat' dir='ltr'><strong>Sacras</strong></span> <span class='ocrx_word' id='word_1_50' title='bbox 690 965 861 1033; x_wconf 72' lang='lat' dir='ltr'><strong>aedes,</strong></span> <span class='ocrx_word' id='word_1_51' title='bbox 895 967 1067 1021; x_wconf 79' lang='lat' dir='ltr'><strong>nullas</strong></span> <span class='ocrx_word' id='word_1_52' title='bbox 1094 982 1237 1032; x_wconf 80' lang='lat' dir='ltr'><strong>aras,</strong></span> <span class='ocrx_word' id='word_1_53' title='bbox 1271 967 1418 1021; x_wconf 85' lang='lat' dir='ltr'><strong>nulla</strong></span> <span class='ocrx_word' id='word_1_54' title='bbox 1448 966 1758 1020; x_wconf 84' lang='lat' dir='ltr'><strong>simulacra.</strong></span> <span class='ocrx_word' id='word_1_55' title='bbox 1792 966 1866 1020; x_wconf 88' lang='lat' dir='ltr'><strong>De</strong></span> <span class='ocrx_word' id='word_1_56' title='bbox 1908 965 1973 1020; x_wconf 91' lang='lat' dir='ltr'><strong>iis</strong></span> 
     </span>
    </p>
   </div>
   <div class='ocr_carea' id='block_1_9' title="bbox 367 1060 1969 1131">
    <p class='ocr_par' dir='ltr' id='par_1_9' title="bbox 367 1060 1969 1131">
     <span class='ocr_line' id='line_1_9' title="bbox 367 1060 1969 1131; baseline -0.001 -16"><span class='ocrx_word' id='word_1_57' title='bbox 367 1068 546 1115; x_wconf 87' lang='lat' dir='ltr'><strong>autem</strong></span> <span class='ocrx_word' id='word_1_58' title='bbox 578 1062 829 1115; x_wconf 92' lang='lat' dir='ltr'><strong>omnibus</strong></span> <span class='ocrx_word' id='word_1_59' title='bbox 858 1076 965 1116; x_wconf 91' lang='lat' dir='ltr'><strong>uno</strong></span> <span class='ocrx_word' id='word_1_60' title='bbox 993 1060 1295 1129; x_wconf 66' lang='lat' dir='ltr'><strong>eodemque</strong></span> <span class='ocrx_word' id='word_1_61' title='bbox 1322 1061 1483 1117; x_wconf 89' lang='lat' dir='ltr'><strong>modo</strong></span> <span class='ocrx_word' id='word_1_62' title='bbox 1527 1061 1601 1116; x_wconf 89' lang='lat' dir='ltr'><strong>illi</strong></span> <span class='ocrx_word' id='word_1_63' title='bbox 1632 1061 1922 1131; x_wconf 90' lang='lat' dir='ltr'><strong>loquuntur</strong></span> <span class='ocrx_word' id='word_1_64' title='bbox 1955 1077 1969 1113; x_wconf 92' lang='lat'><strong>:</strong></span> 
     </span>
    </p>
   </div>
   <div class='ocr_carea' id='block_1_10' title="bbox 366 1153 1973 1225">
    <p class='ocr_par' dir='ltr' id='par_1_10' title="bbox 366 1153 1973 1225">
     <span class='ocr_line' id='line_1_10' title="bbox 366 1153 1973 1225; baseline 0.002 -18"><span class='ocrx_word' id='word_1_65' title='bbox 366 1153 533 1209; x_wconf 85' lang='lat' dir='ltr'><strong>immo</strong></span> <span class='ocrx_word' id='word_1_66' title='bbox 560 1170 688 1209; x_wconf 87' lang='lat' dir='ltr'><strong>vero</strong></span> <span class='ocrx_word' id='word_1_67' title='bbox 718 1155 761 1209; x_wconf 92' lang='lat' dir='ltr'><strong>si</strong></span> <span class='ocrx_word' id='word_1_68' title='bbox 790 1154 917 1224; x_wconf 87' lang='lat' dir='ltr'><strong>quid</strong></span> <span class='ocrx_word' id='word_1_69' title='bbox 939 1157 1005 1209; x_wconf 93' lang='lat' dir='ltr'><strong>sit</strong></span> <span class='ocrx_word' id='word_1_70' title='bbox 1033 1154 1380 1220; x_wconf 83' lang='lat' dir='ltr'><strong>discriminis,</strong></span> <span class='ocrx_word' id='word_1_71' title='bbox 1404 1155 1534 1209; x_wconf 85' lang='lat' dir='ltr'><strong>illud</strong></span> <span class='ocrx_word' id='word_1_72' title='bbox 1565 1164 1650 1211; x_wconf 89' lang='lat' dir='ltr'><strong>est</strong></span> <span class='ocrx_word' id='word_1_73' title='bbox 1670 1196 1683 1218; x_wconf 87' lang='lat'><strong>,</strong></span> <span class='ocrx_word' id='word_1_74' title='bbox 1705 1156 1843 1225; x_wconf 85' lang='lat' dir='ltr'><strong>quod</strong></span> <span class='ocrx_word' id='word_1_75' title='bbox 1876 1153 1973 1210; x_wconf 83' lang='lat' dir='ltr'><strong>Mi-</strong></span> 
     </span>
    </p>
   </div>
   <div class='ocr_carea' id='block_1_11' title="bbox 365 1248 1975 1320">
    <p class='ocr_par' dir='ltr' id='par_1_11' title="bbox 365 1248 1975 1320">
     <span class='ocr_line' id='line_1_11' title="bbox 365 1248 1975 1320; baseline 0 -17"><span class='ocrx_word' id='word_1_76' title='bbox 365 1250 558 1303; x_wconf 86' lang='lat' dir='ltr'><strong>nucius</strong></span> <span class='ocrx_word' id='word_1_77' title='bbox 587 1248 653 1303; x_wconf 88' lang='lat' dir='ltr'><strong>ad</strong></span> <span class='ocrx_word' id='word_1_78' title='bbox 684 1248 904 1303; x_wconf 88' lang='lat' dir='ltr'><strong>verbum</strong></span> <span class='ocrx_word' id='word_1_79' title='bbox 932 1249 1208 1303; x_wconf 78' lang='lat' dir='ltr'><strong>simulacra</strong></span> <span class='ocrx_word' id='word_1_80' title='bbox 1234 1249 1431 1317; x_wconf 83' lang='lat' dir='ltr'><strong>adjecit</strong></span> <span class='ocrx_word' id='word_1_81' title='bbox 1454 1259 1596 1314; x_wconf 84' lang='lat' dir='ltr'><strong>nata,</strong></span> <span class='ocrx_word' id='word_1_82' title='bbox 1627 1249 1779 1320; x_wconf 90' lang='lat' dir='ltr'><strong>quasi</strong></span> <span class='ocrx_word' id='word_1_83' title='bbox 1809 1248 1975 1319; x_wconf 78' lang='lat' dir='ltr'><strong>signi—</strong></span> 
     </span>
    </p>
   </div>
   <div class='ocr_carea' id='block_1_12' title="bbox 365 1339 1973 1411">
    <p class='ocr_par' dir='ltr' id='par_1_12' title="bbox 365 1339 1973 1411">
     <span class='ocr_line' id='line_1_12' title="bbox 365 1339 1973 1411; baseline 0.002 -17"><span class='ocrx_word' id='word_1_84' title='bbox 365 1339 532 1394; x_wconf 86' lang='lat' dir='ltr'><strong>ﬁcare</strong></span> <span class='ocrx_word' id='word_1_85' title='bbox 557 1340 822 1406; x_wconf 81' lang='lat' dir='ltr'><strong>voluerit,</strong></span> <span class='ocrx_word' id='word_1_86' title='bbox 871 1340 1190 1395; x_wconf 87' lang='lat' dir='ltr'><strong>Christianis</strong></span> <span class='ocrx_word' id='word_1_87' title='bbox 1242 1342 1497 1396; x_wconf 90' lang='lat' dir='ltr'><strong>nonnulla</strong></span> <span class='ocrx_word' id='word_1_88' title='bbox 1544 1341 1760 1411; x_wconf 83' lang='lat' dir='ltr'><strong>quidem</strong></span> <span class='ocrx_word' id='word_1_89' title='bbox 1807 1340 1973 1397; x_wconf 79' lang='lat' dir='ltr'><strong>fuisse</strong></span> 
     </span>
    </p>
   </div>
   <div class='ocr_carea' id='block_1_13' title="bbox 364 1432 1974 1500">
    <p class='ocr_par' dir='ltr' id='par_1_13' title="bbox 364 1432 1974 1500">
     <span class='ocr_line' id='line_1_13' title="bbox 364 1432 1974 1500; baseline 0.001 -13"><span class='ocrx_word' id='word_1_90' title='bbox 364 1433 675 1491; x_wconf 80' lang='lat' dir='ltr'><strong>simulacra.</strong></span> <span class='ocrx_word' id='word_1_91' title='bbox 706 1432 800 1489; x_wconf 92' lang='lat' dir='ltr'><strong>sed</strong></span> <span class='ocrx_word' id='word_1_92' title='bbox 849 1449 971 1500; x_wconf 78' lang='lat' dir='ltr'><strong>qua:</strong></span> <span class='ocrx_word' id='word_1_93' title='bbox 1013 1448 1119 1487; x_wconf 89' lang='lat' dir='ltr'><strong>non</strong></span> <span class='ocrx_word' id='word_1_94' title='bbox 1163 1442 1319 1488; x_wconf 90' lang='lat' dir='ltr'><strong>erant</strong></span> <span class='ocrx_word' id='word_1_95' title='bbox 1358 1443 1500 1500; x_wconf 82' lang='lat' dir='ltr'><strong>nota,</strong></span> <span class='ocrx_word' id='word_1_96' title='bbox 1548 1447 1612 1489; x_wconf 87' lang='lat' dir='ltr'><strong>ac</strong></span> <span class='ocrx_word' id='word_1_97' title='bbox 1655 1444 1866 1490; x_wconf 86' lang='lat' dir='ltr'><strong>secreto</strong></span> <span class='ocrx_word' id='word_1_98' title='bbox 1918 1443 1974 1488; x_wconf 88' lang='lat' dir='ltr'><strong>et</strong></span> 
     </span>
    </p>
   </div>
   <div class='ocr_carea' id='block_1_14' title="bbox 365 1527 978 1583">
    <p class='ocr_par' dir='ltr' id='par_1_14' title="bbox 365 1527 978 1583">
     <span class='ocr_line' id='line_1_14' title="bbox 365 1527 978 1583; baseline -0.002 -1"><span class='ocrx_word' id='word_1_99' title='bbox 365 1528 577 1583; x_wconf 90' lang='lat' dir='ltr'><strong>occulte</strong></span> <span class='ocrx_word' id='word_1_100' title='bbox 606 1527 978 1581; x_wconf 88' lang='lat' dir='ltr'><strong>servabantur.</strong></span> 
     </span>
    </p>
   </div>
   <div class='ocr_carea' id='block_1_15' title="bbox 438 1617 1969 1688">
    <p class='ocr_par' dir='ltr' id='par_1_15' title="bbox 438 1617 1969 1688">
     <span class='ocr_line' id='line_1_15' title="bbox 438 1617 1969 1688; baseline -0.001 -14"><span class='ocrx_word' id='word_1_101' title='bbox 438 1618 545 1674; x_wconf 85' lang='lat' dir='ltr'><strong>Sed</strong></span> <span class='ocrx_word' id='word_1_102' title='bbox 578 1619 732 1681; x_wconf 87' lang='lat' dir='ltr'><strong>vide,</strong></span> <span class='ocrx_word' id='word_1_103' title='bbox 765 1633 978 1688; x_wconf 77' lang='lat' dir='ltr'><strong>quaeso,</strong></span> <span class='ocrx_word' id='word_1_104' title='bbox 1012 1617 1219 1688; x_wconf 84' lang='lat' dir='ltr'><strong>ineptas</strong></span> <span class='ocrx_word' id='word_1_105' title='bbox 1250 1618 1684 1673; x_wconf 82' lang='lat' dir='ltr'><strong>Calvinianorum</strong></span> <span class='ocrx_word' id='word_1_106' title='bbox 1716 1619 1969 1674; x_wconf 90' lang='lat' dir='ltr'><strong>aliorum-</strong></span> 
     </span>
    </p>
   </div>
   <div class='ocr_carea' id='block_1_16' title="bbox 362 1709 1972 1783">
    <p class='ocr_par' dir='ltr' id='par_1_16' title="bbox 362 1709 1972 1783">
     <span class='ocr_line' id='line_1_16' title="bbox 362 1709 1972 1783; baseline -0.003 -15"><span class='ocrx_word' id='word_1_107' title='bbox 362 1727 467 1783; x_wconf 87' lang='lat' dir='ltr'><strong>que</strong></span> <span class='ocrx_word' id='word_1_108' title='bbox 495 1710 911 1766; x_wconf 69' lang='lat' dir='ltr'><strong>l’rotestantium</strong></span> <span class='ocrx_word' id='word_1_109' title='bbox 954 1709 1343 1775; x_wconf 65' lang='lat' dir='ltr'><strong>cavillationes,</strong></span> <span class='ocrx_word' id='word_1_110' title='bbox 1376 1712 1464 1776; x_wconf 92' lang='lat' dir='ltr'><strong>qui</strong></span> <span class='ocrx_word' id='word_1_111' title='bbox 1498 1712 1549 1765; x_wconf 92' lang='lat' dir='ltr'><strong>in</strong></span> <span class='ocrx_word' id='word_1_112' title='bbox 1582 1711 1972 1780; x_wconf 78' lang='lat' dir='ltr'><strong>antiquissimo-</strong></span> 
     </span>
    </p>
   </div>
   <div class='ocr_carea' id='block_1_17' title="bbox 355 1803 1973 1873">
    <p class='ocr_par' dir='ltr' id='par_1_17' title="bbox 355 1803 1973 1873">
     <span class='ocr_line' id='line_1_17' title="bbox 355 1803 1973 1873; baseline -0.003 -12"><span class='ocrx_word' id='word_1_113' title='bbox 355 1822 476 1862; x_wconf 85' lang='lat' dir='ltr'><strong>rum</strong></span> <span class='ocrx_word' id='word_1_114' title='bbox 532 1804 751 1859; x_wconf 84' lang='lat' dir='ltr'><strong>Patrum</strong></span> <span class='ocrx_word' id='word_1_115' title='bbox 810 1804 1066 1872; x_wconf 87' lang='lat' dir='ltr'><strong>scriptis,</strong></span> <span class='ocrx_word' id='word_1_116' title='bbox 1126 1803 1503 1873; x_wconf 79' lang='lat' dir='ltr'><strong>quodcumque</strong></span> <span class='ocrx_word' id='word_1_117' title='bbox 1574 1803 1672 1856; x_wconf 83' lang='lat' dir='ltr'><strong>sibi</strong></span> <span class='ocrx_word' id='word_1_118' title='bbox 1717 1803 1973 1871; x_wconf 87' lang='lat' dir='ltr'><strong>placuerit</strong></span> 
     </span>
    </p>
   </div>
   <div class='ocr_carea' id='block_1_18' title="bbox 2074 588 3581 662">
    <p class='ocr_par' dir='ltr' id='par_1_18' title="bbox 2074 588 3581 662">
     <span class='ocr_line' id='line_1_18' title="bbox 2074 588 3581 662; baseline 0.001 -18"><span class='ocrx_word' id='word_1_119' title='bbox 2074 610 2231 662; x_wconf 88' lang='lat' dir='ltr'><strong>quam</strong></span> <span class='ocrx_word' id='word_1_120' title='bbox 2267 594 2437 661; x_wconf 78' lang='lat' dir='ltr'><strong>potuit</strong></span> <span class='ocrx_word' id='word_1_121' title='bbox 2457 592 2479 643; x_wconf 71' lang='lat'><strong>2’</strong></span> <span class='ocrx_word' id='word_1_122' title='bbox 2503 590 2765 644; x_wconf 80' lang='lat' dir='ltr'><strong>Advertas</strong></span> <span class='ocrx_word' id='word_1_123' title='bbox 2789 589 2948 659; x_wconf 81' lang='lat' dir='ltr'><strong>igitur</strong></span> <span class='ocrx_word' id='word_1_124' title='bbox 2978 589 3136 642; x_wconf 74' lang='lat' dir='ltr'><strong>velim</strong></span> <span class='ocrx_word' id='word_1_125' title='bbox 3165 588 3581 651; x_wconf 68' lang='lat' dir='ltr'><strong>versi,~c‘.leversu-</strong></span> 
     </span>
    </p>
   </div>
   <div class='ocr_carea' id='block_1_19' title="bbox 2075 681 3592 754">
    <p class='ocr_par' dir='ltr' id='par_1_19' title="bbox 2075 681 3592 754">
     <span class='ocr_line' id='line_1_19' title="bbox 2075 681 3592 754; baseline 0 -14"><span class='ocrx_word' id='word_1_126' title='bbox 2075 695 2296 754; x_wconf 89' lang='lat' dir='ltr'><strong>tumque</strong></span> <span class='ocrx_word' id='word_1_127' title='bbox 2350 684 2559 737; x_wconf 90' lang='lat' dir='ltr'><strong>illortnn</strong></span> <span class='ocrx_word' id='word_1_128' title='bbox 2612 683 2905 752; x_wconf 80' lang='lat' dir='ltr'><strong>ingenium.</strong></span> <span class='ocrx_word' id='word_1_129' title='bbox 2955 681 3290 735; x_wconf 71' lang='lat' dir='ltr'><strong>Conﬁtentur</strong></span> <span class='ocrx_word' id='word_1_130' title='bbox 3328 682 3592 740; x_wconf 78' lang='lat' dir='ltr'><strong>Christianos</strong></span> 
     </span>
    </p>
   </div>
   <div class='ocr_carea' id='block_1_20' title="bbox 2076 776 3593 848">
    <p class='ocr_par' dir='ltr' id='par_1_20' title="bbox 2076 776 3593 848">
     <span class='ocr_line' id='line_1_20' title="bbox 2076 776 3593 848; baseline -0.001 -16"><span class='ocrx_word' id='word_1_131' title='bbox 2076 794 2175 833; x_wconf 87' lang='lat' dir='ltr'><strong>sua</strong></span> <span class='ocrx_word' id='word_1_132' title='bbox 2192 778 2408 848; x_wconf 86' lang='lat' dir='ltr'><strong>quidem</strong></span> <span class='ocrx_word' id='word_1_133' title='bbox 2428 776 2678 831; x_wconf 82' lang='lat' dir='ltr'><strong>habuisse</strong></span> <span class='ocrx_word' id='word_1_134' title='bbox 2704 777 3034 846; x_wconf 86' lang='lat' dir='ltr'><strong>templa,uon</strong></span> <span class='ocrx_word' id='word_1_135' title='bbox 3066 776 3117 829; x_wconf 92' lang='lat' dir='ltr'><strong>in</strong></span> <span class='ocrx_word' id='word_1_136' title='bbox 3140 784 3424 831; x_wconf 87' lang='lat' dir='ltr'><strong>nostrorum</strong></span> <span class='ocrx_word' id='word_1_137' title='bbox 3441 787 3593 845; x_wconf 82' lang='lat' dir='ltr'><strong>tamen,</strong></span> 
     </span>
    </p>
   </div>
   <div class='ocr_carea' id='block_1_21' title="bbox 2075 868 3597 933">
    <p class='ocr_par' dir='ltr' id='par_1_21' title="bbox 2075 868 3597 933">
     <span class='ocr_line' id='line_1_21' title="bbox 2075 868 3597 933; baseline -0.001 -8"><span class='ocrx_word' id='word_1_138' title='bbox 2075 870 2170 925; x_wconf 74' lang='lat' dir='ltr'><strong>sed</strong></span> <span class='ocrx_word' id='word_1_139' title='bbox 2192 885 2409 925; x_wconf 90' lang='lat' dir='ltr'><strong>suorum</strong></span> <span class='ocrx_word' id='word_1_140' title='bbox 2443 868 2721 923; x_wconf 78' lang='lat' dir='ltr'><strong>dumtaxat</strong></span> <span class='ocrx_word' id='word_1_141' title='bbox 2756 868 3002 922; x_wconf 80' lang='lat' dir='ltr'><strong>formam.</strong></span> <span class='ocrx_word' id='word_1_142' title='bbox 3027 868 3192 923; x_wconf 87' lang='lat' dir='ltr'><strong>Nobis</strong></span> <span class='ocrx_word' id='word_1_143' title='bbox 3227 868 3270 922; x_wconf 90' lang='lat' dir='ltr'><strong>si</strong></span> <span class='ocrx_word' id='word_1_144' title='bbox 3319 883 3411 921; x_wconf 89' lang='lat' dir='ltr'><strong>non</strong></span> <span class='ocrx_word' id='word_1_145' title='bbox 3435 868 3597 933; x_wconf 79' lang='lat' dir='ltr'><strong>credas,</strong></span> 
     </span>
    </p>
   </div>
   <div class='ocr_carea' id='block_1_22' title="bbox 2075 963 3611 1035">
    <p class='ocr_par' dir='ltr' id='par_1_22' title="bbox 2075 963 3611 1035">
     <span class='ocr_line' id='line_1_22' title="bbox 2075 963 3611 1035; baseline -0.002 -12"><span class='ocrx_word' id='word_1_146' title='bbox 2075 982 2203 1023; x_wconf 91' lang='lat' dir='ltr'><strong>ecce</strong></span> <span class='ocrx_word' id='word_1_147' title='bbox 2231 965 2450 1021; x_wconf 91' lang='lat' dir='ltr'><strong>totidem</strong></span> <span class='ocrx_word' id='word_1_148' title='bbox 2482 965 2661 1019; x_wconf 79' lang='lat' dir='ltr'><strong>Dalhei</strong></span> <span class='ocrx_word' id='word_1_149' title='bbox 2700 965 2863 1021; x_wconf 89' lang='lat' dir='ltr'><strong>verba</strong></span> <span class='ocrx_word' id='word_1_150' title='bbox 2902 983 2915 1018; x_wconf 86' lang='lat'><strong>:</strong></span> <span class='ocrx_word' id='word_1_151' title='bbox 2952 984 2971 1017; x_wconf 75' lang='grc' dir='ltr'><strong>ι</strong></span> <span class='ocrx_word' id='word_1_152' title='bbox 3001 964 3183 1035; x_wconf 85' lang='lat' dir='ltr'><strong>Neque</strong></span> <span class='ocrx_word' id='word_1_153' title='bbox 3227 963 3363 1021; x_wconf 88' lang='lat' dir='ltr'><strong>enim</strong></span> <span class='ocrx_word' id='word_1_154' title='bbox 3400 965 3468 1019; x_wconf 87' lang='lat' dir='ltr'><strong>sic</strong></span> <span class='ocrx_word' id='word_1_155' title='bbox 3503 965 3611 1020; x_wconf 83' lang='lat' dir='ltr'><strong>acci-</strong></span> 
     </span>
    </p>
   </div>
   <div class='ocr_carea' id='block_1_23' title="bbox 2078 1057 3622 1131">
    <p class='ocr_par' dir='ltr' id='par_1_23' title="bbox 2078 1057 3622 1131">
     <span class='ocr_line' id='line_1_23' title="bbox 2078 1057 3622 1131; baseline 0.001 -17"><span class='ocrx_word' id='word_1_156' title='bbox 2078 1060 2272 1131; x_wconf 91' lang='lat' dir='ltr'><strong>pienda</strong></span> <span class='ocrx_word' id='word_1_157' title='bbox 2323 1067 2406 1114; x_wconf 89' lang='lat' dir='ltr'><strong>est</strong></span> <span class='ocrx_word' id='word_1_158' title='bbox 2448 1058 2661 1114; x_wconf 81' lang='lat' dir='ltr'><strong>Minucii</strong></span> <span class='ocrx_word' id='word_1_159' title='bbox 2709 1060 2918 1125; x_wconf 84' lang='lat' dir='ltr'><strong>oratiu,</strong></span> <span class='ocrx_word' id='word_1_160' title='bbox 2950 1059 3101 1130; x_wconf 88' lang='lat' dir='ltr'><strong>quasi</strong></span> <span class='ocrx_word' id='word_1_161' title='bbox 3144 1058 3304 1113; x_wconf 73' lang='lat' dir='ltr'><strong>nulla:</strong></span> <span class='ocrx_word' id='word_1_162' title='bbox 3332 1068 3436 1113; x_wconf 90' lang='lat' dir='ltr'><strong>tum</strong></span> <span class='ocrx_word' id='word_1_163' title='bbox 3459 1057 3622 1116; x_wconf 78' lang='lat' dir='ltr'><strong>fuerint</strong></span> 
     </span>
    </p>
   </div>
   <div class='ocr_carea' id='block_1_24' title="bbox 2078 1150 3623 1223">
    <p class='ocr_par' dir='ltr' id='par_1_24' title="bbox 2078 1150 3623 1223">
     <span class='ocr_line' id='line_1_24' title="bbox 2078 1150 3623 1223; baseline -0.001 -15"><span class='ocrx_word' id='word_1_164' title='bbox 2078 1152 2245 1219; x_wconf 80' lang='lat' dir='ltr'><strong>tedes,</strong></span> <span class='ocrx_word' id='word_1_165' title='bbox 2276 1153 2329 1207; x_wconf 92' lang='lat' dir='ltr'><strong>in</strong></span> <span class='ocrx_word' id='word_1_166' title='bbox 2356 1152 2550 1223; x_wconf 85' lang='lat' dir='ltr'><strong>quibus</strong></span> <span class='ocrx_word' id='word_1_167' title='bbox 2570 1150 2879 1206; x_wconf 79' lang='lat' dir='ltr'><strong>christiana:</strong></span> <span class='ocrx_word' id='word_1_168' title='bbox 2910 1150 3623 1207; x_wconf 71' lang='lat' dir='ltr'><strong>communionishominess:-</strong></span> 
     </span>
    </p>
   </div>
   <div class='ocr_carea' id='block_1_25' title="bbox 2076 1244 3620 1317">
    <p class='ocr_par' dir='ltr' id='par_1_25' title="bbox 2076 1244 3620 1317">
     <span class='ocr_line' id='line_1_25' title="bbox 2076 1244 3620 1317; baseline -0.001 -13"><span class='ocrx_word' id='word_1_169' title='bbox 2076 1263 2199 1304; x_wconf 80' lang='lat' dir='ltr'><strong>Cros</strong></span> <span class='ocrx_word' id='word_1_170' title='bbox 2229 1257 2530 1303; x_wconf 90' lang='lat' dir='ltr'><strong>eonventus</strong></span> <span class='ocrx_word' id='word_1_171' title='bbox 2561 1246 2843 1302; x_wconf 79' lang='lat' dir='ltr'><strong>habuerint</strong></span> <span class='ocrx_word' id='word_1_172' title='bbox 2871 1288 2884 1311; x_wconf 94' lang='lat'><strong>,</strong></span> <span class='ocrx_word' id='word_1_173' title='bbox 2918 1262 3025 1317; x_wconf 87' lang='lat' dir='ltr'><strong>quo</strong></span> <span class='ocrx_word' id='word_1_174' title='bbox 3063 1256 3119 1301; x_wconf 86' lang='lat' dir='ltr'><strong>et</strong></span> <span class='ocrx_word' id='word_1_175' title='bbox 3156 1244 3226 1300; x_wconf 85' lang='lat' dir='ltr'><strong>de</strong></span> <span class='ocrx_word' id='word_1_176' title='bbox 3271 1244 3426 1301; x_wconf 91' lang='lat' dir='ltr'><strong>rebus</strong></span> <span class='ocrx_word' id='word_1_177' title='bbox 3465 1245 3620 1302; x_wconf 87' lang='lat' dir='ltr'><strong>divinis</strong></span> 
     </span>
    </p>
   </div>
   <div class='ocr_carea' id='block_1_26' title="bbox 2075 1340 3617 1410">
    <p class='ocr_par' dir='ltr' id='par_1_26' title="bbox 2075 1340 3617 1410">
     <span class='ocr_line' id='line_1_26' title="bbox 2075 1340 3617 1410; baseline -0.001 -13"><span class='ocrx_word' id='word_1_178' title='bbox 2075 1340 2291 1397; x_wconf 86' lang='lat' dir='ltr'><strong>edoceri</strong></span> <span class='ocrx_word' id='word_1_179' title='bbox 2316 1382 2332 1406; x_wconf 87' lang='lat'><strong>,</strong></span> <span class='ocrx_word' id='word_1_180' title='bbox 2361 1351 2417 1396; x_wconf 91' lang='lat' dir='ltr'><strong>et</strong></span> <span class='ocrx_word' id='word_1_181' title='bbox 2445 1342 2717 1395; x_wconf 89' lang='lat' dir='ltr'><strong>communi</strong></span> <span class='ocrx_word' id='word_1_182' title='bbox 2750 1341 2858 1395; x_wconf 89' lang='lat' dir='ltr'><strong>Deo</strong></span> <span class='ocrx_word' id='word_1_183' title='bbox 2887 1340 3194 1409; x_wconf 86' lang='lat' dir='ltr'><strong>supplicare</strong></span> <span class='ocrx_word' id='word_1_184' title='bbox 3217 1349 3448 1410; x_wconf 82' lang='lat' dir='ltr'><strong>possent,</strong></span> <span class='ocrx_word' id='word_1_185' title='bbox 3477 1341 3617 1410; x_wconf 78' lang='lat' dir='ltr'><strong>qualia</strong></span> 
     </span>
    </p>
   </div>
   <div class='ocr_carea' id='block_1_27' title="bbox 2076 1432 3623 1503">
    <p class='ocr_par' dir='ltr' id='par_1_27' title="bbox 2076 1432 3623 1503">
     <span class='ocr_line' id='line_1_27' title="bbox 2076 1432 3623 1503; baseline 0.001 -16"><span class='ocrx_word' id='word_1_186' title='bbox 2076 1444 2220 1499; x_wconf 89' lang='lat' dir='ltr'><strong>sunt,</strong></span> <span class='ocrx_word' id='word_1_187' title='bbox 2237 1449 2355 1503; x_wconf 62' lang='lat' dir='ltr'><strong>quae</strong></span> <span class='ocrx_word' id='word_1_188' title='bbox 2375 1432 2535 1488; x_wconf 88' lang='lat' dir='ltr'><strong>ltodic</strong></span> <span class='ocrx_word' id='word_1_189' title='bbox 2559 1432 2972 1488; x_wconf 76' lang='lat' dir='ltr'><strong>l’rotestantinm</strong></span> <span class='ocrx_word' id='word_1_190' title='bbox 2995 1432 3249 1487; x_wconf 88' lang='lat' dir='ltr'><strong>dicuntur</strong></span> <span class='ocrx_word' id='word_1_191' title='bbox 3264 1432 3454 1501; x_wconf 88' lang='lat' dir='ltr'><strong>templa</strong></span> <span class='ocrx_word' id='word_1_192' title='bbox 3484 1433 3623 1503; x_wconf 75' lang='grc' dir='ltr'><strong>»(11ιι1ο</strong></span> 
     </span>
    </p>
   </div>
   <div class='ocr_carea' id='block_1_28' title="bbox 2076 1521 3622 1597">
    <p class='ocr_par' dir='ltr' id='par_1_28' title="bbox 2076 1521 3622 1597">
     <span class='ocr_line' id='line_1_28' title="bbox 2076 1521 3622 1597; baseline 0 -18"><span class='ocrx_word' id='word_1_193' title='bbox 2076 1525 2163 1590; x_wconf 65' lang='lat' dir='ltr'><strong>lae,</strong></span> <span class='ocrx_word' id='word_1_194' title='bbox 2197 1524 2288 1580; x_wconf 79' lang='lat' dir='ltr'><strong>lib.</strong></span> <span class='ocrx_word' id='word_1_195' title='bbox 2327 1540 2367 1585; x_wconf 83' lang='grc' dir='ltr'><strong>ι.</strong></span> <span class='ocrx_word' id='word_1_196' title='bbox 2399 1524 2464 1579; x_wconf 82' lang='lat' dir='ltr'><strong>de</strong></span> <span class='ocrx_word' id='word_1_197' title='bbox 2494 1524 2665 1597; x_wconf 86' lang='lat' dir='ltr'><strong>lmag.</strong></span> <span class='ocrx_word' id='word_1_198' title='bbox 2695 1541 2815 1595; x_wconf 70' lang='lat' dir='ltr'><strong>cap.</strong></span> <span class='ocrx_word' id='word_1_199' title='bbox 2847 1525 2901 1591; x_wconf 80' lang='lat'><strong>5,</strong></span> <span class='ocrx_word' id='word_1_200' title='bbox 2937 1541 3058 1596; x_wconf 81' lang='lat' dir='ltr'><strong>pag.</strong></span> <span class='ocrx_word' id='word_1_201' title='bbox 3092 1524 3161 1579; x_wconf 69' lang='lat'><strong>52</strong></span> <span class='ocrx_word' id='word_1_202' title='bbox 3264 1528 3331 1578; x_wconf 82' lang='lat' dir='ltr'><strong>At</strong></span> <span class='ocrx_word' id='word_1_203' title='bbox 3353 1539 3482 1595; x_wconf 83' lang='lat' dir='ltr'><strong>qua,</strong></span> <span class='ocrx_word' id='word_1_204' title='bbox 3507 1541 3622 1579; x_wconf 82' lang='lat' dir='ltr'><strong>anta-</strong></span> 
     </span>
    </p>
   </div>
   <div class='ocr_carea' id='block_1_29' title="bbox 2076 1617 3624 1689">
    <p class='ocr_par' dir='ltr' id='par_1_29' title="bbox 2076 1617 3624 1689">
     <span class='ocr_line' id='line_1_29' title="bbox 2076 1617 3624 1689; baseline 0.001 -17"><span class='ocrx_word' id='word_1_205' title='bbox 2076 1617 2145 1674; x_wconf 89' lang='lat' dir='ltr'><strong>bo</strong></span> <span class='ocrx_word' id='word_1_206' title='bbox 2170 1627 2241 1685; x_wconf 88' lang='lat' dir='ltr'><strong>te,</strong></span> <span class='ocrx_word' id='word_1_207' title='bbox 2275 1618 2389 1685; x_wconf 88' lang='lat' dir='ltr'><strong>ille,</strong></span> <span class='ocrx_word' id='word_1_208' title='bbox 2436 1620 2635 1689; x_wconf 85' lang='lat' dir='ltr'><strong>aliique</strong></span> <span class='ocrx_word' id='word_1_209' title='bbox 2665 1619 2907 1689; x_wconf 78' lang='lat' dir='ltr'><strong>ejusdem</strong></span> <span class='ocrx_word' id='word_1_210' title='bbox 2953 1629 3115 1674; x_wconf 75' lang='lat' dir='ltr'><strong>secta:</strong></span> <span class='ocrx_word' id='word_1_211' title='bbox 3148 1618 3388 1673; x_wconf 81' lang='lat' dir='ltr'><strong>homines</strong></span> <span class='ocrx_word' id='word_1_212' title='bbox 3416 1659 3430 1682; x_wconf 91' lang='lat'><strong>,</strong></span> <span class='ocrx_word' id='word_1_213' title='bbox 3455 1620 3624 1674; x_wconf 84' lang='lat' dir='ltr'><strong>ratione</strong></span> 
     </span>
    </p>
   </div>
   <div class='ocr_carea' id='block_1_30' title="bbox 2079 1709 3621 1781">
    <p class='ocr_par' dir='ltr' id='par_1_30' title="bbox 2079 1709 3621 1781">
     <span class='ocr_line' id='line_1_30' title="bbox 2079 1709 3621 1781; baseline 0.001 -17"><span class='ocrx_word' id='word_1_214' title='bbox 2079 1726 2329 1781; x_wconf 89' lang='lat' dir='ltr'><strong>umquam</strong></span> <span class='ocrx_word' id='word_1_215' title='bbox 2362 1711 2724 1781; x_wconf 87' lang='lat' dir='ltr'><strong>probaverunt</strong></span> <span class='ocrx_word' id='word_1_216' title='bbox 2753 1711 2947 1779; x_wconf 85' lang='lat' dir='ltr'><strong>templa</strong></span> <span class='ocrx_word' id='word_1_217' title='bbox 2985 1709 3463 1765; x_wconf 90' lang='lat' dir='ltr'><strong>vetustissimorum</strong></span> <span class='ocrx_word' id='word_1_218' title='bbox 3501 1711 3621 1765; x_wconf 78' lang='lat' dir='ltr'><strong>Chri-</strong></span> 
     </span>
    </p>
   </div>
   <div class='ocr_carea' id='block_1_31' title="bbox 2080 1803 3624 1869">
    <p class='ocr_par' dir='ltr' id='par_1_31' title="bbox 2080 1803 3624 1869">
     <span class='ocr_line' id='line_1_31' title="bbox 2080 1803 3624 1869; baseline 0.001 -11"><span class='ocrx_word' id='word_1_219' title='bbox 2080 1806 2401 1867; x_wconf 88' lang='lat' dir='ltr'><strong>stianorum,</strong></span> <span class='ocrx_word' id='word_1_220' title='bbox 2444 1806 2577 1868; x_wconf 86' lang='lat' dir='ltr'><strong>suis,</strong></span> <span class='ocrx_word' id='word_1_221' title='bbox 2614 1821 2720 1859; x_wconf 89' lang='lat' dir='ltr'><strong>non</strong></span> <span class='ocrx_word' id='word_1_222' title='bbox 2750 1820 2880 1859; x_wconf 86' lang='lat' dir='ltr'><strong>vero</strong></span> <span class='ocrx_word' id='word_1_223' title='bbox 2912 1806 3128 1869; x_wconf 85' lang='lat' dir='ltr'><strong>nostris,</strong></span> <span class='ocrx_word' id='word_1_224' title='bbox 3156 1804 3317 1858; x_wconf 83' lang='lat' dir='ltr'><strong>luisse</strong></span> <span class='ocrx_word' id='word_1_225' title='bbox 3339 1804 3549 1859; x_wconf 81' lang='lat' dir='ltr'><strong>similia?</strong></span> <span class='ocrx_word' id='word_1_226' title='bbox 3570 1803 3624 1859; x_wconf 76' lang='lat' dir='ltr'><strong>Ne</strong></span> 
     </span>
    </p>
   </div>
   <div class='ocr_carea' id='block_1_32' title="bbox 363 1895 3625 1967">
    <p class='ocr_par' dir='ltr' id='par_1_32' title="bbox 363 1895 3625 1967">
     <span class='ocr_line' id='line_1_32' title="bbox 363 1895 3625 1967; baseline -0.002 -12"><span class='ocrx_word' id='word_1_227' title='bbox 363 1900 685 1963; x_wconf 86' lang='lat' dir='ltr'><strong>admittunt,</strong></span> <span class='ocrx_word' id='word_1_228' title='bbox 713 1897 963 1964; x_wconf 88' lang='lat' dir='ltr'><strong>rejicittnt</strong></span> <span class='ocrx_word' id='word_1_229' title='bbox 991 1895 1131 1964; x_wconf 90' lang='lat' dir='ltr'><strong>quod</strong></span> <span class='ocrx_word' id='word_1_230' title='bbox 1176 1896 1530 1961; x_wconf 64' lang='lat' dir='ltr'><strong>displicuerit.</strong></span> <span class='ocrx_word' id='word_1_231' title='bbox 1580 1896 1760 1950; x_wconf 83' lang='lat' dir='ltr'><strong>Palam</strong></span> <span class='ocrx_word' id='word_1_232' title='bbox 1799 1896 1963 1950; x_wconf 86' lang='lat' dir='ltr'><strong>enim</strong></span> <span class='ocrx_word' id='word_1_233' title='bbox 2000 1899 2047 1957; x_wconf 87' lang='lat' dir='ltr'><strong>B</strong></span> <span class='ocrx_word' id='word_1_234' title='bbox 2078 1898 2296 1951; x_wconf 91' lang='lat' dir='ltr'><strong>minima</strong></span> <span class='ocrx_word' id='word_1_235' title='bbox 2319 1898 2554 1967; x_wconf 86' lang='lat' dir='ltr'><strong>quidem.</strong></span> <span class='ocrx_word' id='word_1_236' title='bbox 2604 1897 2740 1951; x_wconf 83' lang='lat' dir='ltr'><strong>Num</strong></span> <span class='ocrx_word' id='word_1_237' title='bbox 2789 1912 2918 1966; x_wconf 83' lang='lat' dir='ltr'><strong>ergo</strong></span> <span class='ocrx_word' id='word_1_238' title='bbox 2946 1896 3067 1965; x_wconf 89' lang='lat' dir='ltr'><strong>quia</strong></span> <span class='ocrx_word' id='word_1_239' title='bbox 3099 1897 3237 1951; x_wconf 85' lang='lat' dir='ltr'><strong>sicut</strong></span> <span class='ocrx_word' id='word_1_240' title='bbox 3270 1896 3437 1950; x_wconf 67' lang='lat' dir='ltr'><strong>Missa:</strong></span> <span class='ocrx_word' id='word_1_241' title='bbox 3461 1896 3625 1951; x_wconf 65' lang='lat' dir='ltr'><strong>sacriﬁo</strong></span> 
     </span>
    </p>
   </div>
   <div class='ocr_carea' id='block_1_33' title="bbox 360 1988 1965 2059">
    <p class='ocr_par' dir='ltr' id='par_1_33' title="bbox 360 1988 1965 2059">
     <span class='ocr_line' id='line_1_33' title="bbox 360 1988 1965 2059; baseline -0.002 -11"><span class='ocrx_word' id='word_1_242' title='bbox 360 2008 495 2048; x_wconf 87' lang='lat' dir='ltr'><strong>vero</strong></span> <span class='ocrx_word' id='word_1_243' title='bbox 519 2008 642 2047; x_wconf 92' lang='lat' dir='ltr'><strong>cum</strong></span> <span class='ocrx_word' id='word_1_244' title='bbox 696 1991 899 2045; x_wconf 74' lang='lat' dir='ltr'><strong>Dallteo</strong></span> <span class='ocrx_word' id='word_1_245' title='bbox 942 1988 1175 2045; x_wconf 85' lang='lat' dir='ltr'><strong>fatentur</strong></span> <span class='ocrx_word' id='word_1_246' title='bbox 1222 1989 1440 2045; x_wconf 81' lang='lat' dir='ltr'><strong>Minucii</strong></span> <span class='ocrx_word' id='word_1_247' title='bbox 1484 1992 1648 2045; x_wconf 65' lang='lat' dir='ltr'><strong>nostri</strong></span> <span class='ocrx_word' id='word_1_248' title='bbox 1704 2001 1965 2059; x_wconf 88' lang='lat' dir='ltr'><strong>tempore,</strong></span> 
     </span>
    </p>
   </div>
   <div class='ocr_carea' id='block_1_34' title="bbox 361 2082 1968 2156">
    <p class='ocr_par' dir='ltr' id='par_1_34' title="bbox 361 2082 1968 2156">
     <span class='ocr_line' id='line_1_34' title="bbox 361 2082 1968 2156; baseline -0.001 -16"><span class='ocrx_word' id='word_1_249' title='bbox 361 2095 523 2156; x_wconf 89' lang='lat' dir='ltr'><strong>atque</strong></span> <span class='ocrx_word' id='word_1_250' title='bbox 548 2100 571 2138; x_wconf 86' lang='lat' dir='ltr'><strong>a</strong></span> <span class='ocrx_word' id='word_1_251' title='bbox 600 2083 787 2154; x_wconf 89' lang='lat' dir='ltr'><strong>primis</strong></span> <span class='ocrx_word' id='word_1_252' title='bbox 815 2082 1070 2136; x_wconf 79' lang='lat' dir='ltr'><strong>Ecclesiae</strong></span> <span class='ocrx_word' id='word_1_253' title='bbox 1096 2082 1310 2135; x_wconf 60' lang='lat' dir='ltr'><strong>saeculis</strong></span> <span class='ocrx_word' id='word_1_254' title='bbox 1335 2098 1427 2136; x_wconf 77' lang='lat' dir='ltr'><strong>sua</strong></span> <span class='ocrx_word' id='word_1_255' title='bbox 1453 2082 1775 2137; x_wconf 75' lang='lat' dir='ltr'><strong>Christianis</strong></span> <span class='ocrx_word' id='word_1_256' title='bbox 1805 2082 1968 2138; x_wconf 75' lang='lat' dir='ltr'><strong>fuiSsc</strong></span> 
     </span>
    </p>
   </div>
   <div class='ocr_carea' id='block_1_35' title="bbox 363 2172 1965 2246">
    <p class='ocr_par' dir='ltr' id='par_1_35' title="bbox 363 2172 1965 2246">
     <span class='ocr_line' id='line_1_35' title="bbox 363 2172 1965 2246; baseline -0.003 -14"><span class='ocrx_word' id='word_1_257' title='bbox 363 2176 583 2246; x_wconf 90' lang='lat' dir='ltr'><strong>quidem</strong></span> <span class='ocrx_word' id='word_1_258' title='bbox 609 2175 803 2243; x_wconf 81' lang='lat' dir='ltr'><strong>templa</strong></span> <span class='ocrx_word' id='word_1_259' title='bbox 825 2214 841 2238; x_wconf 92' lang='lat'><strong>,</strong></span> <span class='ocrx_word' id='word_1_260' title='bbox 872 2172 967 2227; x_wconf 89' lang='lat' dir='ltr'><strong>sed</strong></span> <span class='ocrx_word' id='word_1_261' title='bbox 1000 2172 1175 2227; x_wconf 88' lang='lat' dir='ltr'><strong>nullas</strong></span> <span class='ocrx_word' id='word_1_262' title='bbox 1206 2188 1346 2239; x_wconf 89' lang='lat' dir='ltr'><strong>aras,</strong></span> <span class='ocrx_word' id='word_1_263' title='bbox 1378 2173 1631 2244; x_wconf 83' lang='lat' dir='ltr'><strong>nullaque</strong></span> <span class='ocrx_word' id='word_1_264' title='bbox 1658 2174 1965 2229; x_wconf 87' lang='lat' dir='ltr'><strong>simulacra.</strong></span> 
     </span>
    </p>
   </div>
   <div class='ocr_carea' id='block_1_36' title="bbox 364 2265 1969 2339">
    <p class='ocr_par' dir='ltr' id='par_1_36' title="bbox 364 2265 1969 2339">
     <span class='ocr_line' id='line_1_36' title="bbox 364 2265 1969 2339; baseline 0.004 -21"><span class='ocrx_word' id='word_1_265' title='bbox 364 2270 435 2325; x_wconf 78' lang='lat' dir='ltr'><strong>At</strong></span> <span class='ocrx_word' id='word_1_266' title='bbox 456 2284 556 2339; x_wconf 88' lang='lat' dir='ltr'><strong>qua</strong></span> <span class='ocrx_word' id='word_1_267' title='bbox 588 2266 889 2321; x_wconf 83' lang='lat' dir='ltr'><strong>temeritate</strong></span> <span class='ocrx_word' id='word_1_268' title='bbox 915 2265 1263 2320; x_wconf 84' lang='lat' dir='ltr'><strong>distinxerim</strong></span> <span class='ocrx_word' id='word_1_269' title='bbox 1294 2281 1374 2331; x_wconf 90' lang='lat' dir='ltr'><strong>ea,</strong></span> <span class='ocrx_word' id='word_1_270' title='bbox 1402 2281 1521 2336; x_wconf 64' lang='lat' dir='ltr'><strong>quae</strong></span> <span class='ocrx_word' id='word_1_271' title='bbox 1541 2282 1571 2321; x_wconf 90' lang='lat' dir='ltr'><strong>a</strong></span> <span class='ocrx_word' id='word_1_272' title='bbox 1594 2266 1969 2324; x_wconf 83' lang='lat' dir='ltr'><strong>vetustissimis</strong></span> 
     </span>
    </p>
   </div>
   <div class='ocr_carea' id='block_1_37' title="bbox 361 2359 1969 2432">
    <p class='ocr_par' dir='ltr' id='par_1_37' title="bbox 361 2359 1969 2432">
     <span class='ocr_line' id='line_1_37' title="bbox 361 2359 1969 2432; baseline 0.001 -14"><span class='ocrx_word' id='word_1_273' title='bbox 361 2363 470 2418; x_wconf 84' lang='lat' dir='ltr'><strong>illis</strong></span> <span class='ocrx_word' id='word_1_274' title='bbox 499 2359 853 2431; x_wconf 89' lang='lat' dir='ltr'><strong>scriptoribus</strong></span> <span class='ocrx_word' id='word_1_275' title='bbox 883 2374 991 2415; x_wconf 89' lang='lat' dir='ltr'><strong>non</strong></span> <span class='ocrx_word' id='word_1_276' title='bbox 1020 2360 1441 2431; x_wconf 72' lang='lat' dir='ltr'><strong>dictinguuntur,</strong></span> <span class='ocrx_word' id='word_1_277' title='bbox 1478 2377 1767 2432; x_wconf 79' lang='lat' dir='ltr'><strong>parumper</strong></span> <span class='ocrx_word' id='word_1_278' title='bbox 1806 2362 1969 2419; x_wconf 72' lang='lat' dir='ltr'><strong>obse~</strong></span> 
     </span>
    </p>
   </div>
   <div class='ocr_carea' id='block_1_38' title="bbox 360 2453 835 2512">
    <p class='ocr_par' dir='ltr' id='par_1_38' title="bbox 360 2453 835 2512">
     <span class='ocr_line' id='line_1_38' title="bbox 360 2453 835 2512; baseline -0.015 1"><span class='ocrx_word' id='word_1_279' title='bbox 360 2471 455 2512; x_wconf 92' lang='lat' dir='ltr'><strong>cro</strong></span> <span class='ocrx_word' id='word_1_280' title='bbox 479 2453 835 2509; x_wconf 89' lang='lat' dir='ltr'><strong>attendamus.</strong></span> 
     </span>
    </p>
   </div>
   <div class='ocr_carea' id='block_1_39' title="bbox 435 2548 1967 2620">
    <p class='ocr_par' dir='ltr' id='par_1_39' title="bbox 435 2548 1967 2620">
     <span class='ocr_line' id='line_1_39' title="bbox 435 2548 1967 2620; baseline -0.001 -14"><span class='ocrx_word' id='word_1_281' title='bbox 435 2551 579 2605; x_wconf 84' lang='lat' dir='ltr'><strong>Bene</strong></span> <span class='ocrx_word' id='word_1_282' title='bbox 597 2549 816 2620; x_wconf 87' lang='lat' dir='ltr'><strong>quidem</strong></span> <span class='ocrx_word' id='word_1_283' title='bbox 843 2557 947 2614; x_wconf 88' lang='lat' dir='ltr'><strong>est,</strong></span> <span class='ocrx_word' id='word_1_284' title='bbox 967 2548 1108 2618; x_wconf 90' lang='lat' dir='ltr'><strong>quod</strong></span> <span class='ocrx_word' id='word_1_285' title='bbox 1136 2548 1360 2603; x_wconf 71' lang='lat' dir='ltr'><strong>Dallrcus</strong></span> <span class='ocrx_word' id='word_1_286' title='bbox 1382 2549 1580 2620; x_wconf 84' lang='lat' dir='ltr'><strong>aliique</strong></span> <span class='ocrx_word' id='word_1_287' title='bbox 1602 2549 1967 2605; x_wconf 79' lang='lat' dir='ltr'><strong>Protestantcs</strong></span> 
     </span>
    </p>
   </div>
   <div class='ocr_carea' id='block_1_40' title="bbox 360 2640 1969 2710">
    <p class='ocr_par' dir='ltr' id='par_1_40' title="bbox 360 2640 1969 2710">
     <span class='ocr_line' id='line_1_40' title="bbox 360 2640 1969 2710; baseline -0.003 -10"><span class='ocrx_word' id='word_1_288' title='bbox 360 2642 667 2701; x_wconf 86' lang='lat' dir='ltr'><strong>concedant</strong></span> <span class='ocrx_word' id='word_1_289' title='bbox 699 2641 867 2710; x_wconf 88' lang='lat' dir='ltr'><strong>prima</strong></span> <span class='ocrx_word' id='word_1_290' title='bbox 899 2640 1154 2698; x_wconf 72' lang='lat' dir='ltr'><strong>Ecclesia:</strong></span> <span class='ocrx_word' id='word_1_291' title='bbox 1195 2650 1355 2695; x_wconf 74' lang='lat' dir='ltr'><strong>mtate</strong></span> <span class='ocrx_word' id='word_1_292' title='bbox 1396 2641 1731 2696; x_wconf 86' lang='lat' dir='ltr'><strong>Christianos</strong></span> <span class='ocrx_word' id='word_1_293' title='bbox 1761 2656 1853 2697; x_wconf 91' lang='lat' dir='ltr'><strong>sua</strong></span> <span class='ocrx_word' id='word_1_294' title='bbox 1884 2640 1969 2695; x_wconf 91' lang='lat' dir='ltr'><strong>ha-</strong></span> 
     </span>
    </p>
   </div>
   <div class='ocr_carea' id='block_1_41' title="bbox 370 2731 1969 2805">
    <p class='ocr_par' dir='ltr' id='par_1_41' title="bbox 370 2731 1969 2805">
     <span class='ocr_line' id='line_1_41' title="bbox 370 2731 1969 2805; baseline -0.003 -14"><span class='ocrx_word' id='word_1_295' title='bbox 370 2737 555 2791; x_wconf 86' lang='lat' dir='ltr'><strong>buisse</strong></span> <span class='ocrx_word' id='word_1_296' title='bbox 589 2735 801 2803; x_wconf 90' lang='lat' dir='ltr'><strong>templa.</strong></span> <span class='ocrx_word' id='word_1_297' title='bbox 853 2731 957 2786; x_wconf 85' lang='lat' dir='ltr'><strong>Sed</strong></span> <span class='ocrx_word' id='word_1_298' title='bbox 985 2748 1087 2803; x_wconf 89' lang='lat' dir='ltr'><strong>qua</strong></span> <span class='ocrx_word' id='word_1_299' title='bbox 1119 2731 1294 2788; x_wconf 79' lang='lat' dir='ltr'><strong>fronte</strong></span> <span class='ocrx_word' id='word_1_300' title='bbox 1322 2732 1372 2788; x_wconf 88' lang='lat' dir='ltr'><strong>id</strong></span> <span class='ocrx_word' id='word_1_301' title='bbox 1404 2742 1707 2804; x_wconf 78' lang='lat' dir='ltr'><strong>negassent.</strong></span> <span class='ocrx_word' id='word_1_302' title='bbox 1732 2734 1872 2805; x_wconf 87' lang='lat' dir='ltr'><strong>quod</strong></span> <span class='ocrx_word' id='word_1_303' title='bbox 1901 2734 1969 2788; x_wconf 91' lang='lat' dir='ltr'><strong>ab</strong></span> 
     </span>
    </p>
   </div>
   <div class='ocr_carea' id='block_1_42' title="bbox 362 2826 1966 2884">
    <p class='ocr_par' dir='ltr' id='par_1_42' title="bbox 362 2826 1966 2884">
     <span class='ocr_line' id='line_1_42' title="bbox 362 2826 1966 2884; baseline -0.002 0"><span class='ocrx_word' id='word_1_304' title='bbox 362 2829 471 2884; x_wconf 79' lang='lat' dir='ltr'><strong>illis</strong></span> <span class='ocrx_word' id='word_1_305' title='bbox 505 2828 758 2884; x_wconf 67' lang='lat' dir='ltr'><strong>Ecclesim</strong></span> <span class='ocrx_word' id='word_1_306' title='bbox 799 2826 1046 2881; x_wconf 81' lang='lat' dir='ltr'><strong>Patribns</strong></span> <span class='ocrx_word' id='word_1_307' title='bbox 1074 2837 1225 2883; x_wconf 88' lang='lat' dir='ltr'><strong>certo</strong></span> <span class='ocrx_word' id='word_1_308' title='bbox 1252 2827 1454 2883; x_wconf 84' lang='lat' dir='ltr'><strong>certius</strong></span> <span class='ocrx_word' id='word_1_309' title='bbox 1485 2827 1792 2882; x_wconf 82' lang='lat' dir='ltr'><strong>asseritur?</strong></span> <span class='ocrx_word' id='word_1_310' title='bbox 1830 2826 1966 2881; x_wconf 86' lang='lat' dir='ltr'><strong>Ter-</strong></span> 
     </span>
    </p>
   </div>
   <div class='ocr_carea' id='block_1_43' title="bbox 368 2920 1964 2991">
    <p class='ocr_par' dir='ltr' id='par_1_43' title="bbox 368 2920 1964 2991">
     <span class='ocr_line' id='line_1_43' title="bbox 368 2920 1964 2991; baseline -0.003 -14"><span class='ocrx_word' id='word_1_311' title='bbox 368 2924 627 2978; x_wconf 82' lang='lat' dir='ltr'><strong>tullianus</strong></span> <span class='ocrx_word' id='word_1_312' title='bbox 654 2921 936 2991; x_wconf 84' lang='lat' dir='ltr'><strong>siquidem.</strong></span> <span class='ocrx_word' id='word_1_313' title='bbox 969 2922 1041 2974; x_wconf 90' lang='lat' dir='ltr'><strong>uti</strong></span> <span class='ocrx_word' id='word_1_314' title='bbox 1073 2920 1197 2975; x_wconf 89' lang='lat' dir='ltr'><strong>alibi</strong></span> <span class='ocrx_word' id='word_1_315' title='bbox 1221 2920 1473 2984; x_wconf 85' lang='lat' dir='ltr'><strong>vidimus,</strong></span> <span class='ocrx_word' id='word_1_316' title='bbox 1504 2921 1703 2975; x_wconf 86' lang='lat' dir='ltr'><strong>diserte</strong></span> <span class='ocrx_word' id='word_1_317' title='bbox 1724 2936 1964 2988; x_wconf 74' lang='lat' dir='ltr'><strong>prmum-</strong></span> 
     </span>
    </p>
   </div>
   <div class='ocr_carea' id='block_1_44' title="bbox 363 3013 1971 3083">
    <p class='ocr_par' dir='ltr' id='par_1_44' title="bbox 363 3013 1971 3083">
     <span class='ocr_line' id='line_1_44' title="bbox 363 3013 1971 3083; baseline -0.002 -13"><span class='ocrx_word' id='word_1_318' title='bbox 363 3015 461 3071; x_wconf 86' lang='lat' dir='ltr'><strong>tiat</strong></span> <span class='ocrx_word' id='word_1_319' title='bbox 485 3015 589 3070; x_wconf 72' lang='lat' dir='ltr'><strong>illis</strong></span> <span class='ocrx_word' id='word_1_320' title='bbox 617 3015 782 3071; x_wconf 55' lang='lat' dir='ltr'><strong>fuisse</strong></span> <span class='ocrx_word' id='word_1_321' title='bbox 808 3014 1026 3079; x_wconf 87' lang='lat' dir='ltr'><strong>templa.</strong></span> <span class='ocrx_word' id='word_1_322' title='bbox 1053 3030 1172 3080; x_wconf 65' lang='lat' dir='ltr'><strong>quae</strong></span> <span class='ocrx_word' id='word_1_323' title='bbox 1202 3021 1320 3083; x_wconf 88' lang='lat' dir='ltr'><strong>post</strong></span> <span class='ocrx_word' id='word_1_324' title='bbox 1347 3013 1664 3083; x_wconf 74' lang='lat' dir='ltr'><strong>Apostolnm</strong></span> <span class='ocrx_word' id='word_1_325' title='bbox 1698 3013 1971 3068; x_wconf 85' lang='lat' dir='ltr'><strong>Ecclesia-</strong></span> 
     </span>
    </p>
   </div>
   <div class='ocr_carea' id='block_1_45' title="bbox 357 3105 1958 3175">
    <p class='ocr_par' dir='ltr' id='par_1_45' title="bbox 357 3105 1958 3175">
     <span class='ocr_line' id='line_1_45' title="bbox 357 3105 1958 3175; baseline -0.002 -10"><span class='ocrx_word' id='word_1_326' title='bbox 357 3125 476 3165; x_wconf 85' lang='lat' dir='ltr'><strong>rum</strong></span> <span class='ocrx_word' id='word_1_327' title='bbox 503 3109 743 3171; x_wconf 88' lang='lat' dir='ltr'><strong>nomine,</strong></span> <span class='ocrx_word' id='word_1_328' title='bbox 771 3123 801 3161; x_wconf 91' lang='lat' dir='ltr'><strong>a</strong></span> <span class='ocrx_word' id='word_1_329' title='bbox 828 3106 1157 3162; x_wconf 86' lang='lat' dir='ltr'><strong>Calvinianis</strong></span> <span class='ocrx_word' id='word_1_330' title='bbox 1188 3115 1369 3159; x_wconf 75' lang='lat' dir='ltr'><strong>tamen</strong></span> <span class='ocrx_word' id='word_1_331' title='bbox 1396 3105 1615 3173; x_wconf 88' lang='lat' dir='ltr'><strong>rejecto,</strong></span> <span class='ocrx_word' id='word_1_332' title='bbox 1647 3106 1958 3175; x_wconf 67' lang='lat' dir='ltr'><strong>appellavit.</strong></span> 
     </span>
    </p>
   </div>
   <div class='ocr_carea' id='block_1_46' title="bbox 358 3196 1965 3266">
    <p class='ocr_par' dir='ltr' id='par_1_46' title="bbox 358 3196 1965 3266">
     <span class='ocr_line' id='line_1_46' title="bbox 358 3196 1965 3266; baseline -0.003 -9"><span class='ocrx_word' id='word_1_333' title='bbox 358 3200 525 3257; x_wconf 76' lang='lat' dir='ltr'><strong>Visne</strong></span> <span class='ocrx_word' id='word_1_334' title='bbox 545 3200 690 3257; x_wconf 87' lang='lat' dir='ltr'><strong>aliud</strong></span> <span class='ocrx_word' id='word_1_335' title='bbox 727 3200 891 3266; x_wconf 80' lang='lat' dir='ltr'><strong>illius,</strong></span> <span class='ocrx_word' id='word_1_336' title='bbox 918 3198 1078 3253; x_wconf 90' lang='lat' dir='ltr'><strong>etiam</strong></span> <span class='ocrx_word' id='word_1_337' title='bbox 1110 3205 1297 3251; x_wconf 87' lang='lat' dir='ltr'><strong>contra</strong></span> <span class='ocrx_word' id='word_1_338' title='bbox 1324 3196 1644 3252; x_wconf 85' lang='lat' dir='ltr'><strong>catholicam</strong></span> <span class='ocrx_word' id='word_1_339' title='bbox 1672 3199 1965 3254; x_wconf 83' lang='lat' dir='ltr'><strong>Ecclesiam</strong></span> 
     </span>
    </p>
   </div>
   <div class='ocr_carea' id='block_1_47' title="bbox 2074 1988 3622 2059">
    <p class='ocr_par' dir='ltr' id='par_1_47' title="bbox 2074 1988 3622 2059">
     <span class='ocr_line' id='line_1_47' title="bbox 2074 1988 3622 2059; baseline -0.001 -13"><span class='ocrx_word' id='word_1_340' title='bbox 2074 1992 2238 2055; x_wconf 88' lang='lat' dir='ltr'><strong>cium,</strong></span> <span class='ocrx_word' id='word_1_341' title='bbox 2273 1990 2344 2045; x_wconf 91' lang='lat' dir='ltr'><strong>ita</strong></span> <span class='ocrx_word' id='word_1_342' title='bbox 2372 2006 2439 2044; x_wconf 81' lang='lat' dir='ltr'><strong>ex</strong></span> <span class='ocrx_word' id='word_1_343' title='bbox 2474 1990 2686 2059; x_wconf 91' lang='lat' dir='ltr'><strong>tetnplis</strong></span> <span class='ocrx_word' id='word_1_344' title='bbox 2712 1990 2824 2044; x_wconf 86' lang='lat' dir='ltr'><strong>suis</strong></span> <span class='ocrx_word' id='word_1_345' title='bbox 2862 2004 3012 2054; x_wconf 79' lang='lat' dir='ltr'><strong>aras,</strong></span> <span class='ocrx_word' id='word_1_346' title='bbox 3042 1998 3094 2043; x_wconf 87' lang='lat' dir='ltr'><strong>et</strong></span> <span class='ocrx_word' id='word_1_347' title='bbox 3122 1988 3335 2056; x_wconf 88' lang='lat' dir='ltr'><strong>altaria,</strong></span> <span class='ocrx_word' id='word_1_348' title='bbox 3365 1989 3622 2053; x_wconf 80' lang='lat' dir='ltr'><strong>simulacra,</strong></span> 
     </span>
    </p>
   </div>
   <div class='ocr_carea' id='block_1_48' title="bbox 2074 2082 3621 2153">
    <p class='ocr_par' dir='ltr' id='par_1_48' title="bbox 2074 2082 3621 2153">
     <span class='ocr_line' id='line_1_48' title="bbox 2074 2082 3621 2153; baseline 0 -15"><span class='ocrx_word' id='word_1_349' title='bbox 2074 2093 2129 2138; x_wconf 91' lang='lat' dir='ltr'><strong>et</strong></span> <span class='ocrx_word' id='word_1_350' title='bbox 2176 2084 2437 2152; x_wconf 85' lang='lat' dir='ltr'><strong>imagines</strong></span> <span class='ocrx_word' id='word_1_351' title='bbox 2492 2084 2705 2153; x_wconf 90' lang='lat' dir='ltr'><strong>penitus</strong></span> <span class='ocrx_word' id='word_1_352' title='bbox 2744 2084 3119 2148; x_wconf 88' lang='lat' dir='ltr'><strong>abstulerunt,</strong></span> <span class='ocrx_word' id='word_1_353' title='bbox 3144 2082 3272 2137; x_wconf 88' lang='lat' dir='ltr'><strong>inde</strong></span> <span class='ocrx_word' id='word_1_354' title='bbox 3302 2082 3621 2152; x_wconf 71' lang='lat' dir='ltr'><strong>antiquissima</strong></span> 
     </span>
    </p>
   </div>
   <div class='ocr_carea' id='block_1_49' title="bbox 2074 2174 3566 2244">
    <p class='ocr_par' dir='ltr' id='par_1_49' title="bbox 2074 2174 3566 2244">
     <span class='ocr_line' id='line_1_49' title="bbox 2074 2174 3566 2244; baseline -0.002 -14"><span class='ocrx_word' id='word_1_355' title='bbox 2074 2175 2505 2230; x_wconf 82' lang='lat' dir='ltr'><strong>Christianorum</strong></span> <span class='ocrx_word' id='word_1_356' title='bbox 2529 2177 2724 2244; x_wconf 84' lang='lat' dir='ltr'><strong>templa</strong></span> <span class='ocrx_word' id='word_1_357' title='bbox 2762 2177 2873 2229; x_wconf 90' lang='lat' dir='ltr'><strong>suis</strong></span> <span class='ocrx_word' id='word_1_358' title='bbox 2904 2175 3097 2231; x_wconf 86' lang='lat' dir='ltr'><strong>similia</strong></span> <span class='ocrx_word' id='word_1_359' title='bbox 3131 2189 3254 2229; x_wconf 85' lang='lat' dir='ltr'><strong>esse</strong></span> <span class='ocrx_word' id='word_1_360' title='bbox 3281 2174 3566 2229; x_wconf 67' lang='lat' dir='ltr'><strong>venditant!</strong></span> 
     </span>
    </p>
   </div>
   <div class='ocr_carea' id='block_1_50' title="bbox 2145 2266 3620 2339">
    <p class='ocr_par' dir='ltr' id='par_1_50' title="bbox 2145 2266 3620 2339">
     <span class='ocr_line' id='line_1_50' title="bbox 2145 2266 3620 2339; baseline -0.004 -15"><span class='ocrx_word' id='word_1_361' title='bbox 2145 2270 2345 2324; x_wconf 80' lang='lat' dir='ltr'><strong>Verum</strong></span> <span class='ocrx_word' id='word_1_362' title='bbox 2392 2286 2492 2339; x_wconf 86' lang='lat' dir='ltr'><strong>qua</strong></span> <span class='ocrx_word' id='word_1_363' title='bbox 2525 2268 2764 2337; x_wconf 82' lang='lat' dir='ltr'><strong>profecto</strong></span> <span class='ocrx_word' id='word_1_364' title='bbox 2791 2268 3047 2324; x_wconf 80' lang='lat' dir='ltr'><strong>facilitate</strong></span> <span class='ocrx_word' id='word_1_365' title='bbox 3078 2267 3369 2337; x_wconf 84' lang='lat' dir='ltr'><strong>probatum</strong></span> <span class='ocrx_word' id='word_1_366' title='bbox 3389 2278 3463 2322; x_wconf 80' lang='lat' dir='ltr'><strong>est</strong></span> <span class='ocrx_word' id='word_1_367' title='bbox 3487 2266 3620 2321; x_wconf 70' lang='lat' dir='ltr'><strong>aedili-</strong></span> 
     </span>
    </p>
   </div>
   <div class='ocr_carea' id='block_1_51' title="bbox 2073 2359 3620 2431">
    <p class='ocr_par' dir='ltr' id='par_1_51' title="bbox 2073 2359 3620 2431">
     <span class='ocr_line' id='line_1_51' title="bbox 2073 2359 3620 2431; baseline -0.002 -15"><span class='ocrx_word' id='word_1_368' title='bbox 2073 2370 2192 2416; x_wconf 88' lang='lat' dir='ltr'><strong>cata</strong></span> <span class='ocrx_word' id='word_1_369' title='bbox 2219 2361 2287 2415; x_wconf 89' lang='lat' dir='ltr'><strong>ab</strong></span> <span class='ocrx_word' id='word_1_370' title='bbox 2316 2360 2419 2415; x_wconf 74' lang='lat' dir='ltr'><strong>illis</strong></span> <span class='ocrx_word' id='word_1_371' title='bbox 2453 2361 2681 2431; x_wconf 79' lang='lat' dir='ltr'><strong>templa,</strong></span> <span class='ocrx_word' id='word_1_372' title='bbox 2723 2360 2909 2415; x_wconf 79' lang='lat' dir='ltr'><strong>eadem</strong></span> <span class='ocrx_word' id='word_1_373' title='bbox 2939 2359 3097 2430; x_wconf 78' lang='lat' dir='ltr'><strong>plane</strong></span> <span class='ocrx_word' id='word_1_374' title='bbox 3128 2359 3396 2414; x_wconf 88' lang='lat' dir='ltr'><strong>evidentia</strong></span> <span class='ocrx_word' id='word_1_375' title='bbox 3437 2360 3620 2415; x_wconf 84' lang='lat' dir='ltr'><strong>demon-</strong></span> 
     </span>
    </p>
   </div>
   <div class='ocr_carea' id='block_1_52' title="bbox 2073 2453 3621 2524">
    <p class='ocr_par' dir='ltr' id='par_1_52' title="bbox 2073 2453 3621 2524">
     <span class='ocr_line' id='line_1_52' title="bbox 2073 2453 3621 2524; baseline -0.003 -14"><span class='ocrx_word' id='word_1_376' title='bbox 2073 2456 2230 2510; x_wconf 83' lang='lat' dir='ltr'><strong>strari</strong></span> <span class='ocrx_word' id='word_1_377' title='bbox 2257 2465 2430 2524; x_wconf 77' lang='lat' dir='ltr'><strong>potest</strong></span> <span class='ocrx_word' id='word_1_378' title='bbox 2458 2456 2657 2524; x_wconf 88' lang='lat' dir='ltr'><strong>positas</strong></span> <span class='ocrx_word' id='word_1_379' title='bbox 2680 2454 2843 2509; x_wconf 82' lang='lat' dir='ltr'><strong>fuisse</strong></span> <span class='ocrx_word' id='word_1_380' title='bbox 2867 2455 2917 2508; x_wconf 91' lang='lat' dir='ltr'><strong>in</strong></span> <span class='ocrx_word' id='word_1_381' title='bbox 2949 2453 3054 2507; x_wconf 90' lang='lat' dir='ltr'><strong>illis</strong></span> <span class='ocrx_word' id='word_1_382' title='bbox 3075 2455 3349 2508; x_wconf 87' lang='lat' dir='ltr'><strong>veteribus</strong></span> <span class='ocrx_word' id='word_1_383' title='bbox 3380 2454 3565 2523; x_wconf 88' lang='lat' dir='ltr'><strong>templis</strong></span> <span class='ocrx_word' id='word_1_384' title='bbox 3583 2463 3621 2507; x_wconf 88' lang='lat' dir='ltr'><strong>et</strong></span> 
     </span>
    </p>
   </div>
   <div class='ocr_carea' id='block_1_53' title="bbox 2073 2544 3624 2609">
    <p class='ocr_par' dir='ltr' id='par_1_53' title="bbox 2073 2544 3624 2609">
     <span class='ocr_line' id='line_1_53' title="bbox 2073 2544 3624 2609; baseline -0.003 -7"><span class='ocrx_word' id='word_1_385' title='bbox 2073 2548 2317 2604; x_wconf 69' lang='lat' dir='ltr'><strong>ecclesiis</strong></span> <span class='ocrx_word' id='word_1_386' title='bbox 2342 2563 2492 2609; x_wconf 86' lang='lat' dir='ltr'><strong>aras,</strong></span> <span class='ocrx_word' id='word_1_387' title='bbox 2520 2556 2575 2603; x_wconf 92' lang='lat' dir='ltr'><strong>et</strong></span> <span class='ocrx_word' id='word_1_388' title='bbox 2601 2558 2780 2603; x_wconf 90' lang='lat' dir='ltr'><strong>erecta</strong></span> <span class='ocrx_word' id='word_1_389' title='bbox 2805 2546 3012 2601; x_wconf 87' lang='lat' dir='ltr'><strong>altaria.</strong></span> <span class='ocrx_word' id='word_1_390' title='bbox 3047 2545 3407 2601; x_wconf 86' lang='lat' dir='ltr'><strong>Tertullianus</strong></span> <span class='ocrx_word' id='word_1_391' title='bbox 3434 2544 3555 2601; x_wconf 91' lang='lat' dir='ltr'><strong>enim</strong></span> <span class='ocrx_word' id='word_1_392' title='bbox 3576 2544 3624 2599; x_wconf 91' lang='lat' dir='ltr'><strong>il-</strong></span> 
     </span>
    </p>
   </div>
   <div class='ocr_carea' id='block_1_54' title="bbox 2075 2636 3622 2695">
    <p class='ocr_par' dir='ltr' id='par_1_54' title="bbox 2075 2636 3622 2695">
     <span class='ocr_line' id='line_1_54' title="bbox 2075 2636 3622 2695; baseline -0.003 -1"><span class='ocrx_word' id='word_1_393' title='bbox 2075 2640 2166 2694; x_wconf 93' lang='lat' dir='ltr'><strong>lud</strong></span> <span class='ocrx_word' id='word_1_394' title='bbox 2220 2639 2367 2695; x_wconf 80' lang='lat' dir='ltr'><strong>hisce</strong></span> <span class='ocrx_word' id='word_1_395' title='bbox 2409 2640 2587 2694; x_wconf 82' lang='lat' dir='ltr'><strong>verbis</strong></span> <span class='ocrx_word' id='word_1_396' title='bbox 2614 2640 2970 2694; x_wconf 85' lang='lat' dir='ltr'><strong>disertissime</strong></span> <span class='ocrx_word' id='word_1_397' title='bbox 2995 2638 3233 2693; x_wconf 86' lang='lat' dir='ltr'><strong>declarat</strong></span> <span class='ocrx_word' id='word_1_398' title='bbox 3269 2656 3283 2693; x_wconf 91' lang='lat'><strong>:</strong></span> <span class='ocrx_word' id='word_1_399' title='bbox 3318 2657 3337 2689; x_wconf 74' lang='grc' dir='ltr'><strong>ι</strong></span> <span class='ocrx_word' id='word_1_400' title='bbox 3358 2636 3526 2692; x_wconf 84' lang='lat' dir='ltr'><strong>Nonne</strong></span> <span class='ocrx_word' id='word_1_401' title='bbox 3556 2652 3622 2691; x_wconf 88' lang='lat' dir='ltr'><strong>so-</strong></span> 
     </span>
    </p>
   </div>
   <div class='ocr_carea' id='block_1_55' title="bbox 2077 2728 3623 2800">
    <p class='ocr_par' dir='ltr' id='par_1_55' title="bbox 2077 2728 3623 2800">
     <span class='ocr_line' id='line_1_55' title="bbox 2077 2728 3623 2800; baseline -0.001 -15"><span class='ocrx_word' id='word_1_402' title='bbox 2077 2732 2325 2787; x_wconf 82' lang='lat' dir='ltr'><strong>lemniter</strong></span> <span class='ocrx_word' id='word_1_403' title='bbox 2357 2732 2459 2786; x_wconf 88' lang='lat' dir='ltr'><strong>crit</strong></span> <span class='ocrx_word' id='word_1_404' title='bbox 2489 2733 2649 2785; x_wconf 82' lang='lat' dir='ltr'><strong>statio</strong></span> <span class='ocrx_word' id='word_1_405' title='bbox 2673 2733 2839 2800; x_wconf 89' lang='lat' dir='ltr'><strong>tua,si</strong></span> <span class='ocrx_word' id='word_1_406' title='bbox 2870 2731 2935 2786; x_wconf 90' lang='lat' dir='ltr'><strong>ad</strong></span> <span class='ocrx_word' id='word_1_407' title='bbox 2960 2746 3107 2785; x_wconf 88' lang='lat' dir='ltr'><strong>aram</strong></span> <span class='ocrx_word' id='word_1_408' title='bbox 3135 2731 3228 2784; x_wconf 87' lang='lat' dir='ltr'><strong>Dei</strong></span> <span class='ocrx_word' id='word_1_409' title='bbox 3247 2732 3454 2787; x_wconf 82' lang='lat' dir='ltr'><strong>Steteris</strong></span> <span class='ocrx_word' id='word_1_410' title='bbox 3475 2728 3623 2799; x_wconf 71' lang='grc' dir='ltr'><strong>»Πει-</strong></span> 
     </span>
    </p>
   </div>
   <div class='ocr_carea' id='block_1_56' title="bbox 2076 2820 3623 2895">
    <p class='ocr_par' dir='ltr' id='par_1_56' title="bbox 2076 2820 3623 2895">
     <span class='ocr_line' id='line_1_56' title="bbox 2076 2820 3623 2895; baseline -0.003 -18"><span class='ocrx_word' id='word_1_411' title='bbox 2076 2825 2190 2879; x_wconf 91' lang='lat' dir='ltr'><strong>tull.</strong></span> <span class='ocrx_word' id='word_1_412' title='bbox 2227 2824 2321 2877; x_wconf 89' lang='lat' dir='ltr'><strong>lib.</strong></span> <span class='ocrx_word' id='word_1_413' title='bbox 2354 2822 2417 2876; x_wconf 83' lang='lat' dir='ltr'><strong>de</strong></span> <span class='ocrx_word' id='word_1_414' title='bbox 2446 2821 2592 2877; x_wconf 84' lang='lat' dir='ltr'><strong>Orat.</strong></span> <span class='ocrx_word' id='word_1_415' title='bbox 2615 2840 2733 2894; x_wconf 87' lang='lat' dir='ltr'><strong>cap.</strong></span> <span class='ocrx_word' id='word_1_416' title='bbox 2762 2825 2851 2889; x_wconf 68' lang='grc'><strong>14,</strong></span> <span class='ocrx_word' id='word_1_417' title='bbox 2885 2839 2999 2894; x_wconf 71' lang='lat' dir='ltr'><strong>pug</strong></span> <span class='ocrx_word' id='word_1_418' title='bbox 3027 2822 3130 2878; x_wconf 76' lang='grc'><strong>155</strong></span> <span class='ocrx_word' id='word_1_419' title='bbox 3155 2821 3199 2895; x_wconf 88' lang='grc'><strong>).</strong></span> <span class='ocrx_word' id='word_1_420' title='bbox 3220 2820 3505 2895; x_wconf 85' lang='lat' dir='ltr'><strong>Cyprianus</strong></span> <span class='ocrx_word' id='word_1_421' title='bbox 3524 2834 3623 2875; x_wconf 87' lang='lat' dir='ltr'><strong>vero</strong></span> 
     </span>
    </p>
   </div>
   <div class='ocr_carea' id='block_1_57' title="bbox 2074 2914 3627 2986">
    <p class='ocr_par' dir='ltr' id='par_1_57' title="bbox 2074 2914 3627 2986">
     <span class='ocr_line' id='line_1_57' title="bbox 2074 2914 3627 2986; baseline -0.003 -15"><span class='ocrx_word' id='word_1_422' title='bbox 2074 2934 2180 2971; x_wconf 90' lang='lat' dir='ltr'><strong>non</strong></span> <span class='ocrx_word' id='word_1_423' title='bbox 2211 2916 2383 2971; x_wconf 89' lang='lat' dir='ltr'><strong>solum</strong></span> <span class='ocrx_word' id='word_1_424' title='bbox 2411 2916 2479 2973; x_wconf 89' lang='lat' dir='ltr'><strong>de</strong></span> <span class='ocrx_word' id='word_1_425' title='bbox 2507 2917 2683 2981; x_wconf 88' lang='lat' dir='ltr'><strong>altari,</strong></span> <span class='ocrx_word' id='word_1_426' title='bbox 2712 2916 2805 2971; x_wconf 87' lang='lat' dir='ltr'><strong>sed</strong></span> <span class='ocrx_word' id='word_1_427' title='bbox 2833 2925 2885 2970; x_wconf 91' lang='lat' dir='ltr'><strong>et</strong></span> <span class='ocrx_word' id='word_1_428' title='bbox 2925 2915 3190 2971; x_wconf 88' lang='lat' dir='ltr'><strong>saerilicio</strong></span> <span class='ocrx_word' id='word_1_429' title='bbox 3208 2958 3220 2979; x_wconf 96' lang='lat'><strong>,</strong></span> <span class='ocrx_word' id='word_1_430' title='bbox 3252 2915 3391 2986; x_wconf 90' lang='lat' dir='ltr'><strong>quod</strong></span> <span class='ocrx_word' id='word_1_431' title='bbox 3414 2914 3627 2970; x_wconf 51' lang='lat' dir='ltr'><strong>adversa.</strong></span> 
     </span>
    </p>
   </div>
   <div class='ocr_carea' id='block_1_58' title="bbox 2074 3003 3623 3079">
    <p class='ocr_par' dir='ltr' id='par_1_58' title="bbox 2074 3003 3623 3079">
     <span class='ocr_line' id='line_1_58' title="bbox 2074 3003 3623 3079; baseline -0.004 -14"><span class='ocrx_word' id='word_1_432' title='bbox 2074 3011 2136 3065; x_wconf 90' lang='lat' dir='ltr'><strong>rii</strong></span> <span class='ocrx_word' id='word_1_433' title='bbox 2170 3010 2335 3064; x_wconf 88' lang='lat' dir='ltr'><strong>nostri</strong></span> <span class='ocrx_word' id='word_1_434' title='bbox 2365 3020 2470 3064; x_wconf 88' lang='lat' dir='ltr'><strong>tam</strong></span> <span class='ocrx_word' id='word_1_435' title='bbox 2520 3011 2604 3065; x_wconf 87' lang='lat' dir='ltr'><strong>ius</strong></span> <span class='ocrx_word' id='word_1_436' title='bbox 2629 3009 2817 3064; x_wconf 79' lang='lat' dir='ltr'><strong>denter</strong></span> <span class='ocrx_word' id='word_1_437' title='bbox 2853 3010 3124 3079; x_wconf 86' lang='lat' dir='ltr'><strong>rejieiunt,</strong></span> <span class='ocrx_word' id='word_1_438' title='bbox 3166 3009 3281 3063; x_wconf 69' lang='lat' dir='ltr'><strong>hcce</strong></span> <span class='ocrx_word' id='word_1_439' title='bbox 3323 3009 3374 3062; x_wconf 93' lang='lat' dir='ltr'><strong>in</strong></span> <span class='ocrx_word' id='word_1_440' title='bbox 3405 3006 3547 3063; x_wconf 86' lang='lat' dir='ltr'><strong>verba</strong></span> <span class='ocrx_word' id='word_1_441' title='bbox 3572 3003 3623 3059; x_wconf 87' lang='lat' dir='ltr'><strong>ad</strong></span> 
     </span>
    </p>
   </div>
   <div class='ocr_carea' id='block_1_59' title="bbox 2074 3101 3624 3176">
    <p class='ocr_par' dir='ltr' id='par_1_59' title="bbox 2074 3101 3624 3176">
     <span class='ocr_line' id='line_1_59' title="bbox 2074 3101 3624 3176; baseline -0.003 -15"><span class='ocrx_word' id='word_1_442' title='bbox 2074 3105 2379 3161; x_wconf 82' lang='lat' dir='ltr'><strong>Fat-nenses</strong></span> <span class='ocrx_word' id='word_1_443' title='bbox 2404 3104 2620 3175; x_wconf 83' lang='lat' dir='ltr'><strong>scripsit</strong></span> <span class='ocrx_word' id='word_1_444' title='bbox 2651 3121 2663 3157; x_wconf 93' lang='lat'>:</span> <span class='ocrx_word' id='word_1_445' title='bbox 2703 3124 2721 3157; x_wconf 76' lang='grc' dir='ltr'><strong>ι</strong></span> <span class='ocrx_word' id='word_1_446' title='bbox 2752 3105 2869 3161; x_wconf 84' lang='lat' dir='ltr'><strong>Jam</strong></span> <span class='ocrx_word' id='word_1_447' title='bbox 2896 3104 3101 3176; x_wconf 78' lang='lat' dir='ltr'><strong>pridem</strong></span> <span class='ocrx_word' id='word_1_448' title='bbox 3135 3104 3186 3159; x_wconf 92' lang='lat' dir='ltr'><strong>in</strong></span> <span class='ocrx_word' id='word_1_449' title='bbox 3209 3104 3432 3160; x_wconf 84' lang='lat' dir='ltr'><strong>concilio</strong></span> <span class='ocrx_word' id='word_1_450' title='bbox 3452 3101 3624 3174; x_wconf 67' lang='lat' dir='ltr'><strong>PplsCO&#39;</strong></span> 
     </span>
    </p>
   </div>
   <div class='ocr_carea' id='block_1_60' title="bbox 2075 3193 3624 3268">
    <p class='ocr_par' dir='ltr' id='par_1_60' title="bbox 2075 3193 3624 3268">
     <span class='ocr_line' id='line_1_60' title="bbox 2075 3193 3624 3268; baseline -0.001 -18"><span class='ocrx_word' id='word_1_451' title='bbox 2075 3214 2262 3268; x_wconf 88' lang='lat' dir='ltr'><strong>porum</strong></span> <span class='ocrx_word' id='word_1_452' title='bbox 2292 3207 2569 3262; x_wconf 84' lang='lat' dir='ltr'><strong>statutum,</strong></span> <span class='ocrx_word' id='word_1_453' title='bbox 2606 3214 2673 3252; x_wconf 87' lang='lat' dir='ltr'><strong>tte</strong></span> <span class='ocrx_word' id='word_1_454' title='bbox 2700 3198 2820 3268; x_wconf 77' lang='lat' dir='ltr'><strong>quis</strong></span> <span class='ocrx_word' id='word_1_455' title='bbox 2849 3197 2917 3253; x_wconf 88' lang='lat' dir='ltr'><strong>de</strong></span> <span class='ocrx_word' id='word_1_456' title='bbox 2942 3197 3154 3253; x_wconf 88' lang='lat' dir='ltr'><strong>clericis</strong></span> <span class='ocrx_word' id='word_1_457' title='bbox 3184 3210 3239 3252; x_wconf 91' lang='lat' dir='ltr'><strong>et</strong></span> <span class='ocrx_word' id='word_1_458' title='bbox 3269 3196 3359 3253; x_wconf 88' lang='lat' dir='ltr'><strong>Dei</strong></span> <span class='ocrx_word' id='word_1_459' title='bbox 3406 3193 3624 3249; x_wconf 86' lang='lat' dir='ltr'><strong>ministris</strong></span> 
     </span>
    </p>
   </div>
   <div class='ocr_carea' id='block_1_61' title="bbox 356 3288 3620 3361">
    <p class='ocr_par' dir='ltr' id='par_1_61' title="bbox 356 3288 3620 3361">
     <span class='ocr_line' id='line_1_61' title="bbox 356 3288 3620 3361; baseline -0.004 -9"><span class='ocrx_word' id='word_1_460' title='bbox 356 3295 666 3359; x_wconf 78' lang='lat' dir='ltr'><strong>scribentis,</strong></span> <span class='ocrx_word' id='word_1_461' title='bbox 691 3290 1092 3346; x_wconf 86' lang='lat' dir='ltr'><strong>testimonium?</strong></span> <span class='ocrx_word' id='word_1_462' title='bbox 1124 3308 1141 3339; x_wconf 72' lang='grc' dir='ltr'><strong>ι</strong></span> <span class='ocrx_word' id='word_1_463' title='bbox 1166 3288 1439 3357; x_wconf 79' lang='lat' dir='ltr'><strong>Reliquas,</strong></span> <span class='ocrx_word' id='word_1_464' title='bbox 1465 3291 1655 3361; x_wconf 88' lang='lat' dir='ltr'><strong>inquit,</strong></span> <span class='ocrx_word' id='word_1_465' title='bbox 1680 3291 1962 3347; x_wconf 88' lang='lat' dir='ltr'><strong>libidinum</strong></span> <span class='ocrx_word' id='word_1_466' title='bbox 1990 3290 2034 3352; x_wconf 90' lang='lat' dir='ltr'><strong>C</strong></span> <span class='ocrx_word' id='word_1_467' title='bbox 2071 3301 2325 3357; x_wconf 89' lang='lat' dir='ltr'><strong>tutorem,</strong></span> <span class='ocrx_word' id='word_1_468' title='bbox 2360 3290 2444 3345; x_wconf 88' lang='lat' dir='ltr'><strong>vel</strong></span> <span class='ocrx_word' id='word_1_469' title='bbox 2497 3302 2803 3346; x_wconf 88' lang='lat' dir='ltr'><strong>curatorem</strong></span> <span class='ocrx_word' id='word_1_470' title='bbox 2845 3298 3165 3345; x_wconf 85' lang='lat' dir='ltr'><strong>testamento</strong></span> <span class='ocrx_word' id='word_1_471' title='bbox 3207 3306 3306 3344; x_wconf 89' lang='lat' dir='ltr'><strong>suo</strong></span> <span class='ocrx_word' id='word_1_472' title='bbox 3353 3290 3620 3353; x_wconf 85' lang='lat' dir='ltr'><strong>constituat,</strong></span> 
     </span>
    </p>
   </div>
   <div class='ocr_carea' id='block_1_62' title="bbox 365 3379 1969 3454">
    <p class='ocr_par' dir='ltr' id='par_1_62' title="bbox 365 3379 1969 3454">
     <span class='ocr_line' id='line_1_62' title="bbox 365 3379 1969 3454; baseline -0.004 -15"><span class='ocrx_word' id='word_1_473' title='bbox 365 3386 553 3449; x_wconf 81' lang='lat' dir='ltr'><strong>furias,</strong></span> <span class='ocrx_word' id='word_1_474' title='bbox 590 3383 802 3452; x_wconf 77' lang='lat' dir='ltr'><strong>impias,</strong></span> <span class='ocrx_word' id='word_1_475' title='bbox 827 3388 881 3434; x_wconf 90' lang='lat' dir='ltr'><strong>et</strong></span> <span class='ocrx_word' id='word_1_476' title='bbox 917 3379 968 3433; x_wconf 89' lang='lat' dir='ltr'><strong>in</strong></span> <span class='ocrx_word' id='word_1_477' title='bbox 1003 3394 1233 3447; x_wconf 87' lang='lat' dir='ltr'><strong>corpora</strong></span> <span class='ocrx_word' id='word_1_478' title='bbox 1254 3422 1268 3447; x_wconf 96' lang='lat'><strong>,</strong></span> <span class='ocrx_word' id='word_1_479' title='bbox 1315 3389 1370 3435; x_wconf 89' lang='lat' dir='ltr'><strong>et</strong></span> <span class='ocrx_word' id='word_1_480' title='bbox 1398 3381 1448 3434; x_wconf 91' lang='lat' dir='ltr'><strong>in</strong></span> <span class='ocrx_word' id='word_1_481' title='bbox 1480 3396 1640 3437; x_wconf 83' lang='lat' dir='ltr'><strong>sexus</strong></span> <span class='ocrx_word' id='word_1_482' title='bbox 1671 3384 1807 3437; x_wconf 88' lang='lat' dir='ltr'><strong>ttltra</strong></span> <span class='ocrx_word' id='word_1_483' title='bbox 1846 3383 1969 3454; x_wconf 83' lang='lat' dir='ltr'><strong>jura</strong></span> 
     </span>
    </p>
   </div>
   <div class='ocr_carea' id='block_1_63' title="bbox 373 3473 1966 3543">
    <p class='ocr_par' dir='ltr' id='par_1_63' title="bbox 373 3473 1966 3543">
     <span class='ocr_line' id='line_1_63' title="bbox 373 3473 1966 3543; baseline 0.001 -9"><span class='ocrx_word' id='word_1_484' title='bbox 373 3489 603 3543; x_wconf 63' lang='lat' dir='ltr'><strong>natura},</strong></span> <span class='ocrx_word' id='word_1_485' title='bbox 626 3492 734 3532; x_wconf 88' lang='lat' dir='ltr'><strong>non</strong></span> <span class='ocrx_word' id='word_1_486' title='bbox 767 3473 926 3529; x_wconf 90' lang='lat' dir='ltr'><strong>modo</strong></span> <span class='ocrx_word' id='word_1_487' title='bbox 955 3474 1157 3539; x_wconf 89' lang='lat' dir='ltr'><strong>limine,</strong></span> <span class='ocrx_word' id='word_1_488' title='bbox 1190 3490 1375 3529; x_wconf 87' lang='lat' dir='ltr'><strong>verum</strong></span> <span class='ocrx_word' id='word_1_489' title='bbox 1404 3480 1564 3532; x_wconf 91' lang='lat' dir='ltr'><strong>etiam</strong></span> <span class='ocrx_word' id='word_1_490' title='bbox 1605 3479 1748 3533; x_wconf 87' lang='lat' dir='ltr'><strong>muni</strong></span> <span class='ocrx_word' id='word_1_491' title='bbox 1778 3480 1966 3535; x_wconf 79' lang='lat' dir='ltr'><strong>Eccle-</strong></span> 
     </span>
    </p>
   </div>
   <div class='ocr_carea' id='block_1_64' title="bbox 364 3566 1966 3628">
    <p class='ocr_par' dir='ltr' id='par_1_64' title="bbox 364 3566 1966 3628">
     <span class='ocr_line' id='line_1_64' title="bbox 364 3566 1966 3628; baseline 0 0"><span class='ocrx_word' id='word_1_492' title='bbox 364 3573 461 3628; x_wconf 76' lang='lat' dir='ltr'><strong>sia:</strong></span> <span class='ocrx_word' id='word_1_493' title='bbox 489 3577 629 3626; x_wconf 86' lang='lat' dir='ltr'><strong>lecto</strong></span> <span class='ocrx_word' id='word_1_494' title='bbox 659 3567 1063 3623; x_wconf 84' lang='lat' dir='ltr'><strong>submovemus.</strong></span> <span class='ocrx_word' id='word_1_495' title='bbox 1093 3586 1111 3620; x_wconf 78' lang='grc' dir='ltr'><strong>ι</strong></span> <span class='ocrx_word' id='word_1_496' title='bbox 1156 3566 1275 3622; x_wconf 74' lang='lat' dir='ltr'><strong>Jam</strong></span> <span class='ocrx_word' id='word_1_497' title='bbox 1317 3584 1446 3623; x_wconf 88' lang='lat' dir='ltr'><strong>vero</strong></span> <span class='ocrx_word' id='word_1_498' title='bbox 1484 3573 1863 3627; x_wconf 85' lang='lat' dir='ltr'><strong>annotavitnus</strong></span> <span class='ocrx_word' id='word_1_499' title='bbox 1904 3588 1966 3628; x_wconf 90' lang='lat' dir='ltr'><strong>ea</strong></span> 
     </span>
    </p>
   </div>
   <div class='ocr_carea' id='block_1_65' title="bbox 362 3660 1967 3737">
    <p class='ocr_par' dir='ltr' id='par_1_65' title="bbox 362 3660 1967 3737">
     <span class='ocr_line' id='line_1_65' title="bbox 362 3660 1967 3737; baseline 0.001 -17"><span class='ocrx_word' id='word_1_500' title='bbox 362 3678 576 3737; x_wconf 91' lang='lat' dir='ltr'><strong>quoque</strong></span> <span class='ocrx_word' id='word_1_501' title='bbox 595 3676 773 3733; x_wconf 70' lang='lat' dir='ltr'><strong>graeco</strong></span> <span class='ocrx_word' id='word_1_502' title='bbox 794 3662 1011 3714; x_wconf 88' lang='lat' dir='ltr'><strong>nomine</strong></span> <span class='ocrx_word' id='word_1_503' title='bbox 1039 3669 1322 3728; x_wconf 68' lang='grc' dir='ltr'><strong>ἐκκλησίαν,</strong></span> <span class='ocrx_word' id='word_1_504' title='bbox 1355 3679 1383 3713; x_wconf 90' lang='lat' dir='ltr'><strong>a</strong></span> <span class='ocrx_word' id='word_1_505' title='bbox 1413 3660 1697 3719; x_wconf 82' lang='lat' dir='ltr'><strong>Clemente</strong></span> <span class='ocrx_word' id='word_1_506' title='bbox 1735 3666 1967 3721; x_wconf 60' lang='lat' dir='ltr'><strong>Alexanv</strong></span> 
     </span>
    </p>
   </div>
   <div class='ocr_carea' id='block_1_66' title="bbox 363 3751 1963 3829">
    <p class='ocr_par' dir='ltr' id='par_1_66' title="bbox 363 3751 1963 3829">
     <span class='ocr_line' id='line_1_66' title="bbox 363 3751 1963 3829; baseline 0 -15"><span class='ocrx_word' id='word_1_507' title='bbox 363 3753 829 3824; x_wconf 89' lang='lat' dir='ltr'><strong>driuonuncupari</strong></span> <span class='ocrx_word' id='word_1_508' title='bbox 848 3751 971 3823; x_wconf 75' lang='lat' dir='ltr'><strong>(Ap.</strong></span> <span class='ocrx_word' id='word_1_509' title='bbox 995 3751 1179 3821; x_wconf 62' lang='lat' dir='ltr'><strong>p.741,</strong></span> <span class='ocrx_word' id='word_1_510' title='bbox 1198 3751 1405 3808; x_wconf 90' lang='lat' dir='ltr'><strong>Tertul.</strong></span> <span class='ocrx_word' id='word_1_511' title='bbox 1428 3755 1518 3811; x_wconf 90' lang='lat' dir='ltr'><strong>lib.</strong></span> <span class='ocrx_word' id='word_1_512' title='bbox 1539 3757 1601 3810; x_wconf 82' lang='lat' dir='ltr'><strong>de</strong></span> <span class='ocrx_word' id='word_1_513' title='bbox 1623 3756 1763 3813; x_wconf 89' lang='lat' dir='ltr'><strong>Idol.</strong></span> <span class='ocrx_word' id='word_1_514' title='bbox 1784 3761 1963 3829; x_wconf 81' lang='lat' dir='ltr'><strong>cap.7,</strong></span> 
     </span>
    </p>
   </div>
   <div class='ocr_carea' id='block_1_67' title="bbox 362 3843 1965 3923">
    <p class='ocr_par' dir='ltr' id='par_1_67' title="bbox 362 3843 1965 3923">
     <span class='ocr_line' id='line_1_67' title="bbox 362 3843 1965 3923; baseline 0.008 -27"><span class='ocrx_word' id='word_1_515' title='bbox 362 3866 487 3923; x_wconf 72' lang='lat' dir='ltr'><strong>pag.</strong></span> <span class='ocrx_word' id='word_1_516' title='bbox 522 3850 622 3906; x_wconf 74' lang='lat'><strong>107</strong></span> <span class='ocrx_word' id='word_1_517' title='bbox 653 3855 745 3913; x_wconf 92' lang='lat' dir='ltr'><strong>;et</strong></span> <span class='ocrx_word' id='word_1_518' title='bbox 772 3846 863 3901; x_wconf 89' lang='lat' dir='ltr'><strong>lib.</strong></span> <span class='ocrx_word' id='word_1_519' title='bbox 895 3844 959 3899; x_wconf 82' lang='lat' dir='ltr'><strong>de</strong></span> <span class='ocrx_word' id='word_1_520' title='bbox 998 3843 1192 3916; x_wconf 84' lang='lat' dir='ltr'><strong>Virgin.</strong></span> <span class='ocrx_word' id='word_1_521' title='bbox 1214 3846 1416 3900; x_wconf 81' lang='lat' dir='ltr'><strong>velund.</strong></span> <span class='ocrx_word' id='word_1_522' title='bbox 1441 3863 1561 3918; x_wconf 89' lang='lat' dir='ltr'><strong>cap.</strong></span> <span class='ocrx_word' id='word_1_523' title='bbox 1585 3850 1814 3922; x_wconf 53' lang='grc' dir='ltr'><strong>ὕνεως.</strong></span> <span class='ocrx_word' id='word_1_524' title='bbox 1836 3853 1965 3918; x_wconf 74' lang='grc' dir='ltr'><strong>201ς</strong></span> 
     </span>
    </p>
   </div>
   <div class='ocr_carea' id='block_1_68' title="bbox 363 3937 1966 4013">
    <p class='ocr_par' dir='ltr' id='par_1_68' title="bbox 363 3937 1966 4013">
     <span class='ocr_line' id='line_1_68' title="bbox 363 3937 1966 4013; baseline 0.001 -14"><span class='ocrx_word' id='word_1_525' title='bbox 363 3952 424 3999; x_wconf 90' lang='lat' dir='ltr'><strong>et</strong></span> <span class='ocrx_word' id='word_1_526' title='bbox 450 3942 543 3998; x_wconf 88' lang='lat' dir='ltr'><strong>ltb.</strong></span> <span class='ocrx_word' id='word_1_527' title='bbox 576 3941 640 3995; x_wconf 82' lang='lat' dir='ltr'><strong>de</strong></span> <span class='ocrx_word' id='word_1_528' title='bbox 663 3939 850 3994; x_wconf 81' lang='lat' dir='ltr'><strong>Pudic.</strong></span> <span class='ocrx_word' id='word_1_529' title='bbox 889 3952 1008 4008; x_wconf 91' lang='lat' dir='ltr'><strong>cap.</strong></span> <span class='ocrx_word' id='word_1_530' title='bbox 1053 3937 1108 4003; x_wconf 74' lang='grc'><strong>4,</strong></span> <span class='ocrx_word' id='word_1_531' title='bbox 1142 3951 1261 4007; x_wconf 77' lang='lat' dir='ltr'><strong>pag.</strong></span> <span class='ocrx_word' id='word_1_532' title='bbox 1299 3938 1423 4003; x_wconf 72' lang='lat'><strong>713,</strong></span> <span class='ocrx_word' id='word_1_533' title='bbox 1459 3950 1590 3996; x_wconf 90' lang='lat' dir='ltr'><strong>tom.</strong></span> <span class='ocrx_word' id='word_1_534' title='bbox 1625 3944 1674 3997; x_wconf 84' lang='grc'><strong>1.</strong></span> <span class='ocrx_word' id='word_1_535' title='bbox 1715 3944 1966 4013; x_wconf 75' lang='grc' dir='ltr'><strong>Αρριιναι.</strong></span> 
     </span>
    </p>
   </div>
   <div class='ocr_carea' id='block_1_69' title="bbox 358 4027 1965 4106">
    <p class='ocr_par' dir='ltr' id='par_1_69' title="bbox 358 4027 1965 4106">
     <span class='ocr_line' id='line_1_69' title="bbox 358 4027 1965 4106; baseline 0.003 -20"><span class='ocrx_word' id='word_1_536' title='bbox 358 4050 483 4105; x_wconf 81' lang='lat' dir='ltr'><strong>pag.</strong></span> <span class='ocrx_word' id='word_1_537' title='bbox 518 4033 641 4088; x_wconf 80' lang='grc'><strong>715.</strong></span> <span class='ocrx_word' id='word_1_538' title='bbox 692 4031 865 4087; x_wconf 86' lang='lat' dir='ltr'><strong>Clem.</strong></span> <span class='ocrx_word' id='word_1_539' title='bbox 915 4028 1072 4085; x_wconf 75' lang='lat' dir='ltr'><strong>Alex.</strong></span> <span class='ocrx_word' id='word_1_540' title='bbox 1121 4027 1216 4082; x_wconf 91' lang='lat' dir='ltr'><strong>lib.</strong></span> <span class='ocrx_word' id='word_1_541' title='bbox 1269 4045 1350 4085; x_wconf 91' lang='grc' dir='ltr'><strong>ιιι.</strong></span> <span class='ocrx_word' id='word_1_542' title='bbox 1404 4029 1652 4105; x_wconf 75' lang='grc' dir='ltr'><strong>Ρωόα9.,</strong></span> <span class='ocrx_word' id='word_1_543' title='bbox 1713 4050 1833 4106; x_wconf 88' lang='lat' dir='ltr'><strong>cap.</strong></span> <span class='ocrx_word' id='word_1_544' title='bbox 1876 4037 1965 4102; x_wconf 84' lang='grc'><strong>11,</strong></span> 
     </span>
    </p>
   </div>
   <div class='ocr_carea' id='block_1_70' title="bbox 366 4124 1495 4199">
    <p class='ocr_par' dir='ltr' id='par_1_70' title="bbox 366 4124 1495 4199">
     <span class='ocr_line' id='line_1_70' title="bbox 366 4124 1495 4199; baseline -0.003 -16"><span class='ocrx_word' id='word_1_545' title='bbox 366 4143 488 4199; x_wconf 84' lang='lat' dir='ltr'><strong>pag.</strong></span> <span class='ocrx_word' id='word_1_546' title='bbox 515 4124 675 4197; x_wconf 72' lang='lat'><strong>255.)</strong></span> <span class='ocrx_word' id='word_1_547' title='bbox 1494 4160 1495 4163; x_wconf 60' lang='grc' dir='ltr'><strong>η</strong></span> 
     </span>
    </p>
   </div>
   <div class='ocr_carea' id='block_1_71' title="bbox 437 4218 1965 4278">
    <p class='ocr_par' dir='ltr' id='par_1_71' title="bbox 437 4218 1965 4278">
     <span class='ocr_line' id='line_1_71' title="bbox 437 4218 1965 4278; baseline 0.002 -3"><span class='ocrx_word' id='word_1_548' title='bbox 437 4220 550 4275; x_wconf 79' lang='lat' dir='ltr'><strong>Nec</strong></span> <span class='ocrx_word' id='word_1_549' title='bbox 575 4219 750 4275; x_wconf 90' lang='lat' dir='ltr'><strong>minus</strong></span> <span class='ocrx_word' id='word_1_550' title='bbox 770 4218 1053 4277; x_wconf 89' lang='lat' dir='ltr'><strong>evidenter</strong></span> <span class='ocrx_word' id='word_1_551' title='bbox 1074 4220 1129 4277; x_wconf 90' lang='lat' dir='ltr'><strong>id</strong></span> <span class='ocrx_word' id='word_1_552' title='bbox 1155 4222 1423 4278; x_wconf 89' lang='lat' dir='ltr'><strong>evincitur</strong></span> <span class='ocrx_word' id='word_1_553' title='bbox 1450 4236 1514 4276; x_wconf 80' lang='lat' dir='ltr'><strong>ex</strong></span> <span class='ocrx_word' id='word_1_554' title='bbox 1538 4220 1965 4278; x_wconf 82' lang='lat' dir='ltr'><strong>Christianorum</strong></span> 
     </span>
    </p>
   </div>
   <div class='ocr_carea' id='block_1_72' title="bbox 369 4312 1967 4387">
    <p class='ocr_par' dir='ltr' id='par_1_72' title="bbox 369 4312 1967 4387">
     <span class='ocr_line' id='line_1_72' title="bbox 369 4312 1967 4387; baseline 0.003 -19"><span class='ocrx_word' id='word_1_555' title='bbox 369 4312 681 4385; x_wconf 79' lang='lat' dir='ltr'><strong>synaxibus,</strong></span> <span class='ocrx_word' id='word_1_556' title='bbox 699 4328 834 4383; x_wconf 88' lang='lat' dir='ltr'><strong>quas</strong></span> <span class='ocrx_word' id='word_1_557' title='bbox 860 4317 914 4369; x_wconf 92' lang='lat' dir='ltr'><strong>in</strong></span> <span class='ocrx_word' id='word_1_558' title='bbox 935 4314 1141 4371; x_wconf 69' lang='lat' dir='ltr'><strong>aedibus</strong></span> <span class='ocrx_word' id='word_1_559' title='bbox 1166 4316 1511 4385; x_wconf 85' lang='lat' dir='ltr'><strong>templisque,</strong></span> <span class='ocrx_word' id='word_1_560' title='bbox 1563 4325 1621 4371; x_wconf 92' lang='lat' dir='ltr'><strong>ut</strong></span> <span class='ocrx_word' id='word_1_561' title='bbox 1668 4318 1865 4387; x_wconf 74' lang='lat' dir='ltr'><strong>sa&#39;pius</strong></span> <span class='ocrx_word' id='word_1_562' title='bbox 1888 4320 1934 4372; x_wconf 93' lang='lat' dir='ltr'><strong>vi</strong></span> <span class='ocrx_word' id='word_1_563' title='bbox 1952 4348 1967 4357; x_wconf 89' lang='lat'><strong>-</strong></span> 
     </span>
    </p>
   </div>
   <div class='ocr_carea' id='block_1_73' title="bbox 371 4405 1970 4479">
    <p class='ocr_par' dir='ltr' id='par_1_73' title="bbox 371 4405 1970 4479">
     <span class='ocr_line' id='line_1_73' title="bbox 371 4405 1970 4479; baseline 0.004 -19"><span class='ocrx_word' id='word_1_564' title='bbox 371 4405 568 4473; x_wconf 89' lang='lat' dir='ltr'><strong>dimus,</strong></span> <span class='ocrx_word' id='word_1_565' title='bbox 597 4420 757 4475; x_wconf 76' lang='lat' dir='ltr'><strong>agere</strong></span> <span class='ocrx_word' id='word_1_566' title='bbox 781 4406 1027 4462; x_wconf 90' lang='lat' dir='ltr'><strong>solebant</strong></span> <span class='ocrx_word' id='word_1_567' title='bbox 1058 4425 1072 4462; x_wconf 87' lang='lat'><strong>:</strong></span> <span class='ocrx_word' id='word_1_568' title='bbox 1104 4424 1167 4463; x_wconf 90' lang='lat' dir='ltr'><strong>ac</strong></span> <span class='ocrx_word' id='word_1_569' title='bbox 1191 4418 1450 4478; x_wconf 69' lang='lat' dir='ltr'><strong>praeterea</strong></span> <span class='ocrx_word' id='word_1_570' title='bbox 1496 4425 1562 4463; x_wconf 77' lang='lat' dir='ltr'><strong>ex</strong></span> <span class='ocrx_word' id='word_1_571' title='bbox 1596 4409 1801 4479; x_wconf 81' lang='lat' dir='ltr'><strong>publica</strong></span> <span class='ocrx_word' id='word_1_572' title='bbox 1843 4426 1970 4466; x_wconf 90' lang='lat' dir='ltr'><strong>reo-</strong></span> 
     </span>
    </p>
   </div>
   <div class='ocr_carea' id='block_1_74' title="bbox 369 4499 1971 4571">
    <p class='ocr_par' dir='ltr' id='par_1_74' title="bbox 369 4499 1971 4571">
     <span class='ocr_line' id='line_1_74' title="bbox 369 4499 1971 4571; baseline 0.004 -16"><span class='ocrx_word' id='word_1_573' title='bbox 369 4516 489 4555; x_wconf 92' lang='lat' dir='ltr'><strong>rum</strong></span> <span class='ocrx_word' id='word_1_574' title='bbox 520 4499 852 4571; x_wconf 69' lang='lat' dir='ltr'><strong>ptenitentia,</strong></span> <span class='ocrx_word' id='word_1_575' title='bbox 883 4501 974 4570; x_wconf 88' lang='lat' dir='ltr'><strong>qui</strong></span> <span class='ocrx_word' id='word_1_576' title='bbox 1000 4502 1065 4555; x_wconf 81' lang='lat' dir='ltr'><strong>ad</strong></span> <span class='ocrx_word' id='word_1_577' title='bbox 1089 4503 1231 4558; x_wconf 79' lang='lat' dir='ltr'><strong>fores</strong></span> <span class='ocrx_word' id='word_1_578' title='bbox 1261 4503 1513 4558; x_wconf 68' lang='lat' dir='ltr'><strong>Ecclesia:</strong></span> <span class='ocrx_word' id='word_1_579' title='bbox 1540 4506 1816 4571; x_wconf 77' lang='lat' dir='ltr'><strong>prostrati,</strong></span> <span class='ocrx_word' id='word_1_580' title='bbox 1841 4505 1971 4561; x_wconf 88' lang='lat' dir='ltr'><strong>tide-</strong></span> 
     </span>
    </p>
   </div>
   <div class='ocr_carea' id='block_1_75' title="bbox 372 4592 1963 4663">
    <p class='ocr_par' dir='ltr' id='par_1_75' title="bbox 372 4592 1963 4663">
     <span class='ocr_line' id='line_1_75' title="bbox 372 4592 1963 4663; baseline 0.001 -16"><span class='ocrx_word' id='word_1_581' title='bbox 372 4592 505 4647; x_wconf 87' lang='lat' dir='ltr'><strong>lium</strong></span> <span class='ocrx_word' id='word_1_582' title='bbox 552 4606 740 4660; x_wconf 86' lang='lat' dir='ltr'><strong>preces</strong></span> <span class='ocrx_word' id='word_1_583' title='bbox 769 4606 833 4645; x_wconf 88' lang='lat' dir='ltr'><strong>ac</strong></span> <span class='ocrx_word' id='word_1_584' title='bbox 858 4592 1198 4646; x_wconf 89' lang='lat' dir='ltr'><strong>sacerdotum</strong></span> <span class='ocrx_word' id='word_1_585' title='bbox 1228 4593 1567 4647; x_wconf 90' lang='lat' dir='ltr'><strong>clementiam</strong></span> <span class='ocrx_word' id='word_1_586' title='bbox 1590 4594 1963 4663; x_wconf 80' lang='lat' dir='ltr'><strong>implorabant.</strong></span> 
     </span>
    </p>
   </div>
   <div class='ocr_carea' id='block_1_76' title="bbox 2071 3381 3626 3457">
    <p class='ocr_par' dir='ltr' id='par_1_76' title="bbox 2071 3381 3626 3457">
     <span class='ocr_line' id='line_1_76' title="bbox 2071 3381 3626 3457; baseline -0.003 -18"><span class='ocrx_word' id='word_1_587' title='bbox 2071 3385 2286 3457; x_wconf 82' lang='lat' dir='ltr'><strong>quando</strong></span> <span class='ocrx_word' id='word_1_588' title='bbox 2313 3386 2508 3455; x_wconf 81' lang='lat' dir='ltr'><strong>singuli</strong></span> <span class='ocrx_word' id='word_1_589' title='bbox 2535 3385 2718 3441; x_wconf 75' lang='lat' dir='ltr'><strong>divino</strong></span> <span class='ocrx_word' id='word_1_590' title='bbox 2738 3384 3040 3441; x_wconf 88' lang='lat' dir='ltr'><strong>sacerdotio</strong></span> <span class='ocrx_word' id='word_1_591' title='bbox 3065 3385 3333 3450; x_wconf 89' lang='lat' dir='ltr'><strong>honorati,</strong></span> <span class='ocrx_word' id='word_1_592' title='bbox 3352 3394 3404 3442; x_wconf 90' lang='lat' dir='ltr'><strong>et</strong></span> <span class='ocrx_word' id='word_1_593' title='bbox 3428 3386 3474 3438; x_wconf 91' lang='lat' dir='ltr'><strong>in</strong></span> <span class='ocrx_word' id='word_1_594' title='bbox 3497 3381 3626 3438; x_wconf 90' lang='lat' dir='ltr'><strong>cleri-</strong></span> 
     </span>
    </p>
   </div>
   <div class='ocr_carea' id='block_1_77' title="bbox 2071 3475 3627 3542">
    <p class='ocr_par' dir='ltr' id='par_1_77' title="bbox 2071 3475 3627 3542">
     <span class='ocr_line' id='line_1_77' title="bbox 2071 3475 3627 3542; baseline -0.003 -9"><span class='ocrx_word' id='word_1_595' title='bbox 2071 3493 2138 3533; x_wconf 88' lang='lat' dir='ltr'><strong>co</strong></span> <span class='ocrx_word' id='word_1_596' title='bbox 2168 3477 2467 3533; x_wconf 68' lang='lat' dir='ltr'><strong>ministerio</strong></span> <span class='ocrx_word' id='word_1_597' title='bbox 2490 3479 2766 3534; x_wconf 71' lang='grc' dir='ltr'><strong>οιιη-ιιίιιιιί</strong></span> <span class='ocrx_word' id='word_1_598' title='bbox 2789 3520 2803 3542; x_wconf 83' lang='grc'>,</span> <span class='ocrx_word' id='word_1_599' title='bbox 2835 3479 3068 3534; x_wconf 87' lang='lat' dir='ltr'><strong>nonnisi</strong></span> <span class='ocrx_word' id='word_1_600' title='bbox 3118 3477 3274 3533; x_wconf 91' lang='lat' dir='ltr'><strong>altari</strong></span> <span class='ocrx_word' id='word_1_601' title='bbox 3312 3488 3363 3533; x_wconf 89' lang='lat' dir='ltr'><strong>et</strong></span> <span class='ocrx_word' id='word_1_602' title='bbox 3389 3475 3627 3532; x_wconf 80' lang='lat' dir='ltr'><strong>sacriﬁciis</strong></span> 
     </span>
    </p>
   </div>
   <div class='ocr_carea' id='block_1_78' title="bbox 2070 3568 3627 3640">
    <p class='ocr_par' dir='ltr' id='par_1_78' title="bbox 2070 3568 3627 3640">
     <span class='ocr_line' id='line_1_78' title="bbox 2070 3568 3627 3640; baseline -0.001 -17"><span class='ocrx_word' id='word_1_603' title='bbox 2070 3569 2373 3632; x_wconf 85' lang='lat' dir='ltr'><strong>deservire,</strong></span> <span class='ocrx_word' id='word_1_604' title='bbox 2400 3580 2454 3625; x_wconf 91' lang='lat' dir='ltr'><strong>et</strong></span> <span class='ocrx_word' id='word_1_605' title='bbox 2487 3572 2735 3639; x_wconf 87' lang='lat' dir='ltr'><strong>precibus</strong></span> <span class='ocrx_word' id='word_1_606' title='bbox 2779 3579 2939 3640; x_wconf 90' lang='lat' dir='ltr'><strong>atque</strong></span> <span class='ocrx_word' id='word_1_607' title='bbox 2977 3570 3310 3626; x_wconf 77' lang='lat' dir='ltr'><strong>orationibus</strong></span> <span class='ocrx_word' id='word_1_608' title='bbox 3344 3584 3518 3625; x_wconf 66' lang='lat' dir='ltr'><strong>vacare</strong></span> <span class='ocrx_word' id='word_1_609' title='bbox 3544 3568 3627 3623; x_wconf 84' lang='lat' dir='ltr'><strong>de-</strong></span> 
     </span>
    </p>
   </div>
   <div class='ocr_carea' id='block_1_79' title="bbox 2074 3660 3627 3727">
    <p class='ocr_par' dir='ltr' id='par_1_79' title="bbox 2074 3660 3627 3727">
     <span class='ocr_line' id='line_1_79' title="bbox 2074 3660 3627 3727; baseline -0.001 -11"><span class='ocrx_word' id='word_1_610' title='bbox 2074 3664 2255 3717; x_wconf 89' lang='lat' dir='ltr'><strong>beant.</strong></span> <span class='ocrx_word' id='word_1_611' title='bbox 2292 3682 2313 3715; x_wconf 74' lang='grc' dir='ltr'><strong>ι</strong></span> <span class='ocrx_word' id='word_1_612' title='bbox 2343 3662 2477 3718; x_wconf 84' lang='grc' dir='ltr'><strong>Τιιιιι</strong></span> <span class='ocrx_word' id='word_1_613' title='bbox 2499 3663 2697 3718; x_wconf 89' lang='lat' dir='ltr'><strong>deinde</strong></span> <span class='ocrx_word' id='word_1_614' title='bbox 2720 3663 2815 3725; x_wconf 87' lang='lat' dir='ltr'><strong>ait,</strong></span> <span class='ocrx_word' id='word_1_615' title='bbox 2839 3664 2908 3717; x_wconf 89' lang='lat' dir='ltr'><strong>ab</strong></span> <span class='ocrx_word' id='word_1_616' title='bbox 2928 3663 3364 3719; x_wconf 61' lang='lat' dir='ltr'><strong>anteet-.ssoribus</strong></span> <span class='ocrx_word' id='word_1_617' title='bbox 3396 3662 3495 3717; x_wconf 89' lang='lat' dir='ltr'><strong>suis</strong></span> <span class='ocrx_word' id='word_1_618' title='bbox 3529 3660 3627 3727; x_wconf 82' lang='lat' dir='ltr'><strong>epi-</strong></span> 
     </span>
    </p>
   </div>
   <div class='ocr_carea' id='block_1_80' title="bbox 2071 3752 3628 3830">
    <p class='ocr_par' dir='ltr' id='par_1_80' title="bbox 2071 3752 3628 3830">
     <span class='ocr_line' id='line_1_80' title="bbox 2071 3752 3628 3830; baseline -0.003 -19"><span class='ocrx_word' id='word_1_619' title='bbox 2071 3757 2250 3825; x_wconf 85' lang='lat' dir='ltr'><strong>SCOpiS</strong></span> <span class='ocrx_word' id='word_1_620' title='bbox 2290 3756 2565 3812; x_wconf 86' lang='lat' dir='ltr'><strong>decretum</strong></span> <span class='ocrx_word' id='word_1_621' title='bbox 2598 3774 2611 3811; x_wconf 91' lang='lat'>:</span> <span class='ocrx_word' id='word_1_622' title='bbox 2648 3777 2666 3809; x_wconf 78' lang='grc' dir='ltr'><strong>ι</strong></span> <span class='ocrx_word' id='word_1_623' title='bbox 2695 3757 2771 3812; x_wconf 88' lang='lat' dir='ltr'><strong>Ne</strong></span> <span class='ocrx_word' id='word_1_624' title='bbox 2807 3759 2926 3830; x_wconf 90' lang='lat' dir='ltr'><strong>quis</strong></span> <span class='ocrx_word' id='word_1_625' title='bbox 2967 3757 3136 3812; x_wconf 83' lang='lat' dir='ltr'><strong>frater</strong></span> <span class='ocrx_word' id='word_1_626' title='bbox 3165 3756 3419 3813; x_wconf 78' lang='lat' dir='ltr'><strong>excedens</strong></span> <span class='ocrx_word' id='word_1_627' title='bbox 3442 3770 3502 3809; x_wconf 80' lang='lat' dir='ltr'><strong>ex</strong></span> <span class='ocrx_word' id='word_1_628' title='bbox 3541 3752 3628 3807; x_wconf 70' lang='lat' dir='ltr'><strong>hac</strong></span> 
     </span>
    </p>
   </div>
   <div class='ocr_carea' id='block_1_81' title="bbox 2073 3849 3621 3917">
    <p class='ocr_par' dir='ltr' id='par_1_81' title="bbox 2073 3849 3621 3917">
     <span class='ocr_line' id='line_1_81' title="bbox 2073 3849 3621 3917; baseline -0.003 -13"><span class='ocrx_word' id='word_1_629' title='bbox 2073 3853 2201 3917; x_wconf 89' lang='lat' dir='ltr'><strong>vita,</strong></span> <span class='ocrx_word' id='word_1_630' title='bbox 2232 3849 2299 3904; x_wconf 92' lang='lat' dir='ltr'><strong>ad</strong></span> <span class='ocrx_word' id='word_1_631' title='bbox 2333 3850 2552 3904; x_wconf 89' lang='lat' dir='ltr'><strong>tutelam</strong></span> <span class='ocrx_word' id='word_1_632' title='bbox 2596 3850 2676 3905; x_wconf 88' lang='lat' dir='ltr'><strong>vel</strong></span> <span class='ocrx_word' id='word_1_633' title='bbox 2724 3866 2909 3905; x_wconf 91' lang='lat' dir='ltr'><strong>curam</strong></span> <span class='ocrx_word' id='word_1_634' title='bbox 2939 3850 3193 3906; x_wconf 90' lang='lat' dir='ltr'><strong>clericum</strong></span> <span class='ocrx_word' id='word_1_635' title='bbox 3232 3849 3494 3906; x_wconf 81' lang='lat' dir='ltr'><strong>nominaret</strong></span> <span class='ocrx_word' id='word_1_636' title='bbox 3524 3861 3538 3897; x_wconf 92' lang='lat'><strong><em>:</em></strong></span> <span class='ocrx_word' id='word_1_637' title='bbox 3564 3857 3621 3899; x_wconf 88' lang='lat' dir='ltr'><strong>ac</strong></span> 
     </span>
    </p>
   </div>
   <div class='ocr_carea' id='block_1_82' title="bbox 2071 3940 3628 4013">
    <p class='ocr_par' dir='ltr' id='par_1_82' title="bbox 2071 3940 3628 4013">
     <span class='ocr_line' id='line_1_82' title="bbox 2071 3940 3628 4013; baseline -0.003 -15"><span class='ocrx_word' id='word_1_638' title='bbox 2071 3944 2117 3999; x_wconf 85' lang='lat' dir='ltr'><strong>si</strong></span> <span class='ocrx_word' id='word_1_639' title='bbox 2146 3944 2266 4013; x_wconf 87' lang='lat' dir='ltr'><strong>quis</strong></span> <span class='ocrx_word' id='word_1_640' title='bbox 2287 3943 2389 3999; x_wconf 90' lang='lat' dir='ltr'><strong>hoc</strong></span> <span class='ocrx_word' id='word_1_641' title='bbox 2416 3944 2650 4011; x_wconf 79' lang='lat' dir='ltr'><strong>fecisset,</strong></span> <span class='ocrx_word' id='word_1_642' title='bbox 2672 3961 2777 4000; x_wconf 87' lang='lat' dir='ltr'><strong>non</strong></span> <span class='ocrx_word' id='word_1_643' title='bbox 2805 3944 3088 4000; x_wconf 81' lang='lat' dir='ltr'><strong>oll‘erretur</strong></span> <span class='ocrx_word' id='word_1_644' title='bbox 3111 3963 3208 4013; x_wconf 90' lang='lat' dir='ltr'><strong>pro</strong></span> <span class='ocrx_word' id='word_1_645' title='bbox 3235 3958 3421 4013; x_wconf 29' lang='lat' dir='ltr'><strong>eo..nec</strong></span> <span class='ocrx_word' id='word_1_646' title='bbox 3442 3940 3628 3997; x_wconf 71' lang='lat' dir='ltr'><strong>saeviti-</strong></span> 
     </span>
    </p>
   </div>
   <div class='ocr_carea' id='block_1_83' title="bbox 2072 4035 3629 4110">
    <p class='ocr_par' dir='ltr' id='par_1_83' title="bbox 2072 4035 3629 4110">
     <span class='ocr_line' id='line_1_83' title="bbox 2072 4035 3629 4110; baseline -0.002 -19"><span class='ocrx_word' id='word_1_647' title='bbox 2072 4038 2211 4091; x_wconf 92' lang='lat' dir='ltr'><strong>cium</strong></span> <span class='ocrx_word' id='word_1_648' title='bbox 2245 4053 2340 4107; x_wconf 89' lang='lat' dir='ltr'><strong>pro</strong></span> <span class='ocrx_word' id='word_1_649' title='bbox 2365 4036 2691 4094; x_wconf 89' lang='lat' dir='ltr'><strong>dormittone</strong></span> <span class='ocrx_word' id='word_1_650' title='bbox 2733 4039 2851 4107; x_wconf 88' lang='lat' dir='ltr'><strong>ejus</strong></span> <span class='ocrx_word' id='word_1_651' title='bbox 2880 4038 3267 4094; x_wconf 88' lang='lat' dir='ltr'><strong>celebraretur.</strong></span> <span class='ocrx_word' id='word_1_652' title='bbox 3306 4039 3472 4110; x_wconf 79' lang='lat' dir='ltr'><strong>Neque</strong></span> <span class='ocrx_word' id='word_1_653' title='bbox 3505 4035 3629 4092; x_wconf 89' lang='lat' dir='ltr'><strong>enim</strong></span> 
     </span>
    </p>
   </div>
   <div class='ocr_carea' id='block_1_84' title="bbox 2072 4132 3632 4203">
    <p class='ocr_par' dir='ltr' id='par_1_84' title="bbox 2072 4132 3632 4203">
     <span class='ocr_line' id='line_1_84' title="bbox 2072 4132 3632 4203; baseline 0 -18"><span class='ocrx_word' id='word_1_654' title='bbox 2072 4133 2210 4202; x_wconf 86' lang='lat' dir='ltr'><strong>apud</strong></span> <span class='ocrx_word' id='word_1_655' title='bbox 2239 4134 2406 4187; x_wconf 90' lang='lat' dir='ltr'><strong>altare</strong></span> <span class='ocrx_word' id='word_1_656' title='bbox 2439 4132 2530 4187; x_wconf 89' lang='lat' dir='ltr'><strong>Dei</strong></span> <span class='ocrx_word' id='word_1_657' title='bbox 2563 4140 2801 4187; x_wconf 90' lang='lat' dir='ltr'><strong>meretur</strong></span> <span class='ocrx_word' id='word_1_658' title='bbox 2827 4133 3088 4188; x_wconf 84' lang='lat' dir='ltr'><strong>nominari</strong></span> <span class='ocrx_word' id='word_1_659' title='bbox 3121 4135 3169 4188; x_wconf 93' lang='lat' dir='ltr'><strong>in</strong></span> <span class='ocrx_word' id='word_1_660' title='bbox 3189 4134 3510 4189; x_wconf 87' lang='lat' dir='ltr'><strong>sacerdotum</strong></span> <span class='ocrx_word' id='word_1_661' title='bbox 3533 4145 3632 4203; x_wconf 82' lang='lat' dir='ltr'><strong>prc-</strong></span> 
     </span>
    </p>
   </div>
   <div class='ocr_carea' id='block_1_85' title="bbox 2073 4224 3623 4294">
    <p class='ocr_par' dir='ltr' id='par_1_85' title="bbox 2073 4224 3623 4294">
     <span class='ocr_line' id='line_1_85' title="bbox 2073 4224 3623 4294; baseline 0.001 -17"><span class='ocrx_word' id='word_1_662' title='bbox 2073 4239 2156 4291; x_wconf 88' lang='lat' dir='ltr'><strong>ce,</strong></span> <span class='ocrx_word' id='word_1_663' title='bbox 2176 4225 2267 4294; x_wconf 91' lang='lat' dir='ltr'><strong>qui</strong></span> <span class='ocrx_word' id='word_1_664' title='bbox 2286 4224 2519 4279; x_wconf 84' lang='lat' dir='ltr'><strong>ahaltat-i</strong></span> <span class='ocrx_word' id='word_1_665' title='bbox 2543 4224 2850 4279; x_wconf 89' lang='lat' dir='ltr'><strong>sacerdotes</strong></span> <span class='ocrx_word' id='word_1_666' title='bbox 2866 4235 2918 4279; x_wconf 90' lang='lat' dir='ltr'><strong>et</strong></span> <span class='ocrx_word' id='word_1_667' title='bbox 2942 4226 3217 4282; x_wconf 89' lang='lat' dir='ltr'><strong>ministros</strong></span> <span class='ocrx_word' id='word_1_668' title='bbox 3240 4228 3393 4283; x_wconf 82' lang='lat' dir='ltr'><strong>voluit</strong></span> <span class='ocrx_word' id='word_1_669' title='bbox 3415 4239 3623 4281; x_wconf 82' lang='lat' dir='ltr'><strong>avocare.</strong></span> 
     </span>
    </p>
   </div>
   <div class='ocr_carea' id='block_1_86' title="bbox 2075 4316 3627 4390">
    <p class='ocr_par' dir='ltr' id='par_1_86' title="bbox 2075 4316 3627 4390">
     <span class='ocr_line' id='line_1_86' title="bbox 2075 4316 3627 4390; baseline 0.001 -19"><span class='ocrx_word' id='word_1_670' title='bbox 2075 4317 2141 4371; x_wconf 92' lang='lat' dir='ltr'><strong>Et</strong></span> <span class='ocrx_word' id='word_1_671' title='bbox 2166 4316 2286 4371; x_wconf 88' lang='lat' dir='ltr'><strong>ideo</strong></span> <span class='ocrx_word' id='word_1_672' title='bbox 2323 4318 2504 4387; x_wconf 66' lang='lat' dir='ltr'><strong>Victor</strong></span> <span class='ocrx_word' id='word_1_673' title='bbox 2530 4334 2652 4374; x_wconf 92' lang='lat' dir='ltr'><strong>cum</strong></span> <span class='ocrx_word' id='word_1_674' title='bbox 2699 4318 3073 4390; x_wconf 81' lang='lat' dir='ltr'><strong>presbyterum</strong></span> <span class='ocrx_word' id='word_1_675' title='bbox 3118 4335 3281 4376; x_wconf 87' lang='lat' dir='ltr'><strong>ausus</strong></span> <span class='ocrx_word' id='word_1_676' title='bbox 3326 4321 3392 4377; x_wconf 87' lang='lat' dir='ltr'><strong>sit</strong></span> <span class='ocrx_word' id='word_1_677' title='bbox 3438 4328 3627 4375; x_wconf 81' lang='lat' dir='ltr'><strong>tutorem</strong></span> 
     </span>
    </p>
   </div>
   <div class='ocr_carea' id='block_1_87' title="bbox 2075 4407 3634 4484">
    <p class='ocr_par' dir='ltr' id='par_1_87' title="bbox 2075 4407 3634 4484">
     <span class='ocr_line' id='line_1_87' title="bbox 2075 4407 3634 4484; baseline -0.001 -17"><span class='ocrx_word' id='word_1_678' title='bbox 2075 4413 2407 4467; x_wconf 74' lang='lat' dir='ltr'><strong>Constituere</strong></span> <span class='ocrx_word' id='word_1_679' title='bbox 2431 4454 2445 4480; x_wconf 93' lang='lat'><strong>,</strong></span> <span class='ocrx_word' id='word_1_680' title='bbox 2490 4428 2594 4468; x_wconf 91' lang='lat' dir='ltr'><strong>non</strong></span> <span class='ocrx_word' id='word_1_681' title='bbox 2627 4423 2711 4467; x_wconf 84' lang='lat' dir='ltr'><strong>est</strong></span> <span class='ocrx_word' id='word_1_682' title='bbox 2735 4413 2878 4484; x_wconf 87' lang='lat' dir='ltr'><strong>quod</strong></span> <span class='ocrx_word' id='word_1_683' title='bbox 2912 4429 3008 4482; x_wconf 91' lang='lat' dir='ltr'><strong>pro</strong></span> <span class='ocrx_word' id='word_1_684' title='bbox 3034 4414 3358 4470; x_wconf 77' lang='lat' dir='ltr'><strong>dormitione</strong></span> <span class='ocrx_word' id='word_1_685' title='bbox 3385 4413 3494 4484; x_wconf 91' lang='lat' dir='ltr'><strong>ejus</strong></span> <span class='ocrx_word' id='word_1_686' title='bbox 3518 4407 3634 4480; x_wconf 81' lang='lat' dir='ltr'><strong>apud</strong></span> 
     </span>
    </p>
   </div>
   <div class='ocr_carea' id='block_1_88' title="bbox 2073 4505 3633 4579">
    <p class='ocr_par' dir='ltr' id='par_1_88' title="bbox 2073 4505 3633 4579">
     <span class='ocr_line' id='line_1_88' title="bbox 2073 4505 3633 4579; baseline -0.001 -19"><span class='ocrx_word' id='word_1_687' title='bbox 2073 4521 2169 4560; x_wconf 85' lang='lat' dir='ltr'><strong>vos</strong></span> <span class='ocrx_word' id='word_1_688' title='bbox 2196 4508 2285 4560; x_wconf 90' lang='lat' dir='ltr'><strong>liat</strong></span> <span class='ocrx_word' id='word_1_689' title='bbox 2314 4506 2537 4568; x_wconf 88' lang='lat' dir='ltr'><strong>oblatio,</strong></span> <span class='ocrx_word' id='word_1_690' title='bbox 2565 4516 2656 4560; x_wconf 89' lang='lat' dir='ltr'><strong>aut</strong></span> <span class='ocrx_word' id='word_1_691' title='bbox 2687 4507 3001 4576; x_wconf 88' lang='lat' dir='ltr'><strong>deprecatio</strong></span> <span class='ocrx_word' id='word_1_692' title='bbox 3028 4508 3205 4579; x_wconf 89' lang='lat' dir='ltr'><strong>aliqua</strong></span> <span class='ocrx_word' id='word_1_693' title='bbox 3233 4509 3442 4565; x_wconf 83' lang='lat' dir='ltr'><strong>nomine</strong></span> <span class='ocrx_word' id='word_1_694' title='bbox 3467 4507 3571 4576; x_wconf 85' lang='lat' dir='ltr'><strong>ejus</strong></span> <span class='ocrx_word' id='word_1_695' title='bbox 3592 4505 3633 4557; x_wconf 83' lang='lat' dir='ltr'><strong>in</strong></span> 
     </span>
    </p>
   </div>
   <div class='ocr_carea' id='block_1_89' title="bbox 2076 4594 3633 4673">
    <p class='ocr_par' dir='ltr' id='par_1_89' title="bbox 2076 4594 3633 4673">
     <span class='ocr_line' id='line_1_89' title="bbox 2076 4594 3633 4673; baseline -0.003 -20"><span class='ocrx_word' id='word_1_696' title='bbox 2076 4596 2311 4654; x_wconf 82' lang='lat' dir='ltr'><strong>Ecclesia</strong></span> <span class='ocrx_word' id='word_1_697' title='bbox 2337 4598 2731 4668; x_wconf 81' lang='lat' dir='ltr'><strong>frequentetun</strong></span> <span class='ocrx_word' id='word_1_698' title='bbox 2767 4599 3041 4673; x_wconf 84' lang='lat' dir='ltr'><strong>(Cyprian.</strong></span> <span class='ocrx_word' id='word_1_699' title='bbox 3064 4600 3235 4671; x_wconf 78' lang='lat' dir='ltr'><strong>Epist.</strong></span> <span class='ocrx_word' id='word_1_700' title='bbox 3262 4603 3283 4657; x_wconf 94' lang='grc'><strong>1</strong></span> <span class='ocrx_word' id='word_1_701' title='bbox 3301 4603 3367 4656; x_wconf 85' lang='lat' dir='ltr'><strong>ad</strong></span> <span class='ocrx_word' id='word_1_702' title='bbox 3386 4594 3633 4670; x_wconf 75' lang='lat' dir='ltr'><strong>Presbyt.).</strong></span> 
     </span>
    </p>
   </div>
   <div class='ocr_carea' id='block_1_90' title="bbox 370 4683 3634 4755">
    <p class='ocr_par' dir='ltr' id='par_1_90' title="bbox 370 4683 3634 4755">
     <span class='ocr_line' id='line_1_90' title="bbox 370 4683 3634 4755; baseline 0.002 -12"><span class='ocrx_word' id='word_1_703' title='bbox 370 4686 615 4754; x_wconf 90' lang='lat' dir='ltr'><strong>Denique</strong></span> <span class='ocrx_word' id='word_1_704' title='bbox 643 4684 745 4739; x_wconf 83' lang='lat' dir='ltr'><strong>ltoc</strong></span> <span class='ocrx_word' id='word_1_705' title='bbox 765 4683 1201 4741; x_wconf 78' lang='lat' dir='ltr'><strong>manifestissime</strong></span> <span class='ocrx_word' id='word_1_706' title='bbox 1228 4686 1486 4755; x_wconf 87' lang='lat' dir='ltr'><strong>probatur</strong></span> <span class='ocrx_word' id='word_1_707' title='bbox 1506 4691 1822 4743; x_wconf 86' lang='lat' dir='ltr'><strong>auctoritate</strong></span> <span class='ocrx_word' id='word_1_708' title='bbox 1863 4691 1936 4744; x_wconf 84' lang='lat' dir='ltr'><strong>Ar</strong></span> <span class='ocrx_word' id='word_1_709' title='bbox 1992 4688 2044 4747; x_wconf 92' lang='lat' dir='ltr'><strong>D</strong></span> <span class='ocrx_word' id='word_1_710' title='bbox 2071 4691 2258 4747; x_wconf 81' lang='lat' dir='ltr'><strong>Cernis</strong></span> <span class='ocrx_word' id='word_1_711' title='bbox 2286 4703 2433 4747; x_wconf 89' lang='lat' dir='ltr'><strong>certe</strong></span> <span class='ocrx_word' id='word_1_712' title='bbox 2455 4693 2523 4747; x_wconf 86' lang='lat' dir='ltr'><strong>ab</strong></span> <span class='ocrx_word' id='word_1_713' title='bbox 2551 4708 2617 4748; x_wconf 90' lang='lat' dir='ltr'><strong>eo</strong></span> <span class='ocrx_word' id='word_1_714' title='bbox 2647 4693 2816 4748; x_wconf 88' lang='lat' dir='ltr'><strong>altare</strong></span> <span class='ocrx_word' id='word_1_715' title='bbox 2842 4704 2897 4750; x_wconf 89' lang='lat' dir='ltr'><strong>et</strong></span> <span class='ocrx_word' id='word_1_716' title='bbox 2930 4694 3255 4751; x_wconf 79' lang='lat' dir='ltr'><strong>sacriﬁcium</strong></span> <span class='ocrx_word' id='word_1_717' title='bbox 3308 4696 3377 4750; x_wconf 84' lang='lat' dir='ltr'><strong>ab</strong></span> <span class='ocrx_word' id='word_1_718' title='bbox 3409 4691 3634 4750; x_wconf 82' lang='lat' dir='ltr'><strong>ChriSIi.I-</strong></span> 
     </span>
    </p>
   </div>
   <div class='ocr_carea' id='block_1_91' title="bbox 372 4775 1973 4850">
    <p class='ocr_par' dir='ltr' id='par_1_91' title="bbox 372 4775 1973 4850">
     <span class='ocr_line' id='line_1_91' title="bbox 372 4775 1973 4850; baseline 0.001 -16"><span class='ocrx_word' id='word_1_719' title='bbox 372 4778 517 4834; x_wconf 89' lang='lat' dir='ltr'><strong>nobii</strong></span> <span class='ocrx_word' id='word_1_720' title='bbox 546 4786 704 4847; x_wconf 80' lang='lat' dir='ltr'><strong>atque</strong></span> <span class='ocrx_word' id='word_1_721' title='bbox 738 4775 1016 4843; x_wconf 83' lang='lat' dir='ltr'><strong>Lactantii,</strong></span> <span class='ocrx_word' id='word_1_722' title='bbox 1041 4778 1130 4846; x_wconf 91' lang='lat' dir='ltr'><strong>qui</strong></span> <span class='ocrx_word' id='word_1_723' title='bbox 1153 4778 1399 4832; x_wconf 89' lang='lat' dir='ltr'><strong>ethnicos</strong></span> <span class='ocrx_word' id='word_1_724' title='bbox 1422 4777 1620 4833; x_wconf 89' lang='lat' dir='ltr'><strong>idcirco</strong></span> <span class='ocrx_word' id='word_1_725' title='bbox 1646 4780 1973 4850; x_wconf 87' lang='lat' dir='ltr'><strong>vituperant,</strong></span> 
     </span>
    </p>
   </div>
   <div class='ocr_carea' id='block_1_92' title="bbox 372 4868 1977 4943">
    <p class='ocr_par' dir='ltr' id='par_1_92' title="bbox 372 4868 1977 4943">
     <span class='ocr_line' id='line_1_92' title="bbox 372 4868 1977 4943; baseline 0.004 -19"><span class='ocrx_word' id='word_1_726' title='bbox 372 4870 515 4943; x_wconf 85' lang='lat' dir='ltr'><strong>quod</strong></span> <span class='ocrx_word' id='word_1_727' title='bbox 543 4868 972 4925; x_wconf 81' lang='lat' dir='ltr'><strong>Christianorum</strong></span> <span class='ocrx_word' id='word_1_728' title='bbox 1006 4870 1380 4926; x_wconf 88' lang='lat' dir='ltr'><strong>conventicula</strong></span> <span class='ocrx_word' id='word_1_729' title='bbox 1410 4880 1464 4925; x_wconf 88' lang='lat' dir='ltr'><strong>et</strong></span> <span class='ocrx_word' id='word_1_730' title='bbox 1496 4871 1765 4928; x_wconf 86' lang='lat' dir='ltr'><strong>Eeclesias</strong></span> <span class='ocrx_word' id='word_1_731' title='bbox 1792 4874 1977 4930; x_wconf 88' lang='lat' dir='ltr'><strong>dirue-</strong></span> 
     </span>
    </p>
   </div>
   <div class='ocr_carea' id='block_1_93' title="bbox 370 4962 1979 5033">
    <p class='ocr_par' dir='ltr' id='par_1_93' title="bbox 370 4962 1979 5033">
     <span class='ocr_line' id='line_1_93' title="bbox 370 4962 1979 5033; baseline 0.002 -12"><span class='ocrx_word' id='word_1_732' title='bbox 370 4967 502 5033; x_wconf 89' lang='lat' dir='ltr'><strong>rint,</strong></span> <span class='ocrx_word' id='word_1_733' title='bbox 536 4973 627 5018; x_wconf 91' lang='lat' dir='ltr'><strong>aut</strong></span> <span class='ocrx_word' id='word_1_734' title='bbox 658 4962 1075 5019; x_wconf 74' lang='lat' dir='ltr'><strong>combus~etint.</strong></span> <span class='ocrx_word' id='word_1_735' title='bbox 1114 4963 1269 5018; x_wconf 84' lang='lat' dir='ltr'><strong>l&#39;lura</strong></span> <span class='ocrx_word' id='word_1_736' title='bbox 1301 4975 1477 5020; x_wconf 85' lang='lat' dir='ltr'><strong>autem</strong></span> <span class='ocrx_word' id='word_1_737' title='bbox 1511 4965 1578 5021; x_wconf 91' lang='lat' dir='ltr'><strong>de</strong></span> <span class='ocrx_word' id='word_1_738' title='bbox 1603 4966 1689 5021; x_wconf 88' lang='lat' dir='ltr'><strong>illa</strong></span> <span class='ocrx_word' id='word_1_739' title='bbox 1720 4969 1979 5024; x_wconf 77' lang='lat' dir='ltr'><strong>ecclesia-</strong></span> 
     </span>
    </p>
   </div>
   <div class='ocr_carea' id='block_1_94' title="bbox 373 5058 1975 5119">
    <p class='ocr_par' dir='ltr' id='par_1_94' title="bbox 373 5058 1975 5119">
     <span class='ocr_line' id='line_1_94' title="bbox 373 5058 1975 5119; baseline 0 -1"><span class='ocrx_word' id='word_1_740' title='bbox 373 5078 494 5118; x_wconf 88' lang='lat' dir='ltr'><strong>rum</strong></span> <span class='ocrx_word' id='word_1_741' title='bbox 523 5059 806 5116; x_wconf 83' lang='lat' dir='ltr'><strong>eversione</strong></span> <span class='ocrx_word' id='word_1_742' title='bbox 836 5070 886 5114; x_wconf 89' lang='lat' dir='ltr'><strong>et</strong></span> <span class='ocrx_word' id='word_1_743' title='bbox 925 5058 1314 5115; x_wconf 66' lang='lat' dir='ltr'><strong>instauratione</strong></span> <span class='ocrx_word' id='word_1_744' title='bbox 1339 5069 1522 5115; x_wconf 87' lang='lat' dir='ltr'><strong>narrat</strong></span> <span class='ocrx_word' id='word_1_745' title='bbox 1564 5059 1829 5117; x_wconf 88' lang='lat' dir='ltr'><strong>Eusebius</strong></span> <span class='ocrx_word' id='word_1_746' title='bbox 1854 5078 1975 5119; x_wconf 87' lang='lat' dir='ltr'><strong>eas-</strong></span> 
     </span>
    </p>
   </div>
   <div class='ocr_carea' id='block_1_95' title="bbox 375 5158 1973 5226">
    <p class='ocr_par' dir='ltr' id='par_1_95' title="bbox 375 5158 1973 5226">
     <span class='ocr_line' id='line_1_95' title="bbox 375 5158 1973 5226; baseline 0.001 -16"><span class='ocrx_word' id='word_1_747' title='bbox 375 5170 480 5225; x_wconf 89' lang='lat' dir='ltr'><strong>que</strong></span> <span class='ocrx_word' id='word_1_748' title='bbox 511 5163 685 5220; x_wconf 88' lang='lat' dir='ltr'><strong>vocat,</strong></span> <span class='ocrx_word' id='word_1_749' title='bbox 715 5175 1095 5225; x_wconf 63' lang='grc' dir='ltr'><strong>τροτευκτηρυν</strong></span> <span class='ocrx_word' id='word_1_750' title='bbox 1144 5161 1253 5216; x_wconf 73' lang='grc' dir='ltr'><strong>τοὺς</strong></span> <span class='ocrx_word' id='word_1_751' title='bbox 1289 5160 1459 5218; x_wconf 72' lang='grc' dir='ltr'><strong>οῖκθυς,</strong></span> <span class='ocrx_word' id='word_1_752' title='bbox 1501 5173 1519 5207; x_wconf 73' lang='grc' dir='ltr'>ί</span> <span class='ocrx_word' id='word_1_753' title='bbox 1545 5169 1725 5211; x_wconf 85' lang='lat' dir='ltr'><strong>sacras</strong></span> <span class='ocrx_word' id='word_1_754' title='bbox 1766 5158 1906 5213; x_wconf 67' lang='lat' dir='ltr'><strong>(cdes</strong></span> <span class='ocrx_word' id='word_1_755' title='bbox 1930 5179 1973 5226; x_wconf 72' lang='grc' dir='ltr'><strong>ι,</strong></span> 
     </span>
    </p>
   </div>
   <div class='ocr_carea' id='block_1_96' title="bbox 373 5245 1980 5314">
    <p class='ocr_par' dir='ltr' id='par_1_96' title="bbox 373 5245 1980 5314">
     <span class='ocr_line' id='line_1_96' title="bbox 373 5245 1980 5314; baseline -0.001 -9"><span class='ocrx_word' id='word_1_756' title='bbox 373 5259 429 5305; x_wconf 90' lang='lat' dir='ltr'><strong>et</strong></span> <span class='ocrx_word' id='word_1_757' title='bbox 457 5254 726 5312; x_wconf 61' lang='grc' dir='ltr'><strong>ἕκκλησιις,</strong></span> <span class='ocrx_word' id='word_1_758' title='bbox 779 5268 798 5298; x_wconf 75' lang='grc' dir='ltr'><strong>ι</strong></span> <span class='ocrx_word' id='word_1_759' title='bbox 823 5245 1082 5301; x_wconf 78' lang='lat' dir='ltr'><strong>ecclesias</strong></span> <span class='ocrx_word' id='word_1_760' title='bbox 1108 5266 1128 5299; x_wconf 72' lang='grc' dir='ltr'><strong>ι</strong></span> <span class='ocrx_word' id='word_1_761' title='bbox 1160 5246 1285 5301; x_wconf 90' lang='lat' dir='ltr'><strong>alibi</strong></span> <span class='ocrx_word' id='word_1_762' title='bbox 1334 5262 1463 5303; x_wconf 88' lang='lat' dir='ltr'><strong>vero</strong></span> <span class='ocrx_word' id='word_1_763' title='bbox 1485 5257 1590 5310; x_wconf 67' lang='grc' dir='ltr'><strong>τεοὺς</strong></span> <span class='ocrx_word' id='word_1_764' title='bbox 1631 5256 1784 5311; x_wconf 73' lang='grc' dir='ltr'><strong>οἴκους</strong></span> <span class='ocrx_word' id='word_1_765' title='bbox 1831 5258 1878 5306; x_wconf 75' lang='grc' dir='ltr'><strong>ἰν</strong></span> <span class='ocrx_word' id='word_1_766' title='bbox 1914 5252 1980 5314; x_wconf 58' lang='lat' dir='ltr'><strong>ei;</strong></span> 
     </span>
    </p>
   </div>
   <div class='ocr_carea' id='block_1_97' title="bbox 375 5338 1976 5414">
    <p class='ocr_par' dir='ltr' id='par_1_97' title="bbox 375 5338 1976 5414">
     <span class='ocr_line' id='line_1_97' title="bbox 375 5338 1976 5414; baseline 0.016 -34"><span class='ocrx_word' id='word_1_767' title='bbox 375 5358 647 5409; x_wconf 52' lang='grc' dir='ltr'><strong>συντησντο,</strong></span> <span class='ocrx_word' id='word_1_768' title='bbox 691 5359 710 5391; x_wconf 76' lang='grc' dir='ltr'><strong>ι</strong></span> <span class='ocrx_word' id='word_1_769' title='bbox 748 5338 893 5394; x_wconf 71' lang='lat' dir='ltr'><strong>mdes</strong></span> <span class='ocrx_word' id='word_1_770' title='bbox 924 5353 1050 5393; x_wconf 88' lang='lat' dir='ltr'><strong>suas</strong></span> <span class='ocrx_word' id='word_1_771' title='bbox 1071 5381 1084 5398; x_wconf 90' lang='lat'><strong>.</strong></span> <span class='ocrx_word' id='word_1_772' title='bbox 1118 5340 1169 5393; x_wconf 88' lang='lat' dir='ltr'><strong>in</strong></span> <span class='ocrx_word' id='word_1_773' title='bbox 1199 5340 1395 5408; x_wconf 82' lang='lat' dir='ltr'><strong>quibus</strong></span> <span class='ocrx_word' id='word_1_774' title='bbox 1415 5351 1712 5396; x_wconf 80' lang='lat' dir='ltr'><strong>conventus</strong></span> <span class='ocrx_word' id='word_1_775' title='bbox 1752 5358 1976 5414; x_wconf 80' lang='lat' dir='ltr'><strong>perage-</strong></span> 
     </span>
    </p>
   </div>
   <div class='ocr_carea' id='block_1_98' title="bbox 375 5433 1972 5498">
    <p class='ocr_par' dir='ltr' id='par_1_98' title="bbox 375 5433 1972 5498">
     <span class='ocr_line' id='line_1_98' title="bbox 375 5433 1972 5498; baseline 0 -7"><span class='ocrx_word' id='word_1_776' title='bbox 375 5437 525 5498; x_wconf 82' lang='lat' dir='ltr'><strong>bant.</strong></span> <span class='ocrx_word' id='word_1_777' title='bbox 558 5449 621 5490; x_wconf 87' lang='lat' dir='ltr'><strong>ac</strong></span> <span class='ocrx_word' id='word_1_778' title='bbox 666 5433 879 5489; x_wconf 88' lang='lat' dir='ltr'><strong>tandem</strong></span> <span class='ocrx_word' id='word_1_779' title='bbox 906 5440 1056 5495; x_wconf 72' lang='grc' dir='ltr'><strong>οιιονς</strong></span> <span class='ocrx_word' id='word_1_780' title='bbox 1082 5440 1359 5497; x_wconf 62' lang='lat' dir='ltr'><strong>animm,</strong></span> <span class='ocrx_word' id='word_1_781' title='bbox 1392 5434 1538 5488; x_wconf 77' lang='lat' dir='ltr'><strong>:cdcs</strong></span> <span class='ocrx_word' id='word_1_782' title='bbox 1575 5435 1922 5491; x_wconf 84' lang='lat' dir='ltr'><strong>ecclesiarum</strong></span> <span class='ocrx_word' id='word_1_783' title='bbox 1953 5457 1972 5491; x_wconf 80' lang='grc' dir='ltr'><strong>ι</strong></span> 
     </span>
    </p>
   </div>
   <div class='ocr_carea' id='block_1_99' title="bbox 375 5524 1972 5599">
    <p class='ocr_par' dir='ltr' id='par_1_99' title="bbox 375 5524 1972 5599">
     <span class='ocr_line' id='line_1_99' title="bbox 375 5524 1972 5599; baseline 0 -16"><span class='ocrx_word' id='word_1_784' title='bbox 375 5527 602 5599; x_wconf 82' lang='lat' dir='ltr'><strong>(Arnob.</strong></span> <span class='ocrx_word' id='word_1_785' title='bbox 636 5526 729 5581; x_wconf 89' lang='lat' dir='ltr'><strong>lib.</strong></span> <span class='ocrx_word' id='word_1_786' title='bbox 762 5541 836 5586; x_wconf 86' lang='lat' dir='ltr'><strong>tv,</strong></span> <span class='ocrx_word' id='word_1_787' title='bbox 865 5540 1031 5580; x_wconf 84' lang='lat' dir='ltr'><strong>contr.</strong></span> <span class='ocrx_word' id='word_1_788' title='bbox 1055 5524 1204 5580; x_wconf 79' lang='lat' dir='ltr'><strong>Gem.</strong></span> <span class='ocrx_word' id='word_1_789' title='bbox 1232 5541 1353 5595; x_wconf 79' lang='lat' dir='ltr'><strong>pag.</strong></span> <span class='ocrx_word' id='word_1_790' title='bbox 1380 5526 1506 5581; x_wconf 73' lang='grc'><strong>152.</strong></span> <span class='ocrx_word' id='word_1_791' title='bbox 1530 5526 1776 5595; x_wconf 70' lang='lat' dir='ltr'><strong>Laetam,</strong></span> <span class='ocrx_word' id='word_1_792' title='bbox 1806 5528 1907 5583; x_wconf 74' lang='lat' dir='ltr'><strong>lib?</strong></span> <span class='ocrx_word' id='word_1_793' title='bbox 1921 5546 1972 5595; x_wconf 88' lang='lat' dir='ltr'><strong>v,</strong></span> 
     </span>
    </p>
   </div>
   <div class='ocr_carea' id='block_1_100' title="bbox 374 5620 1975 5693">
    <p class='ocr_par' dir='ltr' id='par_1_100' title="bbox 374 5620 1975 5693">
     <span class='ocr_line' id='line_1_100' title="bbox 374 5620 1975 5693; baseline 0.001 -17"><span class='ocrx_word' id='word_1_794' title='bbox 374 5621 509 5678; x_wconf 77' lang='lat' dir='ltr'><strong>Inst.</strong></span> <span class='ocrx_word' id='word_1_795' title='bbox 541 5636 656 5686; x_wconf 91' lang='lat' dir='ltr'><strong>cap.</strong></span> <span class='ocrx_word' id='word_1_796' title='bbox 694 5623 781 5675; x_wconf 82' lang='grc' dir='ltr'><strong>Η.</strong></span> <span class='ocrx_word' id='word_1_797' title='bbox 819 5621 1017 5676; x_wconf 86' lang='lat' dir='ltr'><strong>Euseb.</strong></span> <span class='ocrx_word' id='word_1_798' title='bbox 1052 5620 1157 5676; x_wconf 86' lang='lat' dir='ltr'><strong>&#39;lib.</strong></span> <span class='ocrx_word' id='word_1_799' title='bbox 1198 5637 1310 5677; x_wconf 85' lang='lat' dir='ltr'><strong>vm.</strong></span> <span class='ocrx_word' id='word_1_800' title='bbox 1363 5620 1500 5676; x_wconf 80' lang='lat' dir='ltr'><strong>Ilisl.</strong></span> <span class='ocrx_word' id='word_1_801' title='bbox 1547 5621 1692 5677; x_wconf 82' lang='lat' dir='ltr'><strong>Eccl.</strong></span> <span class='ocrx_word' id='word_1_802' title='bbox 1740 5638 1861 5693; x_wconf 82' lang='lat' dir='ltr'><strong>cap.</strong></span> <span class='ocrx_word' id='word_1_803' title='bbox 1917 5624 1975 5693; x_wconf 71' lang='lat'><strong>2,</strong></span> 
     </span>
    </p>
   </div>
   <div class='ocr_carea' id='block_1_101' title="bbox 374 5713 1973 5787">
    <p class='ocr_par' dir='ltr' id='par_1_101' title="bbox 374 5713 1973 5787">
     <span class='ocr_line' id='line_1_101' title="bbox 374 5713 1973 5787; baseline 0.004 -19"><span class='ocrx_word' id='word_1_804' title='bbox 374 5728 497 5786; x_wconf 80' lang='lat' dir='ltr'><strong>pag.</strong></span> <span class='ocrx_word' id='word_1_805' title='bbox 530 5714 637 5770; x_wconf 70' lang='lat'><strong>295</strong></span> <span class='ocrx_word' id='word_1_806' title='bbox 665 5725 716 5770; x_wconf 93' lang='lat' dir='ltr'><strong>ct</strong></span> <span class='ocrx_word' id='word_1_807' title='bbox 752 5713 880 5769; x_wconf 66' lang='lat'><strong>294.</strong></span> <span class='ocrx_word' id='word_1_808' title='bbox 936 5713 1073 5769; x_wconf 84' lang='lat' dir='ltr'><strong>Ibid.</strong></span> <span class='ocrx_word' id='word_1_809' title='bbox 1104 5729 1225 5784; x_wconf 85' lang='lat' dir='ltr'><strong>cap.</strong></span> <span class='ocrx_word' id='word_1_810' title='bbox 1259 5715 1346 5781; x_wconf 82' lang='lat' dir='ltr'><strong>l7,</strong></span> <span class='ocrx_word' id='word_1_811' title='bbox 1386 5731 1505 5787; x_wconf 77' lang='lat' dir='ltr'><strong>pag.</strong></span> <span class='ocrx_word' id='word_1_812' title='bbox 1536 5716 1661 5774; x_wconf 81' lang='grc'><strong>516.</strong></span> <span class='ocrx_word' id='word_1_813' title='bbox 1701 5718 1835 5775; x_wconf 84' lang='lat' dir='ltr'><strong>Ibid.</strong></span> <span class='ocrx_word' id='word_1_814' title='bbox 1877 5718 1973 5775; x_wconf 90' lang='lat' dir='ltr'><strong>lib.</strong></span> 
     </span>
    </p>
   </div>
   <div class='ocr_carea' id='block_1_102' title="bbox 377 5805 1018 5876">
    <p class='ocr_par' dir='ltr' id='par_1_102' title="bbox 377 5805 1018 5876">
     <span class='ocr_line' id='line_1_102' title="bbox 377 5805 1018 5876; baseline -0.003 -15"><span class='ocrx_word' id='word_1_815' title='bbox 377 5820 452 5870; x_wconf 77' lang='lat' dir='ltr'><strong>tv,</strong></span> <span class='ocrx_word' id='word_1_816' title='bbox 483 5823 603 5876; x_wconf 89' lang='lat' dir='ltr'><strong>cap.</strong></span> <span class='ocrx_word' id='word_1_817' title='bbox 631 5805 686 5869; x_wconf 82' lang='lat'><strong>9,</strong></span> <span class='ocrx_word' id='word_1_818' title='bbox 718 5822 838 5876; x_wconf 78' lang='lat' dir='ltr'><strong>pag.</strong></span> <span class='ocrx_word' id='word_1_819' title='bbox 866 5805 1018 5874; x_wconf 70' lang='grc'><strong>562).</strong></span> 
     </span>
    </p>
   </div>
   <div class='ocr_carea' id='block_1_103' title="bbox 449 5897 1975 5976">
    <p class='ocr_par' dir='ltr' id='par_1_103' title="bbox 449 5897 1975 5976">
     <span class='ocr_line' id='line_1_103' title="bbox 449 5897 1975 5976; baseline 0.007 -22"><span class='ocrx_word' id='word_1_820' title='bbox 449 5897 556 5954; x_wconf 86' lang='lat' dir='ltr'><strong>Sed</strong></span> <span class='ocrx_word' id='word_1_821' title='bbox 585 5897 710 5969; x_wconf 87' lang='lat' dir='ltr'><strong>quid</strong></span> <span class='ocrx_word' id='word_1_822' title='bbox 733 5912 867 5968; x_wconf 87' lang='lat' dir='ltr'><strong>opus</strong></span> <span class='ocrx_word' id='word_1_823' title='bbox 895 5907 972 5955; x_wconf 85' lang='lat' dir='ltr'><strong>est</strong></span> <span class='ocrx_word' id='word_1_824' title='bbox 997 5898 1235 5970; x_wconf 88' lang='lat' dir='ltr'><strong>pluribus</strong></span> <span class='ocrx_word' id='word_1_825' title='bbox 1265 5899 1393 5956; x_wconf 92' lang='lat' dir='ltr'><strong>illud</strong></span> <span class='ocrx_word' id='word_1_826' title='bbox 1421 5901 1654 5972; x_wconf 88' lang='lat' dir='ltr'><strong>probari,</strong></span> <span class='ocrx_word' id='word_1_827' title='bbox 1683 5906 1826 5976; x_wconf 91' lang='lat' dir='ltr'><strong>quod</strong></span> <span class='ocrx_word' id='word_1_828' title='bbox 1852 5921 1975 5964; x_wconf 87' lang='lat' dir='ltr'><strong>cer-</strong></span> 
     </span>
    </p>
   </div>
   <div class='ocr_carea' id='block_1_104' title="bbox 2078 4784 3634 4856">
    <p class='ocr_par' dir='ltr' id='par_1_104' title="bbox 2078 4784 3634 4856">
     <span class='ocr_line' id='line_1_104' title="bbox 2078 4784 3634 4856; baseline 0.001 -19"><span class='ocrx_word' id='word_1_829' title='bbox 2078 4800 2264 4839; x_wconf 87' lang='lat' dir='ltr'><strong>uorum</strong></span> <span class='ocrx_word' id='word_1_830' title='bbox 2297 4784 2577 4854; x_wconf 87' lang='lat' dir='ltr'><strong>precibus,</strong></span> <span class='ocrx_word' id='word_1_831' title='bbox 2613 4784 3083 4856; x_wconf 83' lang='lat' dir='ltr'><strong>deprecatiOnibus</strong></span> <span class='ocrx_word' id='word_1_832' title='bbox 3134 4799 3188 4845; x_wconf 91' lang='lat' dir='ltr'><strong>et</strong></span> <span class='ocrx_word' id='word_1_833' title='bbox 3218 4790 3532 4847; x_wconf 89' lang='lat' dir='ltr'><strong>orationibus</strong></span> <span class='ocrx_word' id='word_1_834' title='bbox 3565 4784 3634 4839; x_wconf 85' lang='lat' dir='ltr'><strong>di-</strong></span> 
     </span>
    </p>
   </div>
   <div class='ocr_carea' id='block_1_105' title="bbox 2077 4878 3639 4957">
    <p class='ocr_par' dir='ltr' id='par_1_105' title="bbox 2077 4878 3639 4957">
     <span class='ocr_line' id='line_1_105' title="bbox 2077 4878 3639 4957; baseline 0.001 -23"><span class='ocrx_word' id='word_1_835' title='bbox 2077 4878 2292 4950; x_wconf 78' lang='lat' dir='ltr'><strong>Stingui.</strong></span> <span class='ocrx_word' id='word_1_836' title='bbox 2319 4878 2375 4933; x_wconf 86' lang='lat' dir='ltr'><strong>lo</strong></span> <span class='ocrx_word' id='word_1_837' title='bbox 2402 4879 2611 4933; x_wconf 89' lang='lat' dir='ltr'><strong>illorum</strong></span> <span class='ocrx_word' id='word_1_838' title='bbox 2634 4895 2762 4950; x_wconf 79' lang='lat' dir='ltr'><strong>ergo</strong></span> <span class='ocrx_word' id='word_1_839' title='bbox 2788 4882 3039 4939; x_wconf 57' lang='lat' dir='ltr'><strong>I&#39;Icclesiis</strong></span> <span class='ocrx_word' id='word_1_840' title='bbox 3061 4900 3184 4941; x_wconf 87' lang='lat' dir='ltr'><strong>vera</strong></span> <span class='ocrx_word' id='word_1_841' title='bbox 3209 4902 3271 4942; x_wconf 86' lang='lat' dir='ltr'><strong>ac</strong></span> <span class='ocrx_word' id='word_1_842' title='bbox 3299 4887 3503 4957; x_wconf 66' lang='lat' dir='ltr'><strong>projirie</strong></span> <span class='ocrx_word' id='word_1_843' title='bbox 3521 4883 3639 4938; x_wconf 80' lang='lat' dir='ltr'><strong>dicta</strong></span> 
     </span>
    </p>
   </div>
   <div class='ocr_carea' id='block_1_106' title="bbox 2080 4973 3643 5049">
    <p class='ocr_par' dir='ltr' id='par_1_106' title="bbox 2080 4973 3643 5049">
     <span class='ocr_line' id='line_1_106' title="bbox 2080 4973 3643 5049; baseline 0.003 -22"><span class='ocrx_word' id='word_1_844' title='bbox 2080 4983 2233 5028; x_wconf 85' lang='lat' dir='ltr'><strong>erant</strong></span> <span class='ocrx_word' id='word_1_845' title='bbox 2256 4973 2477 5042; x_wconf 87' lang='lat' dir='ltr'><strong>altaria,</strong></span> <span class='ocrx_word' id='word_1_846' title='bbox 2508 4989 2571 5031; x_wconf 90' lang='lat' dir='ltr'><strong>ac</strong></span> <span class='ocrx_word' id='word_1_847' title='bbox 2592 4975 2910 5032; x_wconf 82' lang='lat' dir='ltr'><strong>sacriﬁcium</strong></span> <span class='ocrx_word' id='word_1_848' title='bbox 2933 4993 3032 5049; x_wconf 88' lang='lat' dir='ltr'><strong>pro</strong></span> <span class='ocrx_word' id='word_1_849' title='bbox 3059 4980 3286 5036; x_wconf 87' lang='lat' dir='ltr'><strong>mortuis</strong></span> <span class='ocrx_word' id='word_1_850' title='bbox 3308 4980 3418 5037; x_wconf 88' lang='lat' dir='ltr'><strong>lieri</strong></span> <span class='ocrx_word' id='word_1_851' title='bbox 3442 4993 3545 5038; x_wconf 85' lang='lat' dir='ltr'><strong>tum</strong></span> <span class='ocrx_word' id='word_1_852' title='bbox 3568 4990 3643 5032; x_wconf 84' lang='lat' dir='ltr'><strong>so-</strong></span> 
     </span>
    </p>
   </div>
   <div class='ocr_carea' id='block_1_107' title="bbox 2078 5067 2242 5122">
    <p class='ocr_par' dir='ltr' id='par_1_107' title="bbox 2078 5067 2242 5122">
     <span class='ocr_line' id='line_1_107' title="bbox 2078 5067 2242 5122; baseline 0.012 -2"><span class='ocrx_word' id='word_1_853' title='bbox 2078 5067 2242 5122; x_wconf 85' lang='lat' dir='ltr'><strong>lebat.</strong></span> 
     </span>
    </p>
   </div>
   <div class='ocr_carea' id='block_1_108' title="bbox 2154 5160 3645 5239">
    <p class='ocr_par' dir='ltr' id='par_1_108' title="bbox 2154 5160 3645 5239">
     <span class='ocr_line' id='line_1_108' title="bbox 2154 5160 3645 5239; baseline 0.003 -24"><span class='ocrx_word' id='word_1_854' title='bbox 2154 5160 2268 5215; x_wconf 82' lang='lat' dir='ltr'><strong>Alia</strong></span> <span class='ocrx_word' id='word_1_855' title='bbox 2312 5169 2488 5216; x_wconf 89' lang='lat' dir='ltr'><strong>autem</strong></span> <span class='ocrx_word' id='word_1_856' title='bbox 2534 5162 2599 5216; x_wconf 89' lang='lat' dir='ltr'><strong>ad</strong></span> <span class='ocrx_word' id='word_1_857' title='bbox 2630 5161 2938 5220; x_wconf 89' lang='lat' dir='ltr'><strong>Cornelium</strong></span> <span class='ocrx_word' id='word_1_858' title='bbox 2971 5180 3158 5234; x_wconf 85' lang='lat' dir='ltr'><strong>papam</strong></span> <span class='ocrx_word' id='word_1_859' title='bbox 3207 5167 3439 5239; x_wconf 76' lang='lat' dir='ltr'><strong>Epistula</strong></span> <span class='ocrx_word' id='word_1_860' title='bbox 3484 5164 3645 5224; x_wconf 84' lang='lat' dir='ltr'><strong>scribit</strong></span> 
     </span>
    </p>
   </div>
   <div class='ocr_carea' id='block_1_109' title="bbox 2062 5253 3642 5329">
    <p class='ocr_par' dir='ltr' id='par_1_109' title="bbox 2062 5253 3642 5329">
     <span class='ocr_line' id='line_1_109' title="bbox 2062 5253 3642 5329; baseline 0.003 -21"><span class='ocrx_word' id='word_1_861' title='bbox 2062 5253 2340 5321; x_wconf 82' lang='lat' dir='ltr'><strong>rejectum</strong></span> <span class='ocrx_word' id='word_1_862' title='bbox 2369 5253 2816 5322; x_wconf 76' lang='lat' dir='ltr'><strong>Nova&#39;ianortun,</strong></span> <span class='ocrx_word' id='word_1_863' title='bbox 2860 5260 2951 5329; x_wconf 89' lang='lat' dir='ltr'><strong>qtti</strong></span> <span class='ocrx_word' id='word_1_864' title='bbox 2989 5274 3110 5315; x_wconf 91' lang='lat' dir='ltr'><strong>eum</strong></span> <span class='ocrx_word' id='word_1_865' title='bbox 3151 5260 3285 5319; x_wconf 77' lang='lat' dir='ltr'><strong>falso</strong></span> <span class='ocrx_word' id='word_1_866' title='bbox 3320 5262 3642 5325; x_wconf 83' lang='lat' dir='ltr'><strong>accusabant,</strong></span> 
     </span>
    </p>
   </div>
   <div class='ocr_carea' id='block_1_110' title="bbox 2080 5346 3644 5426">
    <p class='ocr_par' dir='ltr' id='par_1_110' title="bbox 2080 5346 3644 5426">
     <span class='ocr_line' id='line_1_110' title="bbox 2080 5346 3644 5426; baseline 0.006 -26"><span class='ocrx_word' id='word_1_867' title='bbox 2080 5346 2275 5401; x_wconf 88' lang='lat' dir='ltr'><strong>librum</strong></span> <span class='ocrx_word' id='word_1_868' title='bbox 2307 5364 2326 5397; x_wconf 74' lang='grc' dir='ltr'><strong>ι</strong></span> <span class='ocrx_word' id='word_1_869' title='bbox 2354 5347 2756 5404; x_wconf 76' lang='lat' dir='ltr'><strong>censidentibus</strong></span> <span class='ocrx_word' id='word_1_870' title='bbox 2786 5350 2879 5407; x_wconf 91' lang='lat' dir='ltr'><strong>Dei</strong></span> <span class='ocrx_word' id='word_1_871' title='bbox 2904 5353 3294 5422; x_wconf 78' lang='lat' dir='ltr'><strong>sacerdotibus,</strong></span> <span class='ocrx_word' id='word_1_872' title='bbox 3315 5367 3367 5412; x_wconf 85' lang='lat' dir='ltr'><strong>et</strong></span> <span class='ocrx_word' id='word_1_873' title='bbox 3391 5356 3538 5410; x_wconf 89' lang='lat' dir='ltr'><strong>altari</strong></span> <span class='ocrx_word' id='word_1_874' title='bbox 3559 5368 3644 5426; x_wconf 86' lang='lat' dir='ltr'><strong>po-</strong></span> 
     </span>
    </p>
   </div>
   <div class='ocr_carea' id='block_1_111' title="bbox 2081 5439 3645 5522">
    <p class='ocr_par' dir='ltr' id='par_1_111' title="bbox 2081 5439 3645 5522">
     <span class='ocr_line' id='line_1_111' title="bbox 2081 5439 3645 5522; baseline 0.004 -27"><span class='ocrx_word' id='word_1_875' title='bbox 2081 5441 2186 5495; x_wconf 90' lang='lat' dir='ltr'><strong>sito</strong></span> <span class='ocrx_word' id='word_1_876' title='bbox 2221 5460 2239 5492; x_wconf 78' lang='grc' dir='ltr'><strong>ι</strong></span> <span class='ocrx_word' id='word_1_877' title='bbox 2274 5439 2463 5508; x_wconf 84' lang='lat' dir='ltr'><strong>(Idem,</strong></span> <span class='ocrx_word' id='word_1_878' title='bbox 2489 5442 2661 5513; x_wconf 87' lang='lat' dir='ltr'><strong>Epist.</strong></span> <span class='ocrx_word' id='word_1_879' title='bbox 2687 5446 2779 5509; x_wconf 78' lang='grc'><strong>45,</strong></span> <span class='ocrx_word' id='word_1_880' title='bbox 2813 5460 2935 5516; x_wconf 80' lang='lat' dir='ltr'><strong>pag.</strong></span> <span class='ocrx_word' id='word_1_881' title='bbox 2964 5446 3077 5522; x_wconf 89' lang='lat'><strong>87).</strong></span> <span class='ocrx_word' id='word_1_882' title='bbox 3110 5449 3284 5520; x_wconf 58' lang='lat' dir='ltr'><strong>Atque</strong></span> <span class='ocrx_word' id='word_1_883' title='bbox 3312 5461 3367 5505; x_wconf 91' lang='grc' dir='ltr'><strong>ιιι</strong></span> <span class='ocrx_word' id='word_1_884' title='bbox 3405 5451 3504 5504; x_wconf 81' lang='lat' dir='ltr'><strong>alia</strong></span> <span class='ocrx_word' id='word_1_885' title='bbox 3533 5450 3645 5503; x_wconf 86' lang='lat' dir='ltr'><strong>bene</strong></span> 
     </span>
    </p>
   </div>
   <div class='ocr_carea' id='block_1_112' title="bbox 2081 5534 3645 5613">
    <p class='ocr_par' dir='ltr' id='par_1_112' title="bbox 2081 5534 3645 5613">
     <span class='ocr_line' id='line_1_112' title="bbox 2081 5534 3645 5613; baseline 0.006 -24"><span class='ocrx_word' id='word_1_886' title='bbox 2081 5536 2266 5601; x_wconf 84' lang='lat' dir='ltr'><strong>multa,</strong></span> <span class='ocrx_word' id='word_1_887' title='bbox 2294 5534 2345 5588; x_wconf 92' lang='lat' dir='ltr'><strong>in</strong></span> <span class='ocrx_word' id='word_1_888' title='bbox 2375 5537 2491 5604; x_wconf 86' lang='lat' dir='ltr'><strong>ejus</strong></span> <span class='ocrx_word' id='word_1_889' title='bbox 2518 5538 2729 5609; x_wconf 89' lang='lat' dir='ltr'><strong>scriptis</strong></span> <span class='ocrx_word' id='word_1_890' title='bbox 2757 5540 2949 5609; x_wconf 90' lang='lat' dir='ltr'><strong>cuique</strong></span> <span class='ocrx_word' id='word_1_891' title='bbox 2976 5543 3130 5598; x_wconf 86' lang='lat' dir='ltr'><strong>obvia</strong></span> <span class='ocrx_word' id='word_1_892' title='bbox 3171 5546 3645 5613; x_wconf 61' lang='lat' dir='ltr'><strong>praetermittamus,</strong></span> 
     </span>
    </p>
   </div>
   <div class='ocr_carea' id='block_1_113' title="bbox 2078 5628 3640 5708">
    <p class='ocr_par' dir='ltr' id='par_1_113' title="bbox 2078 5628 3640 5708">
     <span class='ocr_line' id='line_1_113' title="bbox 2078 5628 3640 5708; baseline 0.012 -27"><span class='ocrx_word' id='word_1_893' title='bbox 2078 5628 2243 5683; x_wconf 88' lang='lat' dir='ltr'><strong>Lucio</strong></span> <span class='ocrx_word' id='word_1_894' title='bbox 2274 5643 2423 5699; x_wconf 69' lang='lat' dir='ltr'><strong>papm</strong></span> <span class='ocrx_word' id='word_1_895' title='bbox 2446 5671 2461 5696; x_wconf 92' lang='lat'><strong>,</strong></span> <span class='ocrx_word' id='word_1_896' title='bbox 2511 5631 2579 5687; x_wconf 90' lang='lat' dir='ltr'><strong>de</strong></span> <span class='ocrx_word' id='word_1_897' title='bbox 2609 5632 2748 5688; x_wconf 84' lang='lat' dir='ltr'><strong>illius</strong></span> <span class='ocrx_word' id='word_1_898' title='bbox 2787 5633 2856 5689; x_wconf 87' lang='lat' dir='ltr'><strong>ab</strong></span> <span class='ocrx_word' id='word_1_899' title='bbox 2891 5636 3081 5692; x_wconf 74' lang='lat' dir='ltr'><strong>exsilio</strong></span> <span class='ocrx_word' id='word_1_900' title='bbox 3109 5638 3315 5706; x_wconf 87' lang='lat' dir='ltr'><strong>reditu,</strong></span> <span class='ocrx_word' id='word_1_901' title='bbox 3344 5636 3640 5708; x_wconf 75' lang='lat' dir='ltr'><strong>gratulatur;</strong></span> 
     </span>
    </p>
   </div>
   <div class='ocr_carea' id='block_1_114' title="bbox 2079 5724 3641 5799">
    <p class='ocr_par' dir='ltr' id='par_1_114' title="bbox 2079 5724 3641 5799">
     <span class='ocr_line' id='line_1_114' title="bbox 2079 5724 3641 5799; baseline 0.003 -21"><span class='ocrx_word' id='word_1_902' title='bbox 2079 5724 2508 5794; x_wconf 85' lang='lat' dir='ltr'><strong>quandoquidem</strong></span> <span class='ocrx_word' id='word_1_903' title='bbox 2542 5745 2561 5779; x_wconf 81' lang='grc' dir='ltr'><strong>ι</strong></span> <span class='ocrx_word' id='word_1_904' title='bbox 2589 5728 2758 5799; x_wconf 80' lang='lat' dir='ltr'><strong>magis</strong></span> <span class='ocrx_word' id='word_1_905' title='bbox 2795 5729 2965 5786; x_wconf 88' lang='lat' dir='ltr'><strong>crevit</strong></span> <span class='ocrx_word' id='word_1_906' title='bbox 2989 5731 3334 5789; x_wconf 88' lang='lat' dir='ltr'><strong>sacerdotalis</strong></span> <span class='ocrx_word' id='word_1_907' title='bbox 3357 5731 3641 5793; x_wconf 86' lang='lat' dir='ltr'><strong>auctoritas,</strong></span> 
     </span>
    </p>
   </div>
   <div class='ocr_carea' id='block_1_115' title="bbox 2080 5817 3645 5881">
    <p class='ocr_par' dir='ltr' id='par_1_115' title="bbox 2080 5817 3645 5881">
     <span class='ocr_line' id='line_1_115' title="bbox 2080 5817 3645 5881; baseline 0.004 -10"><span class='ocrx_word' id='word_1_908' title='bbox 2080 5825 2138 5872; x_wconf 90' lang='lat' dir='ltr'><strong>ut</strong></span> <span class='ocrx_word' id='word_1_909' title='bbox 2166 5817 2319 5872; x_wconf 89' lang='lat' dir='ltr'><strong>altari</strong></span> <span class='ocrx_word' id='word_1_910' title='bbox 2353 5818 2444 5874; x_wconf 90' lang='lat' dir='ltr'><strong>Dei</strong></span> <span class='ocrx_word' id='word_1_911' title='bbox 2473 5820 2696 5877; x_wconf 88' lang='lat' dir='ltr'><strong>assistat</strong></span> <span class='ocrx_word' id='word_1_912' title='bbox 2722 5822 2963 5879; x_wconf 86' lang='lat' dir='ltr'><strong>antistes.</strong></span> <span class='ocrx_word' id='word_1_913' title='bbox 2982 5843 3001 5877; x_wconf 76' lang='grc' dir='ltr'><strong>ι</strong></span> <span class='ocrx_word' id='word_1_914' title='bbox 3038 5824 3142 5881; x_wconf 84' lang='lat' dir='ltr'><strong>Sed</strong></span> <span class='ocrx_word' id='word_1_915' title='bbox 3174 5824 3302 5881; x_wconf 89' lang='lat' dir='ltr'><strong>illud</strong></span> <span class='ocrx_word' id='word_1_916' title='bbox 3327 5840 3356 5880; x_wconf 88' lang='lat' dir='ltr'><strong>a</strong></span> <span class='ocrx_word' id='word_1_917' title='bbox 3382 5824 3535 5879; x_wconf 90' lang='lat' dir='ltr'><strong>nobis</strong></span> <span class='ocrx_word' id='word_1_918' title='bbox 3558 5822 3645 5877; x_wconf 80' lang='lat' dir='ltr'><strong>hoc</strong></span> 
     </span>
    </p>
   </div>
   <div class='ocr_carea' id='block_1_116' title="bbox 2074 5907 3646 5987">
    <p class='ocr_par' dir='ltr' id='par_1_116' title="bbox 2074 5907 3646 5987">
     <span class='ocr_line' id='line_1_116' title="bbox 2074 5907 3646 5987; baseline 0.006 -25"><span class='ocrx_word' id='word_1_919' title='bbox 2074 5907 2183 5981; x_wconf 89' lang='lat' dir='ltr'><strong>jam</strong></span> <span class='ocrx_word' id='word_1_920' title='bbox 2214 5909 2495 5980; x_wconf 88' lang='lat' dir='ltr'><strong>probatum</strong></span> <span class='ocrx_word' id='word_1_921' title='bbox 2527 5921 2630 5980; x_wconf 86' lang='lat' dir='ltr'><strong>est,</strong></span> <span class='ocrx_word' id='word_1_922' title='bbox 2675 5913 2816 5987; x_wconf 86' lang='lat' dir='ltr'><strong>quod</strong></span> <span class='ocrx_word' id='word_1_923' title='bbox 2862 5915 3023 5973; x_wconf 87' lang='lat' dir='ltr'><strong>etiam</strong></span> <span class='ocrx_word' id='word_1_924' title='bbox 3069 5917 3443 5975; x_wconf 82' lang='lat' dir='ltr'><strong>celeberrimus</strong></span> <span class='ocrx_word' id='word_1_925' title='bbox 3472 5915 3646 5972; x_wconf 84' lang='lat' dir='ltr'><strong>borum</strong></span> 
     </span>
    </p>
   </div>
  </div>
