3818 6282
227 370 346 430 525

1676 374 2146 438 DISSERTATIO.

3443 384 3551 446 526

222 488 501 560 Cypriani
532 503 752 560 operttm
778 488 1003 546 editioni
1031 491 1314 561 pra‘fectus
1334 534 1348 559 ,
1380 493 1509 549 licet
1534 494 1845 565 Anglicanas
1873 495 1923 556 Α
1952 496 2145 551 nucius
2174 493 2429 566 loquendi
2459 490 2621 550 modo
2648 500 2891 552 utuntur.
2923 490 2978 552 In
3016 495 3256 554 Philonis
3283 499 3551 571 siquidem

220 582 487 637 ecclesim
540 593 794 643 sectator.
847 585 991 639 ultro
1034 585 1320 656 palamque
1367 586 1674 643 conﬁtetur.
1712 588 1843 642 Tam

218 675 395 745 igitur
427 690 640 732 certum
661 687 743 733 est
774 677 824 731 in
841 674 1274 733 Christianorum
1312 681 1557 735 ecclesiis
1582 681 1846 736 sivetem-

221 769 335 839 plis
365 771 546 840 posita
584 769 753 825 fuisse
787 770 995 837 altaria,
1027 787 1187 842 quam
1234 772 1526 828 adiﬁcatas
1550 774 1620 828 ab
1646 777 1725 829 eis
1753 774 1846 829 Ec-

229 861 455 925 clesias,
484 863 538 917 in
582 862 777 933 quibus
806 877 954 928 suos,
989 865 1062 918 uti
1112 864 1309 919 fatetur
1357 865 1610 931 Datianus,
1661 879 1846 921 sacros

237 966 543 1012 conventus
564 956 853 1012 habebant.
891 956 1027 1011 Nam
1057 959 1195 1013 sicut
1235 959 1321 1013 ille
1347 959 1457 1025 ait,
1506 978 1525 1011 ι
1547 973 1653 1014 non
1686 957 1847 1012 modo

242 1063 318 1103 ex
349 1047 558 1103 Eusebii
582 1046 834 1112 Historia,
858 1046 953 1102 sed
975 1063 1042 1103 ex
1068 1049 1188 1104 aliis
1216 1049 1419 1120 aliquot
1438 1049 1642 1105 veteris
1658 1049 1847 1105 Eccle-

241 1143 344 1197 sia:
374 1143 733 1197 nionuutentis
775 1143 907 1197 satis
952 1153 1202 1211 constat,
1228 1144 1338 1214 jam
1371 1153 1482 1200 tum
1518 1144 1847 1200 Christianis

240 1240 419 1294 fuisse
450 1252 634 1293 sacras
677 1237 835 1308 hujus
872 1239 1104 1310 generis-
1129 1233 1305 1305 ardes,
1336 1242 1526 1310 quibus
1552 1240 1595 1294 si
1638 1240 1847 1310 uspiam

230 1341 562 1396 caruerunt,
590 1332 643 1387 id
668 1330 867 1388 factum
900 1348 1225 1404 paganorum
1243 1335 1293 1389 vi
1321 1349 1384 1390 ac
1407 1334 1620 1404 injuria,
1654 1341 1848 1403 praeter

220 1425 313 1481 {as
338 1442 468 1480 eam
510 1423 615 1496 piis
643 1426 948 1482 hominibus
973 1429 1182 1496 copiam
1200 1443 1263 1484 ac
1283 1430 1582 1484 libertatem
1605 1428 1848 1483 inviden-

222 1520 397 1575 tium.
425 1533 539 1572 non
573 1528 751 1574 autem
781 1519 886 1573 ulla
913 1519 1339 1577 Christianorum
1366 1523 1603 1592 ipsorum
1632 1522 1850 1593 religio—

222 1625 302 1666 ne
328 1629 347 1661 ›
370 1610 593 1674 (Dallte,
612 1610 704 1666 lib.
729 1626 766 1673 ι,
790 1611 854 1665 ἀρ
876 1609 1046 1677 lmaq.
1070 1627 1191 1683 cap.
1218 1614 1272 1679 5,
1308 1628 1425 1683 pag.
1450 1612 1543 1678 52,
1565 1623 1620 1669 et
1648 1611 1850 1684 seqq.).

304 1701 421 1758 Sed
478 1701 590 1766 die,
619 1717 823 1773 quaeso.
852 1705 924 1759 mi
953 1704 1184 1768 Dallare;
1217 1704 1402 1761 fateris
1426 1705 1569 1776 quod
1597 1706 1851 1761 dissimu-

244 1796 359 1851 lare
382 1795 625 1864 amplius
667 1810 771 1850 non
802 1796 1038 1865 potuisti,
1067 1812 1191 1852 suas
1217 1795 1538 1853 Christianis
1569 1798 1729 1852 fuisse
1764 1813 1852 1852 sa-

1948 588 2120 644 Judmi
2149 606 2168 642 t
2204 588 2271 643 de
2303 588 2557 654 victimis,
2594 608 2613 640 ι
2643 588 2781 644 libro
2827 589 2944 644 hare
3000 590 3228 661 legimus
3256 611 3269 645 :
3299 601 3401 649 Τυῦ
3429 602 3553 652 Θεοῦ

1949 692 2280 755 Gustata-ripas
2303 691 2428 740 ἰστιν
2454 692 2483 744 ἡ
2510 688 2788 754 δυχάριστος
2831 691 2915 740 τοῦ
2953 694 3098 757 σοφοῦ
3141 696 3289 755 duxit,
3343 694 3554 754 πανεῖσω

1950 782 2000 829 ἐκ
2022 784 2212 832 reﬂui»
2241 780 2454 847 ἀριθμῶν
2482 781 2699 844 ἀτμετων
2723 783 2809 831 καὶ
2842 780 3149 847 ἀδιαιρὲτων.
3203 794 3222 829 t
3263 778 3353 834 Dei
3381 781 3555 836 altare

1953 867 2269 938 intelligitur
2295 879 2446 938 grata
2486 868 2748 938 sapientis
2785 869 2994 933 anima,
3038 877 3313 938 compacta
3352 886 3425 926 ex
3448 888 3551 927 nu-

1956 962 2123 1017 meris
2151 961 2340 1015 solidis
2364 971 2419 1017 et
2461 959 2770 1015 individuis.
2820 979 2838 1013 t
2884 963 2954 1014 At
2981 960 3140 1031 longe
3165 961 3315 1031 plura
3344 977 3464 1017 eam
3493 963 3554 1018 in

1952 1071 2065 1110 rem
2097 1054 2259 1126 paulo
2287 1066 2414 1110 ante
2454 1054 2746 1124 scripserat
2785 1054 3060 1128 (Philon.,
3093 1055 3183 1111 lib.
3216 1056 3279 1111 de
3318 1055 3550 1128 Victim.,

1954 1161 2069 1218 pag.
2107 1145 2205 1202 851
2234 1147 2275 1218 ).

2024 1239 2251 1296 Geutilis
2275 1255 2404 1296 vero
2435 1240 2641 1297 Seneca
2668 1283 2682 1307 ,
2714 1256 2743 1296 a
2770 1242 3052 1299 Lactantio
3091 1244 3286 1302 citatus
3318 1264 3332 1299 :
3381 1265 3400 1300 ι
3434 1247 3559 1305 Νοιι

1952 1343 2036 1391 est
2063 1333 2383 1390 beneﬁcium
2426 1336 2598 1405 ipsum
2626 1377 2641 1401 ,
2684 1337 2857 1407 inquit
2881 1378 2896 1402 ,
2926 1338 3069 1406 quod
3099 1351 3431 1408 numeratur,
3461 1350 3558 1397 aut

1956 1428 2204 1485 traditur.
2240 1429 2390 1485 Sicut
2421 1444 2520 1485 nec
2549 1430 2603 1484 in
2645 1428 2877 1486 victimis
2906 1431 3158 1501 quidem,
3194 1432 3316 1488 licet
3354 1434 3554 1503 opimae

1955 1522 2094 1589 sint,
2126 1537 2364 1594 auroque
2392 1521 2776 1593 praefulgeant,
2818 1523 3042 1579 deorum
3075 1534 3158 1579 est
3198 1526 3369 1581 honos
3395 1569 3410 1595 ,
3454 1525 3556 1583 sed

1955 1618 2041 1687 pia
2069 1632 2132 1672 ac
2156 1626 2297 1671 recta
2326 1627 2505 1673 mente
2533 1618 2904 1672 venerantium
2942 1637 2960 1670 ι
2999 1619 3255 1687 (Senem,
3289 1620 3381 1675 lib.
3414 1637 3451 1684 ι,
3488 1620 3555 1677 de

1953 1707 2163 1777 Beuef.,
2203 1724 2322 1779 cap.
2354 1709 2419 1775 6;
2449 1709 2719 1776 Lactant.,
2754 1710 2846 1765 lib.
2888 1726 2961 1775 vt,
2996 1709 3255 1775 lnstitut.,
3292 1728 3409 1783 cap.
3444 1712 3554 1782 25,

1956 1820 2077 1876 pag.
2115 1804 2221 1859 638
2244 1810 2282 1871 ).
2314 1804 2453 1872 Quin
2480 1805 2641 1859 etiam
2680 1805 2827 1875 prius
2856 1802 3049 1859 Cicero
3080 1822 3092 1859 :
3128 1823 3148 1857 ι
3183 1805 3372 1861 Cultus
3394 1847 3409 1873 ,
3439 1807 3556 1864 aie-

254 1904 375 1944 cras
396 1888 565 1953 ardes,
595 1902 758 1960 negas
784 1889 993 1955 altaria,
1026 1904 1192 1961 negas
1217 1890 1522 1959 simulacra,
1555 1892 1640 1946 ubi
1673 1891 1851 1948 lides?
1881 1896 1929 1957 B
1958 1897 2068 1961 bat,
2100 1896 2325 1951 deorum
2369 1904 2452 1951 est
2478 1897 2735 1965 optimus,
2765 1896 3014 1965 idemque
3041 1897 3375 1952 castissimus
3397 1940 3412 1963 ,
3446 1899 3563 1969 ple-

246 1982 436 2038 Nonne
463 1982 657 2038 eodem
687 1982 846 2053 plane
875 1983 1036 2039 modo
1057 1983 1191 2039 dixit
1219 1985 1477 2041 Minucius
1509 2001 1522 2038 :
1560 2005 1578 2038 ι
1598 1983 1707 2040 Cur
1732 1986 1851 2040 nul-

241 2074 323 2130 las
349 2092 479 2129 aras
509 2076 713 2131 habent
730 2117 743 2141 ,
775 2077 968 2145 templa
997 2077 1164 2143 nulla,
1186 2078 1329 2132 nulla
1346 2086 1470 2132 nota
1492 2077 1773 2133 simulacra
1792 2078 1845 2131 ’ἐι

238 2166 354 2224 Cur
373 2185 512 2239 ergo
558 2185 722 2225 unum
755 2170 1043 2235 concedis,
1076 2186 1241 2243 negas
1269 2172 1545 2226 alterum?
1579 2170 1853 2241 Numquid

245 2278 267 2311 α
296 2259 404 2315 fuit
438 2277 689 2333 umquam
722 2278 771 2323 ι,
802 2270 861 2317 ιιι
891 2264 995 2319 luis
1039 2263 1169 2331 ipsis
1202 2264 1381 2318 verbis
1410 2272 1622 2318 utamur
1646 2305 1660 2331 ,
1699 2281 1718 2314 ι
1748 2264 1855 2319 ulla

237 2354 327 2408 vis
348 2352 529 2423 major
556 2363 649 2408 aut
676 2353 929 2424 iniquior,
956 2371 1115 2425 quam
1158 2366 1214 2409 ut
1244 2355 1334 2409 tibi
1360 2354 1448 2425 jus
1474 2362 1634 2425 atque
1673 2364 1857 2410 aucto-

242 2446 466 2501 ritatem
492 2462 698 2513 sumas,
728 2448 874 2516 ipsas
898 2448 1195 2515 hominum,
1219 2457 1275 2502 et
1299 2449 1514 2520 quidem
1540 2458 1666 2504 ante
1693 2448 1859 2502 multa

245 2539 448 2594 sarcula
479 2550 817 2595 mortuorum
862 2541 1216 2611 cogitationes
1256 2556 1356 2611 pro
1397 2542 1621 2595 arbitrio
1666 2542 1861 2596 immu-

250 2630 403 2685 tandi
442 2648 463 2681 ι
501 2630 694 2704 (Dallae
716 2674 733 2699 ,
776 2632 840 2686 de
876 2630 1151 2704 Imaginib.
1182 2632 1276 2688 lib.
1317 2648 1357 2700 ι,
1399 2649 1517 2703 pag.
1549 2631 1665 2703 52).
1690 2632 1862 2687 Minus

248 2724 397 2779 enim
428 2723 692 2779 Minucius
718 2740 914 2793 negare
945 2725 1157 2780 videtur
1183 2722 1504 2780 Christianis
1531 2724 1698 2780 fuisse
1725 2735 1861 2780 tem-

250 2815 340 2887 pla
370 2825 429 2871 et
456 2817 668 2883 altaria,
696 2833 855 2886 quam
896 2817 1203 2873 simulacra.
1238 2816 1356 2872 Non
1382 2818 1527 2873 enim
1556 2817 1865 2873 inconside-

248 2921 370 2967 rate
396 2911 606 2966 addidit
643 2913 914 2974 Cmcilius,
964 2931 983 2963 ι
1009 2922 1131 2966 nota
1181 2912 1467 2967 simulacra
1497 2932 1543 2979 ι,
1580 2911 1633 2967 id
1665 2920 1769 2980 est,
1810 2920 1869 2967 ut

250 3004 518 3073 diximus,
549 3021 670 3075 qnze
717 3006 948 3075 publica,
978 3006 1206 3075 aliisque
1232 3006 1445 3075 cognita
1485 3015 1689 3061 essent.
1722 3006 1868 3063 Satis

253 3110 438 3153 autem
468 3115 498 3151 a
531 3098 687 3153 nobis
714 3097 1138 3153 demonstratum
1170 3107 1290 3164 est,
1328 3113 1359 3152 a
1383 3097 1705 3153 Christianis
1734 3113 1867 3153 con-

254 3199 466 3247 structa
496 3191 659 3246 fuisse
690 3192 886 3260 templa
908 3201 962 3245 et
988 3190 1199 3257 altaria,
1232 3190 1288 3245 in
1315 3191 1510 3261 quibus
1540 3193 1863 3248 sacriﬁcium

1954 1989 2322 2059 nissimusque
2350 1987 2600 2057 pietatis;
2631 1996 2690 2042 ut
2717 2002 2812 2043 eos
2842 2001 3061 2057 semper
3091 2004 3220 2056 pura
3246 2029 3261 2056 ,
3303 1989 3509 2059 integra
3534 2032 3553 2059 ,

1955 2090 2010 2136 et
2036 2081 2368 2150 incorrupta,
2399 2088 2454 2133 et
2484 2088 2685 2142 mente,
2715 2088 2769 2134 et
2797 2093 2931 2134 voce
2962 2094 3282 2136 veneremur
3314 2101 3333 2133 ι
3380 2081 3587 2152 (Cic,

1958 2174 2049 2228 lib.
2087 2190 2156 2239 tt,
2188 2174 2252 2227 de
2292 2171 2422 2227 Nat.
2454 2171 2638 2240 Deor.,
2681 2187 2800 2243 pag.
2844 2171 2985 2233 2‘24.
3018 2173 3115 2228 lin.
3147 2172 3279 2243 42).
3321 2173 3375 2230 Si
3411 2175 3566 2245 plura

1958 2264 2125 2333 velis,
2165 2264 2251 2320 adi
2283 2265 2642 2335 Porphyrium
2675 2264 2921 2335 aliosque
2963 2265 3143 2334 plures
3172 2281 3200 2318 a
3232 2265 3562 2339 Le~c:tlope-

1961 2359 2078 2420 rio.
2123 2359 2177 2413 in
2215 2357 2357 2413 hunc
2387 2356 2669 2413 Ciceronis
2704 2358 2881 2413 locum
2920 2358 3135 2413 citatos.
3178 2360 3248 2413 At
3286 2361 3405 2428 quis
3440 2375 3563 2415 um-

1972 2466 2133 2521 quam
2174 2451 2371 2505 dixerit
2411 2449 2648 2515 .ludacos,
2677 2461 2765 2504 aut
2796 2451 3041 2519 gentiles,
3078 2451 3162 2505 his
3189 2452 3369 2506 verbis
3401 2468 3566 2523 nega-

1971 2541 2115 2596 visse
2146 2541 2283 2611 apud
2314 2555 2440 2594 suos
2473 2555 2601 2595 vera
2643 2539 2805 2594 fuisse
2837 2540 3025 2595 altaria
3048 2583 3062 2603 ,
3095 2556 3217 2595 aras
3238 2582 3253 2607 ,
3284 2545 3529 2598 victimas
3549 2586 3567 2613 ,

1968 2633 2255 2688 sacriﬁcia.
2279 2633 2299 2703 (
2323 2631 2613 2703 Porphyr.,
2644 2631 2739 2685 lib.
2784 2646 2857 2689 ιι.
2899 2638 2964 2687 de
2990 2632 3186 2686 Abstin.
3224 2633 3436 2687 animal.
3468 2636 3571 2690 sub

1967 2726 2096 2791 ﬁu.;
2124 2724 2432 2796 Lesealop.,
2478 2725 2531 2779 in
2566 2724 2659 2779 lib.
2684 2740 2758 2792 ιι,
2792 2726 2854 2778 de
2883 2722 3014 2779 Nat.
3044 2724 3225 2792 Deor.,
3258 2725 3285 2797 ᾗ
3315 2726 3412 2793 72,
3446 2743 3568 2800 pag.

1968 2818 2134 2891 547.)

2040 2910 2176 2980 Quid
2218 2925 2347 2966 vero
2388 2909 2557 2965 facies
2604 2908 2974 2976 Tertulliano,
3026 2925 3187 2980 quem
3231 2919 3336 2965 tam
3382 2927 3571 2981 presso

1968 3005 2196 3075 vestigio
2236 3003 2501 3059 Minucius
2543 3004 2929 3073 prosequitur?
2969 3003 3157 3058 Nonne
3202 3005 3316 3073 ipse
3354 3021 3573 3076 quoque

1970 3097 2187 3164 scripsit
2230 3115 2243 3150 :
2293 3115 2314 3149 ι
2365 3095 2476 3151 Nec
2515 3099 2695 3151 minus
2737 3096 2971 3167 templa,
3019 3113 3180 3167 quam
3224 3110 3573 3156 monumenta

1970 3190 2338 3260 despicimus,
2378 3201 2623 3245 neutram
2666 3206 2814 3244 aram
2857 3190 3125 3257 novimus,
3172 3201 3415 3245 neutram
3447 3190 3574 3246 effi-

250 3300 441 3339 verum
468 3284 646 3339 facere
671 3296 1082 3340 consueverant.
1112 3283 1226 3352 Qua
1252 3292 1431 3338 autem
1457 3284 1596 3339 idem
1635 3286 1865 3341 Dallmus
1891 3288 1936 3352 C
1969 3286 2109 3356 giem
2133 3285 2464 3342 adoramus?
2493 3304 2511 3337 ›
2543 3284 2817 3356 (Tertull.,
2839 3285 2932 3340 lib.
2958 3285 3021 3339 de
3042 3284 3303 3353 Spectac.,
3327 3301 3445 3355 cap.
3473 3286 3570 3355 13,

254 3381 470 3434 ratione
515 3377 635 3432 illos
687 3377 831 3432 nulla
869 3377 1158 3434 simulacra
1200 3386 1253 3432 et
1302 3377 1561 3447 imagines
1607 3377 1863 3436 habuisse

251 3468 569 3536 contendat,
597 3468 709 3538 jam
743 3452 1039 3525 videamus.

326 3560 644 3632 Respondet
673 3561 763 3616 ille
789 3580 810 3613 ι
835 3561 1128 3630 ﬁeriposse
1155 3581 1174 3613 ι
1193 3603 1206 3628 ,
1232 3572 1289 3617 ιιι
1316 3561 1582 3630 Caecilius,
1609 3562 1865 3633 quemad-

250 3656 495 3723 modum,
530 3655 670 3711 alius
731 3654 957 3726 quilibet
1005 3656 1253 3725 gentilis,
1311 3655 1594 3726 ambiguus
1647 3655 1866 3711 haeserit

254 3762 442 3807 utrum
469 3749 784 3815 Christiani,
819 3768 838 3801 ι
870 3748 1036 3818 turpis
1057 3760 1111 3804 et
1137 3748 1432 3803 inhonestae
1462 3749 1645 3803 forma:
1662 3764 1859 3804 numen

248 3847 307 3901 in
338 3859 544 3900 arcano
563 3843 825 3899 colerent.
859 3863 878 3896 ι
904 3843 1037 3897 Nam
1064 3842 1263 3898 ibidem
1285 3841 1535 3898 Caecilius
1556 3845 1672 3914 ipse
1695 3845 1858 3899 dixit:

253 3959 279 3995 ι
303 3939 662 3997 Ahscondere
700 3937 958 4011 quidquid
990 3939 1119 3994 illud
1150 3939 1370 4007 colunt,
1411 3955 1737 4012 magnopere
1782 3941 1864 3996 ui-

250 4043 462 4091 tuntur.
488 4051 512 4085 ι
548 4032 695 4088 Itane
740 4047 873 4088 vero
913 4033 1035 4101 quia
1078 4041 1229 4102 putas
1271 4032 1398 4088 illud
1436 4052 1455 4085 ι
1484 4032 1598 4087 ﬁcri
1625 4049 1783 4104 p05se
1813 4054 1859 4103 ι,

246 4128 340 4200 jus
363 4128 458 4183 tibi
505 4129 676 4183 sumis
705 4126 829 4182 inde
854 4126 1212 4183 concludendi
1258 4142 1357 4184 nec
1386 4127 1529 4184 hunc
1567 4129 1823 4199 gentilem
1844 4170 1858 4194 ,

254 4236 360 4275 nec
414 4220 709 4276 Minucium
762 4219 1116 4276 christianum
1166 4222 1447 4291 negavisse
1492 4221 1709 4291 quidem
1766 4236 1861 4277 sua

258 4312 600 4369 Christianos
628 4313 881 4369 habuisse
911 4315 1108 4384 templa
1129 4356 1143 4377 ,
1174 4325 1229 4370 et
1251 4330 1371 4369 aras
1392 4356 1407 4382 ,
1436 4314 1529 4369 sed
1552 4323 1754 4369 tantum
1781 4316 1856 4369 si-

272 4407 517 4473 mulacra,
545 4408 615 4463 de
640 4409 838 4479 quibus
877 4421 986 4463 uno
1013 4408 1312 4476 eodemque
1340 4406 1500 4479 modo
1531 4408 1863 4478 loquuntur?

283 4497 438 4556 Unde
464 4516 578 4556 vero
599 4502 855 4573 accepisti
889 4501 1128 4556 Ethnicis
1151 4500 1327 4555 minus
1356 4511 1482 4556 nota
1511 4502 1673 4556 luisse
1700 4500 1860 4555 Chri-

267 4593 556 4649 stianorum
585 4596 893 4660 simulacra,
924 4610 1082 4665 quam
1115 4609 1297 4649 sacras
1323 4593 1489 4663 sedes,
1521 4610 1652 4666 quas
1681 4593 1862 4650 occul-

261 4697 318 4744 te
347 4695 549 4742 tantum
578 4686 729 4742 adire
754 4686 1183 4741 consueverant?

331 4779 497 4851 Urget
545 4793 721 4835 tamen
767 4779 994 4833 Dallaeus
1037 4779 1187 4833 facile
1232 4786 1646 4848 promptumque
1692 4776 1860 4833 fuisse

254 4869 489 4927 (letavit)
517 4870 866 4939 re5p0udere,
889 4870 1132 4937 quaedam
1156 4868 1480 4925 Christianis
1504 4871 1667 4925 fuisse
1695 4870 1861 4924 simu-

253 4963 403 5020 lacra
433 4974 491 5018 et
517 4963 727 5025 altaria.
783 4963 877 5018 scd
910 4964 1066 5033 longe
1095 4962 1162 5017 ab
1188 4963 1531 5018 Ethnicorum
1561 4963 1862 5018 simulacris

253 5067 311 5112 et
340 5056 603 5111 altaribus
632 5057 868 5110 diversa.
897 5055 1128 5110 Tantum
1156 5064 1332 5111 autem
1373 5057 1542 5122 abest,
1578 5068 1635 5110 ut
1679 5057 1749 5110 ita
1775 5072 1861 5112 re-

254 5150 564 5219 sponderit,
594 5150 723 5218 quin
750 5149 917 5203 immo
937 5148 1081 5203 dicat
1108 5149 1313 5202 nullum
1345 5148 1726 5203 exstrueudum
1752 5149 1862 5204 Deo

256 5241 547 5311 templum,
577 5256 732 5311 quem
765 5256 871 5296 non
904 5250 1046 5295 totus
1067 5241 1321 5301 mundus.
1354 5242 1525 5294 multo
1551 5242 1728 5295 minus
1759 5255 1861 5294 una

252 5335 491 5391 mdicnla
513 5335 789 5391 includere
818 5345 996 5406 potest
1028 5351 1041 5387 :
1066 5334 1160 5389 sed
1189 5335 1382 5388 bonum
1398 5332 1656 5400 animum,
1676 5348 1862 5402 puram

255 5438 523 5495 mentem,
558 5427 826 5482 sinceram
851 5426 1236 5482 conscientiam
1267 5427 1496 5496 optimas
1520 5442 1640 5481 esse
1669 5434 1722 5481 ct
1748 5426 1867 5482 lita-

261 5518 404 5573 biles
434 5520 545 5574 Deo
567 5520 771 5574 hostias
800 5536 863 5574 ac
892 5521 1157 5585 victimas,
1189 5519 1420 5589 denique
1447 5519 1722 5574 hommcm
1744 5534 1868 5577 esse

259 5612 364 5668 Dei
390 5614 762 5669 simulacrum.
1324 5604 1343 5619 ’

342 5707 542 5765 Verum
577 5706 712 5762 nihil
745 5708 900 5778 plane
931 5709 1033 5765 hoc
1060 5724 1322 5780 responso
1356 5709 1526 5765 levius
1555 5724 1617 5764 ac
1648 5709 1865 5765 iutilius.

252 5800 402 5859 Nam
430 5799 606 5857 Judaei
634 5810 692 5856 ct
712 5801 973 5867 Gentiles,
1001 5802 1143 5873 apud
1174 5818 1310 5874 quos
1337 5813 1417 5860 tot
1440 5819 1562 5858 aras
1584 5844 1598 5866 ,
1628 5804 1874 5858 victimas

250 5904 317 5953 ct
350 5892 623 5951 sacriﬁcia
661 5893 797 5951 facta
835 5893 1000 5951 fuisse
1031 5909 1194 5951 nemo
1230 5896 1424 5965 nescit,
1456 5894 1648 5953 eodem
1680 5909 1744 5951 ac
1773 5893 1875 5951 Mi-

1968 3395 2092 3451 pag.
2127 3378 2249 3449 96.)
2291 3378 2481 3433 Nonne
2511 3378 2582 3432 ibi
2616 3389 2721 3432 tam
2750 3389 2959 3449 aperte,
2979 3392 3139 3448 quam
3168 3376 3430 3432 Miuuc’us
3462 3376 3577 3433 ulla

1968 3486 2188 3542 prorsus
2215 3469 2538 3526 Christianis
2580 3469 2778 3540 templa
2800 3510 2814 3534 ,
2845 3484 2966 3523 aras
2995 3476 3052 3523 et
3079 3468 3365 3524 simulacra
3406 3467 3577 3528 fuisse

1968 3564 2195 3620 abnuit?
2224 3563 2412 3619 Nonne
2447 3564 2608 3619 etiam
2650 3559 2775 3616 alibi
2812 3561 3029 3617 ethnico
3064 3560 3308 3633 Scapulae
3348 3577 3577 3632 respon-

1967 3657 2059 3715 det
2091 3678 2104 3715 :
2145 3677 2163 3711 ι
2204 3656 2587 3714 Sacriﬁcamus
2613 3670 2709 3726 pro
2737 3654 2911 3709 salute
2934 3652 3301 3724 Imperatoris,
3335 3654 3430 3709 sed
3456 3654 3577 3713 Deo

1969 3764 2155 3811 nostro
2186 3760 2241 3809 et
2274 3750 2467 3822 ipsius,
2499 3750 2595 3807 sed
2631 3746 2904 3819 quomodo
2945 3744 3201 3817 praecepit
3244 3747 3404 3812 Deus,
3436 3761 3575 3815 pura

1967 3849 2167 3920 prece?
2203 3867 2222 3900 ι
2272 3844 2458 3917 (Idem
2485 3886 2499 3911 ,
2531 3843 2624 3899 lib.
2655 3843 2725 3896 ad
2751 3841 2995 3911 Scapul.,
3023 3854 3143 3909 cap.
3173 3838 3208 3891 2
3232 3879 3246 3902 ,
3274 3854 3392 3909 pag.
3432 3839 3523 3895 86.
3550 3839 3577 3913 )

1966 3938 2237 4010 Numquid
2278 3937 2480 3992 idcirco
2520 3935 2738 4005 negavit
2781 3932 3117 3987 Christianos
3157 3929 3409 3982 omnibus
3447 3943 3572 3987 om-

1967 4033 2096 4087 nino
2141 4031 2382 4085 caruisse
2430 4028 2679 4097 templis,
2721 4024 2867 4090 aris,
2909 4031 2963 4077 et
3004 4018 3308 4074 altaribus?
3352 4019 3574 4078 Minime

1966 4122 2214 4192 quidem,
2248 4119 2408 4175 sicuti
2437 4118 2557 4174 aliis
2595 4116 2756 4186 paulo
2784 4123 2913 4169 ante
2949 4110 3127 4166 citatis
3164 4109 3445 4179 probatum
3483 4119 3569 4168 est

1966 4215 2109 4271 illius
2142 4213 2341 4277 verbis,
2377 4222 2431 4266 et
2460 4210 2529 4264 ab
2562 4223 2677 4277 ιρεο
2710 4207 2907 4261 Dalla-o
2936 4217 3274 4259 concessum.

2036 4306 2267 4361 Necesse
2296 4314 2378 4359 est
2420 4303 2599 4372 igitur,
2634 4309 2691 4354 ut
2733 4299 2978 4351 dicamus
3004 4311 3033 4348 a
3062 4294 3296 4349 Minucio
3334 4305 3562 4369 nostro,

1967 4398 2299 4455 Tertulliano
2354 4395 2583 4464 aliisque
2610 4391 2799 4447 eodem
2840 4391 3001 4443 modo
3032 4387 3401 4458 loquentibus,
3431 4391 3564 4448 illud

1966 4508 2074 4549 uno
2098 4489 2317 4546 concedi
2352 4503 2533 4554 sensu,
2566 4494 2623 4541 et
2650 4486 2756 4539 alio
2782 4481 2984 4553 negari.
3032 4483 3104 4536 At
3131 4496 3383 4550 quoumm
3424 4498 3562 4538 cou-

1967 4599 2043 4645 tra
2068 4588 2309 4644 ethnicos
2330 4583 2697 4654 disputabant,
2724 4580 2923 4636 idcirco
2948 4588 3274 4650 negaverunt
3293 4577 3560 4634 Christia-

1883 4687 1937 4748 D
1965 4696 2064 4739 nos
2089 4680 2367 4753 gentilium
2399 4690 2550 4732 more
2581 4675 2831 4730 habuisse
2861 4672 3078 4740 templa,
3114 4673 3166 4726 in
3198 4673 3391 4740 quibus
3419 4670 3559 4726 licti-

1962 4779 2066 4833 tios
2109 4775 2241 4829 deos
2292 4772 2579 4836 colebant,
2621 4780 2677 4826 et
2722 4784 2818 4825 eos
2860 4767 3103 4821 habitare
3141 4766 3557 4834 arbitrabantur,

1962 4870 2044 4925 vel
2086 4883 2207 4923 aras
2245 4877 2298 4922 et
2335 4865 2562 4929 altaria,
2610 4863 2675 4917 ad
2715 4860 3000 4916 caedendos
3029 4857 3436 4927 ollereudasque
3476 4860 3559 4915 eis

1962 4964 2242 5029 victimas,
2292 4958 2385 5014 sed
2429 4957 2679 5012 habuisse
2728 4966 2909 5008 sacras
2947 4951 3089 5006 aedes
3132 4959 3186 5003 et
3228 4949 3452 5018 altaria,
3503 4951 3559 5005 in

1964 5056 2154 5127 quibus
2198 5050 2488 5108 christiano
2535 5050 2637 5104 ritu
2686 5060 2871 5100 verum
2924 5044 3088 5096 Deum
3136 5041 3425 5108 colebant,
3471 5042 3556 5097 in-

1963 5157 2349 5215 cruentumque
2396 5141 2661 5195 faciebant
2689 5136 3036 5192 sacriﬁcium.
3067 5133 3210 5188 Nihil
3250 5149 3377 5202 ergo
3406 5133 3558 5191 dictu

1965 5240 2281 5301 absurdius,
2313 5251 2474 5308 quam
2503 5234 2679 5287 citatis
2710 5230 2922 5286 Minucii
2957 5229 3155 5294 verbis,
3186 5229 3258 5281 uti
3286 5228 3562 5297 garriebat

1970 5334 2229 5395 DalIa-us,
2260 5330 2467 5386 excludi
2506 5347 2525 5379 ι
2560 5327 2924 5380 Romanorum
2947 5364 2961 5388 ,
3006 5342 3024 5374 )
3059 5321 3131 5376 ita
3166 5322 3426 5376 invidiose
3452 5320 3563 5376 Ca-

1967 5429 2200 5486 tholicos
2226 5425 2511 5479 haereticus
2539 5423 2699 5475 homo
2724 5417 2980 5487 appellat,
3011 5434 3031 5467 ι
3063 5415 3339 5470 hominum
3376 5433 3395 5468 ›
3429 5416 3566 5470 alta-

1968 5526 2079 5587 ria,
2125 5519 2247 5589 quia
2293 5516 2394 5588 ipsi
2438 5514 2662 5586 ejusque
2701 5510 2973 5565 sodalibus
3013 5506 3336 5563 sacriﬁcium
3367 5508 3569 5562 eucha-

1971 5614 2214 5670 risticum
2270 5609 2587 5666 auctoritate
2646 5605 2861 5677 propria
2909 5602 3137 5673 rejiccre
3181 5601 3399 5673 placuit.
3449 5597 3573 5655 Jam

1974 5707 2118 5762 enim
2156 5703 2459 5758 certissimo
2500 5708 2743 5754 veterum
2785 5698 3003 5753 Patrum
3043 5695 3350 5751 testimonio
3385 5701 3576 5748 osten-

1976 5799 2153 5855 dimus
2180 5794 2396 5851 Minucii
2423 5804 2665 5864 tempore
2686 5792 2743 5849 in
2767 5792 3193 5850 ChriSIianorum
3220 5789 3431 5858 templis
3458 5801 3578 5843 sive

1976 5888 2237 5949 Ecclesiis
2266 5887 2443 5958 posita
2475 5886 2638 5944 fuisse
2669 5885 2857 5942 altaria
2880 5927 2895 5956 ,
2929 5885 3233 5955 laetumque
3262 5896 3430 5939 sacrae
3467 5879 3590 5951 Lua,
