3824 6282
324 278 425 341 5:17

333 509 437 550 nus
461 491 817 548 disertissime
836 494 1109 541 asseverat
1137 482 1388 556 (AuguSt.
1408 481 1500 537 lib.
1527 495 1646 544 vm,
1665 479 1729 533 de
1748 477 1924 545 Civit.,

332 601 453 655 cap.
480 584 574 650 27,
604 596 724 653 pag.
756 580 882 645 217;
913 586 968 633 et
998 577 1092 632 lib.
1125 593 1181 639 x.
1213 590 1333 646 cap.
1359 572 1455 642 20,
1488 587 1608 643 pag.
1637 570 1795 643 255).

406 676 605 733 Eadem
634 688 796 744 porro
822 686 942 728 cum
974 670 1086 727 sint
1139 667 1354 725 Minucii
1409 674 1465 722 et
1501 663 1818 721 Tertulliani
1859 661 1928 718 de

333 767 578 839 templis,
607 775 662 822 et
687 765 967 825 altaribus.
998 772 1161 833 atque
1187 761 1257 817 de
1286 758 1589 815 simulacris
1619 756 1803 821 verba,
1835 769 1928 809 eo—

327 862 453 917 dem
482 872 613 913 sane
648 855 811 912 modo
845 852 1162 924 explicanda
1188 859 1336 908 sunt.
1375 850 1583 921 Negant
1607 850 1786 918 itaque
1819 845 1928 900 ulla

325 950 468 1023 apud
506 949 844 1005 Christianos
880 946 1043 1001 fuisse
1078 944 1362 1000 simulacra
1388 983 1405 1009 ,
1459 940 1635 1012 qualia
1677 937 1931 993 videlicet

329 1041 531 1099 ethnici
556 1040 780 1097 deorum
802 1053 1023 1096 suorum
1044 1042 1476 1093 construxerant.
1505 1035 1573 1088 At
1594 1031 1736 1087 hanc
1763 1029 1928 1084 fuisse

331 1134 546 1191 Minucii
578 1140 810 1189 mentem
857 1147 964 1187 non
1002 1129 1175 1184 solum
1213 1143 1282 1184 ex
1313 1126 1572 1182 hactenus
1602 1122 1789 1185 dictis,
1833 1118 1926 1175 sed

334 1236 445 1282 tota
474 1225 635 1282 etiam
670 1224 812 1279 inter
841 1224 1015 1294 ipsum
1038 1236 1100 1276 ac
1121 1218 1397 1277 Caecilium
1421 1215 1780 1284 disputatione
1803 1212 1915 1267 col-

328 1316 534 1390 ligitur.
564 1315 813 1372 Caecilius
841 1315 1043 1387 quippe
1072 1311 1361 1381 ohjiciebat
1393 1308 1536 1364 nulla
1566 1305 1890 1362 Christianis
1910 1344 1925 1369 ,

329 1406 783 1482 quemadmodum
826 1405 1118 1478 gentilibus
1161 1403 1326 1459 fuisse
1368 1401 1624 1457 falsorum
1664 1398 1925 1462 deorum,

330 1503 469 1559 sicut
498 1501 730 1571 templa,
773 1501 844 1555 ita
876 1515 976 1555 nec
1003 1496 1314 1553 simulacra.
1358 1494 1579 1550 Fatetur
1618 1488 1929 1546 autem-Mi-

330 1595 524 1651 nucius
554 1609 666 1648 rem
698 1590 943 1664 profecto
968 1591 1048 1646 sic
1076 1604 1137 1645 se
1168 1588 1387 1647 habere.
1418 1588 1483 1640 At
1514 1583 1786 1655 quoniodo
1814 1596 1920 1634 non

329 1695 495 1758 negat
521 1685 586 1740 iis
616 1683 781 1739 fuisse
802 1682 905 1737 alia
932 1697 1092 1752 quam
1122 1680 1429 1735 ﬁetitiornm
1456 1675 1679 1731 deorum
1705 1673 1926 1743 templa,

327 1779 404 1837 ita
434 1777 597 1834 etiam
632 1791 731 1832 nec
762 1775 864 1830 alia
896 1788 1060 1845 quam
1090 1774 1326 1843 ipsorum
1357 1769 1424 1824 ab
1456 1768 1560 1822 illis
1590 1765 1728 1821 facta
1758 1767 1925 1818 sium-

325 1874 472 1930 lacra
501 1871 795 1928 inficiatur.

402 1964 586 2036 Neque
623 1975 817 2034 urgeas
842 1960 1025 2016 omnia
1057 1974 1087 2014 a
1117 1956 1348 2014 Minucio
1387 1954 1609 2011 omnino
1638 1950 1923 2007 simulacra

332 2067 389 2116 ct
440 2057 701 2126 imagines
754 2053 968 2110 excludi
1001 2093 1018 2115 .
1071 2049 1507 2122 quaiiquuidetn
1565 2045 1857 2117 respondet
1911 2058 1925 2094 :

336 2168 358 2202 ε
393 2147 547 2219 Quod
579 2145 926 2202 simulacrum
957 2144 1066 2199 Deo
1097 2145 1314 2214 fingam,
1343 2157 1463 2196 cum
1495 2140 1539 2194 si
1565 2150 1713 2195 recte
1740 2136 1923 2192 existi-

331 2254 471 2303 mes.
488 2239 560 2294 sit
590 2238 682 2293 Dei
715 2236 879 2292 homo
920 2236 1034 2307 ipse
1062 2231 1445 2288 simulacrum?
1483 2251 1501 2283 ι
1538 2230 1668 2285 Nam
1698 2228 1767 2284 de
1795 2237 1927 2281 tem-

329 2336 435 2409 piis
460 2331 732 2395 similiter,
762 2330 838 2385 uti
868 2327 1267 2384 annotavimus.
1302 2325 1512 2380 dixerat
1540 2343 1551 2378 :
1592 2341 1609 2374 ι
1643 2321 1926 2390 Τνιιιιτιιιιιι

325 2427 475 2500 quod
504 2426 553 2483 ei
581 2434 877 2486 exstruam,
903 2438 1026 2478 cum
1055 2430 1199 2477 totus
1224 2419 1312 2474 hic
1340 2417 1589 2481 mundus,
1621 2420 1737 2486 ejus
1763 2428 1927 2483 opere

326 2521 647 2587 fabricatus,
671 2534 793 2574 eum
821 2531 1019 2588 capere
1047 2528 1153 2571 non
1183 2511 1401 2584 possit?
1435 2531 1454 2563 ι
1488 2511 1646 2580 Atqui
1678 2508 1924 2572 Dallarus,

329 2615 531 2687 aliique
570 2610 813 2683 ejusdem
842 2618 1002 2667 secta!
1034 2608 1313 2672 homines,
1349 2604 1593 2662 conﬁteri
1627 2611 1926 2673 coguntur,

328 2706 416 2763 his
455 2702 846 2776 posterioribus
884 2701 1066 2758 verbis
1093 2713 1219 2754 vt-ra
1250 2696 1678 2753 Christianorum
1731 2693 1927 2763 templa

328 2816 435 2856 non
477 2797 712 2856 excludi.
757 2795 903 2865 Ergo
937 2792 1188 2849 similiter
1231 2790 1501 2847 fateantur
1541 2802 1765 2844 necesse
1808 2794 1926 2849 est,

327 2893 598 2965 prioribus
635 2888 876 2962 ejusdem
916 2886 1131 2943 Minucii
1172 2883 1354 2940 verbis
1394 2897 1501 2937 non
1540 2881 1644 2936 alia
1681 2876 1927 2941 excludi,

329 3002 490 3057 quam
523 2984 777 3040 falsorum
815 2981 1041 3036 deorum
1077 2977 1397 3040 simulacra,
1429 2982 1635 3028 statuas
1659 2980 1712 3026 et
1742 2968 1932 3036 imagi-

326 3092 448 3144 nes,
477 3092 597 3147 qua:
623 3090 652 3129 a
686 3070 1012 3130 Christianis
1038 3068 1158 3124 sine
1201 3065 1508 3122 idololatria
1540 3062 1668 3120 ferri
1699 3076 1805 3116 non
1835 3074 1925 3128 po-

1573 265 1660 325 ots
1692 263 1943 326 MINUCII
1969 262 2268 324 OCTAVIO
3444 275 3527 335 δεῖ,

327 395 601 456 charistiae
637 391 977 453 sacriﬁcium.
1009 387 1160 460 Quod
1191 384 1405 459 quidem
1438 394 1621 457 postea
1663 383 1914 451 Augusti-
1948 385 2000 445 Α
2026 397 2271 447 ενηουιιι,
2307 377 2472 435 ferale
2500 375 2747 447 supplicii
2792 373 2937 431 illius
2976 372 3386 452 instrumentum,
3420 389 3534 444 εοιε.

2032 483 2152 529 rent
2175 487 2238 528 ac
2269 479 2673 527 VCllCl‘ﬂl‘Cllllll‘.

2104 569 2175 624 At
2200 567 2459 623 Minucius
2490 575 2770 638 utramque
2799 565 2944 620 illam
2968 566 3363 626 criminationem
3391 572 3537 633 falsam

2032 675 2156 716 esse
2185 658 2495 730 singulatim
2517 657 2772 713 oswndit.
2799 656 2880 712 Ad
2906 657 3128 727 priorem
3153 662 3286 715 enim
3305 665 3427 731 quod
3447 682 3542 736 spe-

2030 760 2161 811 ctat.
2192 750 2365 820 palam
2388 750 2477 805 ille
2512 757 2936 821 constanterque
2958 761 3217 806 asseverat
3238 755 3438 824 gentiles
3459 757 3545 816 falli
3734 736 3743 824 ﬂ

2031 845 2273 905 omnino.
2309 852 2525 913 totaque
2554 857 2738 899 errare
2772 846 2880 908 via,
2907 843 2998 913 qui
3034 845 3082 897 in
3108 859 3254 899 suum
3286 847 3550 907 induxerant

2030 936 2266 991 animum
2287 977 2303 1002 ,
2345 934 2617 991 hominem
2665 946 2939 991 terrenum
2964 977 2979 1003 ,
3019 951 3082 992 ac
3105 938 3243 993 cruci
3267 953 3354 995 Sua
3379 952 3553 1013 propter

2029 1029 2255 1083 crimina
2282 1027 2557 1092 sufﬁxum.
2584 1030 2851 1086 meruisse
2873 1040 2966 1083 aut
2996 1030 3223 1099 potuisse
3241 1047 3268 1084 a
3292 1030 3554 1092 Christianis

2034 1120 2202 1175 Deum
2231 1120 2398 1186 credi,
2433 1131 2594 1191 atque
2618 1137 2684 1177 eo
2717 1122 2868 1177 titulo
2900 1123 3133 1177 divimnn
3162 1122 3255 1192 ipsi
3281 1124 3457 1180 abillis
3485 1128 3554 1181 tri-

2031 1213 2121 1269 bui
2172 1215 2454 1269 honorem.
2503 1214 2983 1271 Persuasissimum
3024 1214 3215 1285 quippe
3260 1216 3402 1271 iidem
3438 1218 3556 1274 αιιτῑ.

2032 1307 2191 1362 Stiani
2238 1306 2507 1362 habebant
2554 1322 2650 1363 eos
2696 1322 2916 1378 prorsus
2958 1322 3078 1363 esse
3118 1308 3453 1367 miserabiles.
3492 1312 3560 1382 qui

2029 1415 2182 1469 spent
2224 1399 2277 1454 in
2319 1399 2530 1454 mortali
2568 1410 2775 1470 ponunt
2813 1401 3052 1467 homine,
3081 1417 3186 1471 quo
3222 1415 3430 1469 mortuo,
3454 1404 3560 1475 quod

2030 1492 2100 1545 ab
2129 1492 2222 1547 illo
2252 1504 2573 1561 exspectare
2613 1503 2893 1561 poterant,
2929 1492 3183 1549 auxilium
3219 1508 3369 1549 omne
3405 1493 3561 1550 ﬁnitur.

2106 1585 2211 1640 Sed
2243 1584 2465 1654 ipsemet
2493 1585 2753 1641 Minucius
2780 1585 3081 1641 audiendus
3110 1596 3190 1639 est
3218 1603 3231 1639 :
3280 1607 3297 1635 ι
3345 1588 3474 1654 Quod
3500 1603 3564 1644 re-

2034 1677 2216 1748 ligioni
2249 1688 2445 1732 nostra:
2474 1678 2747 1734 hominem
2785 1681 3026 1741 tioxiutn,
3072 1691 3127 1733 et
3149 1696 3357 1734 erucem
3383 1682 3567 1747 cjnsas-

1954 1768 2002 1828 B
2029 1771 2264 1825 scribitis
2291 1811 2306 1834 ,
2338 1771 2493 1839 longe
2530 1772 2598 1827 de
2624 1772 2819 1827 vicinia
2849 1774 3081 1835 erratis,
3111 1773 3199 1843 qui
3237 1776 3419 1842 putatis
3441 1773 3568 1828 Deum

2030 1863 2200 1925 credi,
2236 1873 2328 1917 ant
2357 1864 2623 1918 meruisse
2652 1878 2897 1928 nostum,
2937 1873 3032 1918 aut
3067 1864 3300 1934 potuisse
3328 1876 3568 1920 terrenum.

2026 1955 2122 2010 Na:
2170 1956 2261 2011 ille
2306 1956 2658 2021 miserabilis,
2691 1957 2847 2026 cujus
2893 1957 2944 2011 in
2986 1957 3206 2014 homine
3250 1957 3441 2012 mortali
3478 1970 3571 2026 spes

2031 2050 2208 2102 omnis
2237 2047 2289 2101 in
2334 2046 2523 2113 ititttr;
2554 2057 2722 2102 totum
2764 2049 2905 2102 enim
2937 2049 3059 2119 ejus
3098 2049 3348 2106 auxilium
3377 2065 3480 2103 t‘ttlll
3501 2064 3573 2103 ex-

2029 2140 2195 2194 tineto
2240 2140 2456 2196 homine
2504 2140 2705 2195 ﬁnitttr.
2764 2161 2781 2194 ι
2834 2141 3125 2198 l’ranf‘racte
3171 2143 3325 2213 igitur
3369 2150 3501 2211 negat
3543 2156 3567 2195 ιι

2031 2228 2350 2287 Christianis
2378 2232 2504 2296 eoli,
2570 2233 2791 2288 noxium
2826 2233 3103 2290 hominem
3135 2249 3198 2289 ac
3240 2244 3402 2290 morte
3427 2234 3575 2290 merito

2033 2323 2371 2377 tnulcmtutn.

2106 2414 2242 2483 Quid
2272 2415 2442 2485 ergo?
2469 2413 2732 2486 Numquid
2759 2417 3026 2473 Minucius
3051 2428 3160 2474 tam
3186 2428 3334 2475 certo
3354 2417 3575 2473 afﬁrmare

2032 2507 2204 2578 potuit
2257 2522 2472 2563 omnem
2532 2524 2752 2578 prorsus
2805 2511 3009 2565 cultum
3044 2554 3060 2578 ,
3115 2527 3179 2566 ac
3233 2511 3577 2565 venerationem

2032 2600 2247 2656 Christo
2291 2599 2565 2656 Servaturi
2598 2618 2625 2654 τι
2669 2602 2996 2659 Christianis
3022 2604 3360 2676 denegatum,
3399 2602 3582 2657 nullam-

2031 2710 2134 2766 que
2158 2711 2376 2764 prorsns
2404 2695 2455 2749 in
2483 2694 2573 2750 illo
2596 2710 2746 2765 spem
2777 2697 3078 2753 habuisse?
3107 2699 3273 2753 Nemo
3309 2712 3429 2751 sane
3457 2695 3581 2749 homo

2033 2789 2084 2843 id
2110 2804 2358 2857 umquam
2390 2788 2703 2843 crediderit.
2734 2790 2865 2845 Cum
2900 2799 3116 2846 certum
3152 2791 3328 2861 itaque
3361 2799 3412 2844 et
3432 2787 3583 2855 eitplo-

2031 2890 2205 2935 rattnn
2235 2880 2305 2935 sit
2329 2879 2668 2935 ChriStiaoos
2692 2893 2745 2937 et
2775 2882 3014 2939 coluisse
3043 2881 3340 2943 Christum.
3373 2893 3422 2938 et
3448 2884 3493 2936 in
3515 2896 3580 2945 eo,

2030 2974 2119 3044 qui
2152 2989 2250 3044 pro
2279 2975 2408 3043 ipsis
2436 2984 2677 3029 mortuus
2708 2975 2903 3040 fuerat,
2943 2992 3102 3047 spem
3130 2979 3454 3043 collocasse,
3485 2972 3585 3046 quid

2032 3064 2159 3120 inde
2196 3065 2437 3135 colligas,
2487 3066 2587 3121 nisi
2636 3083 2732 3137 pro
2778 3078 2895 3122 rato
2945 3070 3168 3141 fixoqne
3210 3071 3474 3126 Minucium
3514 3082 3585 3136 po-

324 3178 523 3226 terant.
571 3168 646 3222 De
696 3164 780 3221 his
821 3179 985 3236 porro
1021 3159 1451 3216 Christianorum
1496 3155 1818 3226 imaginibus
1865 3161 1921 3209 et
1949 3153 1995 3217 C
2030 3157 2223 3224 suisse,
2253 3157 2525 3213 Christum
2559 3173 2589 3212 a
2617 3160 2975 3215 sectatoribus
3010 3163 3127 3215 suis
3156 3178 3340 3218 revera
3371 3162 3480 3225 coli,
3503 3172 3583 3213 non

321 3259 670 3324 simulacris,
713 3269 1013 3323 eorumque
1061 3266 1161 3307 usu
1222 3249 1274 3305 in
1317 3249 1685 3320 superioribus
1727 3249 1927 3302 nostris

324 3348 798 3411 di~sertationibus
838 3348 1081 3417 egimus,
1123 3346 1187 3400 ac
1217 3343 1369 3414 plura
1408 3360 1438 3396 a
1484 3343 1733 3409 Patavio,
1774 3342 1922 3396 Tho-

322 3441 565 3500 massino
593 3449 647 3497 et
680 3439 802 3495 aliis
818 3438 1064 3511 pluribus
1080 3437 1275 3493 tradita
1294 3437 1472 3507 legere
1490 3435 1691 3507 poteris
1709 3434 1860 3506 (tom.
1885 3449 1924 3504 ι,

318 3536 600 3607 Apparat.,
643 3545 764 3603 pag.
798 3531 899 3586 747
947 3538 1004 3586 et
1051 3545 1227 3600 seqq.;
1263 3529 1472 3594 Petav.,
1509 3537 1639 3583 tom.
1670 3544 1725 3589 γ.
1758 3525 1927 3580 Theo-

329 3630 436 3708 log.
468 3630 722 3699 dogmat.,
752 3624 845 3681 lib.
880 3640 971 3690 xv,
1005 3639 1125 3694 cap.
1153 3623 1243 3688 il,
1277 3633 1332 3677 et
1357 3622 1662 3685 'l‘homass.,
1698 3620 1788 3675 lib.
1818 3634 1923 3685 xu;

330 3721 491 3778 Theol
541 3723 769 3791 dogmat.
800 3718 863 3773 de
889 3717 1180 3778 Incarnat..
1220 3730 1341 3786 cap.
1386 3716 1440 3781 7,
1470 3723 1521 3770 et
1555 3713 1752 3785 seqq).
1788 3712 1924 3780 Quid

328 3824 510 3872 autem
540 3824 729 3870 auctor
754 3822 939 3868 noster
977 3812 1044 3866 de
1081 3809 1322 3865 exhibito
1356 3824 1387 3864 a
1422 3806 1743 3864 Christianis
1779 3805 1925 3861 cruci

329 3906 530 3965 Christi
573 3906 720 3963 cultu
764 3913 821 3961 et
856 3905 1062 3960 honore
1104 3902 1387 3967 statuerit,
1426 3901 1477 3956 itt
1515 3909 1707 3971 quarto
1743 3898 1931 3954 subse-

336 4000 525 4074 queuti
549 3997 778 4056 articulo
803 3994 1232 4069 investigandum
1266 4001 1369 4051 est.

929 4163 1224 4207 ARTICULL'S
1263 4162 1342 4204 111.

328 4291 597 4363 Quomodo
654 4288 900 4346 Octavius
948 4287 1153 4359 refellat
1214 4284 1477 4341 (ἱιιτίίὶιιιιι
1531 4283 1851 4355 objicientem
1902 4298 1934 4336 a

399 4384 706 4441 Christianis
731 4382 835 4438 coli
863 4381 1117 4435 hominem
1140 4377 1279 4433 cruci
1311 4394 1402 4447 pro
1431 4377 1661 4450 facinore
1689 4376 1897 4445 animum
1916 4413 1933 4440 ,

404 4480 490 4536 ubi
518 4481 583 4535 de
620 4493 859 4549 suprema
886 4474 1080 4532 Christi
1109 4473 1374 4528 divinitate
1415 4487 1434 4525 .'
1471 4486 1626 4539 quam
1673 4471 1938 4541 perspicue

2029 3249 2244 3320 quidem
2270 3250 2410 3304 sicut
2439 3249 2752 3329 hominem,
2786 3268 2815 3305 ιι
2852 3268 2962 3322 quo
2999 3265 3220 3310 mortuo
3247 3254 3375 3309 nihil
3400 3251 3580 3308 ainalius

2029 3342 2378 3410 sperandum,
2402 3343 2496 3398 sed
2529 3355 2672 3399 sicut
2700 3345 2890 3413 Deum,
2920 3345 2973 3400 in
3008 3363 3144 3418 quo,
3195 3359 3376 3419 utpote
3412 3359 3517 3400 vero
3545 3349 3588 3397 et

2035 3434 2326 3491 immortali
2368 3436 2509 3501 Deo,
2554 3453 2703 3509 spent
2745 3442 3040 3496 maximam
3083 3458 3300 3513 seraper
3340 3434 3588 3495 habebant?

2031 3528 2219 3585 Notine
2249 3540 2429 3585 autem
2475 3532 2599 3586 inde
2621 3573 2635 3599 ,
2683 3542 2740 3588 ttt
2768 3534 2818 3589 id
2857 3535 3040 3590 obiter
3067 3537 3441 3599 observemus,
3475 3535 3588 3585 recte

2032 3621 2212 3692 colligi
2237 3633 2411 3691 [talest
2439 3638 2750 3690 persuasum
2776 3625 3009 3681 Minucio
3040 3643 3274 3696 prorsus
3306 3627 3451 3682 fuisse
3468 3617 3591 3676 Chri-

2034 3723 2175 3769 stum
2203 3731 2324 3770 esse
2358 3731 2547 3770 venum
2579 3734 2958 3789 snunnumqne
2990 3722 3187 3787 Deum,
3213 3731 3368 3792 atque
3392 3713 3586 3786 ejusdem

2034 3824 2155 3863 cum
2185 3818 2386 3863 aeterno
2411 3808 2570 3864 Patre
2601 3825 2700 3866 suo
2732 3812 3052 3868 substantia:
3074 3815 3099 3867 ?
3130 3814 3272 3870 Nam
3303 3814 3399 3874 ille,
3425 3807 3486 3862 uti
3503 3818 3578 3857 stt-

2036 3918 2129 3973 pra
2152 3901 2488 3957 ostendimus
2508 3941 2523 3967 ,
2562 3904 3004 3962 coitstantissime
3032 3906 3229 3964 docuit
3247 3951 3262 3973 ,
3295 3920 3431 3963 unum
3453 3898 3581 3954 dunt-

2039 4002 2189 4050 taxat
2227 4008 2346 4050 βεδε
2378 3994 2565 4049 Deum.
2599 3994 2700 4052 Ubi
2728 4012 2856 4068 ergo
2880 3998 3165 4055 Christum
3203 4001 3363 4057 Deum
3387 3994 3587 4069 agnovit,

2039 4087 2108 4143 ibi
2142 4088 2314 4158 ipsum
2347 4088 2589 4157 profecto
2616 4104 2781 4145 unum
2813 4091 3185 4165 cumdemque
3214 4108 3333 4150 cum
3361 4092 3497 4147 Patre
3517 4101 3592 4143 suo

2042 4180 2206 4235 Deum
2233 4179 2510 4236 confessus
2541 4191 2645 4238 est.

2109 4273 2359 4330 Petavius
2397 4290 2526 4346 ergo
2567 4291 2629 4331 ex
2674 4276 2860 4334 iisdem
2900 4279 3126 4338 Minucii
3169 4284 3368 4346 verbis,
3405 4279 3487 4336 sed
3518 4274 3592 4333 alia

2039 4367 2245 4422 ratione
2281 4368 2509 4436 probare
2549 4379 2805 4438 conatur,
2847 4373 3087 4442 agnitam
3129 4378 3203 4434 ab
3236 4379 3326 4432 illo
3357 4376 3505 4432 fuisse
3527 4385 3598 4425 εαο

2039 4472 2278 4529 premam
2317 4458 2518 4514 Christi
2545 4460 2885 4519 divinitatem
2918 4464 3179 4534 (Petam,
3213 4479 3342 4523 tom.
3373 4483 3437 4531 ιι,
3465 4462 3597 4520 Theti~

401 4572 538 4628 idem
572 4570 815 4625 Octavius
843 4566 1078 4622 ostendat
1102 4564 1167 4617 ab
1188 4561 1457 4635 Egyptiis
1475 4561 1742 4616 scelestum
1766 4562 1934 4616 homi-
1958 4550 2014 4611 D
2042 4549 2146 4620 109-
2186 4551 2437 4620 dogmat,
2485 4553 2663 4623 prati,
2702 4569 2822 4626 cap.
2853 4556 2888 4613 5
2906 4597 2923 4622 ,
2954 4556 2982 4629 §
3011 4558 3112 4628 3).
3157 4560 3357 4617 Censet
3382 4561 3508 4615 enim
3537 4552 3601 4607 vir

411 4680 548 4730 nem,
573 4671 619 4715 ct
657 4645 965 4716 αἰῗοιπαηίε
993 4672 1137 4727 reges
1172 4664 1219 4709 et
1241 4656 1571 4725 imperatores
1597 4654 1770 4709 divino
1798 4654 1937 4709 cultu

406 4759 707 4817 honoratos.
751 4769 809 4808 ac
853 4768 943 4823 per
967 4751 1176 4805 illorum
1232 4748 1407 4819 genios
1448 4749 1718 4819 juratum;
1765 4757 1936 4802 utrum

403 4867 519 4907 vero
542 4846 851 4905 Christianis
879 4860 971 4917 per
997 4857 1174 4898 eorum
1200 4840 1415 4896 salutem
1442 4842 1627 4913 jurare
1651 4843 1733 4912 fas
1759 4841 1932 4911 fuerit.

405 5008 740 5067 Christianos
779 5004 1011 5075 duplicis
1052 5002 1229 5060 adhuc
1270 5001 1496 5059 sceleris
1543 5001 1793 5060 Czecilius
1842 5020 1930 5061 aro

331 5104 449 5179 guit
480 5118 495 5157 :
538 5121 557 5154 ι
590 5100 690 5170 Qui
723 5098 1019 5161 hominem,
1053 5094 1247 5166 inquit,
1291 5110 1501 5150 summo
1541 5096 1803 5167 supplirio
1836 5111 1932 5167 pro

331 5193 575 5252 facinore
604 5191 848 5258 punitum
872 5231 888 5256 ,
919 5198 970 5244 et
1002 5188 1180 5243 crucis
1211 5186 1349 5258 ligna
1391 5187 1574 5242 feralia
1610 5202 1797 5243 eorum
1828 5203 1934 5244 etc-

329 5287 591 5346 rimonias
619 5284 948 5351 fabulantur,
984 5281 1063 5337 vel
1098 5282 1294 5351 potius,
1318 5280 1604 5349 fabulatur,
1626 5296 1931 5353 congruen-

328 5381 407 5438 tia
451 5377 677 5452 perditis
720 5376 1109 5445 sceleratisque
1153 5374 1337 5429 tribuit
1379 5374 1606 5441 altaria;
1646 5385 1706 5432 ut
1743 5376 1793 5432 id
1837 5393 1930 5432 co-

326 5472 462 5534 lant,
493 5468 635 5542 quod
662 5476 956 5525 merentur.
994 5485 1014 5519 ι
1045 5467 1213 5522 Audis
1241 5481 1370 5521 sane
1396 5468 1666 5537 quomodo
1695 5470 1929 5539 gentiles

326 5562 558 5634 duplicis
597 5561 773 5617 adhuc
808 5558 1023 5622 nefarii,
1056 5558 1129 5612 uti
1160 5556 1436 5629 putabant,
1464 5559 1641 5615 cultus
1667 5560 1929 5619 Christia-

324 5670 428 5713 nos
463 5650 977 5715 condemnaverint;
1026 5649 1199 5720 primo
1239 5649 1383 5719 quod
1429 5650 1702 5709 hominem
1746 5656 1925 5714 crucis

322 5742 590 5821 supplicio
615 5755 711 5799 sua
742 5749 964 5817 prOpter
982 5739 1186 5800 scelera
1210 5740 1486 5810 allectum;
1513 5745 1757 5805 secundo
1779 5749 1922 5823 quod

2036 4642 2227 4698 doetus
2258 4643 2402 4699 illum
2439 4644 2595 4701 fateri
2628 4662 2811 4703 verum
2845 4648 3011 4705 Deum
3050 4668 3181 4709 esse
3207 4653 3498 4716 Christum,
3521 4659 3595 4701 eo-

2036 4751 2141 4804 que
2180 4737 2396 4793 nomine
2425 4737 2530 4793 coli
2568 4754 2597 4792 a
2632 4738 2990 4806 Christianis,
3026 4745 3477 4815 quemadmodum
3504 4736 3597 4796 elli-

2036 4826 2142 4883 nici
2164 4827 2295 4883 deos
2316 4845 2444 4884 suos
2470 4832 2887 4891 venerabantur.
2916 4835 3022 4891 Sed
3053 4837 3363 4894 doctissimi
3390 4838 3477 4891 viri
3499 4843 3602 4906 pate

2035 4919 2193 4975 nobis
2234 4920 2415 4977 dicere
2467 4923 2668 4992 liceat,
2716 4926 2874 4995 paulo
2920 4928 3219 4988 enodatius
3270 4927 3605 5003 explicandum

2034 5014 2306 5086 quomodo
2332 5014 2461 5071 illud
2489 5031 2555 5072 ex
2586 5019 2788 5089 paucis,
2816 5037 2936 5092 quzc
2962 5022 3179 5096 integra
3210 5026 3499 5083 retulimus.
3525 5017 3602 5075 Μί-

2036 5107 2177 5163 nucii
2207 5108 2388 5163 verbis
2419 5110 2598 5181 colligi
2630 5122 2816 5181 possit.
2860 5119 2925 5169 At
2951 5114 3072 5173 haec
3101 5119 3326 5176 videtur
3347 5133 3462 5174 esse
3493 5113 3607 5169 illius

2034 5200 2691 5270 argumentatio.Erratis,
2725 5204 2949 5269 ethnici,
2978 5209 3074 5277 qui
3110 5212 3318 5278 putatis
3346 5209 3606 5265 hominem.

2034 5306 2183 5347 mere
2214 5300 2484 5348 terrenum
2512 5310 2575 5350 ac
2606 5298 2822 5353 noxium
2852 5315 2883 5354 a
2913 5300 3076 5355 nobis
3111 5302 3284 5358 Deum
3311 5302 3470 5359 credi.
3502 5297 3610 5354 Nam

2031 5382 2299 5442 credimus
2336 5384 2609 5444 Christum
2650 5406 2755 5446 non
2802 5394 2961 5448 modo
3005 5393 3293 5450 innoxium
3327 5395 3608 5451 hominem,

2031 5474 2125 5530 sed
2166 5492 2352 5532 verum
2401 5480 2560 5535 etiam
2605 5481 2769 5538 fuisse
2808 5485 3005 5552 Deum,
3058 5486 3112 5541 in
3159 5505 3272 5558 quo
3309 5503 3430 5560 spes
3458 5494 3614 5542 nostra

2033 5567 2342 5626 ﬁrmissime
2369 5572 2630 5628 innititur.

2099 5664 2385 5722 Christiani
2416 5667 2677 5739 siquidem
2716 5671 2786 5727 ab
2811 5671 3046 5728 ethnicis
3082 5673 3370 5743 jndicibus
3411 5676 3613 5732 interre-

2025 5754 2161 5833 gati,
2196 5770 2295 5814 nec
2323 5757 2714 5818 imminentium
2745 5765 3133 5837 suppliciorum
3179 5779 3326 5826 metu
3358 5764 3610 5834 deterriti,
