3824 6282
303 372 387 439 5i9
1652 383 1812 443 DISSI

1954 384 2122 443 ATIO.

3408 375 3516 437 550

297 507 566 561 coiismutcr,
601 498 732 554 sicut
764 497 972 553 Plinius
998 498 1062 554 ad
1098 496 1385 567 Trajanum
1425 497 1807 569 lmperatorem
1837 507 1887 566 Α
1914 511 2255 557 consecratos
2283 502 2540 572 patribus.
2581 503 2692 559 Cur
2715 503 2885 572 ergo?
2908 500 3043 569 Quia
3082 516 3103 554 ι
3139 499 3341 567 tutius,
3369 516 3389 551 ι
3434 499 3516 552 iu-

302 596 504 665 srripsit,
540 594 917 663 respondebant
962 612 975 648 :
1024 613 1041 644 ι
1094 596 1322 648 (ὶίιτιιιυιι
1363 593 1616 660 Christo,
1659 595 1811 665 quasi

309 690 418 757 Deo,
439 691 581 743 dicere
602 704 769 743 secum
797 690 1022 744 invicem
1041 732 1053 750 ,
1090 708 1109 741 ι
1143 689 1194 743 id
1221 698 1304 745 est
1324 731 1336 746 .
1366 688 1582 744 Christo
1601 730 1616 754 ,
1647 704 1808 758 quem

310 797 460 836 verum
491 781 620 835 Deum
643 795 761 836 esse
796 782 1105 836 asserebant
1132 826 1146 849 ,
1187 792 1236 836 et
1268 781 1453 852 quales
1478 823 1495 848 ,
1526 780 1599 837 nti
1640 782 1810 836 visum

314 873 503 935 Petavii»,
527 872 694 927 ethnici
722 888 847 929 esse
877 873 929 929 ἀι
948 888 1008 929 os
1036 888 1164 929 suos
1188 874 1586 929 arbitrabantur
1612 873 1808 947 (Plin.,

313 967 447 1037 Epist.
474 966 541 1021 t0l
557 965 592 1034 ).
1252 1012 1259 1018 .

367 1057 470 1112 Tum
495 1055 655 1110 deinde
691 1055 956 1112 Minucius
982 1058 1322 1112 ethnicorum
1354 1066 1725 1128 argumentum
1756 1056 1812 1111 itt

300 1154 410 1219 ipsus
454 1159 695 1220 retorquet
732 1166 797 1205 ac
836 1149 1173 1206 demonstrat
1201 1151 1269 1205 ab
1300 1150 1405 1206 illis
1443 1150 1584 1204 lumc
1614 1151 1810 1219 ipsum,

289 1258 413 1313 quem
432 1243 721 1298 Christianis
750 1242 889 1298 falso
913 1244 1330 1314 exprobrabant,
1359 1244 1664 1315 religiosum
1692 1244 1807 1298 cul-

279 1346 367 1391 tum
390 1352 520 1390 mero
548 1336 747 1391 homini
777 1352 963 1392 revera
992 1336 1255 1392 exhiberi.
1288 1337 1417 1392 Nam
1444 1336 1696 1409 Egyptii,
1732 1338 1812 1391 in.

270 1430 362 1499 qttit
394 1430 499 1495 ille,
529 1446 686 1485 unum
715 1429 990 1486 hominem
1032 1432 1288 1487 selectmn
1317 1432 1386 1488 de
1413 1433 1661 1487 unntibus
1685 1448 1813 1487 eon-

265 1521 506 1578 suiehant.
550 1543 568 1575 ι
607 1523 758 1578 illum
797 1525 1189 1595 propitiahant,
1238 1544 1256 1578 ι
1289 1537 1449 1593 a'qne
1480 1526 1611 1595 ipsi,
1653 1541 1809 1591 quem

262 1612 477 1668 dicebant
494 1628 607 1670 esse
630 1617 824 1679 Deum,
851 1616 1124 1671 ea-dchant
1155 1618 1418 1671 victimas.
1443 1618 1610 1683 Quam
1632 1627 1810 1672 autent

257 1721 411 1761 rerum
439 1705 485 1762 id
520 1708 608 1767 sit.
642 1708 865 1763 docebit
900 1719 950 1762 te
990 1708 1351 1780 Porphyrius.
1384 1710 1471 1780 qni
1503 1710 1568 1764 ad
1600 1708 1813 1764 Amabo-

253 1812 354 1852 nem
383 1800 484 1853 liter
507 1840 523 1868 ,
553 1801 693 1857 sicut
723 1800 989 1856 EuSebius
1017 1802 1214 1867 refert,
1244 1800 1461 1869 scripsit
1501 1800 1553 1854 iu
1592 1801 1750 1855 verba
1795 1817 1808 1855 :

1915 596 2029 665 quit
2053 596 2337 659 Octavius,
2369 597 2450 652 eis
2480 608 2591 651 erat
2610 637 2626 663 ,
2655 616 2673 649 ι
2706 611 2803 666 per
2829 594 2977 651 Jovis
2994 595 3207 663 genium
3233 594 3473 663 pejerarc
3493 630 3510 654 ,

1915 702 2074 755 quam
2109 689 2268 758 regis.
2309 706 2329 740 ι
2369 687 2440 742 lbi
2470 698 2648 742 autem
2678 687 2770 741 ille
2800 694 3128 756 praeeuntem
3158 683 3511 756 proculdubio

1916 790 2130 833 secutus
2159 790 2241 835 cst
2272 779 2699 846 'l‘ertnllianum,
2739 779 2894 849 cujus
2931 778 3047 833 hmc
3076 780 3188 848 ipsa
3229 776 3393 833 verba
3433 777 3514 831 le—

1914 870 2058 943 gisse
2086 871 2297 927 videtur
2325 889 2338 924 :
2376 891 2395 924 ι
2429 870 2599 927 Citius
2632 871 2771 942 apud
2809 885 2940 935 vos,
2981 869 3240 940 gentiles,
3271 883 3367 938 per
3391 884 3510 922 oni-

1918 981 2014 1020 nes
2039 966 2170 1021 deus
2197 981 2354 1036 quam
2386 981 2481 1036 per
2503 981 2665 1021 unum
2693 965 2906 1036 genium
2929 962 3155 1020 Cresaris
3182 962 3452 1034 pejeratur
3483 980 3502 1012 ι

1916 1057 2299 1129 (Tertullian.,
2330 1058 2531 1131 .lpolog
2560 1099 2576 1126 ,
2602 1074 2722 1127 cap.
2753 1055 2884 1128 28).

1989 1152 2150 1207 Certo
2178 1151 2394 1220 quidem
2422 1154 2622 1207 certius
2649 1162 2729 1207 est
2760 1151 2872 1221 jam
2911 1151 2981 1205 ab
3016 1149 3239 1221 Augusti
3280 1149 3516 1219 impera.

1920 1244 2050 1299 toris
2081 1253 2323 1310 tempore
2355 1258 2557 1298 morem
2587 1242 2893 1305 iuvaluissc,
2927 1250 2982 1296 ut
3004 1242 3038 1297 ii
3063 1257 3157 1313 per
3179 1254 3372 1296 nomen
3394 1240 3511 1295 sive

1916 1336 2131 1406 genium
2161 1334 2507 1402 Imperatoris
2533 1336 2797 1404 jnrarent.
2833 1335 3041 1391 Etenim
3075 1333 3327 1391 Horatius
3354 1347 3510 1388 eum-

1917 1430 2038 1485 dem
2061 1429 2360 1499 Augustum
2384 1430 2732 1500 alloquendo,
2756 1431 2834 1484 sic
2858 1429 3089 1485 canebat
3121 1447 3134 1483 :

2041 1542 2257 1592 Pzesenti
2282 1543 2368 1592 tibi
2396 1550 2615 1593 maturos
2653 1542 2885 1604 largimur
2907 1543 3138 1602 honores,

2040 1603 2376 1669 Jurandasque
2396 1614 2530 1684 tuum
2555 1620 2645 1668 per
2669 1603 2847 1654 nomen
2874 1608 3099 1668 ponimus
3121 1618 3249 1655 aras.

2423 1688 2635 1753 (Horat.,
2658 1689 2693 1740 l.
2718 1704 2773 1752 ιι,
2799 1688 2952 1756 Epist.
2976 1704 3012 1753 t,
3041 1703 3087 1740 υ.
3112 1691 3171 1742 l5
3189 1697 3242 1741 et
3262 1691 3364 1753 16.)
3478 1752 3484 1761 ’

1917 1795 2084 1852 Audis
2123 1806 2271 1852 certe
2298 1806 2350 1852 ct
2379 1797 2577 1867 positas
2600 1836 2617 1863 ,
2644 1799 2779 1853 sicut
2818 1797 3061 1868 proxime
3088 1796 3351 1861 diximus,
3394 1794 3510 1851 An-

256 1908 272 1941 ι
302 1889 492 1945 llomini
521 1907 742 1963 quaque
770 1891 911 1948 circa
946 1908 1160 1964 pagum,
1184 1907 1341 1962 quem
1366 1892 1575 1947 Auabin
1595 1902 1810 1958 Vocant,
1844 1901 1887 1959 Β
1916 1899 2073 1959 gusto
2125 1889 2297 1943 adhuc
2324 1890 2527 1946 viventi
2559 1905 2701 1952 aras.
2732 1907 2793 1946 ac
2823 1906 2919 1960 per
2946 1906 3166 1953 nomen.
3199 1889 3253 1945 id
3280 1897 3382 1953 est,
3417 1905 3511 1959 ge-

247 1982 427 2039 divinos
454 1985 688 2042 honores
718 1986 979 2051 tribuunt,
1013 1989 1171 2056 eique
1200 1987 1523 2043 sacriticimu
1554 1989 1809 2052 ochrttnt,

246 2084 288 2130 et
330 2076 589 2144 impositas
640 2078 906 2133 altaribus
952 2079 1153 2134 hostias
1205 2078 1441 2135 adolent.
1504 2098 1523 2131 ι
1566 2066 1814 2148 ἂνθρωπεν

242 2179 426 2236 σέϐουσι,
463 2174 567 2231 κατ’
604 2157 787 2229 Sir-16w
831 2182 1021 2242 κώμην,
1065 2181 1109 2228 ἓν
1203 2183 1285 2228 καὶ
1316 2178 1467 2244 τούτῳ
1497 2177 1697 2238 οὑτται,
1730 2177 1811 2227 καὶ

240 2268 305 2318 ἐπὶ
327 2282 405 2321 τῶν
421 2277 596 2337 βωμῶν
622 2273 691 2323 τὰ
723 2273 824 2338 ἱερά
851 2272 1116 2321 (uate-rm.
1157 2284 1175 2316 ι
1214 2265 1309 2320 Ille
1337 2281 1463 2320 γυνθ
1490 2274 1672 2336 pttstt‘a
1699 2275 1812 2319 lttlt-

241 2366 333 2411 tum
366 2359 587 2412 conn-dit
612 2400 632 2424 ,
678 2375 799 2426 quae
835 2359 938 2413 sibi
981 2374 1045 2413 ex
1090 2358 1296 2428 privato
1337 2373 1507 2428 penu,
1542 2369 1810 2430 tamquam

240 2451 418 2519 privato
451 2452 658 2506 homini
697 2461 883 2522 parata
912 2460 964 2505 ct
989 2452 1229 2522 apposita
1258 2452 1453 2506 fuerint
1489 2469 1507 2505 ι
1546 2450 1809 2525 (Enseb.,

240 2543 316 2601 lib.
340 2559 408 2610 ιιι,
437 2544 675 2616 Ρναυραν.
707 2544 930 2616 Ειηιιιθη
957 2560 1077 2614 cap.
1102 2547 1155 2609 5,
1180 2560 1296 2615 pag.
1323 2543 1393 2600 94
1411 2546 1450 2612 ).
1479 2544 1674 2599 Eadem
1701 2545 1809 2610 ille,

245 2637 372 2691 nullo
395 2650 614 2692 auctore
646 2638 835 2703 citato,
876 2637 1089 2706 repetit.
1118 2636 1251 2692 sicut
1283 2647 1465 2708 poSIea
1499 2635 1811 2691 Theodore-

245 2738 312 2782 tus
331 2772 343 2791 ,
369 2731 450 2797 qui
479 2729 775 2801 Porphyrii
801 2728 1016 2800 quidem
1046 2729 1174 2782 citat
1208 2728 1495 2797 Epistulam
1517 2770 1532 2790 .
1564 2727 1814 2795 illiusque

244 2833 451 2886 St‘nf-lllll,
475 2821 570 2877 sed
600 2837 715 2876 non
739 2824 902 2876 verba
930 2819 1148 2874 exhibet
1173 2819 1548 2889 (Tlteodoret.,
1576 2827 1706 2874 tom.
1734 2833 1809 2886 tv,

246 2911 392 2965 Serm.
418 2912 466 2967 ὅ.
503 2914 567 2965 de
597 2911 793 2981 Angel.
825 2923 871 2964 et
902 2910 1147 2975 divinam,
1182 2925 1300 2978 pag.
1333 2910 1485 2982 516).

310 3005 408 3059 Alio
438 3007 618 3062 adhuc
654 3016 977 3076 argumento
1010 3004 1272 3060 Minucius
1302 3004 1549 3061 ethnicos
1596 3019 1660 3060 ac
1717 3018 1814 3074 po-

251 3097 471 3153 tissimum
502 3099 790 3154 Romanos
817 3099 1060 3166 ejusdem
1090 3097 1378 3166 impietatis
1405 3098 1665 3169 coarguit.
1696 3096 1810 3153 Non

241 3190 336 3245 suis
368 3194 499 3246 enim
542 3204 757 3247 tantum
796 3192 1130 3262 principibus
1168 3202 1222 3246 et
1261 3192 1497 3262 regibus,
1540 3202 1809 3264 tamquam

1920 1984 2065 2038 uiutu
2097 1984 2213 2053 ejus
2250 1985 2497 2040 ethnicos
2530 1990 2756 2050 iurasse.
2798 1984 3086 2053 Postquam
3118 1998 3247 2039 vero
3285 1983 3376 2038 ille
3403 1984 3515 2036 fato

1921 2075 2132 2130 funrtus
2182 2076 2411 2143 fnissrt,
2465 2077 2722 2132 Claudius
2768 2076 2969 2143 Cmsar,
3023 2086 3160 2133 teste
3206 2075 3464 2132 Suetonio
3495 2114 3512 2137 ,

1926 2187 1943 2219 ι
1981 2167 2355 2237 Jusjurandum
2398 2185 2571 2240 neque
2619 2170 2857 2224 sanctius
2897 2169 3020 2235 sibi,
3061 2184 3236 2240 neque
3269 2167 3514 2225 crebrius

1924 2261 2145 2316 instituit
2172 2303 2185 2324 ,
2228 2278 2384 2331 quam
2431 2278 2524 2332 per
2562 2264 2856 2333 Augustum
2903 2280 2922 2315 ι
2966 2260 3255 2334 (Sueton..
3297 2261 3351 2314 in
3398 2256 3515 2314 Vim

1919 2354 2128 2418 (.‘Iaml.,
2163 2352 2190 2425 §
2223 2354 2349 2425 ll),
2395 2354 2443 2409 id
2490 2364 2603 2421 est,
2654 2370 2748 2424 per
2784 2354 2901 2424 ejus
2940 2355 3156 2424 genium
3194 2362 3251 2408 et
3293 2366 3513 2407 nomen.

1916 2445 2088 2511 Quam
2117 2460 2328 2500 sacrum
2358 2455 2540 2500 autctn
2568 2461 2632 2501 ac
2658 2447 2966 2516 religiosum
3000 2444 3162 2500 fuerit
3199 2446 3300 2499 hoc
3335 2443 3513 2513 jusju-

1916 2538 2142 2593 randum
2171 2537 2215 2592 si
2243 2539 2337 2593 tibi
2368 2539 2543 2593 adhuc
2571 2537 2785 2609 probari
2811 2552 2992 2601 areas,
3023 2538 3201 2594 disces
3232 2536 3414 2605 utique
3444 2549 3513 2590 ev

1916 2632 2002 2688 bis
2021 2632 2192 2688 Taciti
2222 2632 2400 2688 verbis
2428 2651 2440 2687 :
2481 2654 2499 2685 ι
2539 2633 2739 2687 Anbrio
2766 2633 2978 2688 crimini
3006 2633 3233 2689 dabatur
3254 2631 3509 2687 violatum

1916 2726 2154 2798 perjurio
2196 2742 2389 2782 nomen
2430 2726 2678 2797 Augusti.
2713 2725 2843 2795 Quae
2877 2726 2965 2781 ubi
3010 2726 3225 2781 Tiberio
3253 2734 3510 2791 notuere,

1916 2819 2129 2890 scripsit
2160 2821 2682 2876 consulibus.........
2706 2818 3080 2889 jusjurandum
3114 2819 3336 2890 perinde
3364 2818 3512 2873 nisti-

1916 2912 2194 2979 mandum,
2227 2928 2387 2983 quam
2417 2915 2461 2968 si
2491 2912 2677 2969 Jovem
2711 2909 2988 2968 fefellisset
3022 2931 3041 2964 ι
3077 2911 3310 2982 (Tacit.,
3340 2911 3431 2967 lib.
3470 2928 3509 2977 t,

1916 3008 2109 3064 Annal.
2139 3018 2263 3064 ante
2291 3008 2381 3064 lia.
2403 3008 2444 3077 ).

1989 3100 2173 3171 Neque
2200 3097 2359 3164 pario
2383 3118 2478 3173 per
2504 3101 2675 3159 solius
2702 3101 2947 3172 Augusti.
2974 3100 3068 3156 sed
3093 3100 3321 3156 aliorum
3346 3100 3507 3154 etiam

1916 3194 2306 3264 Imperatorum
2346 3196 2562 3266 genium
2606 3195 2836 3266 gentiles
2875 3193 3058 3262 jurare
3093 3202 3503 3248 consueverant.

240 3279 360 3347 diis,
388 3285 615 3353 turpiter
647 3283 1028 3339 adulabautur:
1062 3282 1156 3339 sed
1185 3299 1375 3338 eorum
1412 3285 1573 3339 etiam
1615 3300 1810 3341 numen
1837 3285 1884 3350 C
1920 3286 2316 3342 Perversissimi
2355 3287 2619 3358 siquidem
2668 3287 2827 3357 hujus
2862 3288 3029 3343 moris
3058 3285 3511 3357 locupletissimus

242 3373 546 3439 invocabant,
577 3377 651 3432 ad
689 3393 876 3432 corum
907 3362 1162 3448 imagines
1188 3377 1580 3448 supplicabant,
1614 3379 1809 3450 implo-

241 3467 401 3522 rabant
445 3468 690 3539 ipSurum
729 3467 1062 3531 daantonem,
1101 3483 1165 3523 ac
1205 3473 1370 3524 tutius
1397 3469 1501 3524 illis
1530 3480 1672 3536 erat,
1717 3485 1813 3542 per

240 3554 381 3622 lovis,
410 3577 566 3633 quam
601 3564 745 3629 regis
770 3564 853 3618 sui
881 3565 1096 3632 genium
1123 3565 1331 3633 jurare.

300 3650 367 3705 De
391 3652 655 3709 scelerata
697 3653 783 3707 illa
810 3653 1139 3719 adulatione,
1169 3667 1271 3723 qua
1302 3662 1543 3709 mortuos
1574 3653 1811 3726 Impera-

240 3749 365 3798 tores
382 3759 504 3802 suos
527 3747 755 3801 Romani
778 3746 1000 3802 deorum
1023 3762 1251 3802 numero
1272 3746 1672 3814 adscribebant,
1698 3749 1813 3807 haec

242 3837 359 3901 apud
382 3837 645 3894 Iustinum
673 3840 963 3912 Martyrem
988 3840 1212 3911 legimus
1238 3858 1252 3894 :
1281 3844 1384 3896 Καὶ
1406 3846 1811 3915 τίνᾰράττοθννῖσο

244 3953 384 3990 una
409 3934 518 4003 παρ’
539 3937 654 4000 ὑμῖν
682 3937 1037 4004 actitauit-apag
1066 3938 1518 4002 ἀπανανεντίζοσθιι
1543 3941 1807 4003 ἀειαῢντες,

246 4025 315 4074 ui
342 4027 534 4092 apem
559 4029 671 4081 τινὰ
699 4031 925 4097 «poi-[res
949 4032 1208 4096 ἓωρακξνσιι
1240 4034 1292 4082 ἐκ
1318 4042 1403 4088 τίς
1430 4036 1581 4100 πυρᾶς
1615 4035 1814 4101 ἀνερχό-

250 4138 361 4182 pem
375 4122 435 4181 εἰς
455 4129 532 4175 τόν
552 4124 746 4191 eam»
768 4125 850 4176 τὸν
874 4128 1178 4177 κατακαέντα
1196 4119 1441 4192 Καίσαρα.
1478 4140 1496 4174 ι
1528 4121 1813 4178 Mori-otes

256 4210 368 4274 apud
404 4227 493 4267 vos
536 4212 897 4277 Imperatores
938 4228 1154 4282 semper
1198 4213 1583 4270 immortalitati
1621 4229 1813 4271 conse-

268 4302 719 4372 crarediguamini,
764 4303 1123 4374 producentes
1151 4305 1456 4375 quempiam
1476 4314 1495 4369 ‘,
1537 4305 1628 4373 qui
1663 4306 1812 4376 jure-

278 4385 454 4452 lnmdo
490 4397 773 4452 conﬁrmet
815 4395 1013 4452 vidisse
1055 4412 1117 4452 se.
1154 4411 1186 4452 e
1223 4411 1354 4467 rogo
1396 4398 1449 4452 in
1492 4399 1686 4455 coelum
1727 4415 1813 4457 as-

284 4480 464 4537 cendere
481 4487 748 4544 ardente-ru
774 4486 1069 4543 Caesarem.
1103 4507 1122 4541 ι
1159 4488 1346 4543 I’ostea
1374 4504 1543 4546 vero:
1577 4509 1597 4543 ι
1635 4491 1698 4545 Et
1721 4492 1811 4559 qui

274 4572 391 4639 apud
425 4591 501 4629 vos
536 4583 874 4645 moriuntur,
912 4581 1300 4647 lmperaturnm
1346 4582 1602 4653 imagines
1642 4584 1812 4640 l‘mma

1919 3378 2071 3434 testis
2097 3380 2251 3435 nobis
2280 3389 2364 3434 est
2390 3381 2666 3451 Apuleius.
2698 3378 2833 3434 Cum
2862 3380 3005 3434 enim
3030 3379 3369 3450 Magistratus
3392 3377 3511 3431 Itur-

1916 3472 2158 3526 tulanum
2183 3471 2468 3542 quemdam
2496 3482 2824 3543 qumrerent,
2851 3483 3012 3544 atque
3037 3473 3126 3529 ubi
3152 3482 3297 3529 esset
3318 3473 3511 3528 sciscio

1917 3571 2160 3619 tarcntur
2187 3580 2203 3618 :
2246 3581 2267 3616 ι
2304 3563 2592 3624 Militones.
2624 3566 2816 3635 inquit,
2845 3566 2918 3621 ibi
2950 3582 3048 3621 nec
3076 3567 3285 3638 uspiam
3314 3565 3509 3622 delite-

1915 3669 2067 3712 scere
2105 3655 2418 3727 adjurantes
2441 3697 2457 3725 ,
2498 3658 2713 3727 genium
2758 3660 3015 3730 principis
3051 3659 3449 3716 contendi-bant
3484 3681 3502 3711 ι

1913 3745 2150 3821 (Apulei.
2189 3748 2288 3805 lih.
2337 3764 2391 3805 ιι
2413 3790 2429 3816 ,
2466 3749 2805 3824 Metamorph.
2852 3751 2954 3808 sub
2985 3753 3126 3821 lim).
3158 3752 3397 3823 Caligula
3427 3751 3508 3805 in-

1914 3856 2079 3912 super
2098 3842 2319 3909 multos,
2347 3843 2610 3899 Suetonio
2637 3855 2792 3912 teste,
2814 3845 3070 3915 gravibus
3091 3846 3265 3916 pomis
3288 3844 3464 3899 atl‘ecit
3492 3861 3505 3898 :

1920 3950 1941 3985 ι
1983 3934 2461 4009 (ιιιιιάἭιιιιιιιιιιιειηι
2502 3951 2600 4006 per
2635 3937 2850 4008 genium
2895 3951 3050 3991 suum
3101 3934 3436 4001 deierassent
3482 3958 3502 3988 ι

1913 4023 2115 4097 (Suet.,
2148 4026 2240 4081 lib.
2270 4042 2342 4083 tv.
2377 4026 2405 4098 ᾗ
2432 4026 2559 4100 27).
2598 4027 2857 4098 Denique,
2882 4034 2940 4081 ut
2979 4027 3125 4095 plura
3166 4026 3512 4088 omittamus,

1917 4128 2097 4172 narrat
2125 4117 2522 4185 Tertulliauus,
2563 4119 2900 4191 perduelles.
2944 4119 3091 4189 quia
3131 4116 3298 4173 Cassii
3337 4126 3390 4172 et
3419 4118 3509 4171 Al-

1914 4211 2024 4267 bini
2070 4211 2311 4281 partibus
2336 4210 2588 4276 stabant,
2623 4227 2719 4280 per
2754 4210 2940 4279 geniOs
2972 4210 3243 4280 pejorasse
3271 4207 3510 4280 Impera-

1915 4310 2090 4357 torum
2136 4302 2516 4375 (Tertullian.,
2564 4303 2854 4372 Apologet.,
2896 4317 3018 4373 cap.
3058 4303 3169 4372 55,
3210 4313 3265 4359 et
3307 4302 3398 4358 lib.
3440 4305 3510 4358 ad

1917 4392 2159 4463 Scapul..
2189 4395 2399 4460 σθω-2,
2433 4409 2553 4466 pag.
2581 4393 2712 4467 85).

1988 4482 2098 4541 Sed
2129 4484 2349 4555 impium
2379 4485 2511 4541 illud
2537 4483 2915 4557 jusjurandum
2950 4483 3241 4542 Christiani
3277 4486 3519 4544 detesta-
3584 4521 3588 4524 ι

1917 4578 2132 4634 bantur.
2158 4579 2522 4645 Quamobrem
2549 4580 2894 4654 Polycarpus.
2919 4578 3372 4652 quemadmodum
3396 4582 3515 4637 aie-

267 4659 349 4716 5313
369 4676 687 4728 otiosecratis.
729 4683 787 4728 et
824 4673 958 4728 deos
988 4673 1420 4743 inscriptionibus
1463 4677 1750 4733 nominatis
1788 4695 1806 4730 ι
1837 4679 1892 4740 Ι)
1919 4675 2011 4730 bat
2036 4673 2321 4742 Eusebius,
2347 4691 2638 4747 numquam
2665 4690 2693 4728 a
2725 4686 2953 4748 tyranno
2976 4675 3094 4745 cogi
3124 4675 3313 4743 potuit.
3342 4684 3398 4728 ut
3419 4689 3515 4743 per

260 4753 483 4823 (lusum,
524 4776 764 4834 martyr.,
800 4766 1017 4836 Apolog.
1050 4781 1108 4832 ι,
1143 4780 1262 4835 pag.
1295 4765 1521 4839 67-90).
1565 4767 1670 4823 Sed
1702 4768 1815 4823 hare

260 4847 397 4916 impia
435 4852 814 4924 lmperatornm
855 4857 1219 4912 Romanorum
1264 4859 1575 4926 apotheosis
1615 4860 1814 4914 nemini

257 4938 409 5006 1⁵³³⁸⁵6.
443 4947 535 5014 Qui
559 4951 637 5003 vel
667 4949 997 5020 primoribus
1026 4950 1189 5004 labris
1217 4949 1448 5019 aliquam
1480 4952 1691 5006 illorum
1735 4951 1817 5007 hi-

255 5036 452 5090 smriatn
490 5043 740 5112 attigerit.
774 5042 1046 5113 ineognita
1082 5058 1204 5098 esse
1234 5052 1427 5109 potest.
1472 5043 1588 5099 Noti
1631 5044 1703 5098 ibi
1734 5055 1816 5100 ta-

254 5139 363 5181 men
387 5139 531 5186 stetit
561 5154 779 5206 prorsus
815 5137 1127 5192 detestanda
1165 5138 1504 5195 ethnicorum
1543 5139 1813 5202 adulatio,

256 5219 338 5272 sed
365 5221 541 5278 iisdem
568 5233 679 5284 suis
708 5230 1148 5299 lmperatoribus,
1177 5231 1352 5286 adhuc
1383 5232 1538 5296 vivis.
1573 5233 1644 5287 uti
1670 5231 1818 5287 .lnlio

257 5306 436 5367 Cmfi
459 5358 477 5381 ν
515 5318 797 5378 Octaviano
828 5326 1067 5395 Angusto
1089 5364 1105 5388 ,
1139 5324 1398 5392 aliisque,
1438 5333 1820 5381 exstruxerunt

262 5405 477 5470 ιθπψιςι,
509 5422 555 5465 et
587 5428 738 5480 aras,
778 5424 939 5485 atque
969 5415 1278 5471 sacerdotes
1305 5425 1622 5470 creaverunt
1653 5415 1821 5488 (Sne-

269 5501 386 5564 ton.,
408 5499 461 5553 in
495 5500 595 5561 Vita
616 5508 746 5565 .lnlii
767 5510 923 5575 Cres,
950 5515 978 5581 ᾗ
1003 5509 1092 5573 76;
1118 5520 1169 5564 et
1192 5510 1245 5563 in
1279 5507 1391 5562 Vita
1411 5509 1648 5579 August”
1676 5509 1816 5581 §52.

272 5586 465 5647 Cornel.
495 5592 671 5664 Tacit..
704 5604 794 5657 lib’.
828 5620 906 5671 ιιι,
941 5603 1158 5668 Αιιιιαι.,
1181 5601 1314 5657 circ.
1349 5600 1541 5673 nted.).

330 5682 465 5739 Suos
494 5702 651 5749 autem
678 5696 1034 5769 Imperatores
1066 5695 1244 5751 adhuc
1276 5696 1518 5751 viventes
1538 5739 1552 5761 ,
1586 5703 1678 5750 aut
1704 5704 1827 5763 post

272 5787 511 5863 W‘c'l'i
538 5785 652 5842 deus
687 5809 712 5843 ει
755 5808 814 5848 se
858 5791 1230 5856 renuntiams,
1277 5792 1444 5861 magis
1482 5789 1826 5856 verebantur,

279 5878 427 5928 mum
473 5877 796 5947 antiquiores.
842 5887 1112 5955 longoque
1150 5884 1258 5951 jam
1300 5900 1328 5937 a
1367 5875 1609 5950 tempore
1649 5897 1678 5935 ιι
1717 5886 1831 5937 suis

1918 4768 2148 4824 Cmsaris
2174 4771 2386 4839 genium
2412 4770 2623 4841 juraret
2650 4769 2671 4845 (
2697 4769 2917 4827 Euseb..
2942 4769 3035 4824 lib.
3070 4785 3145 4832 tv,
3182 4768 3315 4823 Hist.
3342 4766 3514 4836 Ech,

1918 4876 2041 4930 cap.
2075 4864 2166 4928 15,
2193 4880 2313 4936 pag.
2349 4865 2441 4919 151
2475 4875 2531 4920 et
2558 4881 2708 4935 seqq.
2732 4863 2775 4936 ).
2800 4863 2905 4918 Alii
2934 4878 3060 4917 vero
3080 4862 3388 4927 Christiani,
3418 4863 3501 4916 sic

1920 4955 1995 5008 uti
2026 4953 2165 5010 idem
2189 4955 2555 5011 'l‘ertulliauus
2593 4965 2841 5022 testatur,
2884 4952 3202 5022 irreligiosi,
3229 4968 3294 5007 ac
3333 4954 3515 5024 populi

1922 5045 2105 5101 hostes
2150 5059 2434 5118 propterea
2483 5046 2799 5118 proclamati
2845 5054 3003 5110 sunt,
3051 5044 3193 5116 quod
3238 5043 3512 5101 Caesarum

1921 5141 2181 5209 imagines
2212 5139 2573 5209 repropitiari,
2608 5154 2909 5209 eorumque
2936 5138 3122 5209 genios
3145 5138 3389 5209 dejerarc
3419 5138 3517 5195 de.

1923 5233 2288 5288 trectaverint.
2331 5231 2437 5287 Sed
2481 5233 2548 5287 de
2586 5231 2916 5287 Tertulliano
2954 5232 3131 5288 adhuc
3168 5231 3369 5299 aliquid
3415 5247 3516 5287 suo

1922 5325 2044 5381 loco
2068 5324 2350 5380 dicendum
2374 5323 2739 5397 (Tcrtnllian.,
2768 5325 3056 5396 Apologct.,
3081 5339 3201 5396 cap.
3227 5322 3318 5391 52,
3343 5340 3396 5395 p.
3421 5325 3514 5391 51,

1923 5428 1978 5473 et
2004 5417 2097 5471 lib.
2129 5433 2164 5480 ι,
2193 5417 2261 5470 ad
2291 5414 2534 5480 Narium,
2561 5430 2679 5485 cap.
2712 5416 2799 5481 17,
2833 5431 2950 5485 pag.
2977 5416 3037 5471 6|
3071 5416 3113 5489 ).

1994 5508 2246 5564 Nonnulli
2299 5523 2461 5578 porro
2518 5524 2546 5562 a
2598 5507 2753 5563 nobis
2809 5505 3053 5563 forlas~is
3098 5508 3367 5582 inqttirenl
3425 5523 3521 5564 cur

1923 5601 2183 5659 Minucius
2212 5610 2316 5655 tam
2345 5600 2680 5657 conﬁdenter
2708 5598 3016 5671 proountiet
3043 5599 3322 5666 ethnicos,
3366 5618 3387 5652 ‹
3426 5609 3518 5656 ttt-

1929 5697 2064 5753 tius.
2106 5714 2124 5746 »
2162 5693 2245 5748 vel
2273 5699 2413 5749 sicut
2450 5695 2525 5747 ait
2559 5693 2941 5757 'l‘ertnllianos,
2977 5711 2996 5745 ι
3030 5693 3210 5758 citius,
3254 5713 3273 5747 ι
3306 5711 3401 5765 per
3426 5695 3522 5751 Jo-

1928 5788 2031 5853 vis,
2058 5802 2215 5859 quam
2242 5786 2590 5857 Imperatoris
2618 5787 2832 5859 genium
2856 5785 3068 5857 jurasse
3093 5786 3114 5860 (
3137 5786 3300 5859 idem,
3327 5788 3528 5863 Apolo-

1933 5890 2056 5949 ρει..
2093 5896 2209 5951 rap.
2238 5880 2311 5936 ‘28
2331 5880 2372 5945 ).
2421 5881 2696 5950 Duplieem
2725 5881 2902 5951 itaque
2944 5879 3209 5936 rationem
3239 5867 3347 5940 illis
3377 5881 3533 5940 dabi-
