3818 6282
316 292 414 346 551

1621 284 1706 339 DE
1746 279 2005 339 MINUCII
2045 281 2345 342 OCTAVIO
3467 304 3546 360 είῖὲ

313 421 458 462 mus.
494 405 671 460 Prima
704 414 810 469 cst,
854 416 1011 472 quam
1056 402 1418 456 Tertullianns
1452 401 1606 455 nobis
1637 401 1904 471 suggerit,
1939 397 1992 459 Λ
2019 403 2331 456 memoriam
2370 404 2579 476 (Cyrill.
2608 405 2929 470 Alexandr.,
2959 407 3050 461 lib.
3083 423 3155 476 vr,
3187 421 3337 466 contr.
3359 414 3539 487 latina,

317 500 549 570 gentiles
570 500 746 553 minus
773 496 903 549 deos
939 507 1064 547 suos
1094 493 1336 547 timuisse
1357 535 1372 558 ,
1399 508 1558 563 quam
1591 502 1915 563 praesentem

321 593 712 660 lmpera‘torum
748 593 1088 656 potestatem.
1137 584 1385 639 Secunda
1424 599 1589 650 vero,
1622 584 1743 653 quia
1773 583 1920 652 jura-

320 687 490 740 menti
524 685 629 737 Deo
655 679 899 750 praestiti,
930 680 1100 749 inquit
1131 678 1402 736 Zozimus.
1431 677 1754 733 condonatio
1781 678 1920 730 divi-

320 795 407 832 me
437 774 742 844 benignitati
771 771 1028 839 permissa
1058 783 1171 824 erat
1199 770 1467 843 (Zozim.,
1499 770 1592 823 lib.
1625 786 1677 829 v,
1717 768 1914 822 Histor.

320 872 375 926 in
409 870 495 923 tiu.
523 869 561 939 ).
606 867 703 933 Qui
748 882 876 919 vero
925 879 1019 934 per
1053 865 1266 934 genium
1314 865 1607 933 principis,
1651 862 1733 916 vel
1777 866 1826 916 in
1865 879 1924 917 re

321 965 502 1028 aliqua
537 960 759 1014 minoris
787 959 1066 1020 momenti,
1093 957 1241 1011 verbi
1268 958 1433 1025 gratia
1468 956 1795 1026 pecuniaria,
1834 970 1925 1024 pe-

321 1054 553 1126 jeiabat,
592 1053 656 1115 is,
691 1051 845 1104 sicuti
878 1050 1136 1118 Ulpiauus
1165 1049 1473 1113 annotavit,
1503 1047 1732 1102 fustibus
1759 1048 1924 1113 casti.

325 1147 437 1214 gari
477 1143 767 1212 jubebatur
805 1140 1080 1213 (Ulpian.,
1125 1141 1217 1194 lih.
1259 1156 1333 1204 ιι,
1377 1141 1516 1193 titul.
1557 1139 1625 1203 2,
1672 1140 1774 1208 lcg.
1821 1141 1922 1203 t5,

331 1240 360 1310 ᾗ
405 1239 467 1293 Si
505 1240 674 1307 quis).
730 1238 886 1290 Plura
925 1237 1012 1306 qui
1063 1235 1327 1298 voluerit,
1382 1236 1473 1288 ille
1521 1234 1677 1287 adeat
1719 1234 1926 1287 Brisso-

323 1338 499 1397 nium,
530 1331 856 1386 llausenium
891 1330 1212 1394 Trelierum,
1234 1338 1286 1383 et
1314 1329 1453 1381 alios
1483 1329 1569 1397 qui
1599 1327 1665 1381 de
1687 1337 1926 1381 veterum

326 1427 664 1496 juramcuto,
712 1432 765 1477 et
807 1421 1071 1475 Tal'tiunm
1104 1420 1192 1490 qui
1235 1420 1303 1473 dc
1340 1420 1481 1487 genii
1523 1419 1700 1478 cultu,
1733 1433 1794 1472 ac
1833 1433 1929 1487 per

338 1535 458 1573 eum
487 1516 699 1587 juraudi
733 1531 880 1570 more
909 1516 1243 1583 scripserunt
1271 1514 1558 1580 (Brisson.,
1595 1512 1686 1566 lib.
1719 1528 1831 1573 vni,
1866 1511 1930 1566 de

330 1612 727 1681 Formul..pag.
753 1610 876 1673 809;
911 1608 1169 1671 lian<en.,
1203 1607 1264 1659 de
1289 1605 1578 1659 Jurmueut.
1611 1615 1784 1672 vetcr.,
1809 1621 1926 1677 cap.

329 1705 421 1771 46;
457 1703 670 1770 'l‘at'fin.,
705 1704 766 1758 de
793 1703 940 1756 Auno
969 1700 1172 1762 δίειμι..
1204 1709 1332 1765 etc.,
1365 1715 1482 1769 cap.
1519 1697 1640 1770 15).

929 1830 1220 1871 ARTICULUS
1261 1830 1332 1868 iV.

407 1953 520 2021 Qua
553 1952 750 2006 ratione
779 1951 1041 2006 Minucius
1080 1951 1269 2005 dixerit
1298 1965 1475 2004 cruces
1499 1964 1527 2002 (ι
1555 1947 1861 2003 Christianis

849 2062 943 2099 nec
975 2045 1094 2110 coli,
1128 2061 1218 2098 nec
1251 2044 1440 2114 optari.

408 2159 660 2216 Octavius
693 2158 759 2212 ad
791 2158 1079 2212 εοοιιιιάτιηι
1111 2155 1313 2212 Caecilii
1347 2157 1412 2211 de
1441 2157 1615 2210 crucis
1653 2157 1798 2210 cultu
1839 2156 1933 2210 ob-

333 2254 694 2326 jurgationcm
725 2251 933 2306 duobus
964 2265 1174 2320 quoque
1221 2249 1394 2303 modis
1426 2249 1730 2318 reSpondet.
1767 2248 1924 2302 Prius

343 2360 522 2403 autem
557 2347 697 2400 illius
724 2360 1039 2414 responsum
1072 2343 1154 2396 his
1184 2359 1287 2398 nec
1320 2343 1561 2411 plurilms
1583 2341 1761 2396 verbis
1788 2358 1934 2396 com-

342 2439 696 2511 preheuditur
731 2457 743 2492 :
784 2456 800 2487 (
838 2437 1036 2491 Cruces
1065 2451 1165 2490 nec
1193 2437 1440 2499 colimus,
1477 2451 1574 2488 nec
1604 2443 1868 2504 opt-unus.
1909 2453 1928 2486 ι

343 2533 448 2590 Sed
483 2534 533 2587 id
572 2548 679 2602 quo
711 2531 927 2585 brevius
949 2572 961 2592 ,
1011 2545 1077 2584 eo
1122 2530 1400 2582 obscurius
1431 2527 1613 2582 multis
1643 2528 1932 2582 videbitur.

343 2627 495 2681 Itane
542 2640 668 2679 vero
713 2623 1040 2683 Christiani,
1086 2622 1326 2691 inqnics,
1373 2636 1472 2676 nec
1517 2621 1682 2691 ipsam
1722 2621 1934 2690 quidem

342 2718 538 2773 Christi
581 2732 793 2772 crucem
823 2759 836 2778 ,
881 2730 981 2770 nec
1021 2716 1186 2768 ullam
1227 2729 1450 2785 prorsus
1488 2719 1606 2781 ejus
1651 2715 1934 2781 imaginem

343 2812 593 2866 colebant
618 2810 640 2862 ?
670 2809 859 2864 Nonne
898 2824 1026 2862 crux
1072 2809 1270 2861 Christi
1315 2824 1344 2861 a
1384 2806 1584 2878 Cyrillu
1627 2807 1937 2877 Hieroson-

339 2906 544 2958 mitano
577 2911 816 2965 vocatur,
856 2921 872 2952 ι
913 2912 964 2955 τὸ
1006 2917 1235 2972 amr/pm
1262 2907 1345 2954 τεῦ
1377 2907 1578 2968 σταυροῦ
1605 2905 1756 2962 eam,
1790 2899 1936 2952 salu-

345 3003 461 3048 tare
489 2995 663 3048 crucis
694 2995 890 3063 lignum
916 3010 928 3056 ;
959 3002 1011 3045 ct
1041 2994 1269 3045 Eusebio
1291 3034 1304 3054 ,
1337 3015 1563 3059 sor-.pm
1591 2994 1784 3056 σημεῖον
1805 3029 1818 3051 ,
1855 3002 1939 3040 sa-

341 3087 516 3139 lutare
539 3089 771 3155 signum,
803 3073 1031 3156 σωῖνζριζν
1059 3088 1139 3138 xxi
1169 3086 1419 3150 ξωςττειὸ-ι,
1454 3083 1686 3134 salutare
1717 3097 1777 3134 ac
1808 3082 1939 3132 vivi-

2028 509 2146 565 pag.
2186 495 2286 550 —l9.-t
2317 506 2372 550 et
2399 497 2599 569 seqq.).
2634 499 2765 564 Quis
2795 508 2970 555 autem
2998 501 3202 558 dubitet
3232 503 3372 576 longe
3395 515 3551 582 aquius

2019 588 2322 659 justiusque
2361 605 2482 644 esse
2519 591 2678 661 hujus
2717 593 2966 647 salutaris
2992 595 3171 663 signi,
3209 612 3352 666 quam
3382 601 3554 661 horren-

2026 683 2217 736 dormn
2263 699 2326 738 ac
2357 685 2788 754 turpissimorum
2820 685 3136 755 flagitiorum
3169 703 3196 741 a
3226 689 3321 744 diis
3345 693 3553 753 admisso-

2029 790 2146 829 rum
2181 774 2421 845 depictas
2458 777 2508 830 in
2534 777 2825 847 parietibus
2853 780 3030 832 colere
3061 780 3350 844 imagines?

2099 865 2202 921 Sed
2244 869 2288 922 si
2329 883 2417 922 res
2452 869 2521 921 ita
2554 885 2613 923 se
2645 870 2925 927 habuerit.
2969 887 3070 941 qua
3115 871 3360 928 Minucius
3399 879 3558 940 ratione

2033 959 2216 1014 diccre
2247 963 2416 1028 potuit
2445 978 2456 1013 :
2491 978 2509 1010 ι
2539 961 2739 1014 Cruces
2769 978 2867 1015 nec
2889 963 3139 1026 colimus,
3171 979 3267 1018 nec
3293 976 3516 1034 optamus.
3544 995 3556 1025 ι

2031 1051 2255 1118 Quidam
2301 1061 2477 1105 autem
2520 1052 2658 1105 male
2702 1053 2773 1107 ibi
2817 1052 3062 1121 legerunt
3111 1072 3128 1102 ι
3181 1072 3401 1112 oranms,
3434 1079 3449 1112 ι
3487 1063 3561 1121 Alii

2033 1143 2266 1195 auctoris
2299 1145 2465 1196 nostri
2497 1157 2715 1197 sensum
2760 1154 3098 1213 perspectum
3129 1147 3256 1198 satis
3286 1162 3380 1200 non
3409 1151 3561 1208 baltei;-

2036 1244 2115 1288 tes
2142 1277 2155 1297 ,
2202 1235 2581 1305 corrigendum
2621 1245 2985 1300 censuerunt,
3021 1246 3076 1290 ct
3105 1253 3287 1292 revera
3315 1242 3454 1295 scribi
3488 1261 3563 1296 γη-

2034 1329 2247 1382 luerunt
2273 1371 2288 1392 ,
2329 1347 2346 1378 ε
2387 1330 2692 1382 horremus.
2735 1347 2752 1380 ι
2790 1328 2896 1384 Sed
2939 1329 3050 1382 lucc
3091 1332 3269 1384 omnia
3310 1344 3471 1388 contra
3502 1353 3564 1391 ce-

2034 1420 2169 1474 dit-is
2198 1423 2544 1488 manuscripti
2581 1420 2760 1484 tidem,
2791 1435 2888 1474 nec.
2919 1421 3128 1474 meliori
3157 1437 3335 1476 sensu.

2106 1513 2242 1582 Quid
2285 1515 2466 1583 igitur,
2509 1514 2748 1584 inquies,
2783 1514 3046 1568 Minucius
3077 1516 3176 1570 sibi
3208 1519 3361 1572 voluit
3389 1520 3458 1575 bis
3483 1540 3566 1579 vcr-

2035 1607 2117 1662 bis
2150 1624 2162 1659 :
2194 1625 2211 1656 σ
2245 1605 2448 1661 Cruces
2477 1622 2576 1661 nec
2606 1607 2852 1671 colimus,
2881 1623 2979 1661 nec.
3009 1617 3277 1677 optamus,
3319 1631 3335 1661 ι
3367 1625 3443 1665 aut
3466 1631 3565 1683 quo-

2038 1698 2199 1752 modo
2229 1715 2288 1750 ea
2333 1708 2556 1768 possunt
2598 1699 2891 1767 explicari?
2935 1698 3156 1753 Certum
3200 1712 3368 1754 autem
3411 1706 3566 1760 videtur

1961 1793 2010 1851 B
2041 1791 2128 1845 illa
2157 1809 2259 1845 non
2293 1791 2359 1846 de
2392 1793 2508 1860 ipso
2539 1807 2666 1846 vero
2695 1793 2872 1847 crucis
2897 1792 3100 1846 Christi
3146 1795 3322 1863 stipite
3357 1805 3404 1850 et
3440 1797 3566 1868 ligno,

2038 1883 2104 1937 de
2130 1899 2237 1953 quo
2261 1883 2370 1950 jam
2399 1885 2544 1938 citati
2577 1899 2606 1936 a
2637 1884 2792 1939 nobis
2821 1885 3144 1938 Ambro~ins
3173 1895 3227 1938 et
3277 1887 3568 1960 Hieronymus

2037 1977 2332 2046 loquuntur
2357 2018 2371 2040 ,
2415 1992 2575 2046 posse
2607 1977 2855 2047 intelligi.
2889 1977 3040 2031 Illius
3077 1979 3350 2033 enimvero
3388 1991 3569 2054 tempore

2036 2086 2161 2123 vera
2207 2070 2294 2124 illa
2323 2085 2460 2123 crux
2493 2069 2707 2123 Domini
2737 2071 2806 2122 ab
2831 2069 3033 2124 Helena
3061 2111 3074 2135 ,
3107 2070 3421 2126 Constantini
3444 2074 3566 2145 Magni

2037 2172 2228 2228 matre,
2262 2163 2496 2218 nondum
2527 2173 2736 2232 reperta
2768 2161 2964 2218 fuerat.

2111 2256 2450 2324 Quapropter
2481 2257 2549 2310 ibi
2595 2257 2677 2309 vel
2709 2255 2777 2309 de
2812 2255 2969 2325 hujus
3001 2269 3169 2310 sacrm
3199 2256 3364 2309 crucis
3391 2259 3513 2325 signo
3533 2271 3570 2314 et

2041 2350 2293 2418 imagine,
2323 2350 2408 2403 vel
2438 2349 2505 2402 de
2533 2348 2763 2402 aliorum
2796 2349 3188 2403 sceleratorum
3219 2349 3465 2402 hominum
3490 2367 3570 2404 cru.

2040 2444 2192 2497 cibus
2236 2441 2589 2510 proculdubio
2639 2442 2896 2512 loquitur.
2949 2446 3112 2511 Atqui
3162 2443 3260 2496 hoc
3303 2444 3569 2499 secundosi-

2040 2534 2293 2605 gniticatn
2326 2534 2484 2588 verba
2517 2534 2636 2602 ejus
2667 2550 2826 2603 posse
2861 2535 3032 2603 accipi
3078 2534 3202 2588 inde
3234 2534 3364 2588 haud
3401 2539 3572 2592 absurde

2041 2627 2160 2696 quis
2188 2625 2405 2695 colliget
2427 2667 2441 2690 ,
2485 2625 2626 2694 quod
2657 2626 2792 2679 sicut.
2828 2645 2846 2676 ‹
2881 2625 3116 2690 ethnici,
3174 2644 3192 2677 ο
3225 2635 3349 2680 teste
3376 2625 3571 2697 Origene,

2048 2737 2066 2769 ι
2105 2721 2344 2788 legentes
2381 2737 2399 2768 ι
2435 2718 2637 2771 Christi
2665 2717 2968 2783 historiam,
3001 2719 3209 2787 opinati
3239 2728 3348 2773 sunt
3377 2718 3571 2774 Cliristia.

2043 2825 2142 2864 nos
2179 2810 2428 2863 omnibus
2462 2810 2512 2862 in
2557 2825 2775 2863 crncrm
2819 2812 2952 2863 actis
2996 2812 3230 2874 aliqu-un
3272 2811 3571 2867 exhiberem-

2044 2905 2412 2966 ncrationcm;
2454 2901 2523 2954 ita
2565 2901 2726 2954 etiam
2759 2901 2894 2954 l'also
2926 2902 3299 2965 crediderunt,
3335 2904 3436 2954 illos
3461 2918 3572 2970 qia-.5-

2045 2994 2167 3046 libct
2211 3007 2400 3046 cruccs
2444 2992 2682 3044 revereri
2729 2991 3008 3061 (Oi-igran
3057 2993 3150 3044 lib.
3190 3009 3250 3054 ιι,
3293 3002 3431 3046 contr.
3459 2994 3565 3054 (fcis,

2043 3100 2161 3155 pag.
2197 3084 2326 3155 87).
2365 3085 2498 3137 llnic
2542 3094 2720 3138 autctn
2763 3085 3119 3152 explicatioui
3152 3085 3322 3139 I‘avcre
3349 3087 3515 3139 videtur
3534 3096 3568 3140 et

346 3181 503 3232 ticum
531 3220 544 3242 ,
584 3190 742 3248 atque
781 3180 940 3231 etiam
966 3220 980 3242 ,
1025 3193 1249 3247 σωττ’ριεν
1283 3178 1508 3243 τρεπαῖον
1530 3215 1542 3236 ,
1574 3171 1803 3226 salutare
1833 3180 1912 3224 tro

2049 3175 2242 3230 Cmcilii
2285 3175 2626 3244 redargutio,
2669 3185 2720 3229 et
2763 3175 2975 3230 Minucii
3025 3192 3356 3246 responsura.
3399 3177 3567 3247 Uterque

343 3272 558 3341 plurium
580 3315 594 3335 ,
649 3292 666 3323 ι
711 3272 970 3324 Romana:
1002 3271 1147 3323 urbis
1170 3310 1181 3331 ,
1233 3270 1475 3335 imperii,
1509 3283 1572 3321 ac
1603 3269 1764 3321 totius
1791 3267 1941 3320 orbis

356 3365 661 3431 pt':l?.~iditltlt
685 3404 699 3422 .
733 3363 885 3429 cujus
917 3361 1150 3413 divinant
1184 3361 1472 3428 potentiam
1504 3359 1740 3414 Licinias
1771 3361 1942 3428 Impe—

347 3466 496 3508 rator
525 3457 771 3509 ctlmicns
803 3456 1059 3523 agnovit?
1089 3455 1310 3525 (Cyrill.
1345 3454 1632 3514 llicrosol.,
1665 3453 1838 3522 Epist.
1873 3456 1941 3505 ad

349 3549 594 3602 Constan.
645 3547 921 3616 Imperat,
972 3562 1090 3616 pag.
1138 3545 1307 3615 247.)
1351 3546 1479 3613 Quis
1513 3557 1691 3599 autem
1739 3545 1943 3598 dubitat

349 3643 455 3695 tale
485 3642 660 3694 crucis
689 3641 898 3710 signum
934 3656 962 3692 a
994 3640 1304 3693 cbristiauis
1334 3641 1551 3693 sincero
1589 3638 1734 3691 cultu
1770 3637 1942 3689 hono-

346 3735 563 3789 rannn?
609 3735 662 3787 Si
707 3735 825 3802 quis
868 3745 1041 3788 tamen
1087 3734 1422 3798 relnctetur,
1467 3735 1510 3786 is
1553 3733 1734 3787 audiat
1774 3732 1945 3786 Euse-

347 3827 494 3879 bium
524 3867 537 3889 ,
582 3827 668 3895 qni
700 3825 1112 3880 Constantinum
1155 3826 1401 3895 Magnum
1445 3825 1670 3879 summis
1700 3824 1946 3878 laudibus

345 3918 472 3972 ideo
501 3919 742 3978 extollit,
783 3919 905 3988 quia
947 3918 1294 3987 triumphale,
1340 3919 1414 3972 uti
1447 3918 1539 3981 ait,
1576 3915 1944 3992 illudgsignum

347 4010 514 4066 coluit
539 4020 594 4067 τὸ
621 4022 861 4064 νικοπθιὸν
894 4019 1038 4078 ἐτίμα
1065 4016 1259 4079 σημεῖον
1285 4052 1298 4073 ,
1332 4011 1382 4064 in
1427 4026 1529 4078 quo
1558 4009 1664 4063 vim
1702 4009 1948 4063 divinita-

349 4109 420 4162 tis
474 4117 528 4161 et
581 4119 910 4162 memoratos
953 4109 1021 4162 ibi
1071 4109 1138 4160 ab
1167 4107 1356 4161 eodem
1399 4105 1635 4160 Eusebio
1676 4104 1947 4160 mirabiles

348 4201 573 4255 etiectus
600 4242 614 4265 ,
662 4201 860 4269 saapius
905 4209 1158 4268 expertus
1201 4202 1370 4254 fuerat
1399 4198 1646 4270 (liuseb.,
1679 4198 1772 4250 lib.
1811 4213 1848 4262 ι,
1888 4199 1950 4251 de

357 4293 473 4347 Vim
501 4291 788 4357 Constant.,
820 4307 938 4360 cap.
970 4293 1062 4356 51,
1097 4308 1216 4363 pag.
1251 4293 1376 4355 423;
1411 4292 1501 4344 lib.
1536 4307 1593 4356 ll,
1625 4305 1742 4358 cap.
1776 4291 1862 4350 lli,
1893 4306 1946 4358 p.

343 4387 482 4452 Mil;
514 4387 600 4439 lib.
634 4402 703 4448 tv,
737 4401 851 4454 cap.
887 4386 978 4452 21,
1019 4401 1136 4454 pag.
1177 4386 1313 4440 555:
1347 4395 1399 4439 et
1440 4386 1589 4439 Orat.
1635 4387 1698 4435 de
1725 4381 1946 4436 Laudib.

348 4479 639 4545 Constant.,
673 4494 787 4548 pag.
832 4477 932 4532 6‘27
977 4488 1032 4532 et
1062 4478 1166 4531 628
1191 4477 1232 4548 ).
1284 4477 1600 4531 Ambrosius
1641 4492 1768 4529 vero
1807 4475 1946 4529 haud

2046 3272 2188 3326 enim
2222 3285 2330 3322 non
2370 3270 2435 3322 de
2475 3283 2635 3322 cruce
2669 3268 2842 3337 aliqua
2881 3269 3252 3338 singulariter,
3293 3269 3376 3322 scd
3409 3284 3562 3337 grtiam-

2048 3364 2138 3415 tim
2164 3361 2232 3416 de
2257 3361 2511 3416 crucibus
2540 3375 2846 3414 sermonem
2876 3360 3020 3414 fecit.
3058 3362 3236 3415 Potuit
3266 3371 3419 3414 autem
3447 3361 3564 3414 iliau-

2046 3457 2163 3510 eius
2206 3465 2353 3510 recte
2383 3456 2604 3507 onmino
2636 3455 2816 3507 dicere
2844 3453 3188 3508 Christianos
3231 3455 3491 3516 hominum,
3520 3455 3564 3502 oti

2050 3550 2252 3602 Scelera
2288 3556 2462 3602 morte
2493 3547 2866 3600 damnatorum
2894 3585 2908 3609 ,
2951 3560 3145 3600 cruces
3179 3562 3274 3600 rec
3300 3547 3466 3609 colere,
3500 3559 3562 3596 llt'c

2049 3652 2255 3710 optare.

2123 3733 2177 3788 Si
2202 3733 2322 3803 quis
2347 3748 2475 3787 vero
2499 3731 2612 3786 haec
2637 3731 2804 3800 ipsius
2835 3730 2998 3785 verba
3029 3729 3104 3785 de
3139 3746 3274 3784 verae
3301 3727 3463 3782 Christi
3481 3742 3558 3780 rut-

2052 3827 2128 3880 cis
2161 3825 2481 3891 imaginibus
2511 3823 2834 3892 exponenda
2860 3839 2981 3878 esse
3009 3825 3318 3888 arbitretur,
3349 3822 3547 3888 hancpro-

2052 3918 2304 3973 culdubio
2348 3917 2684 3971 existimabit
2727 3932 2847 3972 esse
2875 3918 2996 3984 ejus
3041 3930 3280 3972 utentem
3310 3932 3365 3969 ac
3396 3926 3549 3967 SPllSittll.

2051 4007 2250 4064 Cruces
2279 4019 2368 4062 aut
2400 4009 2603 4078 ligneas
2625 4049 2639 4073 ,
2674 4019 2766 4062 aut
2805 4007 3043 4077 cujusvis
3082 4008 3316 4063 materiei
3355 4021 3437 4060 non
3468 4003 3556 4055 culi-

2052 4118 2192 4166 mus;
2217 4103 2336 4173 quia
2363 4103 2533 4170 ipsum
2560 4101 2783 4172 lignum,
2809 4110 2901 4156 aut
2921 4102 3086 4157 aliam
3117 4102 3335 4157 similem
3360 4095 3558 4152 materiam

2053 4213 2158 4251 non
2191 4198 2536 4256 honoramns,
2570 4196 2663 4251 scd
2711 4213 2928 4251 crucem
2964 4197 3220 4264 videndo,
3265 4210 3446 4250 omnem
3479 4205 3559 4244 nos-

2055 4303 2192 4347 trum
2225 4294 2444 4356 cultum,
2483 4292 2546 4346 ad
2584 4294 2898 4362 ipsummet,
2947 4295 3036 4362 qui
3084 4294 3134 4347 in
3176 4307 3326 4346 cruce
3353 4285 3558 4359 pependit.

2051 4387 2321 4441 Christinn
2365 4387 2668 4440 referimus.
2713 4386 2823 4442 Nec
2867 4384 3159 4457 explicatio
3199 4387 3281 4440 illa
3324 4379 3560 4449 quibusdam

2055 4477 2215 4530 nimis
2255 4477 2486 4531 violenta
2525 4477 2853 4532 censebitur.
2886 4478 3201 4532 Ambrosius
3226 4477 3476 4530 enimvero.
3503 4465 3560 4534 qui

348 4571 660 4626 dubitanter
713 4574 1022 4638 pronuntiat
1071 4568 1268 4621 Christi
1323 4582 1540 4622 erucem
1587 4568 1653 4621 ab
1708 4569 1904 4622 Helena
1930 4611 1945 4637 ,
1975 4576 2027 4634 D
2054 4584 2235 4623 veram
2263 4583 2477 4623 crucem
2507 4567 2706 4622 Christi
2731 4611 2745 4634 ,
2777 4569 2852 4622 ttti
2881 4569 3281 4624 observavimus
3302 4607 3315 4632 ,
3342 4571 3385 4618 in
3411 4559 3558 4629 regibus

349 4664 594 4733 ejusdem
640 4661 973 4715 Constantini
1005 4672 1213 4724 matre,
1260 4660 1313 4712 in
1356 4662 1529 4728 capite
1571 4675 1757 4729 regum
1798 4661 1942 4714 loca-

350 4766 459 4810 tam
490 4797 502 4819 ,
553 4773 571 4804 ‹
611 4762 667 4806 ut
698 4752 749 4805 in
781 4752 994 4817 regibus
1025 4750 1279 4804 adoretur
1317 4769 1334 4800 ι
1371 4750 1680 4821 (Ambros,
1715 4762 1850 4806 orat.
1884 4755 1947 4807 de

355 4848 489 4901 Obit.
531 4844 810 4904 Tlteodos.,
854 4841 1005 4914 μϐ,
1042 4855 1160 4910 pag.
1196 4841 1325 4895 1211
1433 4842 1790 4912 Hieronymus
1819 4859 1946 4898 vero

351 4941 427 4993 ait
455 4938 667 4992 l’aulam
703 4955 721 4985 ι
761 4944 1083 5006 prostratam
1115 4945 1242 4988 ante
1261 4949 1498 4998 erucem,
1529 4935 1678 5002 quasi
1704 4934 1944 5002 penden-

350 5040 461 5087 tem
497 5030 777 5082 Domiutnn
801 5038 1067 5091 cerneret,
1100 5025 1355 5082 adorasse
1394 5047 1411 5077 )
1447 5025 1466 5097 (
1498 5025 1743 5093 liieron.,
1768 5028 1941 5098 Epist.

350 5126 440 5192 86,
477 5142 568 5181 seu
604 5124 848 5192 Epitaplt.
885 5120 1085 5182 Punite,
1119 5137 1235 5191 pag.
1272 5120 1437 5192 675).

421 5221 556 5288 Quid
583 5220 760 5290 plura?
775 5217 1018 5271 Julianus
1037 5223 1291 5287 Apostata
1310 5217 1667 5283 Christianos,
1691 5215 1942 5286 quemad-

349 5317 568 5371 modum
600 5311 871 5375 Ca:cilius,
903 5309 1221 5379 objurgabat
1251 5310 1390 5380 quod
1421 5311 1633 5366 coalitus
1661 5311 1939 5379 delapsum

342 5407 492 5462 Jovis
520 5421 582 5459 ac
605 5403 788 5458 Martis
815 5404 1059 5473 clypeum
1095 5402 1380 5458 irridentes
1406 5418 1469 5458 ac
1496 5410 1932 5465 contemnentes,

341 5501 519 5556 erucis
547 5500 754 5568 signum
787 5496 1198 5551 venerabantur.
1235 5495 1302 5550 At
1338 5497 1411 5550 illi
1448 5494 1734 5565 respondet
1766 5491 1938 5565 Cyrilo

341 5596 422 5648 lus
445 5591 856 5656 A'exautlrinns,
876 5601 930 5648 τὸ
959 5605 1186 5665 «eripior
1213 5596 1366 5658 ξύλον,
1391 5609 1409 5642 ι
1433 5590 1668 5644 salutare
1698 5588 1898 5659 lignum
1919 5630 1933 5654 ,

342 5698 428 5745 τοῦ
457 5700 621 5757 τιμίου
648 5695 871 5761 coniugi],
909 5689 1232 5743 llOllOl‘iltttlil‘
1262 5687 1462 5750 crucis,
1504 5703 1522 5736 ι
1556 5682 1811 5738 1⁵011⁸103Γο
1843 5683 1936 5736 he-

337 5781 654 5840 neﬁeiorum
686 5785 925 5840 omnium
957 5783 1011 5839 in
1043 5797 1139 5840 nos
1162 5780 1366 5840 Christi
1396 5787 1573 5839 morte
1610 5780 1930 5834 collaturum

2049 4663 2184 4716 dixit
2209 4662 2422 4716 adorari
2449 4679 2460 4722 ;
2492 4662 2652 4732 paulo
2681 4672 2807 4716 ante
2837 4661 2905 4716 de
2935 4663 3026 4715 illa
3068 4664 3178 4732 ipsa
3209 4662 3282 4714 sic
3309 4657 3554 4723 scripserat!

2052 4755 2249 4810 Helena
2281 4773 2300 4805 ι
2341 4755 2541 4809 invenit
2571 4755 2781 4808 titulum
2820 4773 2836 4805 ι
2867 4757 3066 4819 crucis,
3103 4775 3121 4806 ι
3159 4755 3342 4824 [tegent
3367 4741 3550 4802 adoravit.

2051 4862 2156 4900 non
2185 4847 2381 4914 lignum
2419 4847 2621 4916 utique,
2653 4845 2775 4913 quia
2807 4845 2890 4899 hic
2923 4847 3134 4911 gentilis
3161 4854 3236 4900 cst
3261 4856 3410 4904 error,
3435 4844 3474 4887 ct
3496 4845 3556 4882 t3-

2052 4938 2190 4992 nilas
2221 4939 2507 5007 impiorum
2543 4955 2554 4990 :
2588 4937 2680 4990 sed
2713 4937 2955 4990 adoravit
2984 4937 3150 5003 illum,
3182 4936 3264 5006 qui
3295 4921 3504 5001 pependit
3523 4923 3556 4973 in

2051 5031 2212 5101 ligno,
2261 5030 2491 5100 scriptus
2535 5031 2584 5084 in
2631 5031 2783 5084 titulo
2821 5049 2840 5082 ι
2877 5032 3184 5102 (Ambros,
3213 5039 3338 5083 orat.
3381 5025 3431 5076 de
3461 5016 3556 5072 Obit-

2050 5124 2329 5188 Tlteodos.,
2360 5124 2386 5194 ἑ
2412 5123 2502 5189 L6,
2533 5140 2651 5194 pag.
2686 5123 2812 5178 1211

2122 5220 2320 5274 Verum
2355 5221 2397 5273 εἰ
2429 5235 2491 5273 ca
2521 5221 2588 5273 sit
2617 5221 2851 5272 auctoris
2882 5220 3049 5274 nostri
3079 5233 3244 5283 mens,
3271 5227 3364 5284 quo
3383 5210 3478 5278 jure
3493 5201 3556 5254 atl-

2043 5314 2194 5384 jecit,
2243 5333 2259 5366 ‹
2297 5329 2395 5369 nec
2431 5314 2718 5380 optamus?
2757 5332 2773 5364 ι
2805 5311 2942 5379 Quid
2973 5314 3114 5368 enim
3140 5305 3425 5365 Christianis
3445 5304 3554 5367 nplﬂ'

2039 5409 2199 5463 bilius
2220 5450 2232 5470 ,
2262 5421 2418 5478 quam
2447 5407 2622 5459 crucis
2656 5405 2855 5460 Christi
2906 5407 3090 5461 videre
3124 5404 3364 5469 efﬁgiem,
3393 5401 3461 5446 aut
3485 5400 3551 5456 Pr”

2038 5501 2255 5556 Christo
2282 5499 2460 5552 subire
2501 5499 2677 5552 crucis
2714 5499 3009 5568 supplicia?
3057 5490 3362 5564 Responderi
3409 5487 3549 5552 Imm“,

2037 5592 2255 5648 Minucii
2282 5592 2500 5644 verbum
2539 5608 2556 5641 ‹
2597 5591 2842 5652 colimus,
2881 5607 2898 5640 ι
2933 5589 2996 5642 ad
3031 5589 3172 5656 prius
3196 5578 3389 5640 t'laieilii,
3422 5568 3550 5622 ¹³⁶¹⁰⁸

2037 5684 2243 5746 ιἰὶιιὼες
2283 5701 2299 5735 ι
2333 5692 2492 5751 atque
2520 5699 2539 5731 ι
2571 5691 2838 5750 optamus,
2875 5699 2892 5733 ν
2921 5680 2985 5734 ad
3017 5698 3036 5731 ι
3069 5673 3334 5732 subeunda:
3360 5674 3542 5722 crttceSI

2039 5775 2228 5834 referri
2252 5817 2267 5843 ,
2299 5775 2368 5829 ita
2402 5783 2456 5828 ut
2489 5774 2576 5828 hic
2603 5774 2670 5828 sit
2699 5787 2888 5828 sensus
2911 5790 2931 5824 -:
2960 5770 3157 5826 Cruces
3193 5782 3286 5820 non
3324 5768 3396 5831 opt
3427 5764 3542 5807 mus,
