3818 6282
283 216 345 276 533
1612 208 2083 267 DlSSERTATlO.

3401 203 3506 259 55/;

281 331 651 407 autquzerimus;
693 328 789 386 sed
827 330 873 386 si
925 342 953 382 a
986 328 1229 401 tyrannis
1265 326 1441 398 capti,
1480 339 1573 381 eas
1612 324 1795 380 subire
1822 324 1875 385 Λ
1905 322 2088 377 volunt
2136 318 2349 394 labora)
2396 336 2416 373 ι
2454 327 2508 375 et
2538 318 2736 375 vexilla
2780 325 3110 385 castrorum,
3147 315 3275 390 quid
3317 315 3460 371 aliud
3486 357 3503 384 ,

279 429 473 500 cogimur,
509 423 711 479 lubenti
742 422 924 478 animo
954 423 1211 490 patimur,
1240 429 1296 476 ct
1335 429 1584 491 optamus
1626 418 1803 473 crucis

279 520 475 593 supplicio
501 519 662 573 vitam
698 516 872 572 finire.
918 515 1127 571 Eodem
1172 523 1355 570 autem
1397 528 1556 568 sensu
1585 512 1803 567 Tertul-

280 614 393 671 liauus
418 630 433 669 :
461 630 483 666 ι
516 611 679 666 Plane
714 609 963 663 volumus
989 609 1096 678 pati
1122 651 1138 675 ,
1168 622 1355 663 verum
1392 622 1457 661 eo
1486 621 1669 670 more,
1699 619 1805 674 quo

245 759 255 771 ,
282 720 316 765 et
330 707 488 764 bellum
516 716 679 758 nemo
699 701 822 769 quis
856 701 1051 756 lubens
1074 701 1290 771 patitur,
1314 714 1435 753 cum
1457 707 1512 753 et
1535 695 1807 767 trepidare

287 814 320 859 et
337 798 581 874 periclitari
612 811 840 852 necesse
879 797 982 861 sit;
1032 807 1208 849 tamen
1252 794 1526 864 prmliatur
1553 792 1807 846 omnibus

291 897 440 954 viribus
461 934 473 958 ,
497 904 546 945 et
570 890 791 945 vincens
822 889 874 942 in
910 889 1093 958 prsrlio
1119 887 1348 957 gaudet,
1390 886 1478 957 qui
1515 884 1583 939 de
1623 884 1808 954 pra~lio

297 988 547 1063 querebatur
579 981 967 1056 (Tertullian.,
1012 981 1300 1048 Apologet.,
1340 993 1460 1048 cap.
1502 976 1634 1049 50).
1673 996 1691 1029 ι
1742 981 1811 1031 At

300 1079 565 1138 dissimulem
603 1090 710 1129 non
759 1089 1081 1144 possumus,
1115 1072 1213 1127 hac
1230 1071 1463 1126 SOt‘llllda
1490 1073 1810 1137 interpreta-

299 1176 400 1229 tione
420 1174 505 1224 vim
532 1168 758 1238 aliquam
786 1167 1002 1221 Minucii
1039 1166 1217 1221 verbis
1244 1164 1443 1219 afferri.
1477 1165 1682 1219 Etenim
1707 1179 1810 1219 una

291 1266 519 1333 eademque
551 1278 651 1317 vox
707 1263 870 1317 simul
926 1262 1139 1331 signum
1180 1262 1457 1314 dumtaxat
1502 1260 1701 1321 crucis,
1757 1267 1813 1313 et.

283 1374 420 1414 rerum
459 1370 659 1411 crucem
710 1353 1056 1424 signiﬁcabit.
1085 1352 1221 1409 Vide
1254 1355 1415 1423 igitur
1441 1368 1546 1423 qua
1604 1352 1813 1407 ratione

281 1453 377 1511 huic
396 1450 689 1521 expositioni
716 1449 886 1504 altera
920 1449 1253 1518 praeferenda
1277 1449 1365 1502 sit.

335 1543 559 1601 (Ia-terum
601 1542 858 1612 quidquid
910 1542 979 1597 de
1024 1541 1217 1595 horum
1272 1541 1487 1595 Minucii
1530 1539 1816 1594 verborum

282 1653 406 1696 sensu
427 1633 808 1705 pronuntietur,
839 1634 1022 1702 negari
1050 1646 1196 1687 certe
1224 1648 1327 1687 non
1359 1642 1526 1697 potest
1552 1631 1815 1687 Christia-

1910 431 2068 485 quam
2100 415 2357 469 inaurata:
2384 428 2574 468 cruces
2606 421 2729 467 sunt
2758 421 2814 467 et
2842 413 3084 467 ornatur?
3122 411 3348 482 Tropaea
3387 424 3509 464 vcs-

1909 516 1989 563 tra
2020 507 2256 562 victricia
2288 521 2392 561 non
2429 514 2633 559 tantum
2664 503 2926 573 simplicis
2957 504 3133 558 crucis
3165 504 3375 564 faciem.
3407 516 3501 557 ve-

1910 615 2025 654 rum
2056 609 2108 652 et
2134 597 2278 652 aflitii
2312 597 2541 650 hominis
2572 596 2871 650 imitantur.
2903 614 2922 646 ι
2956 593 3180 649 Videtur
3201 607 3379 649 antem
3411 609 3508 648 au-

1910 702 2028 745 elor
2059 698 2245 744 noster
2277 688 2391 743 bare
2420 687 2691 742 delibasse
2721 702 2785 741 ex
2812 685 3164 749 Tcrlnlliano,
3197 689 3283 757 qui
3317 687 3506 741 eodem

1910 798 2133 853 prorsus
2176 783 2336 836 modo
2386 781 2527 835 illam
2575 781 2913 834 ethnicorum
2957 778 3024 833 de
3067 779 3214 834 cultu
3254 780 3398 834 cruci
3425 822 3440 845 ,
3481 794 3511 835 a

1909 875 2232 930 Christianis
2250 874 2509 931 exhibito.
2534 888 2724 926 vanam
2742 873 3255 943 argumentationem
3280 870 3473 927 rett-llit
3497 889 3511 925 :

1922 990 1939 1024 ι
1974 971 2074 1039 Qui
2107 975 2302 1031 crucis,
2343 987 2362 1020 ι
2397 968 2591 1038 inquit,
2624 982 2723 1022 nos
2752 984 2770 1017 ι
2811 965 3089 1033 religio~os
3120 972 3292 1034 putat,
3322 976 3515 1019 conse-

1914 1077 2144 1119 craneus
2172 1063 2275 1115 erit
2307 1071 2511 1127 noster,
2544 1075 2665 1115 cum
2696 1061 2893 1128 lignum
2921 1057 3137 1129 aliquod
3169 1057 3513 1128 prapitiatur.

1917 1155 2124 1210 Viderit
2174 1154 2427 1218 habitus,
2481 1153 2608 1207 dum
2650 1151 2889 1206 mater-ire
2928 1150 3157 1220 qualitas
3196 1148 3384 1204 eadem
3424 1149 3513 1204 sit.

1917 1248 2126 1304 Viderit
2154 1246 2322 1302 forma
2345 1290 2359 1312 ,
2390 1246 2516 1301 dum
2563 1246 2615 1299 id
2656 1246 2828 1315 ipsum
2863 1244 2957 1299 Dei
2994 1257 3193 1314 corpus
3217 1242 3304 1297 sit.
3340 1243 3406 1297 Et
3438 1249 3518 1296 ta-

1918 1358 2040 1396 men
2078 1329 2279 1411 quanto
2311 1341 2655 1410 distinguitur
2692 1353 2721 1392 a
2766 1337 2943 1393 crucis
2981 1338 3162 1406 stipite
3201 1336 3377 1391 Pallas
3418 1337 3517 1389 At-

1921 1435 2044 1496 tica,
2073 1442 2127 1488 et
2165 1434 2327 1488 Ceres
2361 1431 2573 1497 Pharia,
2606 1446 2727 1499 qua:
2756 1430 2874 1485 sine
2907 1427 3088 1500 efﬁgie
3128 1428 3247 1482 rudi
3289 1426 3431 1497 palo,
3465 1434 3521 1481 et:

1920 1524 2134 1578 informi
2174 1524 2317 1593 ligno
2354 1522 2604 1593 prostat?
2640 1522 2773 1577 Pars
2810 1521 2989 1576 cruris
3030 1530 3112 1574 est
3141 1535 3300 1575 onme
3327 1519 3516 1586 robur,

1921 1617 2063 1688 quod
2096 1626 2273 1671 erecta
2305 1616 2536 1670 statione
2562 1614 2814 1684 deligitur
2844 1630 2857 1668 :
2890 1629 2988 1668 nos
3015 1612 3058 1667 si
3087 1612 3225 1666 forte
3256 1611 3521 1681 integrum

288 1728 471 1796 nescius
497 1738 735 1797 tempore
774 1726 976 1779 cultmn
1015 1725 1248 1796 aliquem
1289 1724 1590 1779 reddidisse
1632 1725 1813 1778 Domi-

2020 1717 2184 1762 totttm
2229 1709 2394 1763 Deum
2424 1707 2674 1762 colimus.
2723 1705 2962 1760 Diximus
2992 1704 3256 1774 originem
3298 1705 3521 1757 deorum

292 1826 394 1879 nica:
420 1821 572 1874 crucis
611 1819 789 1888 signo.
839 1818 1128 1874 Frontibus
1167 1820 1362 1889 quippe
1403 1821 1513 1873 suis
1558 1817 1683 1872 illud
1716 1833 1816 1872 sar—

290 1917 452 1988 pissime
485 1914 866 1984 imponebant,
900 1914 1271 1984 virginemqne
1302 1913 1649 1967 Eustochium
1694 1910 1818 1966 [lie-

277 2024 482 2075 ronytnus
510 2005 760 2061 hortatur
793 2023 807 2060 :
843 2024 861 2057 ι
899 2006 978 2061 Ad
1005 2022 1220 2062 otnuem
1250 2016 1426 2061 actum
1452 2048 1468 2073 ,
1502 2005 1569 2059 ad
1600 2020 1815 2059 onmem

263 2101 493 2156 inaeesutn
516 2115 704 2154 manus
728 2100 906 2170 pingat
935 2100 1139 2154 Domini
1165 2114 1401 2157 crucem:
1434 2118 1453 2151 ι
1478 2108 1637 2169 atque
1656 2098 1818 2153 aliam

258 2209 446 2263 quoque
471 2194 726 2262 virginem
760 2210 773 2247 :
810 2210 829 2245 ι
864 2190 1065 2247 Crebro
1099 2194 1374 2263 signaculo
1408 2194 1582 2247 crucis
1610 2192 1819 2247 munias

252 2285 461 2340 frontem
497 2296 635 2340 luam
658 2327 673 2348 ,
704 2301 772 2340 ne
806 2286 1196 2340 exterminator
1224 2282 1442 2353 Egypti
1473 2286 1523 2338 in
1555 2293 1605 2338 te
1644 2284 1819 2338 locum

249 2380 469 2448 reperiat
489 2419 505 2444 ,
546 2380 638 2433 sed
675 2380 1029 2450 primogenita
1055 2421 1069 2444 ,
1102 2395 1219 2451 quae.
1249 2384 1390 2451 apud
1419 2379 1699 2451 .Egyptins
1731 2393 1821 2447 pe-

241 2484 417 2536 reunt,
445 2472 494 2526 in
522 2482 606 2526 tua
650 2483 834 2528 mente
868 2474 1146 2529 salventur
1181 2493 1199 2526 ι
1234 2475 1615 2547 (llieronym.,
1646 2472 1821 2541 Epist.

233 2564 318 2619 18
341 2568 407 2618 ad
428 2564 690 2633 Emtae/1.,
725 2582 844 2638 pag.
874 2567 965 2633 A6;
1001 2576 1050 2620 et
1083 2567 1249 2635 Epist.
1285 2567 1353 2622 97
1382 2567 1448 2618 ad
1475 2564 1724 2630 Demetr.,
1769 2580 1822 2633 p.

236 2656 390 2730 790)
434 2658 607 2727 Longe
636 2673 767 2712 vero
796 2659 1155 2728 antiquiorem
1188 2658 1352 2713 fuiSse
1393 2657 1533 2712 hunc
1562 2657 1825 2712 Christia-

229 2763 432 2802 norum
459 2765 658 2804 morem
683 2751 735 2804 in
760 2750 1110 2821 sequentibus
1138 2751 1337 2804 nostris
1359 2748 1828 2803 dissertationibus

228 2837 752 2905 demonSIrabimtts,
791 2856 856 2896 ac
881 2841 1072 2896 eodem
1103 2842 1264 2896 etiam
1294 2839 1471 2896 crucis
1504 2842 1655 2908 signo
1685 2853 1830 2909 sa‘pe

218 2932 437 3001 saepius
463 2932 665 3005 fugatos
689 2950 718 2988 a
746 2932 1074 2988 Christianis
1112 2934 1387 2988 da»mones
1412 2975 1426 2998 ,
1462 2934 1600 2987 sicut
1642 2933 1742 2986 alia
1773 2931 1827 2985 in

222 3025 611 3083 dissertatione
632 3041 818 3099 postea
837 3027 1214 3082 annotabimus
1240 3026 1489 3098 (Dissert.
1513 3027 1563 3079 in
1586 3026 1673 3081 lib.
1701 3023 1827 3078 Luc.

1920 1815 2222 1858 veStroruin
2256 1817 2284 1856 a
2318 1800 2506 1873 plastis
2534 1801 2602 1854 de
2627 1814 2790 1854 cruce
2822 1798 3021 1852 induci.
3055 1795 3161 1852 Sed
3189 1804 3240 1850 et
3269 1794 3523 1851 victorias

1921 1896 2193 1960 adoratis,
2235 1910 2356 1947 cum
2388 1894 2438 1947 in
2483 1892 2698 1962 tropzeis
2738 1905 2928 1945 cruces
2975 1889 3225 1944 intestina
3257 1895 3383 1941 sunt
3410 1896 3521 1940 tro-

1925 2005 2185 2059 preorum.
2223 1987 2431 2057 Religio
2464 1997 2569 2039 tota
2602 1983 2896 2040 castrensis
2926 1982 3077 2053 signa
3106 1990 3420 2044 veneratur,
3451 1978 3524 2033 si-

1923 2096 2026 2152 gna
2071 2081 2234 2150 jurat,
2268 2093 2418 2149 signa
2461 2078 2713 2133 omnibus
2743 2076 2859 2131 deis
2905 2074 3187 2146 pra'ponit.
3218 2071 3420 2127 Omnes
3449 2071 3523 2125 illi

1927 2177 2218 2245 imaginum
2248 2183 2531 2244 suggestus
2560 2171 2797 2241 insignes
2818 2212 2833 2236 ,
2865 2168 3086 2223 monilia
3109 2181 3327 2221 crucum
3359 2172 3523 2230 sunt,

1927 2270 2139 2337 siphara
2185 2266 2272 2320 illa
2318 2265 2670 2327 vexillorum,
2717 2274 2771 2318 et
2808 2262 3185 2316 cantabrorum
3227 2258 3379 2312 stolm
3407 2271 3531 2310 cru-

1928 2378 2050 2417 cum
2081 2370 2225 2414 sunt.
2257 2359 2441 2413 Laudo
2477 2356 2808 2428 diligentiam
2840 2373 2854 2410 :
2889 2356 3136 2410 noluistis
3164 2351 3337 2407 nudas
3363 2360 3418 2406 et
3445 2349 3528 2405 in—

1928 2453 2099 2505 cultas
2139 2465 2327 2504 cruces
2376 2464 2697 2504 consecrare
2730 2465 2748 2498 ι
2773 2448 2793 2519 (
2820 2446 3161 2511 Tertullian.,
3212 2444 3481 2514 Apologet.
3510 2483 3525 2505 ,

1930 2560 2050 2613 cap.
2080 2543 2181 2610 16,
2213 2558 2334 2614 pag.
2368 2542 2489 2615 17).
2533 2541 2655 2596 Alio
2694 2551 2871 2595 autem
2921 2541 2973 2594 in
3010 2539 3147 2594 libro
3186 2537 3409 2603 eadem,
3434 2534 3532 2590 sed

1930 2638 2051 2691 aliis
2079 2636 2258 2691 verbis
2286 2635 2511 2705 repetita
2543 2634 2642 2704 legi
2673 2634 2740 2688 ab
2779 2631 3031 2687 omnibus
3061 2638 3286 2702 possunt
3311 2626 3490 2701 (idem
3512 2667 3528 2695 ,

1933 2729 2027 2783 lib.
2059 2744 2098 2792 ι,
2132 2728 2201 2781 ad
2232 2726 2472 2790 Nation.,
2505 2742 2622 2793 cap.
2656 2725 2742 2789 12,
2779 2741 2898 2794 pag.
2931 2722 3059 2796 58).

2005 2820 2114 2876 Cur
2142 2832 2320 2875 autem
2366 2819 2628 2873 Minucius
2663 2818 2860 2873 dixerit
2887 2818 2955 2870 ab
2982 2815 3217 2871 ethnicis
3251 2826 3438 2868 cruces
3464 2811 3533 2866 li-

1934 2929 2117 2984 gneas,
2154 2922 2211 2965 ut
2239 2912 2462 2966 deorum
2493 2925 2712 2965 suorum
2746 2918 2927 2979 partes
2956 2907 3197 2973 adorari,
3233 2905 3315 2960 bis
3343 2902 3538 2960 intelli-

1936 3020 2030 3076 ges
2060 3004 2300 3075 ejusdem
2330 3001 2646 3058 Tertulliani
2678 3002 2874 3056 verbis.
2903 2998 3156 3070 Cujusvis
3183 3000 3276 3054 Dei
3312 3017 3330 3051 ι
3366 2999 3536 3052 simn-

220 3116 421 3176 (Σιεεὶι.
459 3122 517 3177 de
558 3089 692 3178 Hldrt
732 3134 1005 3193 persecat,
1045 3138 1146 3193 cap
1197 3089 1258 3184 5,
1293 3134 1398 3176 art.
1424 3122 1460 3176 2
1498 3131 1549 3176 ct
1579 3122 1670 3191 5).
1703 3122 1830 3188 Quis

2020 3114 2164 3160 rum.
2201 3097 2391 3168 inquit,
2425 3097 2574 3165 prius
2604 3094 2790 3166 argilla
2817 3093 3087 3149 deformat
3114 3092 3259 3147 cruci
3291 3099 3347 3146 et
3371 3089 3538 3160 stipiti

228 3216 426 3284 itaque
469 3231 609 3272 sanae
662 3219 861 3273 mentis
911 3217 1072 3271 homo
1127 3216 1443 3270 diffitebitttr
1494 3215 1750 3268 tributum
1805 3229 1835 3268 a

212 3302 558 3365 dlhristianis
585 3309 847 3364 bonorum
876 3311 1048 3362 crucis
1077 3306 1277 3363 Chri-ti
1304 3308 1479 3376 signo,
1505 3321 1613 3373 quo
1634 3321 1693 3359 se
1713 3320 1837 3360 cre-

228 3396 479 3456 Jterrime
518 3418 578 3457 ac
605 3404 828 3474 singulis
859 3402 969 3458 fere
1017 3403 1164 3456 horis
1214 3400 1538 3467 Slgttalmnl,
1582 3406 1637 3453 et
1686 3399 1837 3466 cujus

250 3490 449 3548 Virtute
472 3504 543 3549 tot
569 3505 821 3563 tantaque
847 3495 1101 3548 miracula
1132 3493 1244 3547 ticri
1274 3493 1626 3546 mirabantur.
1653 3490 1839 3561 Apage

271 3596 392 3654 ergo
417 3588 632 3657 ineptam
661 3587 924 3643 Gronovii
970 3589 1024 3641 in
1065 3588 1208 3642 hunc
1240 3587 1454 3641 Minm-ii
1502 3586 1677 3640 locum
1721 3585 1839 3639 ani-

284 3682 673 3739 madversionem
706 3724 722 3751 ,
779 3699 882 3754 qua
938 3682 1141 3737 insulse
1188 3684 1385 3737 asserit
1433 3681 1638 3735 nullutn
1691 3678 1840 3734 cruci

286 3770 457 3831 Christi
482 3778 814 3832 tribuendum
859 3776 1147 3832 honorem.
1197 3776 1273 3831 De
1314 3776 1406 3830 illo
1446 3785 1623 3830 autem
1664 3773 1841 3829 adhuc

286 3878 447 3934 postea
472 3873 761 3943 agendum,
802 3871 872 3927 de
915 3889 1020 3941 qtto
1062 3873 1279 3927 interim.
1319 3871 1599 3925 consulere
1640 3871 1841 3939 poteris

292 3955 551 4025 Petavium,
583 3964 1014 4027 Thomassionm,
1052 3965 1389 4026 Gretscrum,
1420 3963 1661 4034 aliosth
1692 3963 1842 4018 theo-

292 4047 423 4121 logos
447 4056 548 4109 sive
575 4058 929 4112 scholasticos
950 4098 964 4121 ,
1005 4059 1118 4112 sive
1145 4057 1635 4110 contrm'ersiarum
1667 4057 1843 4126 scrip-

299 4150 419 4199 iores
442 4149 670 4219 (Petav.,
697 4160 833 4207 tom.
866 4168 918 4216 ν,
947 4148 1128 4206 Theol.
1162 4151 1360 4221 dogm.,
1391 4149 1485 4203 lib.
1517 4164 1601 4211 xv,
1635 4164 1751 4216 cap.
1784 4148 1838 4205 8.

303 4234 566 4310 Tbuntass.,
595 4246 687 4300 lib.
721 4261 824 4302 xu.
858 4244 1039 4299 Theol.
1085 4243 1203 4311 dog.
1246 4245 1309 4297 de
1348 4240 1583 4304 Incarn.,
1629 4255 1747 4307 cap.
1775 4241 1840 4305 8;

320 4335 367 4380 et
386 4329 581 4408 Tlteulog.
607 4339 657 4391 iu
687 4337 903 4407 dlagist.
940 4337 1195 4401 Scnlrnt.,
1230 4336 1322 4390 lib.
1353 4351 1431 4402 ιιι,
1464 4334 1593 4387 diss.
1623 4332 1677 4399 9;
1709 4342 1765 4387 et.
1791 4333 1843 4388 itt

328 4416 566 4496 D.’l‘hout.,
588 4445 660 4497 ιιι,
694 4439 833 4502 part.
867 4441 1059 4501 quaest.
1091 4430 1162 4485 25
1185 4429 1229 4501 ).

866 4561 1166 4603 ARTICULUS
1196 4561 1248 4601 ν.

313 4649 535 4717 Quomodo
563 4664 817 4719 Minucius
862 4664 1016 4718 telum
1053 4662 1385 4729 ethnicorum,
1411 4660 1717 4716 Christianis
1736 4662 1850 4716 cul-

370 4761 457 4806 tum
479 4759 626 4813 crucis
646 4759 1012 4824 obiiciendum,
1039 4759 1090 4812 in
1119 4758 1235 4811 illo:
1262 4756 1518 4820 rctnndat,
1558 4758 1647 4826 qui
1681 4772 1853 4810 cruces

367 4846 411 4900 in
433 4851 616 4908 deorum
643 4855 952 4920 simulacris,
986 4855 1260 4914 mntabris.
1283 4854 1501 4916 vexillis,
1535 4855 1738 4919 (ropa’is
1758 4853 1855 4907 ho-

366 4943 604 5010 nornbant,
632 4964 691 5001 or
709 4963 924 5017 quorum
958 4947 1160 5015 signum
1210 4945 1264 4999 in
1301 4944 1603 4999 Intuentibus
1652 4946 1857 4998 navium

366 5036 503 5103 telis,
536 5040 583 5092 in
622 5040 775 5112 iugo,
814 5049 862 5094 et
905 5040 1110 5093 homine
1149 5038 1387 5109 expansis
1426 5037 1646 5091 brachiis
1684 5050 1858 5092 orante

365 5146 643 5202 represenla
655 5154 745 5202 ,ttr.

364 5242 491 5300 Satis
538 5248 762 5304 Minucio
813 5266 919 5304 non
975 5248 1073 5303 fuit
1128 5246 1384 5303 Ethnieos
1434 5247 1606 5301 crucis
1654 5248 1859 5303 cultum

244 5322 587 5396 Cltrisdanis
610 5343 998 5413 exprobrantes
1038 5341 1376 5407 coniutassc,
1421 5340 1513 5395 sed
1548 5340 1596 5394 id
1639 5343 1852 5410 ipsum,

277 5428 430 5489 Quod
459 5431 571 5493 inde
606 5435 963 5503 conjicicbant
1004 5434 1164 5489 telam
1192 5475 1206 5498 ,
1238 5434 1287 5487 in
1319 5433 1434 5487 illos
1466 5433 1543 5486 sic
1579 5434 1812 5487 retundit
1847 5451 1860 5488 :

320 5529 345 5564 ι
374 5517 455 5579 Vos
477 5529 622 5592 plane
652 5529 856 5599 ligneos
885 5529 1016 5584 deos
1046 5529 1392 5585 consecratis.
1424 5542 1609 5582 cruces
1640 5528 1862 5598 ligneas,

310 5614 363 5658 πη
392 5614 594 5673 dvorum
633 5631 932 5674 vestrorum
974 5627 1155 5687 partes
1196 5620 1412 5671 forsitan
1446 5619 1702 5671 adoratis.
1733 5617 1864 5673 Nam

303 5705 361 5751 οι
388 5708 518 5780 signa
551 5712 657 5784 ipsa
681 5756 695 5774 ,
737 5724 788 5767 et
822 5715 1097 5778 cantabra,
1140 5731 1157 5763 ο
1202 5712 1220 5782 (
1248 5714 1382 5765 male
1412 5710 1576 5782 aliqui
1606 5709 1864 5781 scriptum

1940 3201 2328 3264 supchIructa.
2357 3192 2413 3246 In
2454 3190 2715 3262 patibulo,
2748 3208 2769 3243 ι
2811 3189 2861 3244 id
2902 3199 3016 3255 est,
3060 3202 3242 3252 cruce,
3276 3203 3295 3236 ι
3340 3198 3539 3253 corpus

1944 3289 2036 3342 Dei
2084 3288 2251 3343 vestri
2292 3286 2571 3341 dedicatur
2624 3302 2643 3336 ι
2693 3282 2904 3355 (idem,
2949 3280 3244 3352 Apologet.,
3286 3293 3406 3348 cap.
3437 3276 3537 3342 12,

1943 3399 2063 3453 pag.
2094 3385 2178 3438 Μ.
2216 3382 2357 3437 Idem
2380 3424 2396 3449 ,
2428 3381 2523 3436 lib.
2552 3396 2605 3447 ι,
2634 3380 2702 3433 ad
2734 3377 2976 3447 Nation.,
3018 3394 3136 3448 cap.
3174 3376 3275 3443 12,
3318 3389 3438 3446 pag.
3470 3375 3540 3431 58

1944 3485 1996 3531 et
2021 3475 2237 3546 seqq);
2262 3474 2415 3543 Quod
2446 3473 2661 3543 quidem
2690 3472 2797 3527 alio
2826 3473 2877 3525 in
2909 3472 3046 3525 libro
3076 3471 3284 3541 planius
3314 3468 3543 3522 clarius-

1943 3584 2047 3639 que
2068 3569 2300 3639 explicat
2328 3585 2341 3622 :
2377 3567 2471 3623 sed
2505 3568 2622 3638 quia
2653 3566 2866 3637 longior
2894 3566 2962 3621 ibi
2995 3574 3094 3627 est,
3121 3565 3186 3619 ad
3210 3565 3327 3632 ejus
3347 3562 3541 3619 librum

1943 3670 1996 3717 te
2034 3662 2350 3715 mittendum
2381 3661 2549 3714 satius
2576 3659 2847 3713 duximus.
2879 3657 3065 3729 Neque
3094 3666 3272 3712 tamen
3305 3657 3422 3712 sine
3447 3654 3546 3710 ali-

1944 3771 2046 3821 qua
2076 3754 2451 3808 observatione
2483 3751 3003 3821 prietermiltendum
3046 3760 3165 3816 est,
3204 3748 3472 3818 adjectum
3512 3763 3544 3803 ει

1945 3848 2176 3902 Minucio
2207 3846 2519 3901 adverbium
2569 3863 2587 3897 ι
2627 3844 2849 3898 forsitan
2908 3862 2927 3896 ι
2975 3850 3098 3896 ante
3142 3860 3161 3892 ‹
3209 3840 3464 3894 adoratis.
3521 3858 3540 3892 ι

1946 3940 2210 4012 Numquid
2237 3941 2379 3995 enim
2414 3939 2540 3993 illud
2571 3938 2793 3991 mnuino
2816 3948 3133 3990 asseverare
3162 3933 3371 3997 noluit,
3407 3947 3546 4003 quo-

1947 4040 2087 4089 niam
2120 4030 2317 4089 etlmici
2366 4032 2591 4087 deorum
2633 4045 2854 4085 suorum
2895 4027 3178 4082 simulacra
3217 4026 3504 4080 adorantes
3530 4067 3547 4090 ,

1948 4130 2013 4184 ad
2046 4128 2352 4198 suppositas
2379 4128 2459 4182 eis
2488 4140 2678 4180 cruces
2719 4124 2957 4176 animum
3002 4139 3107 4175 non
3149 4119 3550 4175 advertebant?

1948 4221 2085 4291 Quid
2116 4234 2263 4285 vero,
2298 4220 2342 4273 si
2372 4219 2501 4273 illud
2546 4217 2750 4271 ironice
2773 4258 2786 4277 ,
2831 4222 2993 4281 atque
3034 4213 3234 4269 idcirco
3277 4212 3552 4270 allirtnan-

1949 4326 2053 4380 ter,
2083 4313 2534 4385 quemadmodum
2553 4309 2938 4372 Tertullianus,
2959 4306 3193 4361 dixerit?

2022 4411 2160 4463 Ante
2198 4418 2481 4475 utrumque
2523 4418 2652 4457 vero
2679 4400 2919 4456 Justinus
2969 4399 3167 4471 Martyr
3210 4397 3453 4454 Ethnicis
3480 4398 3556 4455 si-

1874 4504 1928 4565 1)
1957 4502 2155 4557 tniliter
2182 4499 2453 4564 obiecerat
2485 4515 2503 4550 ι
2539 4506 2836 4552 castrorum
2860 4493 3075 4559 vexilla,
3117 4504 3171 4547 et
3212 4498 3410 4560 tropica
3444 4490 3555 4545 vic-

1952 4593 2103 4649 triria
2135 4611 2153 4645 ι
2180 4607 2300 4646 esse
2326 4604 2546 4655 cruces,
2592 4595 2648 4642 ut
2675 4587 2750 4642 ait
2794 4584 3075 4650 Minucius,
3120 4584 3202 4640 vel
3242 4584 3379 4638 sicut
3421 4582 3556 4636 Ter-

1957 4687 2207 4742 tttllianus
2235 4685 2375 4738 dixit.
2410 4703 2428 4736 ι
2463 4697 2682 4738 crucum
2710 4682 2874 4737 stolas
2908 4699 2928 4733 ›
2957 4679 3177 4749 (Justin.
3200 4679 3350 4750 Apol.
3372 4692 3408 4736 ι.
3430 4691 3553 4746 pag.

1958 4780 2083 4852 90).
2134 4759 2396 4834 Omnibus
2443 4786 2619 4832 autem
2669 4789 2792 4830 cum
2832 4773 2883 4828 id
2931 4773 3062 4829 satis
3109 4769 3558 4841 comperltnusit.

1960 4875 2091 4930 nihil
2116 4874 2342 4944 amplius
2372 4872 2652 4936 addemus,
2688 4868 2791 4923 nisi
2817 4869 2902 4923 illa
2930 4866 3239 4937 Hieronymi
3265 4863 3329 4917 ad
3361 4863 3562 4919 La'tam

1962 4969 2153 5025 verba:
2186 4987 2203 5019 ι
2244 4967 2445 5022 Vexilla
2487 4966 2711 5020 militum
2742 4963 2916 5018 crucis
2943 4960 3168 5031 insignia
3196 4967 3320 5017 sunt
3343 4976 3362 5009 )
3398 4956 3564 5029 (Hie-

1962 5078 2172 5123 ronvtn.
2198 5062 2353 5130 epist.
2387 5058 2476 5120 b7,
2502 5055 2568 5110 ad
2596 5054 2723 5109 Lret.
2755 5068 2875 5124 pag.
2903 5053 3052 5123 591).

2035 5154 2325 5208 ltlemorata
2354 5165 2483 5204 vero
2511 5148 2578 5202 ab
2622 5155 2841 5200 attctore
2883 5155 3089 5209 nostro,
3130 5153 3184 5199 et
3237 5141 3569 5198 Tcrlnlliano

1972 5267 1990 5300 ι
2021 5246 2272 5302 cantabra
2311 5262 2329 5295 ›
2376 5248 2529 5296 erant.
2576 5240 2745 5311 signa,
2774 5252 2895 5310 quae
2941 5253 3198 5308 purpura,
3225 5245 3280 5291 et
3321 5250 3454 5291 auro
3481 5251 3568 5291 or—

1966 5349 2111 5404 nata,
2155 5337 2205 5391 in
2233 5333 2441 5407 pompis
2468 5341 2521 5386 et
2558 5330 2984 5384 solemnitatibus
3015 5344 3135 5382 cum
3166 5327 3387 5382 deorum
3432 5327 3569 5397 figu-

1968 5434 2043 5488 ris
2068 5447 2158 5503 per
2181 5428 2363 5482 urbem
2394 5424 2721 5479 ferebantur.
2754 5421 2937 5490 Neque
2965 5421 3107 5474 aliud
3136 5419 3275 5475 inter
3317 5421 3571 5475 cantabra

1973 5539 2020 5581 et
2082 5522 2276 5577 vexilla
2333 5516 2703 5573 intercedebat
2747 5514 3060 5577 discrimen,
3118 5514 3219 5568 nisi
3269 5515 3397 5583 quia
3457 5512 3574 5566 haec

1974 5617 2093 5672 vela
2128 5620 2332 5668 tantum
2360 5618 2535 5676 erant,
2584 5609 2767 5663 colore
2791 5620 2891 5661 suo
2936 5604 3217 5661 notissima
3252 5623 3266 5661 :
3313 5605 3570 5661 cantabra

1975 5725 2103 5766 vero
2129 5708 2194 5763 ab
2222 5705 2326 5760 illis
2355 5701 2793 5759 discernebantur
2814 5710 2868 5758 et
2894 5699 3077 5757 colore
3104 5714 3221 5770 suo,
3251 5710 3306 5757 et
3335 5700 3576 5758 carmine
