3818 6282
230 282 303 344 31.7
1632 277 2103 342 ltlSSEllTA'l’ill.

3354 283 3457 343 558

226 408 453 461 .‘llhlfadlll.
483 397 527 458 Ο
570 396 775 474 grande
803 404 1007 460 scelus!
1043 404 1175 472 Quid
1228 414 1425 468 autem,
1461 403 1651 457 amabo
1675 412 1759 467 te,
1794 406 1835 465 Λ
1868 405 2136 461 censibus.
2172 406 2227 461 ln
2258 422 2319 461 ea
2347 404 2538 463 delecti
2588 406 2687 461 viri
2732 407 2921 464 ordine
2956 405 3180 479 quisque
3234 417 3351 469 suo,
3396 418 3459 461 ac

224 502 383 559 miram.
414 498 456 553 si
478 497 836 562 Christianus,
871 498 957 565 qui
993 498 1306 552 crucifixum
1339 496 1617 551 hominum
1668 512 1758 548 sc-

221 592 382 666 quemlo
406 604 612 646 crucem
668 604 823 643 suam
859 589 1098 659 quotidie
1131 587 1272 644 ferre
1313 587 1492 653 debet,
1543 602 1755 640 onmem

224 686 344 755 lugiat
369 681 727 751 voluptatem?
771 680 960 735 Nonne
1007 697 1036 735 a
1072 680 1351 735 Clemente
1391 679 1757 733 Alexandrino

224 778 451 834 didicimus
492 774 844 839 Voluptatem,
876 778 1048 835 ἡδονὴν
1068 816 1082 831 .
1116 774 1184 826 ab
1208 773 1448 842 ip-isinet
1470 771 1755 840 gentilibus

228 869 500 941 philosophis
524 866 753 943 deliniri,
827 876 1023 938 ϊπαρσιν
1036 878 1187 936 ψυχῆς
1218 872 1391 925 ἀπειθῆ
1438 868 1572 935 λόγῳ,
1600 882 1617 915 ι
1648 862 1757 917 ela-

233 970 396 1021 tionem
437 962 616 1025 ammte,
661 976 785 1030 qua:
836 978 939 1013 non
979 971 1125 1029 paret
1179 958 1370 1014 rationi
1408 978 1427 1026 ρ
1461 957 1752 1026 (Clemens

238 1056 471 1117 Alexand,
516 1054 590 1107 lib.
648 1068 684 1105 ι.
749 1050 987 1122 Ραιιιυρ..
1055 1068 1174 1120 cap.
1235 1052 1322 1114 15,
1386 1066 1501 1119 pag.
1562 1049 1662 1103 155
1700 1049 1757 1119 )?

238 1147 571 1205 Obsi-rrarinius
594 1158 720 1197 vero
768 1144 941 1213 ipsum
973 1143 1145 1195 adhuc
1184 1143 1432 1196 docuissi-
1473 1141 1758 1209 voluptatis

235 1241 372 1296 ominis
417 1235 708 1307 principium
774 1250 897 1290 esse
960 1234 1329 1303 eupiditatem,
1388 1248 1452 1287 ac
1520 1231 1754 1285 virissim

228 1330 508 1401 rapiditatem
540 1327 812 1397 voluptate
863 1328 1109 1396 generari
1149 1325 1345 1397 (Tom.
1385 1340 1419 1379 I.
1464 1324 1748 1393 Apparat.,

224 1425 299 1479 lib.
318 1419 641 1485 tu,di~sert.it.
660 1419 714 1486 ‘2,
740 1436 861 1487 cap.
888 1418 980 1482 21,
1005 1427 1088 1472 art
1114 1417 1169 1481 Ξ,
1197 1432 1314 1488 pag.
1348 1416 1527 1488 1025).
1558 1416 1752 1483 Quam-

219 1512 450 1571 obremab
497 1512 635 1565 omni
690 1510 1021 1575 Christiano,
1067 1519 1325 1580 quantum
1371 1518 1545 1577 potest
1596 1509 1750 1573 fieri,

218 1620 394 1678 semper
432 1602 660 1672 fugienda
703 1612 806 1658 est.
848 1602 984 1670 Quid
1025 1618 1173 1664 vero,
1223 1602 1362 1672 quod
1399 1602 1606 1667 Cicero,
1654 1602 1751 1656 etsi

222 1699 432 1761 ethnicus,
462 1694 636 1760 libros,
661 1695 855 1764 quibus
879 1694 1042 1747 filium
1074 1708 1228 1746 suum
1280 1692 1522 1747 colendis
1564 1692 1753 1747 officiis

229 1791 438 1854 infimi,
486 1789 559 1843 sic
607 1787 876 1843 absolvit?
924 1807 942 1838 ε
975 1786 1200 1843 Omnem
1250 1786 1574 1854 voluptatem
1615 1786 1748 1841 dici-

232 1900 329 1939 mus
348 1883 561 1936 honestati
590 1897 712 1938 esse
737 1883 1152 1938 contrariam...
1186 1881 1317 1935 Nam
1355 1890 1412 1935 ut
1456 1882 1751 1937 tribuamus

223 1975 379 2039 aliquid
396 1975 651 2043 voluptati,
704 1975 1031 2030 condimenti
1088 1974 1318 2029 fortasse
1358 1975 1622 2041 nonnihil,
1653 1976 1753 2029 uti-

210 2068 347 2122 litatis
370 2076 495 2120 certe
523 2066 655 2121 nihil
685 2066 900 2123 habebit
932 2086 952 2120 ι
984 2066 1162 2138 (Cic.,
1192 2066 1285 2121 lib.
1322 2083 1403 2135 ιιι,
1434 2068 1589 2124 Ollio.
1626 2085 1744 2140 pag.

201 2156 307 2223 104,
338 2166 389 2212 et
410 2161 590 2229 semp).

258 2250 490 2306 Ceterum
544 2250 804 2307 Minucius
854 2262 1054 2318 noster,
1113 2268 1181 2308 ne
1241 2252 1443 2308 Caecilii
1511 2254 1746 2309 animum

187 2350 333 2404 nimis
379 2351 611 2418 irritaret,
662 2353 904 2407 modeste
954 2352 1026 2407 illi
1055 2350 1371 2423 respondit:
1416 2349 1750 2407 Christianos

186 2461 205 2492 ι
240 2443 387 2499 malis
417 2445 676 2501 abstinere
726 2446 1106 2516 voluptatibus,
1142 2466 1161 2498 ι
1218 2446 1410 2516 quibus
1480 2455 1748 2515 tamquam

178 2534 404 2590 honeSIis
425 2551 482 2590 ac
508 2536 664 2591 licitis
690 2538 902 2593 Ethnici
932 2538 1294 2609 indulgebant.

242 2625 336 2682 Dic
361 2642 477 2697 ergo
502 2630 673 2692 nobis,
706 2649 740 2683 o
780 2631 983 2693 (Σκυθίη,
1016 2646 1134 2700 qum
1186 2640 1308 2683 sunt
1358 2629 1461 2681 illa:
1511 2628 1749 2681 honestte

174 2719 475 2788 voluptates,
525 2724 719 2792 quibus
768 2723 1041 2779 abstinere
1076 2723 1395 2779 Christianis
1440 2721 1583 2776 nefas
1628 2735 1748 2776 esse

174 2812 438 2866 contendis
461 2830 473 2865 :
500 2832 515 2863 ι
542 2814 655 2867 Non
678 2818 982 2884 spectacula
1007 2815 1195 2880 visitis,
1225 2834 1244 2866 ›
1283 2816 1350 2868 ita
1377 2814 1497 2867 illus
1523 2812 1749 2883 alloqui-

172 2911 267 2968 tur,
301 2922 321 2955 ι
357 2920 452 2959 non
484 2906 688 2976 pompis
718 2906 1006 2973 interestis,
1034 2908 1276 2961 convivia
1305 2906 1514 2976 publica
1543 2905 1748 2972 absque

167 2996 330 3062 vobis,
372 3015 508 3054 sacra
532 3000 850 3062 certamina,
878 3009 1204 3068 praecerptos
1233 3000 1404 3061 cibos,
1451 3010 1504 3053 et
1532 2997 1741 3052 deliba-

1863 498 2128 566 tibicines,
2178 500 2375 571 aliique
2416 501 2795 571 procedebant,
2829 511 2883 556 et
2920 501 2986 556 ab
3012 501 3209 555 ultimis
3231 500 3456 555 deorum

1862 597 2140 649 siumlaera
2173 596 2571 652 deferebantur.
2613 596 2765 653 Unde
2790 595 3090 650 Macrobius
3123 611 3136 649 :
3186 612 3203 646 ι
3233 593 3458 648 Ferculo

1861 691 2131 743 vehuntur
2161 689 2210 743 in
2241 706 2429 758 pompa
2480 691 2722 744 ludorum
2754 689 3074 743 circensium
3120 686 3341 738 deorum
3386 685 3459 739 si-

1861 782 2092 837 mulacra
2124 782 2381 854 (Macrob.
2409 784 2702 843 Saturnul..
2744 783 2816 838 lib
2881 799 2919 849 ι,
2945 798 3063 849 cap.
3097 777 3190 851 95)
3240 778 3457 833 Tertul-

1825 903 1832 909 -
1862 872 2035 925 lianus
2056 890 2268 944 quoque
2295 893 2304 927 :
2331 874 2662 930 Circensium
2709 875 2865 945 paulo
2905 873 3201 944 pompatior
3234 885 3457 941 sugges-

1861 975 1965 1031 lus,
2007 967 2199 1035 quibus
2233 968 2443 1036 proprie
2484 967 2584 1021 hoc
2624 984 2840 1032 nemon,
2894 981 3083 1035 pompa
3125 965 3454 1035 prarcetlens,

1860 1072 2083 1125 quorum
2114 1059 2182 1111 sit
2209 1060 2259 1112 in
2289 1061 2604 1129 semetipsa,
2625 1060 2815 1130 probat
2840 1058 2907 1113 de
2932 1058 3341 1112 simulacrorum
3372 1069 3458 1110 se-

1860 1148 1956 1208 rie.
1992 1149 2057 1204 de
2089 1150 2374 1221 imaginum
2405 1153 2638 1217 agmine,
2666 1151 2733 1206 de
2762 1150 3025 1213 curribus,
3045 1148 3110 1203 de
3133 1147 3356 1205 thensis,
3387 1144 3457 1200 de

1860 1242 2204 1306 armamaxis,
2256 1243 2324 1297 de
2377 1243 2618 1309 sedibus,
2689 1244 2755 1297 de
2797 1242 3032 1307 coronis,
3092 1239 3160 1295 de
3227 1239 3453 1295 exuviis.

1855 1332 2061 1399 Quanta
2094 1343 2349 1397 pra-terea
2382 1350 2554 1393 sacra.
2585 1342 2781 1406 quanta
2811 1332 3073 1386 sacrilicia
3122 1329 3452 1400 pra-cedant,

1856 1426 2209 1494 intercedant,
2259 1428 2565 1494 smcedant,
2623 1436 2754 1498 quot
2808 1425 3052 1495 collegia,
3096 1434 3225 1493 quot
3276 1437 3455 1475 sacer-

1856 1521 2040 1587 dotia,
2097 1530 2227 1591 quot
2267 1520 2439 1576 ofticia
2517 1530 2865 1579 moveantur.
2950 1517 3129 1571 sciunt
3210 1514 3454 1569 homines

1858 1613 1999 1667 illius
2049 1612 2230 1680 urbis,
2287 1614 2337 1666 in
2415 1628 2517 1683 qua
2543 1611 2930 1667 daenmniorum
2973 1616 3271 1663 conventus
3318 1619 3453 1659 con-

1857 1705 1993 1758 St‘tlil
2029 1725 2047 1757 ι
2085 1704 2460 1775 (Tertullian.,
2496 1704 2587 1759 lib.
2640 1706 2706 1758 de
2749 1704 3013 1773 Spectac..
3051 1715 3169 1768 cap.
3212 1700 3266 1763 7,
3329 1713 3450 1768 pag.

1858 1797 1985 1867 95).
2058 1796 2313 1866 Quaedam
2364 1796 2540 1851 adhuc
2595 1797 2697 1849 alia
2753 1794 2877 1849 alibi
2939 1793 3139 1848 retulit.
3192 1791 3296 1847 Sed
3339 1788 3454 1845 haec

1855 1891 2035 1945 omnia
2065 1890 2371 1958 singillatim
2395 1900 2443 1943 et
2467 1889 2720 1959 graphice
2755 1908 2782 1941 a
2834 1887 3086 1958 Dionysio
3119 1885 3456 1938 Halicarnas-

1854 1998 1946 2038 seo
1964 1981 2226 2053 descripta
2259 1985 2495 2037 invenies
2530 1982 2694 2053 (Idem
2720 1982 2807 2036 lib.
2831 1982 2894 2034 de
2926 1979 3192 2041 loololat.,
3217 1993 3317 2047 cap
3362 1977 3450 2039 11,

1855 2091 1973 2146 pag.
2009 2076 2133 2131 li0.
2189 2076 2406 2147 Dionys.
2451 2074 2704 2142 llalicar.,
2756 2074 2848 2128 lib.
2880 2088 2974 2138 vn,
3017 2072 3190 2138 Antiq.
3227 2069 3450 2124 Renum.

1854 2184 1973 2238 pag.
2005 2169 2109 2224 475
2135 2177 2185 2224 et
2203 2183 2262 2223 se
2283 2166 2380 2240 nl).
2423 2169 2499 2223 De
2526 2168 2606 2221 his
2638 2183 2763 2222 vero
2795 2181 2893 2221 tius
2923 2163 3164 2220 Ituttniltil
3194 2164 3451 2218 subnot-t-

1851 2260 2028 2316 vimus
2066 2261 2115 2312 in
2160 2261 2421 2331 quosdam
2473 2259 2744 2315 Ambrosii
2792 2258 2958 2313 libros
2989 2256 3208 2329 (Atubr.
3251 2252 3450 2322 Expos.

1852 2353 1985 2422 paul.
2020 2352 2139 2420 118,
2180 2367 2344 2407 serm.
2380 2368 2431 2419 v,
2472 2362 2526 2407 et
2568 2342 2640 2406 lib
2684 2351 2797 2407 tde
2824 2349 3002 2416 0fﬁc.,
3048 2364 3164 2421 cap.
3203 2348 3270 2404 18
3300 2346 3327 2421 §
3359 2347 3448 2411 75,

1854 2458 1973 2515 pag.
2003 2443 2114 2518 2|).
2630 2439 2639 2447 ’

1925 2536 2182 2602 Quamvis
2234 2545 2410 2592 autem
2463 2536 2607 2604 inde,
2638 2551 2700 2591 ac
2750 2537 3084 2607 potissimum
3131 2550 3194 2588 ex
3228 2532 3452 2589 Tertul-

1857 2630 2064 2686 tulliani
2094 2615 2284 2686 verbis
2305 2631 2457 2686 facile
2485 2631 2830 2701 intelligatur,
2857 2646 2955 2686 cur
2984 2630 3072 2683 illa
3100 2629 3448 2684 Ethnicorum

1852 2725 2158 2795 spectacula
2184 2724 2503 2780 Christianis
2550 2724 2815 2792 prohibita
2864 2724 3002 2786 sint;
3039 2722 3341 2792 peculiares
3368 2730 3447 2776 ta-

1854 2834 1973 2873 men
2004 2818 2261 2889 quasdam
2296 2816 2451 2887 huius
2479 2815 2743 2871 interdicti
2775 2814 3011 2869 rationes
3046 2828 3231 2869 auctor
3264 2821 3448 2866 noster

1854 2910 2118 2964 reddidit:
2146 2927 2164 2961 ι
2194 2908 2324 2963 Nam
2349 2909 2399 2963 in
2421 2909 2558 2963 ludis
2573 2907 2867 2969 curulibus,
2893 2925 2912 2959 ι
2937 2908 3124 2976 inquit,
3147 2925 3165 2957 ‹
3190 2905 3309 2975 quis
3340 2920 3444 2958 non

1856 3002 2073 3057 horreat
2100 3003 2274 3072 populi
2304 3003 2358 3057 in
2383 3017 2443 3057 se
2467 3003 2695 3057 rixantis
2723 3001 3006 3061 insaniam,
3033 3000 3084 3053 iu
3115 2997 3446 3070 gladiatoriis

164 3097 237 3145 tos
262 3090 512 3146 altaribus
543 3106 701 3164 potus
728 3093 1052 3149 abhorretis.
1086 3112 1106 3147 ι
1137 3093 1242 3150 Sed
1278 3109 1471 3147 novum
1506 3091 1742 3161 profecto
1768 3090 1813 3154 C
1849 3094 2118 3150 homicidii
2165 3095 2527 3164 disciplinam,
2582 3097 2633 3148 in
2676 3083 2905 3149 scenicis
2937 3097 3100 3147 etiam
3138 3109 3242 3147 non
3272 3092 3447 3147 minor

164 3181 283 3236 illud
313 3186 654 3255 acsingnlare
693 3186 937 3242 criminis
991 3202 1162 3255 genus
1201 3187 1484 3240 Minucium
1526 3185 1745 3241 minime

161 3275 398 3343 percidit,
445 3288 535 3333 aut
584 3279 920 3342 perturbavit
981 3277 1131 3334 Ultio
1173 3279 1315 3333 enitn
1362 3277 1647 3333 Confitetur
1680 3293 1742 3333 ea

158 3368 335 3419 omnia
366 3378 626 3439 tamquam
648 3369 829 3434 noxia,
855 3369 1080 3435 nefaria,
1122 3376 1185 3424 ac‘
1240 3369 1425 3437 pudori
1474 3369 1743 3439 castisque

155 3459 389 3514 moribus
413 3465 653 3532 opposita
677 3463 1012 3518 Christianos
1031 3462 1215 3533 fugere
1240 3473 1296 3517 et
1325 3463 1582 3516 aversari.

223 3551 304 3605 Ad
336 3554 627 3623 spectacula
678 3555 955 3611 enimvero
1006 3566 1057 3609 et
1088 3570 1308 3626 pompas
1334 3555 1474 3623 quod
1516 3555 1738 3609 attinet:

158 3658 177 3689 σ
212 3641 343 3702 Nos.
371 3645 550 3717 inquit,
576 3647 668 3717 qui
701 3647 903 3711 pudore
927 3659 978 3703 et
1008 3648 1249 3703 moribus
1285 3664 1589 3706 censentur.
1630 3664 1743 3702 tua-

152 3733 218 3789 lis
244 3737 615 3808 voluptatibus,
640 3750 696 3796 et
721 3742 935 3810 pompis
968 3740 1185 3803 vestris,
1219 3750 1274 3794 et
1301 3739 1621 3809 spectaculis
1647 3740 1744 3796 ab-

152 3830 425 3901 stinemus,
453 3850 674 3903 quorum
702 3846 756 3890 et
801 3836 868 3889 de
893 3837 1062 3889 sacris
1085 3835 1347 3904 originem
1386 3837 1652 3898 novimus,
1685 3844 1739 3890 et

153 3922 311 3976 noxia
348 3922 1056 3981 blandimentadamnamus.
1101 3945 1118 3977 ι
1154 3931 1322 3983 Antea
1349 3941 1477 3982 vero
1524 3926 1735 3983 Tertul-

159 4010 328 4069 lianus
352 4016 502 4072 simili
533 4020 689 4089 plane
746 4020 904 4075 modo
926 4020 1135 4075 dixerat
1168 4037 1181 4073 :
1243 4038 1261 4072 ι
1301 4020 1479 4092 ιιΕψιθ
1532 4033 1742 4089 specta-

162 4107 292 4163 culis
340 4114 524 4168 vcstris
564 4115 617 4169 in
671 4124 876 4169 tantmu
925 4117 1316 4185 renuntiamus,
1377 4118 1427 4172 in
1480 4128 1737 4187 quantum

167 4201 441 4272 originibus
464 4222 671 4274 eorum,
703 4223 839 4279 quas
863 4210 1061 4263 scimus
1089 4209 1158 4264 de
1195 4211 1575 4278 superstitione
1610 4226 1740 4264 con-

170 4295 505 4361 cepla‘.0uiu
534 4308 590 4353 et
618 4299 749 4367 ipsis
798 4298 979 4363 rebus,
1015 4300 1081 4353 de
1114 4301 1309 4371 quibus
1353 4302 1736 4368 transiguntur,

179 4391 516 4494 gilielers‘umus
564 4391 926 4458 ('l‘ertnllian.
976 4392 1267 4462 Apologet.,
1313 4407 1430 4463 cap.
1489 4393 1579 4458 58,
1617 4410 1735 4464 pag.
1762 4433 1818 4494 Ι)

179 4475 292 4545 δίῘι
319 4497 339 4530 ι
366 4480 475 4550 Quae
497 4496 671 4542 autem
703 4487 921 4543 fuerunt
953 4489 1057 4542 illa:
1101 4492 1528 4559 spectaculorum
1571 4490 1729 4560 origi-

172 4581 285 4633 nes,
328 4587 388 4627 ac
422 4579 676 4646 quomodo
715 4595 778 4634 ex
821 4579 1115 4636 idololatria
1164 4589 1221 4637 et
1263 4582 1425 4651 impio
1481 4582 1735 4637 falsorum

162 4656 368 4717 deorum
391 4668 520 4723 cultu
548 4679 682 4725 ortae
709 4671 835 4735 sint,
875 4670 1075 4742 liquido
1113 4672 1400 4727 edisseruit
1453 4672 1505 4727 in
1545 4688 1644 4727 suo
1666 4674 1736 4728 de

159 4748 464 4822 Spectaculis
500 4760 641 4817 libro
681 4762 956 4832 (Tertull.,
1014 4763 1106 4818 lib.
1137 4765 1199 4819 de
1230 4763 1497 4831 Spectac.,
1543 4780 1662 4834 eap.
1700 4766 1735 4822 5

158 4855 383 4922 elseqq.,
410 4869 521 4926 pag.
557 4855 620 4911 91
658 4865 714 4911 et
742 4858 939 4927 semp),
972 4858 1060 4911 ubi
1094 4858 1242 4926 plura
1268 4858 1336 4913 de
1360 4858 1545 4913 iisdem
1575 4874 1731 4928 Spec-

157 4941 329 4997 taculis
350 4959 639 5018 eorumque
670 4948 953 5003 interdicto
984 4949 1165 5020 legere
1206 4944 1427 5019 poteris,
1475 4951 1737 5021 quemad-

156 5032 350 5090 modum
380 5039 430 5092 in
455 5040 577 5096 aliis
609 5042 810 5111 passim
852 5041 945 5099 SS.
977 5041 1196 5097 Patrum
1225 5043 1502 5113 operibus.

220 5124 351 5184 Bene
386 5131 600 5200 quidem
636 5133 784 5188 dicet
830 5134 1042 5206 aliquis.
1086 5135 1191 5190 Sed
1229 5135 1355 5207 quid
1391 5145 1555 5190 suun
1581 5152 1730 5207 pom-

160 5232 248 5285 pm.
279 5242 299 5275 ι
326 5240 352 5277 a
383 5224 613 5282 Minucio
652 5235 836 5297 postea
890 5238 1222 5295 ntemoratm,
1254 5245 1387 5301 quas
1436 5230 1730 5285 Christiani

162 5323 250 5365 non
316 5316 504 5381 minus,
560 5334 722 5389 quam
787 5321 1089 5389 spectacula
1149 5320 1459 5391 fugiebant?
1526 5322 1726 5393 Pompa

164 5414 308 5469 graece
326 5407 517 5464 dicitur
534 5424 730 5479 πομπὴ,
762 5426 791 5466 a
839 5413 1003 5467 verbo
1026 5422 1222 5483 πέμπω,
1260 5414 1401 5484 quod
1453 5401 1615 5469 latine
1659 5416 1732 5470 si-

168 5498 343 5566 gniﬁcat
382 5504 554 5569 mitto,
607 5505 837 5569 deduco.
881 5508 1188 5563 transvebo.
1239 5508 1508 5564 Solemnis
1550 5518 1728 5565 autem

169 5594 256 5649 erat
287 5605 334 5651 et
397 5598 608 5667 publica
664 5613 762 5667 per
809 5599 1083 5655 civitatum
1138 5603 1288 5656 vicos
1336 5601 1609 5661 deductio.
1675 5610 1727 5657 et

165 5688 468 5753 transvectio,
515 5705 637 5760 qua:
675 5690 787 5745 fieri
818 5692 1025 5746 solebat
1066 5694 1117 5747 in
1166 5694 1470 5761 triumphis,
1522 5695 1727 5765 suppli-

156 5768 423 5838 iatiooillus
452 5775 683 5854 aliisque
719 5774 1167 5853 solemnitatibus,
1202 5798 1264 5844 ac
1297 5784 1564 5857 praecipue
1616 5786 1718 5841 eir-

1849 3187 2016 3254 fnror,
2071 3188 2343 3257 turpitudo
2382 3190 2658 3256 prolixior.
2697 3207 2715 3239 ι
2751 3186 2806 3241 In
2855 3187 3218 3253 manuscripto
3259 3183 3445 3240 codice

1847 3280 1996 3349 regio
2018 3281 2231 3350 legitur,
2268 3297 2285 3331 ι
2325 3295 2431 3333 non
2458 3280 2633 3334 minor
2663 3278 2860 3342 furore,
2900 3296 2920 3330 ι
2965 3292 3063 3333 nec
3097 3278 3316 3331 munitio
3344 3276 3444 3330 ab-

1845 3371 2011 3425 Sttrtlo
2061 3386 2242 3426 sensu.
2278 3371 2405 3428 Utut
2454 3373 2543 3438 sit,
2594 3370 2955 3427 Tertullianus
3006 3372 3208 3425 auctori
3260 3379 3445 3423 nostro

1846 3465 2129 3534 pra-iverat
2152 3465 2206 3518 in
2236 3481 2334 3518 suo
2375 3464 2744 3535 Apuli-getiCo,
2778 3464 2864 3518 ubi
2900 3463 3148 3519 similiter
3185 3464 3441 3533 scriptum

1845 3557 2113 3627 legimus:
2156 3577 2175 3611 ι
2220 3557 2358 3611 Nihil
2401 3567 2484 3613 est
2528 3557 2681 3611 nobis
2706 3571 2828 3611 cum
2870 3557 3071 3611 iuSania
3121 3556 3271 3621 circi,
3320 3569 3442 3611 eum

1844 3648 2170 3716 impudicitia
2205 3651 2419 3714 theatri,
2453 3665 2573 3702 cum
2606 3649 2884 3703 atrocitate
2919 3662 3120 3713 arenae,
3150 3663 3270 3701 cum
3304 3646 3441 3718 xysti

1841 3742 2094 3797 vanitate.
2135 3762 2152 3794 ι
2170 3742 2377 3797 Rursus
2399 3759 2525 3798 vero
2546 3743 2671 3797 alibi
2699 3760 2711 3798 :
2745 3761 2763 3794 ι
2785 3742 2910 3809 quid
2935 3757 3039 3797 non
3063 3743 3393 3812 frequentas,
3420 3760 3437 3792 ο

1841 3835 2042 3900 aiebat,
2080 3854 2099 3887 ι
2134 3844 2240 3888 tam
2273 3835 2544 3890 solemnes
2575 3834 2876 3904 voluptates
2922 3833 3052 3888 circi
3100 3830 3346 3898 furentis,
3390 3840 3445 3885 ct

1840 3941 2017 3982 Cavete
2075 3926 2365 3993 saevientis,
2417 3935 2472 3982 ct
2509 3940 2683 3981 scenze
2744 3922 3106 3978 lascivientis?
3141 3941 3159 3974 ι
3221 3923 3440 3978 Demum

1846 4021 1954 4075 alio
1989 4021 2165 4076 adhuc
2206 4022 2257 4075 iu
2301 4020 2477 4075 libro:
2538 4037 2557 4071 ι
2593 4019 2737 4074 Perit
2783 4026 2838 4071 et
2889 4015 3081 4075 fidelis,
3123 4014 3340 4082 elapsus
3390 4015 3440 4068 in

1846 4113 2212 4181 spectaculum
2227 4111 2553 4183 quadrigarii
2580 4109 2797 4175 furoris,
2820 4118 2873 4162 et
2893 4106 3196 4177 gladiatorii
3211 4106 3439 4172 cruoris,

1844 4213 1899 4258 rt
1928 4205 2156 4259 scenica:
2208 4202 2481 4267 fmditatis,
2525 4210 2577 4256 et
2621 4200 2844 4270 xySIica:
2893 4196 3164 4257 vanitatis,
3199 4196 3250 4250 in
3295 4197 3442 4251 lusus

1845 4306 1901 4351 et
1941 4295 2182 4350 convivia
2231 4293 2509 4348 sa-eularis
2557 4289 2938 4355 solemuitatis,
2983 4289 3035 4342 in
3074 4287 3351 4352 officium,
3388 4290 3440 4342 in

1845 4389 2197 4444 ministerium
2221 4388 2412 4442 aliena:
2435 4384 2752 4439 idololatrias
2786 4401 2805 4435 ι
2830 4380 3172 4454 (Tertulliani.
3195 4382 3440 4452 Apolog.,

1843 4497 1964 4551 cap.
1994 4482 2083 4547 58,
2117 4495 2238 4551 pag.
2271 4480 2360 4534 54.
2400 4477 2545 4534 Idem
2589 4477 2683 4531 lib.
2718 4492 2759 4542 I,
2781 4476 2955 4530 adver.
2989 4472 3285 4551 Marciam,
3317 4489 3435 4544 cap.

1840 4578 1931 4641 27,
1967 4591 2084 4646 pag.
2120 4575 2242 4630 451.
2276 4573 2392 4628 Lib.
2447 4572 2511 4626 de
2553 4569 2763 4633 Partim,
2816 4583 2935 4638 cap.
2992 4567 3046 4627 7.
3091 4582 3212 4638 pag.
3259 4564 3364 4621 722
3395 4568 3437 4636 ).

1839 4672 2178 4741 Quapropter
2230 4669 2588 4738 Hieronymus
2615 4665 2682 4721 ad
2720 4664 3024 4720 Marcellam
3052 4663 3168 4718 haec
3214 4662 3437 4718 scribit:

1845 4783 1863 4816 ι
1900 4763 2102 4817 Habeat
2150 4760 2249 4815 sibi
2293 4760 2462 4815 Roma
2514 4773 2643 4813 suos
2693 4757 2967 4820 tumultus,
3019 4750 3180 4811 arena
3227 4754 3438 4817 saeviat,

1837 4859 2015 4914 circus
2059 4854 2306 4921 insaniat,
2352 4855 2555 4910 theatra
2587 4854 2879 4908 luxurient.
2918 4870 2937 4904 ›
2972 4851 3180 4905 Etenim
3216 4867 3231 4904 :
3268 4868 3287 4900 ι
3316 4864 3437 4905 cre-

1833 4954 1967 5007 dens
2001 4954 2053 5006 in
2081 4951 2381 5016 dominum,
2414 4949 2619 5012 Jesum,
2661 4968 2679 5000 ι
2724 4949 2798 5001 ttti
2847 4947 2933 5001 ille
2967 4945 3094 5000 alibi
3144 4944 3213 4999 de
3251 4954 3437 4999 sancto

1834 5046 2108 5101 l-lilarioue
2153 5044 2305 5105 dixit,
2356 5061 2374 5093 ‹
2414 5057 2519 5096 non
2563 5040 2692 5094 circi
2741 5038 3032 5103 furoribus,
3091 5052 3196 5089 nou
3247 5052 3428 5091 arena:

1833 5142 2113 5206 sanguine,
2162 5153 2265 5189 non
2298 5134 2487 5188 theatri
2521 5133 2723 5188 luxuria
2747 5130 3046 5185 delectatur
3067 5128 3431 5202 (Hieronym.,

1835 5230 1993 5297 epist.
2029 5228 2120 5292 45,
2149 5230 2215 5282 ad
2254 5224 2497 5293 Marrel.,
2531 5239 2649 5295 pag.
2692 5223 2821 5291 555,
2846 5232 2903 5280 et
2931 5222 2985 5277 in
3012 5224 3115 5277 vita
3143 5219 3429 5290 Hilarium,

1837 5337 1958 5393 pag.
1987 5322 2102 5394 75).
2562 5368 2573 5377 .

1911 5417 2078 5469 Porro
2104 5423 2280 5468 autem
2311 5409 2670 5466 Tertullianus
2708 5408 2760 5463 in
2790 5407 2899 5479 jam
2926 5409 3090 5464 citato
3127 5419 3157 5459 a
3184 5405 3337 5460 nobis
3364 5405 3431 5461 de

1833 5506 2164 5576 Spectaculis
2193 5507 2347 5568 libro,
2381 5515 2657 5575 p0stquam
2689 5502 3034 5558 manifestum
3067 5502 3321 5557 ontuibus
3353 5500 3431 5555 fe-

1830 5603 1925 5664 cit,
1954 5602 2076 5671 quid
2109 5603 2173 5656 sit
2199 5603 2396 5667 circus,
2440 5617 2539 5657 cur
2581 5603 2659 5657 sic
2684 5613 3042 5672 nuncupatus,
3098 5608 3154 5655 et
3196 5599 3322 5667 quid
3374 5599 3427 5654 in

1829 5711 1896 5750 eo
1922 5702 2190 5765 ageretur,
2224 5703 2334 5749 tum
2374 5706 2580 5765 anlea,
2634 5693 2759 5765 quid
2811 5694 2924 5749 huic
2971 5693 3206 5750 auctoris
3257 5692 3428 5747 nostri

1827 5786 1984 5841 verba
2023 5805 2034 5841 :
2072 5788 2087 5836 ἐ
2124 5784 2308 5855 Populi
2350 5786 2401 5841 in
2457 5796 2514 5842 se
2563 5784 2786 5842 rixantis
2838 5786 3121 5857 insaniam,
3158 5800 3179 5839 ›
3224 5771 3428 5858 εἱειιίίῖλ
