3824 6282
392 231 496 290 539

1720 230 1805 286 DE
1848 227 2105 285 MINLTCH
2135 225 2427 283 OCTAVll)
3550 234 3631 289 5l0

392 357 536 417 cent,
588 348 886 405 luculenter
944 348 1231 417 explicavit
1265 364 1278 402 :
1328 366 1347 400 t
1384 346 1517 402 Cum
1577 344 1746 413 furor,
1802 345 1993 414 inquit,
2025 342 2075 403 Α
2105 343 2260 407 terio,
2292 343 2377 398 vel
2407 341 2531 414 quid
2561 339 2705 397 domi
2736 340 2983 412 gesserit,
3011 353 3412 412 recognoscere;
3438 342 3516 397 vel
3536 347 3633 413 quid

392 441 729 498 interdicitur
776 440 949 506 nobis,
983 440 1051 494 ab
1106 440 1250 494 omni
1303 439 1611 508 spectaculo
1667 435 1987 503 auferimur,

394 537 554 592 etiam
597 552 625 589 a
664 536 829 597 circo,
870 533 959 589 ubi
1012 536 1228 607 proprie
1287 534 1436 589 l‘uror
1476 533 1748 604 prmsidet.
1801 531 1995 600 Aspice

392 632 645 703 populum
675 629 737 682 ad
764 629 1126 694 SpeCtaCulum
1150 628 1260 698 jam
1291 643 1414 682 cum
1452 626 1631 681 lurore
1668 627 1992 686 venientem,

388 723 496 791 jam
529 720 933 785 tumultuosum,
954 720 1063 790 jam
1094 737 1314 782 crucum.
1346 719 1455 788 jam
1504 719 1574 774 de
1617 715 1996 789 Sponsionibus

390 817 739 871 Concitatum.
769 814 975 869 Tardus
1003 825 1086 869 est
1115 816 1186 868 illi
1221 825 1438 882 praetor,
1493 828 1708 880 semper
1757 811 1896 866 oculi
1944 811 1995 864 in

394 923 525 962 urna
566 907 683 976 ejus
726 922 848 961 cum
895 907 1131 962 sortibus
1177 908 1508 962 volutantur.
1564 904 1768 960 Dehine
1820 903 1885 958 ad
1923 900 2015 959 si-'

388 1015 548 1070 guunt
582 999 722 1053 anxii
757 998 1028 1067 pendent;
1066 1000 1222 1052 unius
1254 994 1539 1053 dcmentim
1589 1012 1690 1050 una
1742 1013 1843 1051 vox
1890 1006 1993 1052 est.

388 1094 667 1164 Cognosco
697 1092 1025 1148 dementiam
1081 1093 1148 1148 de
1196 1092 1431 1147 vanitate
1462 1110 1474 1146 :
1518 1091 1679 1154 Misit,
1710 1090 1915 1155 dicunt,
1941 1101 1997 1144 et

389 1189 635 1241 nuntiant
663 1186 913 1251 invicem,
942 1186 1083 1257 quod
1122 1185 1277 1241 simul
1308 1187 1374 1240 ab
1401 1182 1655 1238 omnibus
1683 1184 1853 1238 visum
1877 1192 1979 1238 est.

390 1279 571 1335 Tcnco
627 1279 991 1334 teSIimonintn
1045 1279 1321 1333 caecitatis.
1382 1277 1497 1333 Non
1544 1277 1726 1332 vident.
1777 1278 1997 1332 missum

390 1370 531 1442 quod
580 1371 687 1424 sit:
740 1386 986 1441 mappam
1036 1380 1262 1439 putant:
1295 1370 1387 1424 sed
1430 1380 1514 1424 est
1541 1369 1739 1423 diaboli
1783 1369 1850 1423 ab
1891 1368 2001 1422 alto

390 1448 706 1533 prateipitati
734 1461 921 1532 lignra,
956 1460 1138 1534 (alias,
1158 1462 1323 1534 gula).
1359 1461 1434 1515 Ex
1469 1477 1533 1516 eo
1558 1461 1734 1530 itaque
1772 1461 1879 1514 itur
1933 1459 1985 1513 in

390 1554 579 1619 furias,
634 1564 687 1607 et
741 1561 970 1617 animos,
1026 1563 1081 1609 ct
1132 1554 1448 1617 discordias,
1497 1561 1551 1608 et
1584 1552 1838 1622 quidquid
1887 1568 1991 1606 non

387 1643 519 1700 licet
571 1644 944 1700 sacerdotibus
988 1646 1152 1715 pacis.
1221 1646 1346 1700 Inde
1393 1645 1696 1710 maledicta,
1752 1643 1992 1698 convicia

385 1738 501 1793 sine
526 1737 753 1809 juStitia,
781 1738 887 1792 odii
907 1739 1066 1793 ctiam
1090 1736 1343 1810 salfragia
1375 1740 1491 1793 sine
1514 1738 1706 1793 merito
1731 1738 1932 1791 amoris
1968 1756 1984 1789 ›

389 1831 643 1901 (Tertul.,
679 1831 765 1886 lib.
808 1831 871 1884 de
896 1831 1160 1901 Spectac.,
1195 1847 1315 1900 cap.
1344 1829 1399 1896 8,
1435 1845 1554 1900 pag.
1585 1829 1674 1885 95.
1705 1830 1837 1885 Ibid.
1873 1844 1994 1898 cap.

390 1925 476 1987 16,
513 1939 629 1994 pag.
663 1922 777 1995 97).
833 1923 924 1978 llis
977 1926 1125 1993 plura
1181 1923 1347 1988 addit,
1402 1939 1522 1990 qtuu
1568 1932 1620 1977 te
1658 1924 1836 1991 legere
1889 1938 1994 1976 non

387 2017 584 2087 pigeat.
621 2013 812 2071 Videre
837 2031 1048 2085 quoque
1077 2017 1298 2085 poteris,
1325 2032 1443 2085 qum
1471 2016 1539 2071 de
1569 2013 1756 2068 iisdem
1782 2023 1996 2084 specta-

389 2109 526 2165 culis
562 2108 792 2179 adjecit;
828 2108 915 2164 ubi
970 2109 1076 2175 illc,
1129 2110 1269 2164 sicut
1299 2108 1575 2173 Martialis,
1613 2108 1901 2161 Suetonius
1946 2114 2001 2160 et

389 2203 504 2268 alii,
539 2208 866 2257 mentionem
891 2200 1262 2274 l‘ecitmapptc,
1298 2218 1437 2271 qum,
1493 2209 1551 2254 ιιι
1587 2200 1801 2270 quidam
1829 2200 1999 2261 aiunt,

392 2296 636 2352 victoria
675 2307 903 2364 praetore
931 2297 1064 2352 mitti
1091 2297 1319 2360 solebat,
1355 2296 1438 2351 vel
1487 2295 1622 2349 sicut
1649 2294 1768 2349 aliis
1807 2294 1999 2364 placet,

394 2390 1042 2461 qua)committentlorum
1081 2390 1331 2445 ludorum
1372 2391 1582 2459 signum
1629 2398 1743 2443 crat
1775 2388 2004 2460 (ιω-θη.

392 2481 446 2536 in
478 2480 566 2536 lio.
600 2482 777 2555 Satyr.
814 2482 893 2536 ll.
930 2481 1180 2544 .‘llartial.,
1214 2481 1304 2534 lib.
1325 2496 1420 2548 ιιι,
1440 2477 1623 2550 Epigr.
1652 2479 1743 2533 29.
1780 2479 2004 2533 Sueton.

393 2576 448 2629 in
492 2573 603 2628 Vita
634 2574 855 2641 Noram,
889 2573 1061 2647 §‘2?.).
1085 2575 1353 2630 Carminis
1402 2590 1532 2627 vero
1579 2573 1816 2639 iambici,
1866 2574 2010 2629 inter

393 2670 634 2743 Gregorii
686 2669 1000 2724 Nazinttzetti
1059 2685 1222 2740 opera
1290 2668 1419 2725 editi
1493 2678 1679 2722 auctor
1724 2667 2007 2722 enucleate

338 2764 350 2773 ⁷
394 2762 653 2820 describit
688 2765 814 2819 circi
850 2758 1106 2823 furorem,
1165 2763 1292 2828 iras,
1337 2763 1502 2827 rixas,
1550 2761 1813 2825 convicia,
1857 2761 2000 2829 odia,

394 2872 619 2928 pugnas,
651 2857 893 2923 vulnera,
927 2854 1172 2911 ctcmdcs
1219 2854 1468 2929 (Grcgor.
1500 2853 1775 2923 Nazianz.,
1800 2853 2001 2921 Carm.,

395 2951 520 3004 iam.
551 2951 604 3013 5,
635 2964 750 3020 pag.
778 2948 931 3023 9.99).

2023 1688 2071 1746 B

2096 451 2287 508 gerere
2315 438 2507 507 possit,
2528 436 2755 492 discere.
2778 436 3111 491 Adulterium
3130 434 3370 498 discitur,
3387 435 3501 491 dum
3520 438 3635 495 vide

2104 540 2211 598 tur,
2241 540 2296 588 et
2323 532 2662 588 lenocinante
2682 533 2747 588 ad
2772 533 2895 586 vitia
2921 533 3145 603 publica:
3170 533 3486 588 auctoritatis
3508 534 3635 605 malo,

2100 643 2219 696 qum
2243 625 2432 694 pudica
2462 624 2693 681 fortasse
2715 624 2780 681 ad
2811 626 3174 696 Spectaculum
3205 634 3435 680 matrona
3467 643 3638 695 preces.

2102 726 2266 783 serat,
2317 717 2384 772 de
2429 720 2738 787 spectaculo
2778 718 3061 772 revertitur
3103 717 3452 787 impudica...
3492 719 3641 791 Expri-

2103 819 2254 863 mttnt
2281 809 2600 877 impudicam
2628 809 2914 876 Venerem,
2938 809 3238 864 adulterum
3267 809 3494 869 Martem.
3515 826 3554 864 et
3574 813 3641 867 Jo-

2107 913 2222 953 vem
2253 900 2403 954 illum
2435 918 2589 955 suum
2622 919 2726 955 non
2758 901 2926 972 magis
2956 918 3151 973 regno,
3185 918 3343 973 quam
3374 904 3508 958 vitiis
3538 909 3642 965 trin-

2098 993 2370 1060 cipem....
2423 994 2558 1049 Deos
2610 1009 2759 1057 suos,
2818 1009 2952 1064 quos
3000 1006 3342 1060 venerantur,
3396 993 3643 1061 imitantur;

2099 1085 2231 1139 liunt
2261 1087 2472 1142 miseris
2497 1097 2546 1142 et
2581 1087 2827 1157 religiosa
2851 1086 3041 1142 delicta
3068 1105 3087 1139 ›
3119 1084 3301 1160 (Cypr.
3331 1085 3480 1153 ibid.,
3503 1102 3598 1158 pag.
3621 1091 3645 1145 5

2097 1187 2148 1233 et
2178 1181 2364 1251 δίψῃ).

2181 1273 2334 1328 Prms
2367 1289 2494 1327 vero
2525 1273 2886 1328 Tertullirnus
2922 1290 2935 1327 :
2975 1291 2994 1325 t
3028 1272 3077 1327 A
3116 1272 3347 1335 theatro,
3386 1272 3554 1342 inquit.
3586 1288 3649 1329 sc-

2108 1382 2380 1436 paramur,
2424 1365 2565 1436 quod
2609 1378 2687 1420 est
2721 1369 2984 1436 privatum
3015 1364 3394 1419 comistorium
3426 1366 3652 1436 impudici-

2107 1458 2291 1512 ti:c....
2324 1473 2531 1511 summa
2555 1458 2721 1528 gratia
2754 1458 2869 1525 ejus
2891 1458 2959 1512 de
2989 1458 3241 1528 spurcitia
3270 1457 3654 1527 pluritnuutcon-

2103 1551 2315 1605 cinnata
2340 1562 2444 1615 est,
2471 1568 2627 1622 quam
2660 1550 2915 1606 Atelanus
2935 1553 3299 1622 gesticulatur,
3334 1568 3486 1622 quam
3505 1554 3656 1607 mimus

2104 1645 2263 1699 etiam
2299 1659 2392 1712 per
2425 1644 2676 1698 mulieres
2711 1654 3083 1714 repra-sental,
3126 1660 3313 1699 sanm
3358 1644 3558 1714 pudoris
3583 1662 3658 1700 ex-

2101 1736 2415 1800 terminans,
2434 1746 2485 1788 ut
2506 1734 2710 1789 facilius
2753 1736 2923 1800 domi,
2939 1751 3095 1801 quam
3116 1737 3166 1790 in
3186 1752 3345 1792 scena
3360 1736 3658 1800 erubescant;

2102 1842 2260 1895 quam
2290 1826 2525 1896 deniqre
2561 1826 2919 1895 pantomimus
2953 1842 2981 1879 a
3017 1828 3239 1897 pueritia
3268 1828 3462 1894 patitur
3497 1828 3540 1880 in
3566 1843 3663 1882 coro

2103 1936 2253 1991 pore,
2276 1929 2332 1973 ut
2350 1919 2539 1974 artifex
2563 1936 2683 1975 esse
2704 1921 2890 1988 possit.
2907 1920 3023 1988 Ipsa
3043 1930 3201 1974 etiam
3223 1919 3510 1990 prostibula
3530 1920 3666 1989 publi-

2100 2028 2177 2066 cae
2201 2011 2434 2066 libidinis
2467 2011 2658 2066 hostizc
2681 2012 2733 2067 in
2753 2027 2915 2067 scena
2939 2012 3305 2081 proreruutur,
3336 2023 3439 2067 etc.
3477 2033 3494 2066 ι
3531 2011 3665 2084 (Tert.

2103 2103 2198 2159 lib.
2231 2103 2295 2157 de
2320 2103 2587 2171 Spectata,
2619 2120 2739 2175 cap.
2772 2105 2861 2170 l7,
2897 2120 3017 2174 pag.
3049 2103 3177 2177 98).
3232 2108 3373 2160 Ante
3428 2116 3670 2178 utrumque

2112 2214 2273 2269 porro
2317 2197 2655 2267 lecOpbilus
2711 2198 3113 2259 Antiochi-nus,
3171 2197 3425 2253 Cletnens
3479 2200 3672 2254 Alexan-

2112 2289 2321 2357 drinus,
2372 2307 2435 2344 ac
2483 2299 2662 2359 postea
2711 2288 3042 2353 Lactantius,
3087 2289 3466 2363 Hieronymus,
3511 2292 3675 2346 Auctor

2113 2384 2370 2437 carminis
2411 2383 2622 2437 iambici
2668 2383 2931 2453 Gregorio
2973 2381 3311 2437 Nazianzeno
3351 2384 3602 2454 ascripti,
3638 2394 3676 2437 et

2112 2480 2201 2534 alii
2249 2480 2300 2532 in
2344 2479 2439 2533 bas
2491 2480 2852 2533 obsct-nitatos
2891 2478 3133 2532 scenicas
3167 2477 3287 2547 jure
3330 2477 3518 2531 merito
3558 2478 3676 2530 inve-

2116 2574 2334 2626 lmntur.
2382 2570 2514 2639 Quis
2585 2586 2746 2640 porro
2793 2571 2968 2624 nescit
3015 2560 3083 2623 iis
3128 2581 3340 2623 scatere
3383 2569 3675 2622 ethnicorum

2111 2678 2387 2737 poetarum
2447 2680 2568 2719 cum
2606 2679 2907 2735 graecorum
2953 2672 3064 2716 tum
3103 2662 3390 2718 latinorum
3433 2661 3677 2731 tragoedias

2107 2771 2161 2816 et
2177 2760 2595 2829 cutnmdiasqum
2620 2758 2672 2812 in
2693 2750 2984 2811 nmltoruin
3007 2756 3293 2826 perniciem
3313 2755 3471 2824 longe
3495 2753 3676 2819 diutius,

2104 2870 2264 2924 quam
2297 2854 2447 2923 plura
2475 2868 2646 2923 eaque
2661 2851 2944 2906 utilissima
2963 2859 3201 2905 veterum
3230 2849 3485 2905 Ecclesiae.
3503 2850 3680 2905 Patrum
3768 2856 3777 2907 ζ

2105 2964 2289 3019 opera,
2334 2952 2474 3019 typis
2509 2946 2667 3001 edita:
2706 2944 3153 3017 persevvrarnnt?
3203 2941 3489 3013 (Theoph,
3527 2942 3681 3004 lib.ut,

470 3042 641 3115 Quam
672 3052 849 3096 autem
883 3041 1141 3095 Minucius
1168 3038 1362 3093 dehinc
1392 3046 1561 3101 notat,
1595 3056 1614 3089 ι
1660 3037 1711 3090 in
1740 3037 2000 3107 gladiato-
2028 3061 2076 3125 ρ
2110 3040 2178 3093 ad
2215 3039 2473 3110 Autolyc.,
2525 3054 2645 3109 pag.
2700 3038 2800 3093 ηδ
2839 3050 2892 3092 et
2937 3054 3072 3108 seqq.
3104 3035 3267 3091 Clem.
3312 3036 3464 3091 Alex.
3508 3036 3592 3090 lib.
3631 3050 3679 3099 ll,

398 3133 494 3189 riis
530 3153 548 3186 ι
583 3133 740 3200 ludis,
777 3152 794 3183 ι
834 3132 1103 3187 homicidii
1144 3132 1504 3202 disciplinam,
1546 3151 1565 3183 ι
1601 3129 1716 3185 hare
1753 3131 1947 3185 clarius
1976 3146 2008 3187 a

1078 3244 1096 3274 ι
1130 3223 1376 3289 Paratur,
1407 3227 1479 3277 ait
1516 3223 1884 3277 sanctissimus
1926 3223 2016 3278 ille

402 3228 673 3299 Cypriane
704 3227 990 3296 exponitur
1027 3243 1039 3278 :

405 3328 630 3399 martyr,
662 3316 1008 3385 gladiatorius
1050 3315 1241 3381 ludus;
1291 3324 1347 3370 ut
1395 3315 1669 3371 libidinem
1718 3314 2012 3370 crudelium

401 3410 668 3463 luminum
711 3409 930 3478 sanguis
960 3406 1211 3463 oblectet.
1244 3406 1496 3480 Impletur
1527 3411 1577 3465 in
1620 3424 1838 3463 succum
1881 3410 2016 3465 cibis

407 3498 721 3555 fortioribus
744 3515 960 3569 corpus,
992 3509 1046 3556 et
1072 3502 1272 3556 arvina!
1305 3504 1436 3557 toris
1459 3503 1820 3559 membrorum
1847 3503 2017 3559 moles

409 3590 629 3646 robusta
662 3589 990 3661 pinguescit;
1025 3601 1082 3646 ut
1105 3593 1377 3663 saginatus
1406 3594 1457 3647 itt
1487 3609 1700 3665 pcenam
1730 3596 1902 3649 carius
1926 3610 2020 3666 pe-

407 3693 545 3738 reat.
576 3682 750 3737 llmno
794 3684 1057 3739 occiditur
1098 3686 1150 3738 in
1196 3686 1428 3740 hominis
1468 3689 1828 3756 voluptatem;
1869 3699 1923 3744 et
1963 3698 2021 3744 ιιι

407 3776 524 3847 quis
556 3776 721 3847 possit
770 3777 1034 3842 occidere,
1080 3781 1274 3848 peritia
1315 3790 1413 3848 est,
1460 3796 1591 3833 usus
1634 3790 1738 3846 est,
1784 3798 1873 3837 ars
1914 3791 2018 3838 est.

410 3870 599 3947 Scelus
629 3886 734 3924 non
767 3878 970 3925 tantum
1003 3872 1228 3942 geritur,
1270 3871 1362 3927 sed
1396 3883 1446 3926 et
1476 3873 1719 3927 docetur.
1749 3874 1883 3942 Quid
1922 3892 2020 3947 p0-

408 3975 513 4021 test
545 3964 888 4020 inhumanius
921 3975 974 4022 et
1017 3966 1265 4023 acerbius
1310 3967 1456 4022 (hci?
1498 3968 1781 4039 Disciplina
1827 3980 1927 4037 est,
1963 3981 2021 4029 ut

407 4059 584 4130 perire
614 4058 965 4143 qttis’pmsit;
999 4067 1054 4114 et
1079 4061 1426 4131 gloria,quod
1458 4062 1671 4133 perimit
1698 4083 1715 4115 ι
1740 4062 2014 4135 (Cyprian.

404 4152 497 4209 lib.
525 4153 593 4207 ad
619 4152 833 4221 Donqt.,
863 4169 984 4224 pag.
1015 4152 1048 4209 5
1181 4153 1315 4225 Vide
1357 4155 1553 4222 adhuc,
1596 4156 1637 4210 si
1680 4157 1880 4233 placet,
1914 4156 2020 4211 Tac

410 4248 638 4313 tianunt,
674 4238 1380 4313 Arnobium,Lactantium.
1413 4245 1780 4314 Prudentium,
1811 4260 1864 4305 et
1901 4265 2022 4321 qua!

405 4338 474 4394 de
534 4338 641 4394 illis
695 4338 1051 4409 gladiatorum
1102 4341 1487 4396 certaminibus
1529 4340 1656 4396 alihi
1710 4343 2020 4399 observavi-

2120 3135 2361 3219 Pccda’gq
2390 3151 2504 3205 cap.
2534 3134 2587 3199 6,
2621 3150 2741 3204 pag.
2769 3133 2872 3189 169
2899 3143 2953 3188 et
2981 3133 3069 3187 lib.
3096 3147 3154 3195 ll,
3183 3146 3305 3197 cap.
3331 3131 3422 3195 ll,
3447 3146 3561 3201 pag.
3584 3129 3681 3184 25$.

2118 3229 2358 3284 Lactant.
2392 3229 2486 3283 lib.
2521 3228 2575 3283 6.
2619 3226 2875 3290 lustitnt.,
2914 3241 3032 3293 cap.
3069 3224 3159 3283 ΞΟ.
3202 3239 3324 3293 pag.
3364 3222 3471 3278 6l9
3499 3235 3545 3277 et
3575 3238 3681 3291 seqq.
3772 3224 3781 3233 °

2125 3322 2427 3394 Ilieronym.
2459 3323 2608 3393 epist.
2642 3322 2727 3376 18.
2755 3321 2823 3374 ad
2849 3319 3081 3375 Marce”.
3104 3321 3257 3389 Apud
3286 3317 3449 3391 Greg.
3473 3317 3685 3373 Nazianz.

2118 3429 2249 3473 tom.
2281 3416 2336 3485 2,
2366 3432 2487 3489 pag.
2518 3412 2665 3485 I91.)

2718 3545 3009 3588 ABTICULUS
3046 3545 3104 3585 ll.

2124 3645 2393 3714 Quomodo
2425 3645 2685 3701 Minucius
2714 3648 3018 3714 respondeat
3045 3643 3162 3698 aliis
3189 3642 3385 3698 Cc’cilii
3407 3641 3692 3697 obtrectatio-

2193 3740 2363 3800 nibus,
2394 3739 2717 3793 Christianos
2748 3738 2964 3807 publiris
2994 3737 3261 3803 conviciis,
3292 3744 3338 3789 et
3362 3736 3519 3791 sacris
3548 3744 3692 3786 certa-

2193 3832 2413 3885 minibus
2442 3848 2543 3884 non
2573 3832 2830 3894 interesse,
2861 3841 2906 3883 et
2931 3828 3185 3883 abstinere
3208 3829 3273 3883 ab
3296 3826 3586 3895 ida/0M,
3616 3824 3693 3877 alti

2195 3924 2499 3986 ostenditur,
2518 3938 2643 3995 qua:
2670 3933 2828 3976 essent
2858 3924 2951 3975 illa
2990 3923 3191 3989 publica
3219 3921 3515 3977 ethnicorum
3532 3916 3695 3972 conni-

2192 4017 2291 4083 via,
2325 4033 2384 4070 ac
2411 4026 2658 4087 quantum
2686 4031 2718 4068 a
2745 4013 3044 4069 Christianis
3073 4013 3437 4084 discreparent.

2191 4154 2412 4227 Triplici
2453 4154 2629 4209 adlmc
2666 4153 2732 4209 de
2770 4168 2928 4208 causa
2972 4152 3311 4208 Christianos
3341 4154 3572 4222 increpat
3601 4149 3691 4204 Cte-

2119 4250 2290 4314 cilius,
2325 4249 2466 4320 quod
2487 4249 2696 4318 publica
2733 4263 2853 4302 cum
2887 4247 3129 4302 Ethnicis
3152 4246 3402 4301 convivia
3432 4244 3685 4311 celebrare,

2125 4345 2292 4398 sacris
2346 4358 2532 4397 eorum
2583 4339 2970 4397 certaminibus
3018 4338 3307 4406 interesse,
3354 4353 3419 4394 ac
3468 4335 3691 4392 delibatos

405 4447 525 4489 mus
554 4451 573 4486 ι
607 4432 841 4505 (Tatian.
886 4435 1034 4489 Orat.
1081 4445 1244 4489 contr.
1279 4434 1472 4499 erc.,
1506 4451 1630 4511 pag.
1658 4437 1779 4493 l6l.
1811 4438 2016 4494 Arnob.
2044 4408 2100 4475 Β
2124 4443 2228 4499 diis
2254 4443 2403 4497 cibos
2443 4452 2496 4496 et
2524 4451 2680 4510 potus
2710 4447 3035 4511 prmgustare
3071 4439 3457 4493 detrectarent.
3485 4436 3603 4502 Qua:
3624 4446 3696 4486 auc

406 4527 500 4582 lib.
544 4540 609 4592 1t,
640 4544 761 4600 pag.
795 4527 883 4583 72.
930 4528 1178 4584 Lactant.
1213 4529 1307 4587 lib.
1348 4543 1425 4595 vl,
1468 4545 1587 4601 cap.
1616 4530 1707 4598 20,
1737 4520 1860 4603 pag.
1891 4531 2020 4587 6l7.

406 4619 665 4676 Prndent.
734 4620 826 4675 lib.
881 4637 938 4677 tt.
999 4631 1166 4676 contr.
1222 4622 1563 4693 Symmarh.,
1611 4640 1735 4698 pag.
1780 4624 1922 4689 4'29,
1966 4627 2021 4680 in

408 4713 585 4783 Itymn.
607 4710 714 4768 SS.
741 4711 957 4768 Frucltt.
982 4714 1207 4785 Augttr.,
1233 4728 1363 4781 etc.,
1390 4732 1513 4787 pag.
1541 4717 1667 4784 I35);
1687 4728 1731 4773 el
1755 4715 2018 4788 "amart,

407 4820 528 4878 pag.
556 4804 684 4873 522.
715 4805 870 4862 Tom.
905 4810 953 4863 Ι.
980 4808 1253 4879 Αρρίινιιι..
1282 4824 1401 4882 pag.
1431 4808 1583 4882 800).

485 4901 726 4972 Denique
774 4900 842 4957 de
887 4903 1115 4957 scenicis
1158 4903 1573 4974 turpitudinibus
1624 4904 1763 4960 idem
1809 4920 2022 4976 quoque

409 4992 729 5065 Cyprianus,
764 5011 883 5064 quae
912 4995 980 5067 ab
1010 5004 1231 5053 auctore
1273 5008 1459 5052 nostro
1502 4998 1640 5052 dicta
1672 5006 1816 5064 sunt,
1861 4999 2022 5069 paulo

417 5089 690 5159 copiosius
728 5089 983 5163 edisserit
1013 5108 1025 5143 :
1062 5110 1081 5144 t
1121 5091 1176 5146 ln
1210 5092 1452 5157 theatris,
1478 5093 1668 5161 inquit,
1700 5095 2019 5164 Conspicies,

414 5182 556 5252 quod
589 5183 682 5237 tibi
713 5193 767 5236 et
798 5183 969 5237 dolori
1001 5184 1065 5236 sit
1101 5193 1156 5238 ct
1194 5184 1408 5253 pudori.
1440 5185 1748 5240 Cotbnrmts
1783 5197 1865 5241 est
1910 5198 2020 5242 Ira-

414 5276 563 5345 gicns
596 5276 767 5344 prisca
791 5278 1087 5331 carminum
1122 5275 1357 5332 facinora
1400 5294 1682 5334 recensere
1713 5298 1726 5334 :
1755 5277 1821 5335 de
1854 5282 2026 5348 parri-

415 5365 571 5420 cidiis
590 5377 643 5420 et
685 5359 910 5428 incestis
949 5382 1101 5423 error
1130 5371 1403 5439 antiquus,
1446 5387 1696 5443 expressa
1729 5372 1792 5427 ad
1836 5374 2023 5445 imagi-

418 5473 541 5513 nem
574 5458 812 5513 vcritatis
840 5460 1050 5515 actione
1081 5462 1391 5531 replicatur,
1425 5480 1491 5519 ne
1522 5466 1696 5519 scelus
1736 5474 2022 5523 transeun-

421 5550 560 5603 tibus
587 5553 882 5618 cxolescat,
916 5553 1057 5623 qttod
1086 5556 1376 5626 aliquando
1405 5559 1749 5613 commissum
1777 5568 1877 5615 est.
1910 5562 2023 5617 Ad-

421 5653 669 5700 monctur
694 5648 870 5701 omnis
893 5657 1066 5706 cretus
1090 5651 1295 5717 auditu,
1322 5652 1432 5707 lieri
1460 5668 1635 5722 posse,
1660 5657 1799 5722 quod
1830 5658 2023 5715 factum

419 5746 619 5794 est.....
659 5740 793 5796 Tum
825 5742 1055 5797 delectat
1094 5744 1145 5797 in
1185 5744 1364 5801 mimis
1398 5747 1783 5818 turpitudinum
1825 5752 2025 5823 magis-

2126 4543 2230 4590 tem
2273 4542 2456 4589 essent
2483 4530 2570 4586 illa
2598 4532 2840 4586 convivia
2872 4530 3231 4596 ethnicorum,
3264 4539 3322 4583 et
3346 4544 3443 4583 cur
3469 4528 3694 4589 instituta,

2124 4629 2169 4683 si
2189 4629 2328 4683 scire
2350 4628 2642 4690 desideras,
2669 4625 2939 4681 docebunt
2966 4633 3017 4679 te
3040 4624 3155 4679 lta:c
3182 4623 3498 4679 Tertulliani
3523 4619 3699 4676 verba:

2131 4740 2149 4775 ι
2190 4718 2403 4777 Grande
2443 4720 2693 4774 videlicet
2720 4717 2957 4773 ofﬁcium
3001 4716 3150 4771 focos
3180 4726 3238 4771 ut
3272 4728 3420 4772 toros
3456 4715 3505 4768 in
3542 4709 3700 4783 publi-

2124 4830 2245 4871 cum
2271 4814 2522 4879 educere,
2554 4813 2770 4866 vicatim
2802 4810 3029 4882 cpulari,
3058 4810 3332 4864 civitatem
3365 4808 3590 4864 tabema'
3617 4803 3701 4857 ba.

2124 4912 2233 4966 bitu
2262 4912 2615 4975 abolefacere,
2651 4911 2775 4963 vino
2819 4911 2984 4963 lutum
3024 4923 3239 4979 cogere,
3273 4908 3704 4963 calerVrtimcur-

2124 5006 2289 5060 sitare
2334 5006 2397 5058 ad
2447 5004 2687 5071 injurias,
2725 5001 2791 5056 ad
2839 5001 3218 5071 impudentius,
3260 5005 3326 5055 ad
3357 4997 3707 5055 libidinisille-

2125 5097 2334 5151 eebras.
2364 5096 2577 5151 Siccine
2606 5095 2921 5165 exprimitur
2945 5094 3208 5164 publicmn
3236 5095 3490 5164 gaudium
3518 5108 3605 5161 per
3629 5104 3705 5159 pu-
3790 5132 3793 5139 ,

2128 5189 2322 5243 blicum
2353 5187 2623 5243 dedecus?
2664 5187 2914 5242 l'la'ccine
2952 5186 3225 5239 solemnes
3262 5184 3380 5239 dies
3429 5184 3705 5254 principum

2130 5284 2344 5348 decent,
2377 5300 2495 5354 qum
2541 5284 2675 5337 alios
2717 5297 2822 5335 non
2853 5277 3077 5334 decent?
3121 5278 3218 5348 Qui
3253 5277 3547 5332 observant
3573 5273 3707 5330 disci-

2129 5376 2328 5446 plinam
2371 5374 2438 5428 de
2476 5373 2706 5427 Catsaris
2745 5380 3015 5441 respectu,
3060 5366 3112 5422 bi
3154 5382 3273 5421 eam
3306 5379 3528 5437 propter
3555 5365 3707 5420 Czcsa«

2127 5485 2238 5525 rem
2264 5467 2544 5529 deserent;
2572 5477 2623 5521 et
2647 5464 2905 5520 malorum
2937 5478 3144 5516 morum
3169 5460 3383 5515 licentia
3417 5461 3587 5529 pietas
3605 5457 3705 5516 erit,

2127 5562 2339 5618 occasio
2370 5561 2591 5614 luxuriae.
2618 5558 2806 5629 religio
2835 5555 3174 5628 deputabitur
3211 5574 3231 5607 ι
3260 5556 3279 5625 (
3315 5553 3563 5621 Tcrtnll.,
3588 5552 3708 5620 Α)οο

2128 5658 2306 5729 (egoh,
2336 5670 2455 5725 cap.
2485 5652 2598 5727 55).

2202 5751 2283 5808 Ex
2310 5749 2392 5806 his
2417 5750 2642 5820 aiiisque
2684 5747 2801 5819 ejus
2828 5745 3003 5804 verbis
3032 5744 3191 5803 facile
3223 5744 3402 5818 quivis
3441 5742 3709 5813 intelligat,
