3818 6282
42 280 148 337 5-H

1554 285 2030 344 DISSERTATIO.

3286 297 3391 355 549.

38 412 101 452 ea
156 399 424 454 convivia
472 412 688 454 summo
726 413 845 454 cum
895 399 1160 456 dedecore
1193 400 1465 458 celebrata
1513 401 1679 458 fuisse
1706 403 1923 466 Alecto
1966 405 2016 460 in
2058 420 2170 461 rem
2215 406 2382 464 citare
2428 422 2532 464 non
2576 408 2877 465 dubitavit:
2908 428 2926 464 ι
2957 410 3061 468 Sed
3085 427 3278 484 neque,
3307 415 3389 470 in—

41 491 412 547 solemnibus
442 491 861 563 Imperator-uin,
894 490 1273 565 Caesarumque
1300 494 1508 562 diebus,
1533 497 1692 551 nimi-

36 600 167 638 rum
220 585 530 650 natalibus,
578 586 723 641 sicut
762 585 852 639 ille
891 585 1015 639 alibi
1066 597 1267 650 narrat,
1311 588 1435 641 item
1480 588 1687 643 illorum

38 675 587 745 quinquennalibus,
635 675 704 732 de
741 676 936 747 quibus
979 677 1178 748 aliquid
1237 666 1685 749 pra‘strinxiiiiiis,

39 767 482 832 deceiimlibus,
528 770 903 826 triceniialihus
941 786 1005 826 ac
1041 771 1324 843 eiijuslibet
1361 776 1484 841 anni
1510 752 1684 843 initio,

42 869 113 914 ut
150 877 262 917 suo
287 863 414 918 loco
432 861 812 931 explicabitur,
842 872 1006 933 atque
1031 865 1262 919 maxima
1294 867 1683 936 triumphorum

50 954 432 1011 solemnitate
452 954 679 1024 (Tertull.
715 954 811 1009 lib.
840 970 898 1020 ii,
932 955 1001 1009 ad
1041 954 1229 1020 Uttan,
1251 973 1368 1027 cap.
1395 957 1462 1023 6;
1494 959 1584 1013 lib.
1616 957 1685 1013 de

60 1048 443 1119 Spectaculis,
492 1064 599 1117 cap.
625 1047 694 1113 6;
753 1048 981 1105 Dissert.
1011 1051 1065 1104 in
1107 1048 1242 1104 Luc.
1273 1050 1469 1116 chil.,
1500 1048 1619 1122 cap.
1646 1051 1681 1106 8

76 1149 144 1197 et
175 1143 269 1208 15,
302 1152 404 1195 art.
437 1141 467 1194 7
489 1150 537 1195 et
563 1138 645 1211 3.)

160 1236 267 1291 Nec
297 1232 485 1288 minori
524 1232 766 1302 proiecto
806 1249 1015 1289 morum
1046 1234 1449 1304 depravatione,
1481 1238 1681 1294 ethnici

92 1333 183 1388 alia
208 1328 387 1384 adhuc
414 1329 579 1383 certis
609 1328 927 1398 quibusdam
972 1330 1195 1384 deorum
1242 1331 1390 1386 festis
1435 1332 1680 1386 convivia

85 1424 325 1495 agebant.
360 1420 503 1475 Talia
535 1422 814 1475 enimvero
845 1420 932 1475 illa
973 1430 1147 1488 erant,
1194 1422 1263 1476 de
1300 1421 1492 1492 quibus
1537 1423 1678 1477 idem

83 1517 440 1574 Tertullianus
486 1532 501 1570 :
536 1533 555 1565 ι
589 1513 705 1569 Non
747 1515 798 1569 in
842 1515 1074 1583 publico,
1122 1516 1313 1585 inquit,
1344 1516 1680 1571 Liberalibus

86 1610 394 1675 discumbo,
454 1608 599 1678 quod
658 1607 928 1662 besuariis
981 1623 1288 1691 supg‘eniam
1344 1610 1681 1665 coenantibus

98 1718 208 1758 mos
242 1712 317 1756 εει
349 1720 367 1753 ι
405 1698 1074 1770 (Tertullian.-Apologet.,
1119 1715 1238 1769 cap.
1279 1700 1369 1765 42,
1408 1717 1530 1772 pag.
1558 1701 1671 1774 58).

111 1795 429 1869 Quamobrem
469 1790 770 1846 Christiani
797 1806 861 1847 ea
905 1791 1086 1861 impia,
1121 1803 1174 1846 et
1211 1792 1524 1847 idololatria:
1550 1795 1678 1848 Vitio

118 1889 417 1957 coinquinata
446 1886 669 1955 penitus
698 1885 1122 1940 detestabantur.
1164 1884 1234 1939 Et
1256 1895 1403 1940 certe
1424 1884 1679 1941 Martialis

112 1983 378 2049 episcottits,
425 1986 564 2031 teste
590 1975 884 2048 Cypriano,
911 1978 1190 2032 convictus
1230 1984 1313 2031 est
1343 1975 1675 2044 idololatriae,

107 2073 328 2143 quoniam
355 2070 637 2141 gentilium
681 2071 852 2139 turpia
884 2079 938 2125 et
980 2069 1239 2124 lutulenta
1284 2068 1529 2124 convivia
1572 2066 1678 2123 fre.

98 2174 423 2236 quentaverat
452 2162 737 2236 (Cyprian.
768 2164 916 2235 epist.
949 2163 1037 2227 (i7,
1070 2178 1189 2232 pag.
1214 2161 1363 2234 175).

152 2258 406 2313 Minucius
452 2257 636 2326 itaque
674 2271 794 2311 cum
841 2254 957 2310 hinc
993 2271 1022 2309 a
1066 2256 1283 2309 nemine
1328 2255 1415 2324 pio
1457 2254 1672 2312 homine

62 2350 301 2421 ignorari
335 2363 495 2419 posse
522 2350 688 2419 probe
724 2349 905 2412 sciret,
949 2348 1144 2419 iniquae
1178 2347 1379 2404 theilii
1422 2348 1672 2420 objurga-

64 2445 200 2497 tioni
244 2443 380 2497 nihil
404 2442 553 2496 aliud
584 2440 1016 2511 respondendum
1052 2456 1174 2497 esse
1212 2440 1383 2507 duxit,
1412 2456 1569 2511 quani
1595 2442 1673 2497 illi

58 2537 431 2605 manibusque
482 2536 602 2588 aliis
646 2534 877 2590 ethnicis
925 2534 1366 2601 demonstrando,
1412 2543 1668 2603 quantum

55 2630 121 2682 ab
160 2628 385 2683 illarum
422 2626 687 2682 conviviis
715 2636 895 2680 nostra
939 2626 1259 2681 dissidt-rent
1290 2645 1302 2679 :
1340 2645 1358 2678 ι
1391 2624 1665 2691 Convivia,

56 2720 252 2784 inruit,
308 2735 423 2773 non
469 2729 675 2773 tantum
724 2719 915 2787 pudica
943 2717 1190 2779 colimus,
1236 2718 1331 2772 sed
1374 2728 1425 2772 ct
1463 2718 1666 2773 sobria.

52 2811 161 2866 Nec
187 2812 351 2867 enim
382 2811 725 2880 indulgemus
744 2811 936 2880 epulis,
963 2819 1050 2864 aut
1072 2810 1372 2865 convivium
1396 2825 1547 2864 mero
1575 2810 1674 2864 dii-

49 2907 243 2969 rimus,
277 2904 384 2959 sed
404 2904 672 2973 gravitate
699 2903 1020 2957 hilaritatem
1052 2912 1426 2971 temperamus.
1466 2922 1485 2955 ι
1514 2906 1582 2957 At
1605 2902 1675 2958 de

52 2998 130 3049 bis
157 2999 280 3064 jam
328 2995 540 3066 aliquid
570 2995 947 3059 delibavinius,
980 3004 1034 3049 et
1071 2995 1221 3064 plura
1257 2997 1307 3048 in
1337 2995 1580 3064 seqiirnti
1607 2994 1675 3050 de

1792 498 1926 567 quit,
1983 497 2053 552 de
2082 499 2383 555 sacriﬁculo
2426 510 2482 556 et
2524 511 2802 572 parentato
2841 502 3069 568 edimus,
3113 502 3237 576 quia
3283 521 3389 562 non

1794 602 2010 658 possum
2062 606 2271 646 cautam
2314 593 2515 647 domini
2547 594 2727 659 edere,
2763 602 2815 649 et
2845 604 3054 650 Cinnam
3098 596 3392 651 daemonio-

1792 697 1909 736 runi
1943 681 2193 755 (Tertull.
2213 683 2306 739 lib.
2336 684 2400 739 de
2430 683 2692 754 δρα-ραι,
2721 701 2840 756 cap.
2876 685 2986 757 15).
3018 687 3252 757 Denique
3273 689 3391 745 Cle-

1792 789 1945 828 mens
1974 774 2372 831 Alexandrinus
2402 778 2554 847 plura
2592 779 2696 846 his,
2728 793 2848 849 qua:
2877 789 3065 834 auctor
3092 791 3274 834 noster
3311 781 3392 836 di-

1792 868 1893 933 xit,
1949 868 2102 937 plane
2147 880 2531 938 consentanea,
2584 877 2731 941 prius
2789 873 3077 928 tradiderat
3122 874 3391 947 (Clemens

1787 959 2078 1014 Aleitandr.
2109 961 2202 1016 lib.
2232 978 2288 1016 ii.
2314 963 2555 1034 Pmdag..
2580 980 2698 1032 cap.
2728 964 2816 1026 10.
2839 978 2958 1035 pag.
2983 966 3135 1033 2i3).

1859 1051 2057 1107 Contra
2090 1067 2265 1109 tamen
2296 1057 2486 1110 Celsus
2513 1055 2652 1126 apud
2684 1058 2967 1127 Origeuriu
2997 1059 3176 1113 acrius
3201 1059 3385 1114 Chris-

1785 1147 1958 1201 tianos
1998 1147 2120 1213 hoc,
2162 1148 2239 1201 uti
2273 1149 2445 1213 aiunt,
2488 1158 2808 1220 argumento
2835 1150 2900 1202 ad
2933 1151 3202 1205 hominem
3235 1167 3392 1221 urge-

1786 1241 1876 1296 bat
1908 1259 1920 1295 :
1955 1260 1973 1293 ‹
2009 1241 2063 1296 Si
2096 1241 2238 1295 idula
2271 1240 2402 1294 nihil
2432 1251 2575 1304 stitit,
2616 1258 2635 1293 ι
2672 1242 2744 1295 itli
2774 1240 3065 1296 Clit-i.-tiaiii
3098 1242 3364 1298 Contende

1786 1332 1935 1394 haut,
1972 1352 1989 1383 ‹
2025 1334 2152 1403 quid
2184 1333 2393 1389 inolesd
2426 1343 2509 1387 est
2555 1332 2655 1386 frui
2695 1333 2902 1402 epulis?
2958 1352 2974 1384 ι
3028 1332 3132 1387 Sed
3179 1331 3386 1388 futilem

1786 1425 1931 1480 illam
1964 1427 2482 1495 argumentationem
2513 1424 2796 1494 Origenes,
2826 1426 2933 1494 jam
2969 1426 3143 1479 citata:
3173 1440 3202 1478 a
3236 1426 3388 1481 nobis

1784 1517 1931 1574 Pauli
1958 1519 2025 1573 ad
2053 1518 2363 1584 Corinthios
2393 1518 2653 1585 Epistula:
2675 1520 2855 1573 verbis
2902 1519 3138 1573 funditus
3169 1521 3383 1586 evertit,

1784 1610 2039 1679 additque
2072 1629 2085 1665 :
2122 1629 2141 1661 ι
2176 1611 2395 1664 Etiamsi
2443 1618 2569 1664 sunt
2609 1610 2905 1678 daemones,
2949 1612 3140 1682 quibus
3179 1611 3384 1666 saerili-

1783 1711 1974 1758 cantur
2019 1703 2271 1767 victimae,
2324 1717 2431 1755 non
2476 1695 2736 1756 debemus
2767 1718 2952 1757 eorum
3002 1704 3383 1758 sacriﬁciorum

1783 1796 1894 1850 fieri
1926 1797 2231 1866 participiis,
2261 1804 2599 1865 Ima-rapinae;
2632 1800 2859 1866 διαφορὰν
2892 1806 3132 1867 τραπέζης
3182 1796 3380 1867 Κυρίου,

1783 1897 1863 1947 καὶ
1901 1899 2139 1961 τρκτέςης
2161 1895 2433 1958 δοιψειίων·
2463 1901 2547 1944 καὶ
2570 1896 2655 1944 διὰ
2689 1901 2742 1945 τὸ
2773 1896 3080 1955 ἕπίστασῖαι,
3113 1897 3273 1945 oritur:
3300 1900 3385 1958 μὲν

1776 1991 2095 2056 πράττοντας,
2127 1991 2205 2038 ἵνα
2251 1994 2493 2054 τραπέζης
2546 1983 2724 2054 Κυρίου
2774 1987 2851 2037 ἀεὶ
2898 1993 3187 2052 μετέχωμεν·
3242 1993 3384 2037 παντὶ

1779 2082 1827 2130 δὲ
1871 2079 2025 2149 τρόπῳ
2056 2083 2478 2149 yoking-rapinam,
2506 2081 2582 2130 ἵνα
2608 2080 2731 2144 μηδέ
2761 2098 2873 2131 ποτε
2908 2080 3119 2129 κοινωνοὶ
3145 2081 3385 2146 γινώμεθα

1778 2175 2019 2240 τρατέζης
2059 2173 2331 2236 δαιμονίων,
2376 2183 2497 2223 cum
2555 2169 2791 2224 sciamus
2834 2167 3189 2222 diﬁ‘erentiam
3248 2169 3384 2225 inter

1776 2277 2016 2317 mensam
2058 2262 2293 2329 Domini,
2333 2269 2388 2316 et
2426 2276 2665 2316 mensam
2709 2262 3132 2325 dmnioniorum;
3180 2267 3237 2315 et
3280 2261 3383 2316 hoc

1774 2356 2024 2418 sitientes,
2060 2353 2189 2409 nihil
2221 2368 2325 2409 non
2354 2350 2723 2415 faciamus.'u_t
2752 2369 2966 2422 semper
3008 2355 3386 2424 participantes

1776 2463 1976 2502 mensa:
2007 2447 2216 2502 Domini
2239 2488 2253 2512 ,
2294 2446 2466 2500 modis
2496 2446 2742 2500 omnibus
2771 2461 3054 2501 caveamus
3084 2465 3113 2500 a
3142 2462 3384 2502 commiiu

1777 2541 2051 2596 nieatione
2087 2555 2287 2594 inensm
2328 2539 2634 2593 daemonum
2670 2558 2689 2592 ι
2726 2539 3030 2611 '(Orig.,lih.
3070 2556 3186 2606 vin,
3212 2550 3375 2595 contr.

1775 2634 1935 2700 Cels,
1979 2650 2096 2704 pag.
2139 2634 2245 2689 594
2276 2634 2317 2704 ).
2380 2632 2590 2687 Videsis
2627 2631 2888 2702 Cyrillum
2932 2631 3378 2699 Alexandrinum,

1775 2728 1936 2782 simili
1986 2724 2430 2794 argumentationi
2477 2739 2505 2775 a
2549 2722 2761 2778 Jiiliano
2806 2732 3046 2791 apostata
3097 2724 3384 2791 pronosita:

1778 2818 2217 2888 respondentem,
2245 2826 2296 2870 et
2322 2813 2583 2886 Cyrillum
2608 2813 3177 2884 HieroSoniiiitanum,
3205 2812 3386 2873 Ol:qu-

1732 2930 1739 2935 ·
1779 2914 2037 2973 meninm,
2092 2908 2296 2963 Estium
2345 2908 2588 2974 aliusque
2627 2906 2919 2974 Scriptura:
2957 2904 3281 2973 interpretes
3330 2908 3381 2960 in

1776 3004 1935 3056 citata
1966 2999 2205 3069 Apostoli
2237 2999 2392 3053 verba
2416 2997 2655 3069 i(Cyrill.
2685 2996 2947 3052 Alcxand.
2972 2997 3066 3049 lib.
3094 3011 3188 3061 vii,
3218 3003 3377 3051 contr.

51 3092 380 3145 Tertulliani
412 3092 751 3160 auologetico
790 3104 1041 3145 sermone
1073 3088 1462 3158 disputabimus
1489 3089 1669 3162 (Tum.
1698 3094 1743 3157 C
1776 3095 2001 3159 latium,
2036 3110 2153 3164 pag.
2186 3094 2310 3149 9.53.
2346 3091 2535 3165 (lyrill.
2584 3091 2846 3146 llierosul.
2880 3089 3138 3143 (Inter-lies.
3172 3092 3223 3155 «4,
3261 3103 3379 3160 pag.

54 3187 104 3236 l.
130 3184 530 3254 Αρυατειηιίιι.
552 3184 833 3245 it,dissert.
867 3184 1053 3251 -l,c:ip.
1079 3182 1131 3247 li,
1157 3181 1352 3245 art.,4.
1376 3197 1475 3252 pag
1515 3183 1668 3252 715).

124 3279 189 3332 lc
219 3279 412 3332 Sacris
451 3286 654 3340 autent,
695 3274 1143 3343 qiieiitatliiioduni
1173 3274 1264 3327 illa
1290 3272 1538 3328 Caecilius
1577 3290 1672 3344 ap-

52 3369 235 3437 iellai,
282 3366 681 3424 certaminibus
705 3366 1079 3430 disseruimus,
1124 3375 1270 3420 tonio
1301 3366 1473 3434 ptimo
1504 3367 1673 3420 nostri

54 3466 393 3530 Apparatus,
422 3469 479 3513 et
508 3459 771 3530 superiori
800 3457 1047 3520 articulo,
1077 3457 1164 3512 tibi
1196 3458 1264 3512 de
1288 3457 1674 3527 gladiatoribus

52 3565 105 3605 ct
129 3553 469 3619 spectaculis
499 3552 708 3622 egimus
744 3550 923 3623 (Tom.
960 3566 997 3605 t.
1044 3550 1295 3620 Apum-at.
1326 3565 1446 3621 pag.
1480 3550 1582 3605 774
1618 3561 1674 3605 et

55 3646 199 3715 800).
251 3645 527 3700 Minucius
555 3658 719 3714 porro
762 3642 884 3696 huic
925 3642 1303 3696 obtrectatiooi
1350 3642 1482 3696 nihil
1524 3643 1669 3697 aliud

68 3738 259 3799 adhuc,
289 3752 450 3807 quam
477 3750 599 3806 quin
639 3750 669 3789 a
713 3734 867 3789 nobis
907 3735 1070 3788 citato
1100 3733 1339 3804 ejusdem
1370 3739 1670 3805 Apparatus

76 3831 236 3885 nostri
263 3831 388 3885 loco
414 3830 696 3885 observata
719 3836 869 3894 sunt,
901 3826 1110 3882 videtur
1143 3827 1503 3896 respuiidisse.
1530 3828 1669 3884 Satis

76 3934 242 3978 autem
272 3940 338 3979 ex
364 3922 526 3978 dictis
560 3929 710 3992 patet
763 3936 922 3991 quam
972 3919 1238 3974 horrenda
1281 3919 1440 3975 fuerit
1478 3936 1666 3977 eorum

82 4016 376 4071 crudelitas.

158 4108 377 4166 Tertium
399 4108 703 4166 Cmcilianie
727 4109 1160 4180 reprehensionis
1201 4116 1364 4182 caput
1391 4116 1494 4177 est,
1526 4109 1669 4179 quod

95 4199 357 4258 Christiani
385 4203 646 4259 delibatos
688 4202 793 4257 diis
835 4203 985 4258 cibos
1010 4213 1229 4272 gustare
1256 4213 1569 4259 renuereui.
1598 4202 1671 4258 At

104 4290 340 4349 Minucius
381 4297 428 4350 id
459 4296 691 4353 libenter
731 4293 946 4362 fatetur,
990 4293 1258 4363 simulque
1297 4295 1459 4363 hujus
1502 4293 1668 4348 absti-

116 4386 292 4439 nentiae
332 4389 485 4443 reddit
528 4390 794 4445 rationem
828 4407 843 4443 :
881 4406 899 4440 ι
934 4388 1085 4455 Quod
1112 4404 1241 4444 vero
1282 4389 1665 4443 sacriﬁciorum

119 4472 370 4545 reliquias,
402 4497 419 4530 ι
440 4481 505 4534 ita
532 4481 621 4535 ille
652 4480 908 4550 loquitur,
941 4498 957 4530 ι
988 4487 1043 4535 et
1069 4480 1257 4549 pocula
1282 4479 1512 4537 delibata
1537 4494 1667 4534 eon—

118 4571 397 4633 temnimus,
420 4588 514 4626 non
536 4552 815 4628 confessio
843 4573 1049 4626 timoris
1087 4583 1189 4634 est,
1217 4573 1312 4628 sed
1339 4587 1479 4628 verre
1508 4572 1667 4628 liber-

116 4662 229 4717 tatis
244 4667 466 4723 asserii'o.
492 4667 626 4723 Nam
647 4669 748 4722 etsi
776 4682 938 4722 omne
964 4667 1104 4737 quod
1137 4668 1392 4733 nascitur,
1418 4676 1474 4721 iit
1496 4667 1669 4722 invio-

106 4751 243 4811 labile
264 4759 348 4814 Dei
377 4776 594 4828 munus,
636 4761 786 4817 nullo
824 4775 988 4829 Opere
1022 4760 1406 4829 corrumpitur,
1431 4760 1666 4815 abstine-

108 4859 214 4899 mus
237 4861 388 4908 tamen
408 4894 425 4921 ,
455 4870 525 4910 ne
553 4855 675 4923 quis
703 4854 995 4929 existimet,
1023 4865 1111 4909 aut
1141 4853 1443 4921 da~moniis,
1472 4854 1665 4924 quibus

108 4937 283 4999 libatum
307 4956 405 5013 est,
433 4946 653 5013 cedere,
684 4955 778 5001 aut
816 4955 1012 5001 nostra:
1042 4946 1319 5016 religionis
1356 4945 1576 5015 pudere.
1636 4965 1657 4999 ι

175 5028 383 5099 Quamvis
406 5051 591 5095 autem
614 5039 876 5095 Minucius
917 5054 1202 5110 nusquam,
1232 5039 1306 5094 uti
1342 5040 1452 5110 jam
1494 5054 1665 5095 antio-

108 5125 310 5198 lM'itiius,
346 5149 611 5203 expressa
650 5149 817 5189 sacrm
858 5142 1058 5189 nostra;
1098 5133 1389 5203 Scriptura:
1430 5134 1665 5189 auctori-

110 5222 212 5282 ίειθι
248 5236 429 5281 contra
459 5227 706 5280 ethnicos
749 5241 865 5281 cani
905 5236 1275 5296 aspernantes,
1326 5227 1659 5296 pugnaverit,

98 5314 227 5372 Milite
268 5319 471 5374 idcirco
520 5318 694 5388 legem
725 5320 793 5372 ab
825 5319 1097 5389 Apostolis
1138 5319 1205 5374 de
1246 5317 1663 5390 idolutythorum

94 5394 377 5465 “i'S’I'oentia
411 5411 579 5465 latam
613 5412 820 5479 penitus
847 5420 1037 5479 taceat,
1063 5411 1272 5467 videtur
1304 5420 1481 5466 tamen
1506 5410 1569 5465 ad
1600 5425 1664 5466 ea

81 5484 319 5582 “i’f'dere,
362 5519 489 5571 qua:
536 5501 742 5557 Paulus
786 5503 851 5558 de
878 5504 986 5571 illa,
1036 5515 1087 5559 et
1122 5503 1279 5575 hujus
1327 5504 1664 5560 abstinentite

75 5583 269 5671 ¹ξ³¹¹οιεο
289 5596 333 5647 in
359 5596 541 5664 prima
568 5595 636 5647 ad
659 5590 962 5650 Corinthios
976 5596 1219 5666 Epistula
1252 5597 1463 5651 tradidit
1500 5597 1541 5664 (Ι
1564 5598 1663 5653 Co—

59 5672 341 5762 :Iﬂl.‘c3p.
395 5703 519 5753 vui,
576 5688 600 5741 Ι
651 5696 878 5759 etsoqq.
928 5700 983 5744 et
1009 5705 1128 5758 cap.
1161 5706 1218 5748 ι.
1276 5691 1341 5746 l9
1384 5691 1659 5762 etseq‘l-l-

50 5750 410 5839 Tmtillianus
438 5778 821 5849 veroipsamet
842 5781 989 5841 Pauli
1030 5783 1190 5841 verba
1242 5783 1488 5842 eamdem
1537 5798 1668 5856 pro-

1774 3190 1885 3260 at).

2374 3315 2667 3355 Αιιτιίῖιῖωδ
2703 3315 2782 3355 ill.

1775 3414 2152 3470 Examinautitr
2188 3412 2506 3469 aliteCtecili'i
2537 3413 2972 3482 reprehensiones.
2995 3413 3174 3484 quibus
3211 3410 3386 3467 Cln'iso

1846 3514 2011 3564 tiunos
2038 3509 2228 3563 idcirco
2277 3508 2548 3576 vituperat,
2598 3507 2732 3577 quod
2761 3508 2970 3577 ﬂoribus
3006 3517 3175 3576 caput,
3211 3506 3384 3559 odori-

1772 3612 1781 3673 μ
1844 3604 1933 3656 (ius
1974 3618 2157 3672 corpus
2200 3617 2300 3654 non
2342 3600 2684 3662 honestarent,
2723 3609 2980 3669 unguenta
3009 3597 3268 3669 funeribus
3300 3614 3383 3651 re-

1849 3703 2128 3760 servarem,
2163 3709 2376 3747 coronas
2406 3701 2647 3763 negarent
2670 3692 2900 3754 mortuis,
2932 3708 3144 3762 quorum
3170 3707 3386 3761 corpora

1842 3808 1942 3845 non
1984 3790 2297 3852 cremabant,
2345 3787 2434 3842 sed
2472 3787 2812 3857 sepeliebont;
2854 3787 2937 3841 ubi
2976 3787 3038 3840 de
3064 3802 3200 3840 more
3248 3803 3387 3857 sepe-

1841 3886 1998 3940 liendi
2024 3900 2240 3956 corpora
2270 3884 2477 3953 ejusque
2506 3882 2824 3952 (tittiqititate.

1848 4021 1967 4077 Alia
1989 4021 2236 4076 Otacilius
2257 4019 2312 4074 in
2340 4019 2657 4074 Christianis
2677 4017 3045 4088 reprehendit,
3077 4033 3198 4087 qua:
3225 4016 3384 4073 laude

1778 4115 1938 4185 longe
1967 4114 2158 4185 magis,
2189 4129 2347 4181 quam
2377 4112 2767 4183 vituperatione
2792 4111 2950 4180 digna
2979 4122 3133 4166 erant
3161 4130 3175 4166 :
3211 4128 3229 4163 (
3264 4110 3383 4168 Non

1774 4206 2017 4268 ﬂoribus,
2068 4205 2258 4276 inquit,
2298 4215 2460 4274 caput
2504 4206 2737 4269 nectitis,
2771 4218 2876 4258 non
2901 4218 3097 4272 corpus
3126 4204 3382 4259 odoribus

1776 4299 2093 4364 honestatis,
2145 4294 2433 4350 reservatis
2479 4305 2745 4364 unguenta
2795 4293 3093 4358 funeribus,
3149 4309 3380 4351 coronas

1771 4393 1931 4448 etiam
1966 4388 2269 4461 sepulchris
2308 4388 2600 4457 denegatis.
2624 4406 2642 4439 ›
2688 4386 2906 4456 Triplex
2949 4396 3033 4442 est
3071 4387 3161 4441 illa
3198 4388 3382 4442 crimi-

1773 4485 1940 4547 natio,
1971 4482 2046 4537 uti
2070 4480 2218 4536 vides
2272 4478 2529 4534 Minucius
2551 4488 2730 4534 autem
2765 4478 2927 4545 priori
2952 4478 3246 4548 respondet
3269 4494 3376 4535 non

1768 4577 2064 4646 legitimum
2108 4572 2303 4629 ﬂorum
2349 4586 2526 4637 usum,
2575 4571 2668 4626 sed
2716 4572 2942 4627 abusum
2989 4586 3306 4628 coronarum
3346 4587 3378 4627 a

1769 4669 2092 4725 Christianis
2124 4669 2248 4733 jure
2278 4668 2473 4720 merito
2504 4666 2800 4736 i‘eprobari.
2833 4665 2993 4734 Audi,
3027 4681 3233 4737 qna-su,
3263 4666 3381 4737 ejus

1770 4762 1932 4817 verba
1970 4780 1983 4816 :
2022 4781 2041 4814 ι
2068 4763 2209 4828 .Quis
2243 4760 2352 4824 ille.
2381 4761 2471 4829 qui
2514 4758 2725 4817 dubitat
2754 4761 2933 4815 vernis
2965 4760 3241 4830 indulgere
3280 4774 3379 4814 nos

1768 4854 2012 4920 ﬂoribus,
2046 4869 2166 4910 cum
2196 4853 2475 4924 capiamus
2500 4863 2553 4908 ct
2602 4869 2777 4907 rosam
2819 4852 2962 4907 veris
2992 4861 3048 4907 et
3084 4852 3274 4916 lilium,
3325 4862 3379 4907 et

1776 4946 2033 5018 quidquid
2063 4944 2204 5002 aliud
2238 4947 2290 4999 in
2333 4946 2557 4999 llorihiis
2603 4944 2784 4999 blandi
2830 4945 3052 5007 coloris,
3099 4953 3152 4998 et
3194 4944 3377 4999 odoris

1767 5049 1869 5096 est.
1890 5039 1987 5093 illis
2016 5039 2158 5092 enim
2186 5046 2239 5093 et
2266 5037 2472 5107 Sparsis
2500 5038 2698 5091 utimur
2737 5036 3011 5102 mollibus,
3053 5051 3117 5090 ac
3154 5036 3372 5103 Salutis,

1765 5140 1813 5189 et
1844 5131 2000 5193 sertis
2024 5130 2159 5184 colla
2179 5128 2604 5196 complectimur.
2631 5127 2773 5183 Sane
2793 5127 2933 5196 quod
2955 5136 3112 5198 caput
3141 5144 3245 5182 non
3271 5142 3373 5183 co-

1767 5240 2044 5287 ronamus,
2090 5222 2369 5294 ignoscite.
2420 5221 2618 5275 Auram
2660 5221 2782 5274 boni
2823 5220 2972 5274 ﬂoris
3013 5221 3230 5275 naribus
3268 5221 3372 5275 du-

1766 5333 1915 5384 cere,
1947 5333 2054 5372 non
2088 5315 2359 5385 nteipiliu,
2391 5314 2665 5383 capillisve
2695 5314 2931 5369 solennis
2966 5314 3201 5378 haurire.
3239 5336 3257 5366 ›

1841 5411 2105 5467 Praexium
2131 5424 2258 5464 vero
2287 5408 2357 5464 ibi
2395 5406 2547 5475 sequi
2574 5407 2785 5462 videtur
2823 5408 3235 5474 Tertullianum,
3279 5407 3371 5478 qui

1768 5503 2059 5560 absurdam
2121 5503 2323 5557 hancce
2391 5500 2665 5571 gentilium
2721 5499 3150 5553 criminationem
3210 5500 3371 5554 simili

1772 5600 1927 5669 plane
1972 5610 2230 5666 responso
2260 5594 2489 5650 diluerat
2523 5611 2536 5647 :
2575 5611 2593 5644 ι
2640 5591 2756 5648 Νοιι
2783 5588 2927 5655 amo,
2973 5591 3165 5661 inquit,
3209 5591 3367 5650 capiti

1769 5708 2045 5756 coronam;
2063 5688 2185 5760 quid
2204 5698 2290 5742 tua
2315 5687 2578 5742 interest?
2609 5685 2818 5756 Emptis
2844 5683 3192 5739 nihilominus
3218 5683 3377 5759 (lori-7

1769 5784 1871 5842 bus
1900 5780 2170 5856 quomodo
2198 5779 2353 5837 utar?
2386 5778 2519 5835 Puto
2557 5777 2761 5849 gratius
2789 5775 2969 5835 liberis
2999 5784 3052 5832 ct
3072 5774 3283 5842 solutis,
3313 5783 3369 5835 et
