3818 6282
51 295 163 355 3-33

1469 285 1932 351 ὉΣΞξΕιιΤᾹΤΙΟ.

3266 290 3371 354 546

47 428 387 493 gnentotum
443 432 601 473 csum
662 433 765 473 non
797 412 1079 488 rejecis-t‘,
1116 413 1205 469 sed
1242 411 1630 469 intolerabilem
1657 456 1669 475 ,
1703 416 1750 473 Α
1785 411 2077 474 Romanos,
2106 408 2201 466 sed
2241 408 2371 465 alias
2418 409 2575 465 etiam
2609 410 2745 481 apud
2774 420 2961 481 gentes
2990 428 3191 470 morem
3220 410 3367 471 illum

53 521 193 573 sicut
220 516 350 568 altbi
382 514 743 584 patefecimus
770 513 945 574 (Τίου).
980 527 994 564 t
1028 511 1297 580 Αρρίιιτιῑ⁸9
1331 523 1448 577 pag.
1475 508 1581 561 805
1618 515 1675 559 et.

52 610 222 684 Scip),
254 610 543 679 gentilium
576 607 825 660 abusum.
854 606 1008 657 l’iura
1042 618 1201 672 porto
1220 601 1512 653 Tertullian
1538 617 1579 653 :s
1605 600 1672 653 de

57 710 149 779 pio
180 706 564 774 laudandaque
592 699 1026 754 tlbristianorum
1072 705 1278 748 mortua
1307 708 1531 761 corpora
1572 707 1669 744 uu-

56 800 226 871 gendi
265 803 377 854 ritu
432 792 680 859 tradidit,
726 806 847 862 qua:
899 803 998 843 suo
1039 788 1161 843 loco
1200 801 1228 840 a
1270 784 1427 839 nobis
1469 781 1675 838 exami-

60 892 256 949 nanda
284 901 429 947 sunt.

149 987 440 1043 Postremo
490 979 734 1038 Czccilius
779 977 1119 1034 Christianos
1170 973 1344 1029 adlmc
1394 972 1668 1043 antiquum

73 1089 344 1136 mortuos
370 1072 639 1147 sepeliendi
665 1085 875 1125 morem
907 1078 1205 1129 servantes.
1236 1068 1313 1120 sic
1344 1065 1666 1119 insvetatur:

90 1193 115 1226 ι
139 1171 500 1228 Exsecrantur
520 1178 675 1236 rogos
704 1171 763 1218 et
796 1164 997 1235 ignium
1025 1162 1344 1230 sepulturas,
1380 1157 1531 1227 quasi
1563 1170 1668 1209 non

85 1280 255 1320 omne
286 1277 495 1331 corpus,
521 1259 622 1313 etsi
651 1257 884 1311 ﬂammis
909 1255 1272 1315 subtrahatur,
1306 1251 1462 1305 annis
1493 1259 1670 1303 tamen

82 1370 141 1413 et
165 1355 414 1411 tetatibos
445 1356 495 1407 in
520 1359 722 1405 terram
754 1348 1084 1410 resolvatur;
1113 1360 1212 1399 nec
1253 1342 1460 1398 intersit
1495 1348 1671 1395 utrum

78 1448 209 1504 ferte
247 1446 525 1517 diripiant,
553 1459 622 1498 an
652 1445 820 1497 maria
849 1450 1187 1503 consumant,
1220 1453 1288 1491 an
1322 1438 1513 1490 humus
1540 1451 1672 1488 eon-

78 1550 240 1614 tegat,
272 1556 342 1595 an
370 1540 585 1594 ﬂamma
613 1537 876 1591 subducat
904 1552 917 1587 :
948 1550 1069 1588 cum
1103 1533 1455 1588 cadaveribus
1499 1530 1673 1584 omnis

93 1634 373 1706 sepultura,
390 1633 435 1686 si
460 1630 718 1694 sentiunt,
755 1643 911 1698 pteua
941 1628 1041 1688 sit;
1077 1626 1118 1680 si
1149 1642 1252 1679 non
1274 1625 1530 1687 sentiunt,
1559 1622 1674 1692 ipsa

103 1732 392 1793 conﬁciendi
437 1731 737 1792 celeritate,
764 1725 1026 1782 medicina
1064 1743 1082 1776 ι
1119 1723 1338 1795 (Minue.
1371 1737 1484 1793 pag.
1521 1721 1589 1776 97
1621 1728 1676 1774 et

112 1843 251 1899 seqq.
276 1828 313 1897 ).
364 1825 495 1890 Quae
547 1822 769 1891 quidem
831 1833 899 1873 ex
970 1817 1173 1872 Seneca
1217 1815 1453 1870 delibata
1507 1812 1675 1867 fuisse

111 1922 217 1996 jam
243 1916 622 1972 obsavavimus
651 1913 811 1983 (Sup.
847 1925 968 1980 cap.
1006 1909 1063 1971 2.
1091 1918 1187 1964 art.
1220 1905 1303 1979 5).

185 2008 519 2080 Tam'l'rigidte
548 2016 728 2062 autem
777 2003 1034 2070 irrisioni,
1083 2002 1211 2072 quid
1260 1999 1550 2071 respondet
1578 1998 1674 2054 Mi-

110 2105 314 2164 nucia?
352 2102 502 2158 «Nec
543 2112 602 2155 ut
652 2100 901 2163 creditis,
945 2097 1150 2166 inquit,
1205 2096 1370 2150 ullum
1417 2094 1672 2148 damnum

103 2199 370 2270 sepulturae
412 2196 680 2259 timemus,
732 2191 828 2246 sed
882 2202 1115 2245 veterem
1158 2197 1213 2244 et
1257 2189 1531 2242 meliorem
1573 2185 1673 2238 htt-

101 2293 263 2350 tuandi
311 2289 754 2347 consuetudinem
795 2284 1203 2354 frequentamus
1239 2302 1257 2335 ι
1290 2280 1522 2355 (Minue.
1552 2295 1673 2351 pag.

97 2385 248 2454 εδδ).
288 2382 451 2454 Atqui
480 2381 653 2450 reipsa
679 2376 1106 2448 antiquissimum
1139 2386 1192 2430 et
1218 2375 1476 2444 Optimum
1510 2372 1678 2427 fuisse

90 2479 398 2533 cadaverum
428 2472 859 2543 sepeliendorum
905 2484 1111 2524 morem
1156 2469 1238 2521 his
1268 2466 1478 2532 (lit-ero,
1510 2467 1553 2520 si
1580 2466 1679 2519 du-

76 2571 244 2637 bites,
267 2576 323 2624 te
351 2566 566 2623 docebit
606 2565 823 2619 verbis:
863 2581 882 2613 ι
903 2564 976 2619 At
1010 2562 1136 2616 mihi
1169 2561 1383 2631 quidem
1415 2559 1679 2630 antiquis-

65 2666 273 2720 simum
301 2664 594 2733 sepulturae
622 2676 791 2731 genus
823 2659 873 2713 id
920 2659 1083 2713 fuisse
1123 2660 1332 2711 videtur
1376 2671 1484 2725 quo
1535 2653 1676 2725 apud

64 2756 497 2826 Xenotihontem
554 2754 727 2824 Cyrus
791 2752 977 2805 utitur.
1033 2749 1291 2805 Redditur
1333 2748 1476 2802 enim
1519 2756 1676 2801 terra:

59 2866 302 2917 corpus,
355 2858 414 2905 et
456 2849 527 2904 ita
560 2849 789 2902 locatum
827 2861 890 2900 ac
939 2846 1099 2899 situm
1141 2844 1290 2913 quasi
1338 2841 1677 2913 operimento

62 2941 258 2998 matris
301 2940 611 2996 obducitur.
662 2938 975 3008 Eodemque
1025 2938 1129 2990 rittt
1178 2937 1230 2990 in
1272 2951 1339 2991 eo
1388 2936 1678 3006 sepulchro

62 3035 208 3107 quod
239 3036 436 3104 pl’urul
474 3034 541 3089 ad
588 3032 774 3087 Fontis
800 3045 924 3085 aras
965 3044 1144 3101 regem
1176 3040 1417 3085 no~titnn
1449 3028 1675 3084 Numam

64 3129 352 3182 conditum
391 3127 737 3196 accepimus:
785 3134 1107 3193 gentemque
1148 3122 1454 3176 Corneliam
1509 3136 1677 3190 usque
1705 3135 1749 3199 (ς

69 3219 135 3273 ad
160 3217 491 3274 nietttoriatn
524 3225 767 3271 nostram
794 3221 892 3268 hac
912 3214 1182 3283 sepultura
1207 3214 1407 3267 Scimus
1432 3228 1553 3267 esse
1580 3215 1679 3265 lut-

72 3324 273 3366 matam
309 3328 327 3365 :
358 3309 424 3365 C.
470 3308 619 3364 Marii
646 3309 777 3362 sitas
806 3306 1059 3378 reliquias
1105 3304 1244 3374 apud
1276 3306 1537 3359 Anienem
1565 3305 1678 3359 dis-

70 3401 240 3472 sipari
282 3399 450 3472 jussit
484 3399 631 3469 Sylla
677 3399 864 3453 victor.
890 3437 938 3455 ..
962 3437 976 3452 .
1009 3397 1161 3464 Quod
1214 3395 1353 3450 haud
1380 3397 1492 3449 scio
1517 3410 1585 3449 an
1610 3397 1679 3450 ti-

70 3511 227 3550 mens
257 3510 365 3550 suo
411 3493 625 3564 corpori
674 3485 833 3563 posse
859 3492 1124 3555 accidere,
1160 3491 1360 3559 primus
1388 3507 1418 3545 e
1447 3490 1682 3559 patriciis

71 3585 349 3641 Corneliis
385 3586 490 3655 igni
533 3585 703 3639 voluit
728 3586 953 3639 cremari
988 3602 1005 3634 ι
1043 3581 1176 3652 (Gtc.
1214 3583 1305 3635 lib.
1340 3583 1453 3636 nde
1476 3581 1677 3653 [κρήνη

80 3695 198 3752 pg.
227 3680 366 3744 340,
395 3682 488 3735 litt.
521 3679 592 3735 45
618 3689 674 3734 et
700 3678 900 3749 seqq).

159 3775 227 3829 Et
253 3775 321 3829 de
346 3772 514 3828 Numa
553 3772 769 3843 quidem
815 3771 927 3824 btet:
957 3785 1171 3841 quoque
1200 3768 1521 3824 Plutarchus
1565 3782 1682 3822 me-

93 3866 277 3920 moria:
301 3863 530 3934 prodidit
561 3880 575 3918 ε
617 3881 637 3914 ι
661 3864 868 3933 Corpus
892 3878 957 3916 ex
983 3874 1249 3931 praecepto
1271 3861 1418 3930 ejus,
1451 3868 1507 3913 ιιι
1536 3860 1672 3935 fama

96 3969 198 4025 est,
355 3968 439 4028 μὲν
459 3963 541 4015 οὒκ
560 3961 723 4012 ἔδοσαν
748 3967 830 4011 τὸν
860 3966 1012 4027 νεκρὸν
1033 3996 1047 4015 ,
1080 3961 1233 4010 αὐτοῦ
1255 3961 1568 4013 κωλύσαντος.
1601 3957 1682 4007 δυό

105 4058 475 4123 aint-accipitret
515 4055 697 4113 λιθίναις
738 4060 933 4124 σοροὺς,
972 4055 1065 4103 ὓπὸ
1107 4061 1185 4104 τὸν
1227 4040 1458 4110 Ῐοινικλόν,
1490 4057 1575 4104 τὶν
1599 4055 1684 4114 μὲν

110 4152 260 4215 ἑτερο
283 4157 471 4218 Ipsus
500 4157 557 4203 τὸ
577 4164 735 4215 σῶμα,
760 4161 865 4200 non
905 4155 1306 4209 cremaverunt;
1335 4157 1522 4198 verum
1551 4143 1683 4194 duas

120 4253 254 4295 arcas
280 4243 505 4312 lapideas
531 4241 798 4305 fecerunt,
848 4254 982 4310 quas
1010 4239 1364 4295 condiderunt
1401 4237 1503 4291 sub
1528 4235 1682 4291 Jani-

109 4333 482 4406 columnarum
511 4336 563 4391 in
594 4350 700 4390 una
726 4332 956 4389 cadaver
981 4333 1096 4403 c-jus
1120 4334 1347 4398 positum
1380 4340 1462 4385 est
1486 4350 1504 4381 ι
1533 4329 1685 4400 (ilu-

110 4425 289 4480 larch.
325 4436 440 4481 tom.
464 4429 517 4482 in
550 4426 670 4481 Vita
711 4426 918 4492 Ninum,
968 4440 1087 4496 pag.
1118 4425 1184 4478 74
1305 4424 1382 4478 Eat
1414 4422 1497 4477 bis
1526 4422 1686 4492 igitur

118 4512 290 4585 liquet
317 4522 703 4576 vetustissimam
736 4519 902 4575 luisse
929 4518 1220 4584 sepeliendi
1258 4516 1519 4571 cadavera
1547 4530 1678 4570 con-

126 4608 456 4665 suetudinem.
481 4612 678 4668 Plinius
704 4628 914 4681 quoque
948 4610 1070 4664 huic
1102 4610 1382 4664 settle-otia:
1408 4610 1681 4676 subscrip-

131 4697 213 4764 Sil.
231 4704 652 4769 quemadmodum
680 4720 749 4760 ex
777 4705 921 4759 hisce
968 4704 1109 4758 illius
1136 4716 1277 4771 patet
1310 4704 1523 4756 verbis:
1561 4721 1579 4753 ι
1608 4703 1685 4772 lp-

131 4800 232 4844 ειιιιι
264 4809 500 4853 cremare
541 4796 681 4866 apud
716 4797 985 4850 Romanos
1015 4811 1119 4849 non
1162 4794 1257 4847 fait
1300 4795 1494 4848 veteris
1526 4792 1681 4848 iusti-

134 4881 253 4937 tuti:
288 4897 422 4943 terra
456 4887 850 4944 reddebantur.
898 4887 986 4951 At,
1047 4894 1326 4955 postquam
1382 4886 1686 4956 longinquis

130 4974 255 5033 bellis
274 4983 493 5039 obrutos
513 4983 631 5037 erui
659 4996 982 5052 cognovere,
1019 4988 1143 5032 tunc
1164 4978 1481 5031 institutum.
1521 4977 1586 5031 Et
1610 4990 1689 5031 ta-

134 5082 234 5125 men
252 5076 427 5131 multa:
457 5074 679 5130 fanulia:
710 5074 915 5144 pl’iSt'OS
945 5086 1230 5128 servavere
1278 5071 1429 5135 rizus,
1469 5072 1607 5125 sicut
1637 5072 1688 5125 in

132 5159 341 5224 Cornelia
383 5184 544 5225 nemo
586 5178 709 5223 ante
740 5167 939 5238 Syllam
970 5166 1284 5221 dictatorem
1320 5165 1546 5219 traditur
1573 5181 1687 5219 creo

131 5265 310 5324 malus;
357 5263 517 5333 idque
558 5260 818 5320 voluisse.
851 5261 1080 5315 veritum
1114 5259 1390 5322 talionem,
1425 5269 1578 5313 eruto
1625 5256 1687 5312 C.

122 5342 557 5411 ﬁariicadavere.
603 5353 860 5425 Sepultus
906 5368 1034 5407 vero
1090 5352 1436 5421 intelligatur,
1479 5364 1693 5421 quoquo

113 5443 260 5499 modo
274 5449 517 5504 conditus
536 5465 552 5513 ;
574 5447 850 5513 hutuatus,
869 5461 996 5500 vero
1016 5445 1179 5499 homo
1200 5455 1478 5501 contectus
1505 5444 1694 5516 i(l'liu.

104 5521 197 5580 Ῐίδι
220 5553 293 5594 vn
319 5539 507 5595 Natur.
530 5539 700 5606 Hist.,
730 5554 831 5608 cap
884 5537 975 5603 54,
1012 5553 1128 5607 pag.
1161 5538 1226 5593 91
1258 5548 1309 5592 et
1341 5553 1491 5608 seqq.
1519 5536 1561 5609 ).
1605 5538 1697 5591 Ci-

96 5624 371 5696 ce’bnetn,
396 5634 472 5689 uti
491 5632 665 5699 vides,
701 5637 828 5687 xaris
851 5635 974 5685 πόδα
1001 5632 1263 5701 sequitur,
1287 5640 1339 5685 ct
1367 5631 1491 5702 quid
1522 5630 1703 5700 sepul-

80 5712 273 5801 ’σθω
304 5729 445 5783 inter
464 5735 524 5783 et
552 5726 918 5781 humationem
952 5726 1194 5791 intersit,
1220 5728 1362 5801 clare
1393 5727 1642 5796 expliCat.

128 5793 344 5882 restis
381 5827 567 5876 autem
619 5826 703 5874 est
753 5816 889 5873 idem
931 5816 1137 5887 Cicero,
1191 5834 1296 5873 non
1339 5793 1510 5874 solum
1559 5820 1696 5892 apud

1782 505 2091 558 invaluisse.
2124 504 2198 558 De.
2229 502 2494 575 ngyptii‘
2533 505 2747 574 quippe,
2781 504 2959 559 Pt'l'ais
2989 518 3036 561 et
3067 507 3229 577 Magis
3253 508 3368 564 il'JPC

1779 598 1970 650 Ιιιιοινὲδ
2002 600 2381 666 mutuor-imque
2413 598 2688 650 mandavit
2721 615 2733 651 :
2774 616 2792 648 ι
2823 598 3092 654 Condiunt
3135 601 3368 673 {Egyptii

1779 704 2040 754 monitos,
2072 699 2125 744 et
2163 704 2258 743 eos
2286 688 2430 743 domi
2460 701 2690 743 servant.
2728 689 2903 745 Persae
2932 692 3091 746 etiam
3123 709 3247 750 cera
3274 698 3373 751 cir-

1779 783 2027 837 CmnIitos
2048 785 2326 846 condiunt,
2355 793 2409 837 ιιι
2439 800 2596 853 quam
2631 787 2863 841 maxime
2887 799 3235 857 permaneant
3259 790 3374 846 diu-

1779 883 1932 930 turna
1964 889 2209 943 corpora.
2244 875 2513 944 Magorum
2553 892 2669 930 mos
2699 887 2779 931 est
2833 894 2938 931 non
2983 880 3206 938 humare
3246 898 3370 939 cor-

1775 983 1902 1037 pora
1930 982 2170 1031 suorum,
2191 968 2290 1022 nisi
2310 985 2337 1021 a
2365 969 2489 1023 leris
2518 969 2627 1024 sint
2655 979 2812 1024 antea
2847 969 3038 1026 laniata
3068 992 3087 1025 ι
3115 974 3250 1045 (Cic.
3275 977 3373 1035 lib.‘

1773 1060 2059 1127 tTuscnl.,
2115 1078 2235 1132 pag.
2292 1064 2414 1128 155,
2454 1063 2550 1117 hn.
2590 1062 2662 1119 25
2694 1064 2733 1132 ).
2794 1066 2957 1120 Addit
2995 1069 3257 1125 llircanos
3284 1086 3376 1142 op-

1776 1160 1957 1209 timam
1997 1158 2275 1213 censuisse
2317 1158 2648 1227 sepulturam
2691 1174 2812 1215 cum
2848 1172 3181 1218 mortuorum
3214 1165 3374 1221 cada-

1775 1265 1901 1305 vera
1931 1266 1958 1303 ιι
1990 1252 2210 1304 canibus
2240 1250 2584 1306 laudarentur.

1854 1343 1925 1396 De
1965 1343 2383 1400 Atheniensibus
2412 1362 2541 1402 vero
2588 1347 2674 1403 ille
2717 1347 2833 1404 haec
2873 1349 2924 1405 in
2961 1350 3124 1407 citato
3149 1366 3180 1407 a
3221 1353 3375 1411 nobis

1776 1437 2014 1492 secundo
2058 1439 2127 1495 de
2175 1439 2404 1511 Legibus
2443 1442 2581 1497 libro
2623 1455 2916 1504 tuemorat:
2957 1466 2977 1499 ι
3002 1449 3229 1504 Athenis
3261 1449 3372 1521 jant

1777 1529 1864 1585 ille
1885 1548 2001 1586 mos
2027 1547 2056 1586 a
2085 1534 2341 1605 Ceci'ope,
2382 1545 2433 1588 ut
2465 1535 2633 1599 aiunt,
2670 1540 2959 1607 permansit
2985 1539 3089 1598 hoc
3113 1541 3202 1612 jus
3224 1554 3374 1601 terra

1780 1620 2057 1688 lmmaudi,
2113 1640 2271 1695 quam
2304 1641 2424 1680 cmn
2467 1629 2695 1697 proximi
2737 1628 3005 1697 fecerant,
3038 1634 3375 1707 obibit-taque

1780 1723 1918 1769 terra
1949 1727 2086 1784 erat,
2118 1718 2353 1788 frugibus
2384 1718 2757 1788 obserebatur,
2784 1734 2840 1778 ut
2859 1724 3008 1782 sinus
3032 1737 3086 1783 et
3110 1729 3373 1798 gremiqu

1703 1794 1751 1854 B
1779 1810 1929 1878 quasi
1963 1810 2149 1863 matris
2177 1820 2387 1865 mortuo
2409 1813 2767 1880 tribueretur;
2798 1821 2969 1871 solum
2998 1794 3177 1875 autem
3211 1822 3377 1893 ἴτυςί-

1776 1901 1877 1955 bus
1893 1904 2186 1972 expiatum,
2209 1906 2418 1960 utvivis
2445 1907 2759 1964 redderetur
2782 1911 2971 1979 i(lbid.
2991 1913 3083 1968 lib.
3099 1930 3158 1981 ll,
3187 1916 3251 1970 de
3276 1915 3376 1971 Le-

1776 1993 1903 2063 gib.,
1938 2011 2056 2064 pag.
2078 1996 2202 2059 542,
2235 1996 2329 2051 litt.
2359 1998 2392 2053 9
2422 1995 2461 2069 ).
2496 1998 2677 2071 Neque
2707 2008 3040 2069 praetermitti
3067 2008 3228 2064 debet
3251 2010 3377 2066 Ser-

1779 2087 1913 2150 vius,
1966 2091 2055 2158 qui
2102 2091 2151 2142 in
2180 2090 2291 2144 suis
2319 2090 2385 2145 ad
2434 2102 2647 2148 sextum
2678 2093 2939 2152 {Eueidos
2988 2098 3183 2156 librum
3227 2118 3376 2158 com-

1780 2181 2054 2234 tneutariis
2102 2182 2215 2236 lure
2240 2182 2529 2240 observat:
2565 2203 2584 2238 ι
2610 2186 2708 2254 Qui
2738 2191 2805 2244 de
2832 2190 3043 2260 pietatis
3079 2196 3370 2264 generibus

1783 2273 2134 2340 scripserunt,
2169 2278 2395 2343 primum
2444 2277 2617 2332 locum
2649 2282 2700 2333 in
2730 2283 3002 2352 sepultura
3034 2301 3153 2342 esse
3193 2289 3377 2345 volue-

1783 2378 1927 2420 runt.
1966 2366 2136 2431 Unde,
2190 2385 2310 2423 cum
2369 2373 2709 2441 pontiﬁcibus
2763 2378 2912 2433 nefas
2956 2390 3101 2435 esset
3147 2383 3379 2440 cadaver

1786 2460 1986 2527 videre,
2020 2470 2196 2517 tamen
2221 2463 2390 2535 magis
2409 2464 2560 2522 nefas
2583 2468 2756 2523 fuerat
2785 2470 2830 2525 si
2854 2472 3026 2529 visum
3055 2476 3377 2547 insepultum

1784 2555 2166 2623 relinquerent.
2216 2556 2395 2611 Genus
2423 2568 2600 2613 autent
2636 2560 2808 2615 fuerat
2831 2568 3123 2635 sepultura:
3161 2571 3380 2641 injectio

1786 2648 2039 2717 pulveris.
2061 2648 2216 2705 llude
2240 2666 2317 2706 ρει
2345 2671 2356 2706 :
2386 2654 2489 2708 Attt
2510 2664 2563 2707 tu
2584 2655 2713 2710 mihi
2735 2668 2929 2713 tet-ratu
2947 2660 3125 2731 injice,
3149 2680 3380 2737 namque

1785 2751 1955 2809 potes.
1987 2741 2239 2797 Horatius
2266 2762 2278 2797 :
2306 2745 2418 2799 Non
2444 2757 2526 2801 cst.
2559 2765 2704 2803 mora
2741 2751 2920 2822 longa,
2954 2754 3154 2819 licebit,
3182 2760 3380 2828 injecto

1783 2841 1864 2886 ter
1893 2834 2128 2902 pulvere,
2154 2849 2338 2889 curras
2373 2857 2391 2890 ι
2416 2836 2659 2910 (Servius
2686 2842 2735 2895 itt
2765 2843 2857 2898 lib.
2880 2861 2931 2899 Vt
2959 2846 3176 2903 JEneid.
3202 2868 3250 2907 υ.
3275 2854 3381 2910 175

1782 2936 1837 2980 et
1866 2943 2013 2997 seqq.
2060 2944 2173 2999 pag.
2225 2928 2351 2994 409,
2400 2933 2533 2986 etin
2562 2934 2653 2989 lib.
2686 2950 2744 2999 tt,
2796 2953 2914 3009 pag.
2958 2940 3062 2996 618
3116 2953 3167 2998 et
3217 2943 3378 3016 Gl9).

1782 3020 1884 3073 Sed
1915 3036 1975 3075 ea
2007 3021 2075 3076 de
2105 3037 2163 3076 re
2198 3022 2373 3078 adhuc
2407 3025 2494 3081 ille
2523 3027 2671 3092 alibi,
2705 3046 2860 3097 quem
2892 3034 3109 3101 videsis,
3143 3037 3299 3092 sicuti
3323 3048 3378 3093 et

1784 3112 2125 3173 Macrobium.
2155 3116 2244 3186 qui
2275 3128 2459 3186 aperte
2492 3122 2807 3178 teSIiticatttr
2827 3140 2926 3180 suo
2946 3129 3146 3184 steculo
3176 3131 3380 3185 nullout

1786 3204 1951 3260 fuisse
1980 3209 2164 3262 ill‘t'ntii
2194 3220 2525 3266 mortuorum
2550 3229 2775 3284 corpora
2806 3233 2960 3273 usum
2991 3220 3249 3292 (Macrob.
3278 3223 3372 3277 lib.

1788 3312 1860 3350 vu
1895 3299 2186 3360 δαίων-και..
2236 3317 2355 3374 cap.
2392 3304 2472 3374 7).
2511 3306 2630 3360 Alio
2681 3319 2860 3363 autem
2892 3311 2943 3366 in
2998 3312 3136 3368 libro
3165 3315 3383 3386 scripsit

1788 3393 2133 3461 plurimarum
2160 3400 2399 3467 gentium
2420 3401 2499 3454 vel
2522 3403 2797 3472 regionum
2832 3404 3086 3461 institutis
3111 3413 3378 3465 sancitum

1786 3484 1950 3542 fuisse
1979 3499 2313 3545 mortuorum
2355 3509 2581 3563 corpora
2624 3512 2728 3551 nou
2761 3499 2879 3555 sine
2913 3509 3070 3556 cantu
3101 3504 3167 3557 ad
3198 3503 3381 3573 sepul-

1787 3586 1957 3632 turam
1981 3580 2252 3637 deferendi
2280 3585 2356 3655 (ιρι
2387 3585 2475 3639 lib.
2499 3602 2533 3640 Il
2568 3588 2617 3641 in
2647 3588 2831 3645 Somn.
2863 3592 3120 3664 Scipion.,
3153 3611 3270 3664 cap.
3302 3594 3379 3666 '5).

1788 3672 1945 3729 Plura
1994 3690 2153 3744 porro
2182 3678 2250 3734 de
2282 3679 2429 3732 vario
2459 3681 2751 3751 sepeliendi
2803 3685 2906 3738 ritu
2949 3687 3186 3757 dislttttal
3215 3687 3386 3745 Lilius

1787 3765 2052 3838 Gyraldus
2092 3771 2142 3824 in
2173 3774 2376 3843 scripto
2411 3791 2528 3828 eam
2557 3779 2608 3828 in
2635 3792 2745 3830 rem
2772 3776 2911 3832 libro
2939 3782 3228 3849 peculiari;
3257 3782 3384 3838 Ale-

1787 3861 1988 3916 xander
2013 3864 2080 3918 ab
2108 3865 2431 3932 Alexandro,
2457 3877 2609 3923 sexto
2632 3868 2770 3924 libro
2791 3871 3094 3927 Genialium
3130 3873 3378 3941 Dictum;

1785 3971 1849 4011 ac
1877 3956 2214 4028 Tiraquellus
2240 3962 2350 4016 suis
2382 3962 2430 4015 ιιι
2479 3964 2618 4018 hunc
2648 3964 2840 4019 librum
2878 3966 3342 4023 annotationibus.

2385 4112 2678 4154 ARTICULUS
2714 4114 2792 4153 IV.

1792 4252 1915 4307 Tam
1954 4263 2155 4309 sanctos
2181 4255 2590 4310 Christianorum
2615 4273 2766 4326 quam
2800 4254 3132 4313 Ethnicorttm
3175 4273 3388 4332 cormp-

1860 4358 1936 4401 tos
1988 4349 2145 4418 fuisse
2196 4365 2359 4402 mores
2398 4365 2416 4402 :
2444 4365 2536 4401 cur
2563 4348 2770 4402 illorum
2819 4348 3091 4419 disciplina
3140 4352 3307 4405 mittor
3348 4368 3381 4406 a

1861 4442 2065 4495 Circi/io
2092 4442 2289 4495 dicatur
2315 4458 2333 4494 :
2371 4451 2614 4511 quantum
2654 4442 2804 4495 iidem
2839 4438 3117 4497 Christiani
3158 4444 3386 4511 philoso-

1861 4536 1973 4606 phis
1991 4535 2261 4605 gentilibus
2280 4535 2463 4604 pietate
2474 4544 2517 4587 et
2531 4536 2762 4590 doctrina
2778 4535 3134 4591 antecellerent
3164 4554 3182 4590 :
3204 4536 3391 4592 Ethni-

1857 4645 1939 4682 σοι
1977 4638 2139 4680 tamen
2184 4637 2229 4681 et
2255 4627 2567 4682 Christianos
2609 4629 2767 4700 fuisse
2820 4630 3032 4697 amicos,
3067 4649 3128 4685 ac
3172 4636 3390 4702 fratrum

1860 4724 2061 4776 nomine
2101 4737 2208 4775 sese
2236 4722 2445 4776 invicem
2485 4723 2884 4793 compellavisse.

1864 4879 2070 4935 Nemini
2120 4896 2183 4936 ev
2233 4880 2488 4937 hactenus
2532 4880 2688 4937 dictis
2745 4881 3032 4938 obscurum
3066 4895 3186 4938 esse
3220 4891 3396 4953 potest

1791 4992 1948 5044 quam
2006 4976 2137 5030 lalsti
2180 4976 2439 5045 jactitarit
2489 4977 2774 5043 Ctecilius,
2833 4988 2886 5029 ιιι
2929 4978 3155 5046 ipsemet
3210 4986 3392 5043 postea

1792 5082 1936 5126 recte
1982 5071 2214 5140 agnovit,
2260 5080 2367 5124 tota
2401 5085 2494 5124 sua
2522 5071 2770 5125 oratione
2815 5084 2876 5124 se
2918 5070 3173 5138 probasse
3202 5070 3393 5124 Chris-

1799 5163 1971 5215 tianos
1999 5176 2119 5215 esse
2150 5162 2395 5215 homines
2447 5176 2554 5214 non
2586 5164 2748 5215 modo
2779 5160 2942 5215 rudes
2989 5175 3042 5215 et
3084 5162 3392 5231 imperitos,

1799 5255 1890 5310 sed
1927 5256 2116 5325 impios
2149 5256 2310 5310 etiam
2343 5269 2404 5309 ac
2448 5253 2699 5308 maximis
2733 5254 3098 5324 hactenusquc
3143 5254 3398 5310 inauditis

1801 5347 2193 5403 contaminatos
2231 5347 2551 5411 sceleribus;
2592 5345 2846 5401 Octavius
2885 5361 3014 5401 vero
3060 5354 3262 5401 tantam
3302 5360 3394 5400 ca-

1803 5441 2077 5501 lumniam.
2110 5441 2240 5495 satis
2266 5454 2537 5510 superque
2580 5441 2930 5507 confutatam,
2979 5441 3060 5494 bis
3107 5440 3283 5495 adhuc
3310 5455 3395 5496 rc-

1809 5537 1943 5589 ιιιιιιι
1973 5535 2150 5589 verbis
2180 5551 2192 5587 :
2227 5553 2245 5585 ι
2270 5534 2324 5589 Si
2359 5535 2660 5601 vobiscum,
2690 5553 2707 5586 ι
2739 5534 3271 5601 uimirumEthnicis,
3300 5549 3401 5591 nos

1813 5652 1829 5684 ι
1853 5630 2141 5688 ChriStiani
2183 5645 2581 5698 comparemur,
2626 5632 2870 5701 quamvis
2901 5631 2954 5684 in
2984 5631 3258 5685 nonnullis
3285 5628 3402 5685 dis-

1804 5729 1998 5797 ciplina
2030 5735 2208 5779 nostra
2237 5726 2413 5777 minor
2434 5732 2537 5789 est,
2571 5724 2737 5779 multo
2765 5733 2939 5778 tamen
2971 5725 3123 5780 vobis
3152 5725 3405 5781 meliores

1804 5818 2291 5896 dvprehcudetnur.
2320 5837 2335 5868 ι
2383 5818 2584 5891 Quibus
2617 5833 2745 5875 sane
2773 5818 2954 5879 verbis
3000 5819 3089 5888 ille
3137 5818 3274 5882 haud
3309 5819 3407 5885 du-
