3818 6282
518 342 622 421 347

1824 360 1911 417 DE
1937 358 2194 419 MINUCII
2230 356 2530 420 OCTAVIO
3588 387 3653 451 Sta

520 476 753 532 bitanter
773 483 1045 531 asseverat
1063 474 1220 542 longe
1250 474 1493 543 puriores
1517 474 1920 545 sanctioresque
1941 473 2110 531 fuisse
2138 476 2189 535 A
2216 476 2336 546 quis
2373 476 2801 543 manticularius,
2847 478 2963 548 quis
2992 477 3296 549 sacrilegus,
3334 493 3412 540 aut
3444 503 3652 576 corruptor,

519 569 943 623 Christianorum
977 582 1134 634 quam
1166 567 1444 631 gentilium
1473 582 1674 622 mores.

594 659 810 718 Verum,
844 659 1048 727 inquiet
1075 659 1289 728 aliquis,
1311 660 1435 729 quid
1455 659 1555 713 sibi
1583 660 1689 715 vult
1710 659 1963 715 Octavius
1986 674 2109 714 cum

517 754 623 819 ait,
659 771 677 803 ι
723 751 781 806 ln
814 753 1088 807 nonnullis
1128 765 1307 808 nostra
1362 753 1642 823 disciplina
1690 756 1906 809 minori
1953 768 2112 825 quam

516 843 853 900 ethnicorum
886 864 904 897 ε
931 848 1048 901 est?
1078 867 1095 899 ι
1133 847 1333 916 Duplex
1383 863 1504 901 csse
1556 857 1733 918 potest
1762 848 1953 902 borum
1993 863 2114 901 ver-

517 938 704 992 borum
732 953 922 994 sensus
949 956 962 992 :
1008 940 1181 1010 primo
1211 939 1447 1011 quidem,
1486 940 1729 1009 quamvis
1762 944 1813 994 in
1838 940 2114 997 nonnullis

517 1029 834 1085 Christianis
862 1032 1066 1101 ignavis
1086 1042 1140 1086 et
1178 1031 1467 1087 desidiosis
1498 1031 1673 1086 minor
1701 1033 1771 1087 sit
1798 1044 1977 1087 nostra
1999 1032 2113 1087 disc

517 1124 737 1195 ciplina,
784 1126 835 1178 lti
870 1133 1046 1181 tamen
1078 1124 1311 1181 ethnicis
1337 1133 1463 1180 sunt
1497 1125 1772 1180 meliores.
1803 1126 1958 1181 Alter
1986 1139 2116 1179 vero

518 1232 741 1271 sensus:
764 1217 1055 1271 Christiani
1085 1218 1338 1273 meliores
1362 1217 1590 1272 ethnicis
1610 1217 2113 1288 deprehenduntur,

520 1310 763 1380 quamvis
794 1313 845 1363 in
892 1310 1167 1364 nonnullis
1196 1310 1357 1364 rebus
1396 1308 1674 1377 disciplina
1719 1325 1909 1365 eorum
1938 1311 2116 1363 minor

519 1401 762 1471 sitquam
798 1402 1100 1472 gentilium,
1125 1412 1245 1470 puta
1266 1401 1440 1471 legum
1473 1401 1832 1469 multitudine,
1859 1415 2119 1456 caeremo-

520 1492 625 1547 niis
654 1492 720 1546 ad
754 1492 978 1547 deorum
1018 1492 1221 1546 cultum
1265 1501 1425 1560 atque
1455 1492 1766 1561 religionem
1799 1492 2120 1561 pertinenti-

522 1586 646 1651 bus,
694 1586 939 1655 templis,
976 1587 1121 1647 aris.
1160 1583 1461 1649 sacriﬁciis,
1514 1586 1746 1656 pompis,
1797 1599 2115 1640 coronarum

523 1693 621 1733 usu
652 1678 878 1746 aliiSqne
911 1675 1122 1744 ritibus,
1156 1675 1226 1731 de
1252 1676 1448 1746 quibus
1476 1692 1506 1731 a
1538 1678 1693 1734 nobis
1731 1678 1978 1747 superius
2007 1676 2118 1731 dis-

524 1783 761 1842 putatum
791 1782 893 1825 est.
930 1769 1062 1824 Vide
1088 1779 1268 1826 autem
1294 1786 1360 1824 an
1392 1770 1478 1826 hic
1507 1786 1698 1826 sensus
1721 1772 1900 1840 priore
1926 1772 2119 1826 melior

2216 578 2307 622 aut
2336 569 2625 623 lavantium
2655 570 2855 640 praedo,
2888 569 3024 624 idem
3052 572 3208 627 etiam
3247 574 3526 639 Christianus
3556 569 3655 651 agni;
3700 584 3701 591 ‘

2219 660 2393 714 hitur?
2419 665 2541 726 Ant,
2575 676 2695 717 cum
2718 660 3003 716 Christiani
3029 678 3127 717 suo
3156 664 3299 717 titulo
3323 667 3654 753 oderantur,qni5

2219 770 2281 808 ex
2324 754 2427 808 illis
2477 757 2637 810 etiarn
2687 757 2807 811 talis
2852 757 3037 827 quales
3080 767 3153 811 tot
3180 764 3657 837 nocentes?l)emmS

2219 862 2434 916 semper
2458 858 2649 902 arstuat
2676 862 2880 913 carcer,
2902 848 2965 900 de
2988 850 3177 903 vestris
3204 865 3395 921 semper
3416 861 3574 917 metalla
3591 881 3657 926 sus.

2222 938 2417 1007 pirant,
2451 939 2519 993 dc
2552 940 2739 994 vestris
2784 954 3000 1007 semper
3029 941 3209 995 bestia:
3234 945 3515 1015 saginantur,
3534 954 3657 1016 detes.

2220 1031 2319 1085 ttis
2372 1046 2588 1101 semper
2639 1032 2924 1086 munerarii
2984 1036 3258 1087 noxiorum
3307 1050 3471 1107 greges
3509 1058 3655 1113 pasan

2218 1122 2390 1177 Nemo
2444 1124 2556 1177 illic
2602 1124 2962 1190 Christianus,
3009 1125 3115 1179 nisi
3165 1124 3263 1181 hoc
3292 1138 3659 1200 lantum,aulsiet

2220 1215 2384 1279 aliud,
2414 1216 2523 1285 jam
2546 1232 2653 1271 non
2676 1217 3002 1272 christianos
3034 1236 3053 1269 ι
3093 1217 3330 1289 (Tertull.
3358 1223 3658 1306 Δρομιχμῆ

2220 1322 2342 1377 pag.
2371 1308 2464 1365 59)
2501 1324 2515 1361 :
2559 1310 2659 1363 hoc
2710 1319 2814 1372 est,
2856 1309 3040 1364 nullus
3080 1308 3398 1368 Christianus
3437 1316 3478 1371 in
3501 1333 3660 1383 canerem

2223 1400 2473 1455 detrusus
2505 1412 2725 1472 propter
2756 1403 2920 1456 ullum
2949 1403 3179 1473 quodvis
3224 1404 3409 1471 scelus,
3453 1411 3525 1465 sed
3555 1418 3598 1469 ob
3613 1434 3661 1474 εο.
3704 1454 3705 1473 η

2224 1491 2331 1544 lum
2380 1508 2575 1547 nomen
2627 1492 2904 1547 christiani
2960 1494 3359 1565 cltristianatque
3408 1497 3511 1569 legis
3550 1507 3662 1573 ρωεες,

2223 1583 2455 1639 sionem.
2506 1584 2600 1641 Sin
2653 1601 2784 1640 vero
2811 1596 3037 1656 propter
3076 1586 3292 1657 aliquod
3344 1591 3510 1657 scelus,
3531 1597 3602 1663 jam
3620 1604 3661 1659 illi
3704 1584 3705 1649 ἔ

2223 1689 2332 1730 non
2355 1685 2476 1730 erat
2503 1676 2854 1743 christianos,
2889 1678 2938 1732 id
2970 1687 3054 1733 est
3083 1693 3114 1733 a
3144 1677 3419 1735 christiana
3459 1685 3663 1753 prolem
3704 1666 3705 1739 ἰ

2223 1768 2515 1823 defecerat.
2552 1772 2622 1824 At
2663 1768 2768 1826 hoc
2809 1771 2986 1840 ipsum
3023 1780 3109 1825 est
3134 1771 3273 1841 quod
3302 1790 3329 1824 a
3352 1773 3535 1831 Minucio
3566 1796 3664 1841 nostra
3704 1788 3705 1841 ξ

524 1875 805 1936 pr0pterea
850 1863 1098 1918 videatur
1126 1863 1269 1933 quod
1318 1863 1582 1919 Minucius
1628 1863 1967 1920 Christianos
1994 1879 2116 1919 cum
2150 1858 2197 1918 B
2227 1858 2430 1914 dictum
2463 1860 2715 1916 vidimus.
2747 1861 2866 1917 Alia
2912 1877 3077 1931 porro
3109 1862 3161 1917 ill
3189 1863 3518 1925 dissertatione
3535 1872 3664 1942 (Disai-

524 1960 774 2024 ethnicis,
805 1973 908 2013 non
950 1972 1082 2012 vero
1120 1971 1302 2011 secum
1344 1964 1653 2027 componat.

597 2055 765 2121 Qttatn
814 2062 994 2105 autem
1040 2050 1257 2120 integri,
1291 2050 1425 2104 casti
1476 2060 1531 2105 et
1575 2049 1811 2120 religiosi
1856 2049 2120 2106 Christiao

526 2164 740 2215 ll0lu.ll,
772 2148 1053 2220 gentilium
1086 2161 1217 2202 vero
1241 2146 1504 2217 corrupti,
1538 2145 1815 2217 depravati
1863 2144 2121 2215 improbi.

525 2262 630 2315 que
658 2254 841 2299 essent
869 2257 1068 2308 mores,
1100 2240 1251 2296 brevi
1277 2242 1697 2310 comparatione,
1722 2256 1884 2309 quam
1910 2239 2121 2294 Tertul-

528 2338 700 2391 lianth
728 2334 898 2391 iusius
925 2332 1268 2405 prosequitur
1296 2333 1637 2405 (Tertullian.
1659 2332 1955 2404 Apalogel.,
1996 2347 2116 2401 cap.

525 2429 619 2495 46,
646 2443 767 2499 pag.
798 2427 865 2481 59
895 2442 950 2481 et
978 2426 1180 2495 seqq.),
1212 2424 1480 2481 Minucius
1499 2425 1613 2480 sive
1637 2426 1755 2493 ejus
1780 2426 1998 2479 nomine
2025 2424 2122 2479 Oc-

529 2523 699 2577 tavius
734 2518 1009 2575 ostendit:
1050 2538 1068 2570 t
1097 2518 1200 2573 Vos
1230 2519 1397 2584 enim,
1448 2519 1524 2573 ait
1552 2519 1665 2585 ille,
1703 2519 1965 2573 adulteria
1996 2532 2117 2587 pro-

528 2613 741 2679 hibetis,
773 2622 828 2669 et
857 2614 1058 2679 facitis;
1107 2627 1205 2667 nos
1250 2611 1507 2689 uxoribus
1547 2612 1747 2667 nostris
1782 2610 2123 2668 solummodo

529 2710 631 2764 viri
686 2709 977 2763 nascimur.
1006 2724 1024 2757 ι
1074 2705 1229 2773 Quod
1282 2705 1500 2774 quidem
1552 2708 1799 2775 proxime
1843 2704 2039 2759 citatus
2087 2717 2117 2757 a

529 2799 683 2855 nobis
709 2799 1066 2854 Tertullianns
1089 2799 1370 2867 Speusippi
1393 2798 1641 2867 exemplo
1660 2797 1740 2851 sic
1764 2795 2082 2865 comprobat
2107 2811 2121 2849 :

535 2913 552 2945 ι
583 2894 786 2957 Audio,
821 2890 1024 2961 inquit,
1063 2889 1350 2961 quemdam
1395 2888 1754 2958 Speusippum
1790 2887 1857 2942 dc
1888 2886 2127 2942 Platonis

529 2985 715 3041 schola
755 2985 807 3038 in
854 2982 1116 3038 adulterio
1149 2980 1411 3051 periisse:
1445 2979 1786 3035 Christianus
1813 2978 1966 3033 uxori
2012 2991 2122 3032 sua:

530 3079 630 3134 soli
657 3076 923 3132 masculus
945 3075 1182 3130 nascitur
1206 3091 1226 3124 ι
1250 3069 1591 3142 (Tertullian.
1610 3068 1729 3124 loco
1743 3068 1834 3122 cit.
1863 3082 1981 3138 pag.
2010 3066 2123 3139 10).

530 3173 632 3228 Sed
656 3171 724 3226 de
749 3168 1179 3225 Christianorum
1206 3165 1451 3220 castitate
1473 3172 1528 3218 et
1575 3160 1758 3217 infami
1786 3160 2124 3217 ethnicorum
2151 3203 2196 3266 Ο

532 3260 862 3334 impudicitia
890 3274 989 3315 nos
1010 3259 1122 3328 jam
1148 3270 1310 3326 supra
1342 3254 1587 3325 quaedam
1618 3255 1898 3309 retulimus
1925 3254 2119 3326 (Supr.

532 3374 649 3427 eap.
687 3356 774 3420 10,
803 3364 906 3407 art.
940 3354 993 3407 1.
1027 3362 1082 3407 et
1109 3349 1164 3418 2,
1192 3359 1248 3406 et
1272 3365 1392 3421 cap.
1424 3349 1513 3418 16,
1537 3359 1643 3406 art.
1668 3347 1751 3420 2),
1774 3358 1827 3406 et
1848 3349 2026 3405 adlme
2046 3350 2126 3404 in-

534 3450 557 3503 l‘
558 3465 613 3503 ra
644 3448 904 3502 dicemus.

610 3537 812 3594 Deinde
842 3552 970 3591 vero
999 3535 1261 3591 Minucius
1292 3553 1306 3591 :
1345 3553 1363 3586 ε
1388 3534 1497 3591 Vos
1526 3534 1730 3591 scelera
1758 3533 1993 3590 admissa
2023 3550 2123 3606 pu-

537 3633 659 3686 tatis
690 3630 830 3702 apud
862 3644 957 3684 nos
992 3639 1046 3685 et
1086 3630 1324 3697 cogitare
1354 3642 1578 3697 peccare
1603 3637 1683 3682 est
1709 3644 1722 3682 :
1756 3642 1853 3683 vos
1879 3628 2128 3683 conscios

538 3723 759 3795 timetis,
794 3738 893 3778 nos
919 3723 1078 3778 etiam
1100 3720 1490 3776 conscientiam
1514 3719 1705 3786 solam,
1731 3720 1848 3775 sine
1875 3736 1975 3790 qua
2007 3734 2129 3777 esse

537 3834 569 3872 n
594 3835 640 3870 )ll
668 3830 968 3886 possumus.
1003 3834 1022 3868 ι
1051 3812 1413 3870 Tertullianns
1430 3826 1558 3866 vero
1582 3828 1596 3863 :
1631 3829 1651 3864 ι
1674 3811 2008 3866 Democritus
2034 3828 2128 3867 ex-

534 3907 786 3963 traeCando
816 3905 1188 3972 semetipsum,
1220 3901 1361 3974 quod
1394 3902 1648 3957 mulieres
1675 3902 1793 3958 sine
1837 3903 2126 3973 concupis-

534 4004 706 4056 centia
738 4003 976 4069 aspicere
1017 4012 1123 4052 non
1164 4005 1347 4066 posset
1394 4005 1449 4050 et
1490 3994 1699 4050 doleret
1752 3994 1797 4050 si
1845 4011 1949 4050 non
1983 4004 2129 4051 esset

536 4097 753 4163 potitus,
802 4091 1244 4146 incontinentiam
1277 4087 1656 4143 emendatione
1701 4088 2002 4158 proﬁtetur.
2053 4089 2125 4143 At

533 4186 870 4240 Christianus
912 4182 1075 4238 salvis
1113 4183 1285 4238 oculis
1337 4180 1563 4236 feminas
1609 4197 1713 4235 non
1743 4181 1910 4246 videt,
1943 4180 2127 4236 animo

533 4284 787 4336 adversus
827 4279 1101 4334 libidinem
1135 4292 1312 4333 caecus
1338 4285 1424 4332 est
1452 4295 1472 4329 ι
1501 4275 1843 4349 (Tertullian.
1874 4276 1978 4331 loc.
2008 4276 2127 4342 cit.,

535 4392 653 4447 pag.
690 4373 801 4446 10).
837 4373 942 4429 Sed
972 4373 1287 4445 probatione
1327 4370 1378 4425 id
1426 4387 1532 4425 non
1562 4369 1784 4440 indiget.
1816 4369 1947 4441 Quis
1983 4370 2128 4424 enim

534 4468 704 4524 nescit
749 4479 1001 4522 statutam
1032 4482 1064 4520 a
1093 4462 1311 4520 Christo
1360 4464 1531 4536 legem
1562 4482 1575 4519 :
1608 4463 1788 4519 Omnis
1812 4467 1900 4531 qui
1944 4464 2127 4517 viderit

2227 1960 2320 2007 tat.
2372 1954 2425 2006 in
2479 1951 2807 2019 Tertullian.,
2855 1969 2975 2025 Cap.
3036 1954 3125 2020 i2,
3161 1966 3260 2011 art.
3297 1958 3347 2021 3,
3374 1958 3420 2031 1)
3447 1967 3663 2022 ostendemus
3704 1960 3705 2015 ἐ

2226 2061 2384 2115 quam
2419 2046 2575 2113 lange
2604 2045 2779 2102 fusius
2805 2045 2948 2103 idem
2981 2046 3339 2104 Tertullianns
3375 2050 3489 2106 hanc
3506 2054 3661 2113 Clll‘lSlia.

2228 2153 2417 2192 norum
2453 2137 2899 2209 cthnieorumqne
2940 2141 3386 2209 comparatiOnetn
3420 2160 3663 2216 prosequatur.

2227 2231 2447 2287 Interim
2500 2232 2679 2303 legere
2735 2233 2937 2303 poteris
2982 2249 3106 2304 qua:
3139 2234 3190 2289 in
3237 2233 3410 2291 horum
3440 2243 3663 2299 conﬁrmata

2227 2340 2350 2379 nem
2392 2325 2578 2379 abillo
2623 2339 2687 2380 ac
2732 2325 3014 2382 Lactantio
3054 2335 3111 2381 et
3155 2326 3374 2382 Eusebio
3398 2331 3557 2398 scriptis
3581 2350 3662 2390 mm.

2226 2416 2349 2471 data
2388 2420 2511 2472 sunt
2541 2417 2793 2489 (Tertull.
2822 2419 2891 2471 ad
2918 2418 3169 2485 Scapul.,
3199 2434 3313 2489 cap.
3342 2420 3401 2477 2:
3428 2419 3599 2478 Lactant.
3616 2427 3660 2481 lib.

2224 2525 2257 2565 ν
2289 2508 2487 2576 Ιηειὶιη
2518 2526 2637 2580 cap.
2667 2510 2722 2577 9,
2756 2526 2875 2583 pag.
2905 2512 3051 2579 585;
3079 2511 3275 2569 Euseb.
3303 2513 3387 2569 lib.
3410 2529 3438 2568 ν
3460 2512 3662 2586 Ηίει.εςε1.,

2226 2617 2346 2674 cap.
2375 2604 2433 2670 2,
2474 2619 2596 2675 pag.
2629 2603 2780 2675 160).

2301 2694 2480 2765 Pergit
2534 2696 2796 2752 Minucius
2823 2707 3035 2766 noster,
3088 2698 3350 2770 aliamque
3382 2698 3661 2758 Chrbtisnotua

2228 2801 2350 2845 cum
2377 2787 2611 2844 ethnicis
2642 2789 2984 2860 philosophis
3011 2794 3441 2862 comparationem
3467 2796 3567 2850 hunc
3584 2798 3661 2851 ὶιιδύο

2228 2880 2332 2934 tuit
2361 2880 2412 2935 itt
2441 2882 2677 2936 modum.
2715 2899 2735 2933 ι
2772 2882 3231 2957 Pliil050pborum
3259 2888 3498 2955 supercilia
3525 2902 3661 2942 conten-

2231 2971 2442 3037 nitnus,
2499 2989 2635 3043 quos
2684 2985 3036 3046 corruptores
3082 2988 3138 3033 et
3183 2977 3431 3034 adulteros
3467 2982 3662 3035 novimusti

2232 3075 2523 3136 tyrannos,
2565 3078 2618 3123 et
2661 3083 2878 3140 semper
2926 3070 3193 3127 adversus
3236 3088 3323 3127 sua
3368 3075 3471 3129 vitis
3502 3073 3658 3129 {winds

2230 3156 2338 3213 Nos
2366 3176 2470 3213 non
2521 3160 2704 3216 habitu
2732 3163 3058 3232 sapientiam
3081 3206 3095 3230 ,
3126 3166 3220 3220 sed
3249 3175 3410 3221 mente
3433 3166 3660 3238 petierimus;

2229 3266 2337 3307 non
2378 3251 2683 3322 eloquimur
2721 3270 2947 3324 magna,
2999 3257 3099 3312 sed
3130 3259 3362 3313 vivimus.
3382 3256 3660 3313 Gloriamurtat

2228 3353 2548 3399 consecutos
2570 3345 2711 3411 quod
2731 3346 2802 3399 illi
2824 3362 3038 3401 summa
3068 3348 3357 3404 intentione
3376 3350 3661 3418 quasietunttta

2229 3433 2469 3491 invenire
2506 3447 2820 3506 potuerunt.
2850 3457 2869 3489 ι
2904 3439 3210 3509 Cyprianus
3235 3454 3351 3495 vero
3369 3456 3425 3495 ex
3448 3437 3660 3493 Iittcaueturit

2228 3530 2398 3585 nostri
2449 3532 2569 3587 loco
2591 3532 2726 3586 hanc
2763 3532 2932 3602 ipsam
2963 3534 3403 3603 comparationem
3429 3534 3556 3603 procul
3571 3530 3661 3585 dubio

2230 3630 2498 3677 mutuatus
2515 3631 2617 3685 est,
2638 3638 2701 3677 ac
2721 3624 2867 3693 plora
2880 3626 3045 3680 etiam
3061 3627 3203 3681 illius
3217 3626 3364 3681 verba
3379 3621 3659 3695 quasnabisst-

2231 3717 2409 3787 pet-ius
2442 3716 2706 3787 descripta
2729 3730 2849 3773 sunt
2883 3718 3090 3791 (Supr.
3131 3737 3245 3789 cap.
3263 3721 3316 3785 2,
3338 3718 3495 3775 art.39.
3518 3732 3594 3787 pag.
3614 3712 3657 3781 il.

2303 3810 2409 3866 Sed
2445 3811 2547 3865 hoc
2590 3820 2744 3867 antea
2776 3812 2936 3881 longe
2964 3812 3240 3883 cepiosius
3264 3830 3292 3866 a
3319 3809 3551 3866 Tertullianns
3570 3817 3659 3857 trac-

2230 3912 2396 3959 tatum
2424 3904 2598 3959 fuerat
2622 3921 2638 3959 :
2670 3925 2688 3957 t
2717 3904 3065 3975 Philosophi,
3095 3909 3201 3973 ait,
3240 3900 3657 3961 aﬂecmtteritstcm,

2227 4008 2284 4055 et
2324 3998 2620 4054 allectando
2646 4009 3033 4069 corrumpunt,
3087 4011 3145 4056 ut
3189 4002 3278 4072 qui
3313 3998 3489 4071 gloriam
3518 3996 3655 4061 captau-

2232 4093 2521 4150 Christiani
2549 4102 2603 4149 et
2630 4095 2939 4150 necessario
2965 4096 3474 4165 appetuntetitnegre
3492 4091 3651 4159 μωσιν

2236 4196 2293 4241 ut
2338 4188 2428 4257 qui
2477 4186 2637 4241 saluti
2680 4202 2791 4242 sua:
2831 4198 3043 4242 curant.
3074 4186 3226 4243 Adeo
3269 4199 3421 4256 neque
3453 4182 3504 4237 de
3529 4173 3652 4234 scienti:

2234 4294 2412 4350 neque
2432 4280 2499 4335 de
2524 4279 2828 4349 disciplina,
2858 4288 2913 4333 ut
2950 4281 3173 4348 putatis,
3214 4291 3453 4350 :rqnantur
3473 4292 3490 4325 ι
3511 4263 3652 4343 (Tertullo

2234 4373 2451 4443 Apolog.
2497 4388 2610 4442 cap.
2654 4372 2745 4437 46,
2795 4389 2917 4444 pag.
2946 4373 3062 4443 40).
3118 4373 3270 4428 Plura
3311 4370 3429 4424 hanc
3458 4367 3496 4420 in
3529 4354 3654 4416 mmihi

2233 4470 2500 4538 distiutat,
2550 4486 2671 4541 quze
2710 4484 2740 4523 a
2788 4469 2943 4523 nobis
2993 4485 3094 4524 suo
3139 4468 3255 4524 loco
3298 4459 3563 4523 examinanda
3591 4460 3655 4506 sui

534 4562 793 4615 mulierem
824 4558 893 4611 ad
933 4556 1389 4625 concupiscendam
1429 4572 1564 4620 eant,
1587 4556 1701 4625 jam
1750 4555 2031 4611 moechatus
2058 4571 2119 4610 est

2235 4565 2255 4637 (
2278 4564 2493 4621 Dissert.
2516 4566 2570 4619 in
2590 4563 2901 4620 Tertullian.
2925 4580 3043 4636 cap.
3072 4564 3159 4618 i2.
3185 4572 3284 4618 art.
3304 4564 3336 4619 5
3353 4559 3461 4629 eti;
3479 4565 3512 4610 et
3529 4544 3655 4618 ιαμ-15,

532 4672 643 4709 eam
674 4654 725 4705 in
767 4650 921 4704 corde
961 4666 1052 4703 suo
1104 4647 1322 4719 (Matth.
1354 4664 1405 4711 v,
1434 4646 1571 4711 28)?
1611 4650 1786 4717 Atque
1828 4649 1953 4703 inde
1996 4648 2130 4704 Ter-

536 4746 789 4800 tullianns
841 4739 1113 4796 concludit
1173 4739 1410 4793 divinam
1481 4738 1655 4809 legem
1718 4739 1947 4794 humana
2005 4756 2128 4797 esse

536 4836 947 4909 porrectiorem:
995 4830 1177 4900 «Quid
1232 4830 1542 4901 perfectius,
1594 4832 1782 4901 inquit,
1838 4832 2127 4902 prohibere

533 4932 878 4995 adulterium,
910 4944 976 4980 an
1022 4926 1184 4981 etiam
1227 4925 1297 4979 ab
1326 4923 1606 4979 oculorum
1658 4925 1896 4980 solitaria
1925 4943 2126 4983 concu-

535 5024 791 5095 piscentia
815 5033 1001 5075 arcere
1024 5018 1046 5072 ?
1069 5036 1087 5070 ι
1111 5016 1358 5081 (Tertull.
1378 5017 1600 5087 Apolog.
1624 5033 1723 5088 cap
1741 5020 1830 5085 41,
1859 5035 1975 5090 pag.
2004 5021 2129 5092 39.)

532 5118 637 5174 Sed
685 5115 751 5169 de
787 5113 869 5166 his
896 5111 1048 5181 plura
1085 5110 1139 5166 in
1165 5110 1613 5179 subsequentibus
1657 5110 2126 5186 dissertationibus

532 5212 784 5280 (ltisserl.
818 5204 872 5258 in
910 5201 1241 5270 Tertulltatt.,
1275 5216 1397 5273 cap.
1433 5202 1521 5266 l2,
1550 5213 1654 5258 art.
1686 5202 1767 5272 4).

605 5301 842 5370 Denique
867 5298 936 5353 de
967 5298 1072 5353 reis
1103 5297 1153 5352 itt
1184 5311 1456 5352 carcerem
1504 5295 1739 5353 detrusis
1777 5297 1894 5352 lucc
1940 5306 2127 5353 anetor

530 5402 715 5450 uoster
745 5390 1021 5460 subiunxit
1046 5406 1058 5443 :
1099 5408 1118 5442 ‹
1146 5390 1221 5445 De
1251 5404 1434 5446 vestro
1470 5406 1697 5447 numero
1737 5405 1925 5446 carcer
1949 5405 2125 5446 exaes-

531 5497 674 5552 tuat;
718 5485 1056 5549 Christianus
1086 5484 1156 5540 ibi
1186 5484 1386 5553 nullus,
1441 5484 1543 5540 nisi
1574 5496 1667 5539 attt
1697 5499 1821 5540 reus
1850 5484 2127 5555 religionis

527 5599 637 5639 sue
683 5590 775 5636 aut
803 5580 1074 5652 profugus.
1104 5599 1124 5633 ι
1177 5579 1307 5646 Quae
1346 5580 1562 5650 quidem
1608 5579 1931 5636 Tertulliani
1968 5578 2128 5636 dictis

526 5676 660 5731 adeo
686 5683 1007 5745 congruunt,
1041 5683 1100 5729 ut
1125 5672 1193 5728 ab
1224 5672 1317 5727 illo
1354 5684 1604 5743 excerpta
1656 5672 2018 5744 translataque
2044 5674 2127 5729 vi-

526 5768 772 5823 deantur.
814 5766 887 5821 Ita
915 5765 1058 5820 enim
1089 5765 1179 5819 ille
1207 5782 1220 5818 :
1258 5783 1275 5815 ‹
1305 5763 1405 5818 Tot
1434 5780 1465 5819 a
1495 5764 1646 5819 vobis
1676 5776 1933 5821 nocentes
1961 5766 2125 5821 variis

528 5858 810 5917 criminum
866 5857 1056 5928 elogiis
1108 5863 1499 5911 recensentur:
1539 5856 1659 5925 quis
1712 5856 1822 5911 illic
1866 5858 2123 5928 sicarius,

2231 4670 2333 4715 art.
2361 4660 2397 4713 2
2423 4670 2478 4714 et
2506 4661 2560 4716 3.
2585 4657 2606 4729 )

2306 4753 2570 4807 Pro-terea
2600 4751 2906 4823 pllilOSOplti
2934 4752 3197 4823 gentiles,
3227 4750 3297 4805 ait
3334 4741 3549 4803 Minucius.
3569 4742 3656 4785 Vm

2230 4845 2546 4916 eloquentia:
2578 4844 2699 4899 fuco
2740 4860 2860 4900 cum
2904 4859 3094 4915 magna
3123 4827 3655 4916 eloquebanturHWw

2228 4915 2439 4994 suamet
2468 4939 2591 4991 vitia
2624 4937 2836 4993 facundi
2879 4948 3051 4992 erant.
3101 4936 3251 4991 Prius
3289 4941 3440 4987 autent
3475 4915 3652 4978 nam

2229 5031 2559 5087 Tertulliano
2603 5031 2855 5101 appellati
2896 5044 3021 5086 sunt
3067 5049 3086 5082 ‹
3116 5028 3350 5084 homines
3378 5019 3523 5104 gloria:

2229 5127 2462 5195 quentia:
2534 5095 2802 5179 libidinosi
2859 5143 2878 5177 ι
2942 5130 2962 5195 (
3007 5122 3305 5178 Tertullian.
3354 5095 3460 5170 ibid.
3499 5095 3650 5200 car-ﬂ:

2231 5185 2352 5291 1;“9-
2384 5219 2447 5273 41
2478 5216 2521 5289 ),
2550 5217 2673 5289 quia
2723 5232 2785 5271 ea
2833 5216 2898 5271 ad
2930 5185 3203 5272 libidinem
3271 5185 3651 5291 abutebanturliihil

2230 5287 2360 5384 ergo
2385 5287 2528 5367 aliud
2570 5287 2671 5366 uisi
2719 5303 3004 5367 verborum
3053 5311 3231 5365 fucum
3275 5303 3531 5363 vendebant.

2229 5408 2360 5462 illud
2411 5408 2541 5478 ipsis
2566 5406 2855 5477 gentilibus
2888 5408 3266 5475 incompertum
3300 5397 3418 5471 quod
3457 5386 3646 5450 AWWS

2230 5502 2372 5574 apud
2423 5502 2740 5556 Alltettmttttt
2793 5501 2942 5557 hisce
2998 5501 3233 5555 versibus
3259 5491 3497 5552 cantabat:
3542 5502 3545 5506 ’

2481 5603 2526 5667 9i
2550 5619 2626 5655 μω,
2650 5604 2872 5657 etiamm,
2887 5605 2984 5644 ἀλλὰ
3000 5604 3082 5643 τοὺς
3102 5603 3301 5655 φιλοσάφυς

2483 5666 2529 5730 lii»
2554 5674 2630 5714 τοῖς
2652 5669 2772 5719 λόγοις
2793 5674 3009 5720 "casiam;
3029 5666 3172 5718 ιὶοίιὶσιυ
3192 5668 3307 5714 μόνως

2484 5727 2529 5769 Ιλὶν
2555 5736 2655 5769 mist
2676 5727 2717 5769 δί
2741 5730 2857 5783 ἱργοις
2879 5731 2990 5778 ὄντας
3012 5732 3183 5778 ἀνοήτους
3204 5727 3280 5778 ὁρᾷ.

2385 5801 2497 5865 Heu
2522 5815 2601 5851 me.
2624 5804 2634 5850 !
2661 5813 2709 5852 tu
2737 5802 3113 5865 philosopharis:
3136 5805 3187 5865 et
3209 5807 3293 5854 ego
3310 5782 3546 5856 ριιὶῐοδορ¹¹⁰³

2388 5863 2567 5913 Verbis
2593 5861 2777 5916 tantum
2802 5861 2978 5929 sapere
2999 5861 3328 5918 animadverto:
