3824 6282
190 373 258 439 ιω
1568 376 2040 438 DlSSERTATlO.

293 494 510 546 Gerendis
525 497 709 544 autem
734 495 895 544 rebus
916 494 1174 546 dementes
1199 509 1311 547 esse
1338 499 1603 562 perspicio.

318 580 536 642 (Atticm,
558 579 599 627 l.
626 594 718 628 χιιι
748 579 1090 643 Dcipnosoplz.,
1117 595 1225 645 cap.
1250 583 1300 642 9,
1328 598 1377 647 p.
1402 584 1494 635 διο
1509 590 1554 633 et
1571 581 1726 647 seqq.)

176 687 309 743 Visne
329 687 533 742 celebre
576 686 733 757 hujus
782 688 1128 758 exemplum?
1174 689 1324 743 Dabit
1377 691 1471 745 tibi
1506 691 1728 745 liuiinus

169 782 393 853 insignem
443 782 857 851 philosophum,
910 782 1033 852 qui,
1079 784 1321 853 quamvis
1372 785 1583 840 caneris
1610 799 1729 839 om-

166 872 306 927 nibus
330 874 617 945 eloquentia
642 886 695 927 et
727 873 977 928 doctrina
1014 875 1334 942 excelleret,
1364 877 1433 931 ab
1456 890 1562 931 uno
1588 877 1728 930 nihi-

162 964 368 1020 laminas
409 966 614 1021 (εειηείιῆ
681 964 892 1020 Νἰοεριιὶ
931 970 1217 1037 episcopo,
1265 970 1378 1023 sola
1406 984 1469 1023 ac
1498 968 1728 1035 simplici

160 1059 435 1113 christiana.-
452 1058 717 1114 doctrinae
747 1074 819 1113 ex
831 1059 1092 1127 positione
1119 1069 1511 1126 consternatus,
1530 1061 1727 1114 victum

154 1168 209 1209 se
227 1154 380 1223 palam
415 1152 711 1208 confessus
746 1165 830 1209 est
854 1153 1066 1226 (Ruﬁn.
1099 1155 1187 1210 lib.
1212 1170 1268 1209 χ.
1300 1153 1497 1209 Histor.
1528 1153 1728 1210 Eccles.

143 1263 241 1316 cap.
275 1247 332 1300 l5
348 1245 384 1313 ).

192 1335 416 1391 Tametsi
435 1348 630 1393 autem
659 1338 929 1394 Minucius
955 1339 1154 1395 dixerit
1182 1355 1283 1397 nec
1310 1342 1589 1412 quaesitam
1631 1355 1731 1396 nec

133 1432 377 1487 inventam
422 1431 496 1486 ab
542 1432 788 1487 ethnicis
835 1432 1171 1504 philosophis
1205 1436 1519 1497 veritatem,
1574 1436 1733 1503 paulo

134 1534 287 1578 tamen
330 1533 496 1577 antea
551 1524 824 1593 scriptum
876 1524 942 1579 ab
968 1540 1033 1580 eo
1064 1526 1293 1596 legimus
1324 1542 1342 1580 :
1378 1545 1396 1577 ‹
1434 1525 1513 1580 llli
1540 1524 1609 1579 de
1651 1525 1734 1579 di-

132 1617 251 1672 vinis
296 1617 794 1687 prmdicationibus
842 1619 1234 1689 Prophetarum
1276 1621 1520 1675 umbram
1570 1621 1737 1675 inter-

131 1712 305 1782 polata:
333 1712 590 1767 veritatis
618 1711 820 1771 imitati
867 1722 1012 1768 sunt.
1048 1733 1067 1767 ›
1102 1714 1205 1769 Sed
1249 1714 1332 1769 his
1377 1714 1551 1768 verbis
1598 1712 1732 1768 nihil

133 1806 255 1860 aliud
300 1807 579 1877 signiﬁcat
621 1807 728 1861 nisi
782 1807 1131 1878 philosophos
1168 1824 1233 1863 ex
1283 1808 1450 1864 sacris
1489 1807 1732 1876 Prophe-

3326 382 3438 441 550

1753 494 1810 556 Α
1842 512 1859 544 ‹
1898 510 2076 564 rcges,
2122 514 2140 545 ι
2179 493 2374 550 habere
2420 503 2755 550 meruerunt.
2806 496 2949 551 Dixit
3002 505 3180 554 autem
3227 500 3435 569 faciles,

1830 584 2075 640 Ovidium
2109 598 2352 652 Secutus,
2388 590 2476 658 qui
2506 589 2740 645 cecinit:

2048 697 2283 761 Optastis.
2305 698 2573 763 facilesque
2591 700 2714 750 deos
2736 700 3001 765 habuistis;

2085 780 2272 845 (0vid..
2295 782 2330 832 l.
2355 797 2401 843 v,
2428 783 2775 848 Metamz.rplt.,
2807 785 2833 848 §
2856 785 3147 849 antcpeuult
3172 786 3193 849 )

1835 864 1887 920 id
1938 874 2018 920 cst
2072 881 2408 934 propensus,
2469 867 2763 923 benetolos
2811 878 2865 923 et
2909 870 2997 939 qui
3053 880 3233 941 Optata
3283 862 3441 928 facile

1833 956 2224 1012 concedebant.
2262 957 2394 1014 Inde
2438 975 2570 1014 vero
2600 960 2815 1015 illorum
2845 962 3019 1016 cultus
3064 963 3115 1016 in
3162 964 3441 1022 universas

1836 1058 1994 1104 terra:
2036 1060 2218 1120 partes
2258 1053 2515 1107 manavit.
2549 1052 2680 1108 Nam
2730 1054 2989 1110 Eleusinii
3031 1057 3317 1114 coluerunt
3340 1058 3443 1115 Ce-

1832 1159 2048 1209 rerem,
2105 1143 2345 1217 Phryges
2395 1146 2653 1214 Matrem,
2699 1147 2751 1201 id
2781 1159 2903 1214 est,
2963 1148 3253 1221 Cybelem,
3311 1151 3441 1222 Epi-

1836 1238 2009 1293 daurii
2041 1238 2411 1310 Esculapium
2431 1283 2444 1305 ,
2475 1240 2662 1295 Belum
2691 1241 2968 1310 Chaldaei,
2998 1244 3117 1315 Syri
3145 1244 3439 1312 Astarlem,

1838 1334 2058 1388 Dianam
2080 1333 2241 1388 Tauri
2261 1376 2275 1397 ,
2293 1334 2428 1390 Galli
2451 1335 2797 1402 Mercurium,
2817 1351 3007 1392 omnes
3029 1337 3159 1391 dces
3182 1338 3437 1394 Romani.

1831 1426 1898 1481 Et
1920 1425 1974 1481 hi
1996 1427 2234 1496 quidem,
2259 1428 2383 1498 quia
2406 1429 2578 1484 sacris
2598 1430 2840 1484 omnium
2863 1431 3103 1501 gentimn
3126 1432 3318 1487 ritibus
3348 1450 3442 1487 ea-

1835 1519 2041 1590 stisque
2090 1520 2385 1591 virginibus
2433 1532 2487 1577 et
2512 1524 2853 1578 sacerdotum
2903 1524 3202 1581 honoribus
3254 1527 3442 1581 urbem

1832 1625 1986 1665 suam
2019 1613 2320 1678 munivere,
2361 1614 2525 1668 totius
2570 1615 2752 1669 mundi
2777 1614 2954 1686 adepti
2982 1627 3105 1671 sunt
3135 1619 3440 1689 imperium.

1841 1703 1914 1758 Ev
1941 1705 2136 1775 quibus
2154 1708 2404 1762 Caecilius
2420 1709 2713 1774 concludit,
2736 1724 2860 1765 cum
2881 1711 3059 1763 omnia
3088 1711 3291 1765 incerta
3314 1711 3441 1777 sint,

1843 1792 2015 1853 satius
2029 1815 2150 1855 esse
2176 1800 2399 1855 traditas
2423 1817 2450 1854 a
2475 1802 2770 1873 majoribus
2796 1803 2863 1857 ab
2881 1802 3067 1857 mundi
3106 1802 3444 1858 incunabulis

137 1913 293 1953 tarum
323 1909 645 1953 nostrorum
676 1899 1183 1969 pra‘dicationibus,
1233 1901 1347 1955 sive
1392 1901 1591 1970 scripto
1619 1900 1734 1956 sive

1916 1892 1977 1944 ad
2000 1905 2150 1945 suam
2182 1907 2349 1961 usque
2370 1870 2582 1948 :ctatem
2616 1904 3062 1962 perseverantes,
3106 1894 3445 1966 has'religio-

137 1992 285 2047 verbo
332 1992 583 2050 traditis.
634 1991 886 2046 umbram
934 2001 1273 2048 consectatus
1309 2008 1431 2048 esse
1463 1994 1731 2057 veritatis,

143 2093 307 2153 utpote
356 2086 449 2154 qui
504 2083 650 2140 hanc
685 2083 759 2139 ibi
793 2094 1061 2154 repertam
1113 2086 1273 2140 variis
1322 2086 1597 2140 erroribus
1623 2086 1735 2140 suis

143 2177 481 2245 wrruperint.
509 2177 669 2245 Quod
718 2178 938 2246 quidem
985 2195 1016 2233 a
1067 2178 1221 2234 nobis
1265 2179 1405 2234 haud
1454 2161 1625 2234 semel
1680 2179 1732 2234 in

144 2268 245 2323 aliis
264 2268 744 2324 dissertationibus
776 2270 978 2324 misti-is
1014 2272 1145 2324 satis
1172 2279 1389 2339 aperte,
1441 2270 1543 2324 nisi
1593 2269 1733 2324 falli-

144 2375 280 2423 mur,
334 2360 771 2416 demonstratum
819 2361 839 2435 (
883 2361 1077 2416 Tom.t
1118 2363 1396 2432 Apparat.,
1449 2380 1571 2434 pag.
1607 2362 1735 2432 327,

147 2449 256 2516 l2“),
282 2452 441 2517 lt0i,
467 2454 528 2507 ll
543 2451 836 2523 12),atque
858 2452 912 2506 in
939 2452 1289 2522 sequentibus
1317 2451 1493 2507 adhuc
1515 2452 1741 2508 demon-

146 2546 407 2600 strabitur.

208 2638 486 2694 Summum
541 2654 708 2710 porro
756 2638 1022 2694 doctrinae
1064 2653 1384 2709 morumque
1423 2639 1560 2694 inter
1585 2637 1741 2694 Chri-

146 2732 341 2788 stianos
364 2743 419 2788 et
442 2735 674 2804 gentiles
701 2733 997 2788 discrimen
1020 2748 1125 2788 non
1155 2734 1429 2803 impedivrt
1455 2733 1741 2804 quominus

146 2823 193 2878 in
250 2827 441 2881 eadem
493 2827 785 2897 aliquando
851 2825 1157 2881 habitarent
1245 2827 1439 2890 domo,
1510 2841 1737 2896 seseque

148 2927 341 2971 mutuo
361 2920 574 2975 [unum
609 2920 833 2976 nomine
874 2920 1287 2989 Compellarem.
1320 2920 1562 2976 Vidimus
1592 2921 1737 2975 enim

148 3010 421 3067 Caeciliam
459 3014 731 3070 ethnicum
776 3015 966 3069 Roma!
1007 3015 1145 3084 apud
1170 3014 1455 3085 Minucium
1503 3015 1738 3071 Felicem

146 3103 415 3164 habitasse
438 3151 455 3176 ,
495 3121 711 3179 tamque
741 3110 889 3164 illum
922 3109 990 3164 ab
1018 3109 1237 3165 Octavio
1270 3127 1426 3181 quam
1458 3110 1735 3166 Octavium

147 3198 207 3250 ab
242 3200 336 3254 illo
374 3200 593 3257 fratrem
620 3207 801 3258 vocari
846 3201 1018 3273 (Sup.
1056 3218 1173 3273 cap.
1208 3203 1264 3257 ’5.
1293 3214 1392 3256 art.
1422 3204 1475 3266 2,
1510 3220 1632 3275 pag.
1668 3204 1729 3259 ll
1767 3246 1811 3275 ,η

146 3298 191 3341 τι
217 3290 313 3345 12.

209 3382 402 3455 Neque
417 3387 616 3444 dixeris
630 3388 908 3444 Camillum
924 3398 977 3445 ct
1004 3390 1285 3446 Oetavium
1312 3405 1419 3446 non
1441 3406 1621 3461 veros,
1646 3391 1741 3448 sed

142 3490 469 3545 personatos
503 3480 668 3538 luisse
716 3481 994 3547 homines;
1041 3482 1253 3538 tametsi
1298 3483 1495 3554 quippe
1538 3498 1624 3538 res
1668 3482 1742 3538 ita

137 3582 197 3623 se
237 3570 499 3638 haberet,
543 3584 755 3629 certum
808 3573 1158 3630 nihilominus
1202 3590 1322 3632 esse
1362 3576 1524 3631 debet
1568 3577 1681 3632 hzcc
1712 3592 1741 3631 a

136 3658 381 3719 Hiuucio
438 3666 574 3722 dicta
605 3682 712 3722 non
745 3666 914 3723 fuisse
936 3709 950 3733 ,
980 3667 1081 3723 nisi
1108 3668 1231 3738 quia
1263 3669 1485 3739 hujusce
1509 3670 1745 3742 appella-

76 3808 87 3819 .
145 3752 313 3810 tionis
374 3768 533 3829 atque
579 3758 933 3814 habitationis
978 3774 1099 3816 mos
1143 3770 1199 3815 et
1244 3762 1579 3818 consuetudo
1645 3777 1746 3818 suo

150 3851 399 3917 tempore
433 3850 747 3907 invaluerat.

745 3964 975 4023 CAPUT
1015 3954 1156 4023 XIV.

152 4105 523 4159 ElCC‘IlU‘STCB
550 4120 761 4160 C£ClLll
794 4120 1121 4161 ARGUMENTA
1150 4121 1335 4172 QUIBUS
1366 4124 1605 4164 PROBARE
1651 4124 1747 4166 (30-

231 4204 413 4248 Βδῒιῖἢ
428 4213 542 4253 οεοε
553 4215 681 4256 SUOS
699 4215 912 4254 REVERA
926 4215 1218 4271 EXISTERE,
1241 4217 1307 4257 AC
1326 4217 1549 4259 PROINDE
1569 4219 1748 4259 V'ERAH

255 4299 385 4341 ESSE.
410 4307 665 4353 GEYSTILIUI
698 4313 1054 4354 RELIGIONEM.

668 4448 976 4490 ABTICULUS
1014 4451 1229 4492 PRlMUS.

179 4549 490 4626 Explica/ar
517 4569 726 4636 primum
758 4569 955 4625 chilii
1000 4582 1352 4640 argumentum
1391 4592 1490 4645 quo
1537 4575 1752 4645 probare

254 4652 435 4709 nititur
454 4677 571 4719 una:
607 4683 720 4720 esse
745 4666 870 4719 deos
898 4681 1017 4719 suos
1046 4683 1107 4720 ea:
1130 4668 1380 4737 majorum
1404 4668 1678 4724 traditione
1706 4679 1752 4723 cl

246 4747 578 4817 atdiquissimo
613 4759 753 4812 cultu
796 4757 1044 4825 deorum,
1075 4761 1313 4814 nimirum
1362 4762 1556 4819 Cereris
1602 4765 1755 4820 Eleu-

245 4843 425 4914 ιίηἰιε,
452 4848 684 4927 Plirygite
709 4853 893 4907 matris
919 4870 1004 4909 seu
1032 4853 1270 4924 Cybeles,
1304 4855 1599 4925 XEsruIapii
1630 4858 1757 4927 Epi-

242 4934 440 5007 daurii,
488 4943 596 5000 Beli
646 4946 955 5014 Cltaldaici,
1000 4946 1228 5003 Astartes
1268 4948 1470 5021 Syrica,
1526 4950 1756 5008 Taurij

238 5026 426 5089 Diana:
445 5048 488 5093 et
517 5041 761 5095 Mercurii
794 5038 1001 5095 Gallici.

243 5141 360 5199 Huc
379 5164 535 5221 usque
553 5152 831 5209 Cri-cilium
860 5162 1044 5208 contra
1068 5155 1379 5226 religionem
1408 5156 1755 5213 Christianam

179 5232 329 5293 irrito
354 5258 552 5316 semper
583 5259 785 5303 conatu
812 5246 1171 5315 disttutantent
1191 5293 1204 5311 ,
1237 5265 1298 5305 ac
1325 5250 1392 5305 de
1434 5251 1526 5305 illo
1568 5252 1757 5306 trium-

184 5327 419 5398 ﬂnutent
454 5339 731 5397 Octavium
776 5340 1100 5394 audivimus.
1149 5341 1301 5396 Nunc
1340 5343 1627 5399 videndum
1678 5350 1762 5399 cst

200 5429 361 5480 ‘1le
397 5430 478 5486 ille
505 5448 600 5504 pro
627 5433 831 5489 tuenda
879 5432 1061 5501 gentili
1090 5434 1350 5504 religione
1395 5451 1488 5490 sua
1536 5434 1763 5492 feliciori

213 5522 422 5576 incussu
448 5527 787 5597 pugnaverit.
813 5525 1052 5580 Primum
1083 5535 1260 5582 autem
1286 5568 1301 5593 ,
1351 5536 1405 5582 et
1435 5527 1581 5599 quod
1626 5530 1760 5584 vali-

210 5599 444 5671 llissiuntm
475 5627 624 5688 putat
644 5661 659 5685 ,
694 5618 765 5672 ab
796 5617 942 5673 illius
967 5620 1281 5689 antiquitate
1309 5621 1441 5691 petit
1471 5636 1763 5692 argumen—

207 5702 312 5763 ltun.
356 5711 434 5766 Ab
463 5712 581 5782 ipso
630 5713 776 5768 enim
823 5711 1009 5767 mundi
1050 5713 1311 5780 exordio,
1358 5713 1440 5768 vel
1485 5713 1624 5769 sicut
1652 5715 1765 5784 ipsc

198 5792 414 5860 Cecilius
452 5804 553 5871 ait,
592 5824 610 5855 ς
652 5805 776 5859 rudi
807 5804 982 5861 adhuc
1011 5807 1210 5862 satculo
1232 5815 1284 5861 et
1313 5807 1365 5861 in
1389 5805 1559 5878 ipsius
1581 5807 1766 5863 mundi

196 5899 466 5964 hatalibus,
507 5917 525 5950 ι
566 5898 804 5971 majores
852 5899 1018 5955 nostri
1055 5899 1183 5956 deos
1216 5908 1307 5955 aut
1345 5919 1362 5953 ι
1401 5898 1584 5957 faciles
1622 5920 1639 5951 ι
1676 5910 1767 5954 aut

1838 1996 1957 2046 nes,
1983 1983 2119 2036 ritus
2142 1998 2205 2036 ac
2247 1982 2474 2039 deorum
2511 1985 2714 2039 cultum
2746 1987 2929 2056 sequi.
2958 2003 3114 2057 quam
3140 2004 3290 2043 nova:
3318 1988 3446 2044 reli-

1838 2074 2009 2143 gioni,
2045 2076 2293 2153 secretis,
2316 2077 2409 2132 sed
2433 2080 2855 2149 corruptissimis
2883 2081 3176 2136 sceleribus
3209 2082 3441 2148 [ωεξόειιειι⁷

1837 2178 1979 2221 (ἓίἰὲΟᾶ
2007 2167 2343 2224 volubilitate
2365 2171 2678 2240 mancipari.
2715 2172 2914 2227 Eadem
2941 2182 3024 2228 est
3046 2173 3219 2229 Cotta:
3236 2174 3447 2230 Acade-

1840 2256 1963 2312 mici
2009 2260 2150 2328 apud
2204 2261 2543 2330 Ciceronem,
2616 2262 2806 2319 eadem
2850 2265 2993 2320 Celsi
3040 2265 3181 2337 apud
3253 2265 3443 2338 Orige-

1842 2366 2000 2419 neat,
2057 2353 2368 2424 Symmachi
2435 2355 2574 2423 apud
2640 2357 3019 2427 Ambrosium,
3074 2343 3141 2414 et.
3181 2361 3443 2429 aliorum,

1843 2445 2067 2500 testibus
2094 2448 2331 2505 Arnobio
2371 2458 2427 2502 ct
2472 2448 2782 2514 Lactantio,
2829 2451 3111 2520 gentilium
3169 2456 3446 2525 conclusio

1842 2540 1993 2611 (Cir.
2046 2541 2135 2595 lib.
2180 2557 2258 2596 tn.
2287 2543 2351 2596 de
2394 2540 2583 2597 Natur.
2612 2541 2770 2598 θεον.
2803 2542 2953 2610 init.,-
2977 2562 3096 2616 pag.
3129 2530 3254 2601 240.
3296 2547 3444 2617 Orig.

1843 2632 1929 2689 lib.
1962 2649 2017 2699 ν,
2048 2634 2354 2689 contr.(.'els.
2386 2653 2506 2707 pag.
2535 2636 2662 2703 254,
2695 2646 2739 2690 et
2765 2653 2903 2707 seqq.
2936 2638 3238 2709 Symmaclt.
3271 2641 3445 2697 lic/at.

1842 2729 2001 2799 apud.
2056 2730 2230 2785 Ambr.
2277 2729 2305 2802 §
2346 2732 2400 2797 5,
2456 2731 2491 2787 5
2517 2772 2531 2796 ,
2577 2744 2624 2786 et
2653 2730 2708 2786 8.
2740 2749 2861 2805 pag.
2892 2733 3020 2789 829.
3050 2737 3244 2792 Arnob.
3275 2738 3367 2792 lib.
3409 2756 3447 2795 ιι

1840 2821 1959 2875 adv.
1992 2818 2180 2875 chiil.
2216 2840 2336 2894 pag.
2374 2822 2443 2878 50
2464 2833 2509 2877 ct
2538 2839 2647 2893 seq.
2678 2822 2916 2880 Lactant.
2945 2825 3036 2882 lib.
3085 2843 3145 2893 ιι,
3204 2845 3323 2901 cup.
3384 2833 3439 2901 li,

1840 2929 1962 2984 pag.
1994 2914 2090 2968 171

1914 3012 2046 3077 Quia
2074 3026 2201 3066 vero
2222 3009 2469 3067 Caecilius
2498 3011 2700 3080 omnia,
2728 3028 2849 3083 quae
2873 3013 2940 3070 de
2965 3015 3069 3072 diis
3094 3017 3207 3073 suis
3225 3034 3255 3073 a
3288 3020 3445 3075 nobis

1842 3106 2105 3160 recensita
2134 3106 2385 3175 protulit,
2420 3110 2623 3163 nemini
2664 3110 2937 3182 incognita
2983 3127 3106 3167 esse
3152 3114 3403 3169 credebat
3427 3155 3442 3180 ,

1844 3212 1906 3251 ea
1929 3198 2237 3269 singillatim
2267 3200 2494 3269 probare
2525 3216 2632 3256 non
2658 3204 2889 3257 curavit.
2920 3207 2988 3259 At
3019 3206 3064 3260 si
3090 3205 3210 3277 quis
3241 3205 3309 3260 de
3341 3207 3405 3262 iis
3427 3247 3444 3276 ,

1845 3288 1946 3343 sibi
1979 3305 2117 3344 nunc
2141 3290 2364 3346 l‘otstan
2405 3294 2720 3364 incognitis,
2750 3295 2949 3366 aliquid
2974 3298 3113 3352 scire
3139 3309 3322 3367 aveat,
3352 3298 3450 3352 ob-

1846 3385 2180 3438 serVabimus
2229 3383 2449 3439 Eleusin
2503 3387 2699 3441 Atticae
2749 3382 3022 3444 civitatem
3078 3388 3281 3456 fuisse,
3339 3406 3446 3445 non

1846 3476 2005 3547 longe
2047 3477 2116 3532 ah
2155 3477 2385 3543 Athenis
2433 3483 2623 3546 sitam,
2677 3482 2764 3538 ubi
2812 3495 3109 3539 memorata
3163 3501 3192 3538 a
3232 3483 3451 3542 Caecilio

1845 3567 1992 3627 Ceres
2021 3571 2179 3626 tiliam
2202 3588 2353 3628 suam
2381 3590 2658 3645 quaerens,
2701 3576 2770 3631 ab
2795 3576 3011 3633 Eleusin
3040 3578 3110 3634 ibi
3140 3580 3441 3650 imperante

1848 3663 2084 3733 hospitio
2116 3665 2497 3736 benignissime
2537 3678 2787 3739 suscepta
2817 3677 2921 3726 est.
2960 3670 3216 3728 Eleusinii
3244 3689 3369 3728 vero
3399 3673 3451 3728 iu

1852 3755 2045 3812 horum
2097 3760 2412 3823 memoriam
2456 3762 2689 3833 agebant
2742 3778 2934 3841 sacra,
3000 3780 3121 3836 quae
3174 3765 3448 3822 Eleusinia

1855 3862 2136 3918 vocantur,
2160 3853 2228 3909 de
2260 3855 2454 3925 quibus
2488 3855 2616 3912 alibi
2669 3857 3028 3914 disseruimus
3061 3857 3252 3929 (Tom.
3282 3876 3319 3914 ι.
3347 3861 3453 3928 Λρ-

1855 3954 2026 4013 parat.
2072 3946 2161 3999 lib.
2196 3962 2275 4002 tu.
2329 3947 2530 4005 dissert.
2591 3964 2630 4016 ι,
2682 3966 2799 4019 cap.
2831 3949 2885 4013 9,
2918 3960 3018 4006 art.
3046 3950 3082 4004 2
3121 3968 3241 4023 pag.
3275 3953 3377 4007 789
3406 3964 3456 4009 et

1850 4034 2306 4108 seqq.).Tcstatur
2331 4048 2511 4093 autem
2542 4038 2845 4094 llerodotus
2872 4040 2942 4095 ibi
2968 4041 3223 4111 templum
3242 4044 3456 4099 Cereris

1859 4127 2181 4197 Eleusiniae,
2216 4146 2245 4184 a
2280 4130 2509 4185 Philisto
2541 4131 2764 4186 Pasiclis
2800 4132 2911 4186 lilio
2941 4133 3217 4189 conditum
3269 4139 3452 4193 tuisse.

1855 4222 2015 4278 Plura
2050 4226 2228 4294 legere
2276 4226 2478 4294 poteris
2516 4224 2654 4293 apud
2689 4224 2980 4280 Diodorum
3006 4227 3267 4294 Siculum,
3300 4233 3456 4286 Stra-

1853 4315 2083 4381 bonem,
2139 4315 2363 4381 tllelam,
2415 4316 2775 4391 Pausaniam,
2827 4325 2990 4387 atque
3043 4333 3139 4380 ea.
3197 4322 3240 4376 si
3289 4322 3456 4385 velis.

1854 4421 1975 4477 quzc
2025 4405 2151 4460 alibi
2182 4407 2561 4460 annotavimns
2601 4405 2894 4479 (Herodol.
2925 4407 3011 4462 lib.
3042 4425 3115 4472 tx,
3149 4409 3177 4483 §
3204 4408 3272 4466 64
3295 4413 3454 4469 c196.

1856 4499 2071 4556 Diodor.
2122 4498 2289 4554 Sicul.
2342 4499 2431 4555 lib.
2476 4515 2516 4556 ι.
2547 4498 2793 4557 BtbliOt/t.
2842 4520 2958 4574 pag.
3020 4504 3119 4559 ιιι
3172 4516 3219 4560 et
3266 4505 3354 4560 lib.
3402 4523 3452 4572 ν,

1777 4628 1829 4687 D
1858 4613 1976 4667 pag.
2004 4594 2130 4651 9.00.
2166 4593 2339 4650 Strab.
2372 4594 2463 4687 lib.
2496 4610 2572 4651 ιχ.
2605 4594 2899 4667 Geograplt.
2929 4614 3048 4670 pag.
3080 4598 3204 4664 595,
3244 4598 3367 4654 Mcl.
3396 4598 3460 4654 de

1860 4687 1962 4743 Sit.
1995 4688 2103 4742 orb.
2133 4704 2249 4755 cap.
2281 4687 2334 4743 5.
2365 4684 2595 4742 Pausan.
2623 4686 2712 4742 lib.
2734 4703 2808 4755 vt,
2839 4706 2960 4761 pag.
2993 4690 3115 4745 105.
3152 4703 3198 4745 et
3220 4691 3308 4745 lib.
3340 4707 3455 4761 vni,

1859 4801 1980 4859 pag.
2003 4782 2112 4838 249
2137 4792 2191 4839 et
2210 4781 2337 4838 256.
2368 4779 2513 4837 Tom.
2544 4799 2561 4838 ι
2586 4784 2833 4855 Apparal.
2864 4800 2986 4854 pag.
3018 4783 3128 4864 759'
3148 4794 3195 4840 et
3220 4784 3372 4854 δρψ).

1934 4856 2123 4932 Disccs
2151 4888 2329 4930 autem
2363 4892 2390 4929 a
2414 4875 2525 4946 jam
2553 4876 2719 4931 citato
2742 4876 3005 4931 Pausania
3029 4917 3043 4943 ,
3072 4856 3170 4931 cur
3204 4895 3222 4928 ι
3259 4875 3458 4932 Αἰδου-

1860 4971 2065 5041 lapius,
2104 4991 2123 5023 ι
2158 4980 2216 5025 ιιι
2261 4971 2337 5025 ait
2379 4969 2663 5035 Ca'cilius,
2708 4971 2776 5026 ab
2826 4970 3129 5040 Epidauriis
3170 4970 3458 5039 colcretur,

1863 5076 1916 5120 et
1937 5064 2024 5118 ubi
2053 5065 2215 5118 situm
2241 5065 2405 5119 fuerit
2423 5064 2564 5119 illius
2585 5064 2864 5134 templum.
2885 5064 3069 5120 Livius
3088 5082 3213 5122 vero
3235 5069 3421 5121 scribit
3444 5086 3458 5124 :

1868 5174 1887 5209 ι
1924 5156 2074 5212 Haud
2106 5172 2289 5226 parem
2321 5156 2514 5225 opibus
2567 5156 2785 5228 Sicyoni
2830 5165 2887 5212 et
2922 5162 3067 5229 Argo
3098 5157 3460 5229 Epidaurum,

1864 5249 1959 5303 sed
1996 5250 2249 5321 inclytam
2279 5246 2584 5318 [Esculapii
2617 5246 2780 5301 nobili
2815 5250 3037 5318 templo,
3060 5249 3201 5318 quod
3229 5251 3464 5323 quinque

1865 5342 2107 5397 millibus
2151 5356 2405 5413 passuum
2459 5338 2527 5393 ab
2578 5339 2712 5395 urbe
2760 5338 3000 5406 distans,
3044 5356 3188 5398 nanc
3226 5343 3465 5414 vestigiis

1866 5433 2210 5507 revulsorum
2242 5431 2542 5496 donorum,
2596 5440 2703 5485 tntn
2755 5430 2914 5485 donis
2947 5429 3099 5486 dives
3148 5444 3296 5500 erat,
3345 5449 3465 5504 qua:

1870 5527 2239 5582 remediorum
2267 5524 2585 5579 salutarium
2615 5525 2739 5595 a‘gri
2771 5525 3071 5580 mercedem
3121 5536 3467 5583 sacraverant

1872 5619 2001 5673 Deo.
2038 5638 2058 5671 ι
2112 5616 2187 5673 Dc
2224 5616 2381 5686 hujus
2421 5624 2599 5670 autem
2649 5618 2829 5686 templi
2873 5615 3221 5687 inscriptioitc
3265 5618 3467 5688 aliquid

1870 5713 1997 5767 alibi
2020 5728 2049 5767 a
2077 5712 2229 5767 nobis
2246 5711 2588 5766 observatum
2619 5711 2736 5781 est(
2762 5710 2991 5768 Pausan.
3023 5712 3109 5766 lib.
3141 5729 3198 5779 ιι,
3230 5731 3350 5786 pag.
3375 5713 3465 5772 68.

1871 5803 1983 5859 Liv.
2043 5805 2130 5859 lib.
2165 5818 2285 5859 XLV.
2386 5803 2471 5859 18.
2506 5800 2657 5856 Tant.
2693 5819 2708 5857 l
2740 5803 2992 5876 Apparet.
3023 5822 3142 5877 pag.
3177 5788 3362 5875 1095).

1924 5899 2161 5971 Phryges
2186 5914 2330 5965 vero,
2358 5896 2525 5968 inquit
2548 5896 2721 5954 adhuc
2736 5898 3229 5970 Cascilitts,tllatrcm
3246 5915 3473 5959 veneras
