3818 6282
178 342 281 398 553

1619 338 2090 399 DISSERTATIO.

3368 344 3476 401 554

172 469 383 526 quoque
413 454 716 525 gentilibus
761 468 1049 526 numquam
1096 469 1204 511 non
1249 465 1520 525 usurpatae
1562 465 1763 527 partes.
1794 459 1849 519 Α
1872 456 1991 526 guis
2019 455 2323 526 saepiusque
2360 454 2602 527 repetitis
2649 456 2974 514 clamoribus
3005 457 3252 528 iactatas.
3283 457 3473 516 Chris-

169 545 344 602 Prima
374 563 573 603 omnes
601 550 820 603 omnino
840 549 1068 620 gentiles
1097 559 1339 621 spectat,
1367 550 1601 606 secunda
1624 551 1771 620 ipsos

163 638 451 708 speciatim
482 639 780 697 Romanos.
813 640 1052 713 Utraque
1074 651 1252 697 autem
1286 642 1510 698 tmidem
1549 642 1769 697 Minucii

164 732 476 801 responsis,
528 733 802 804 variisque
844 748 909 789 ac
951 734 1285 805 gravissimis
1333 735 1600 790 rationum
1654 750 1769 790 mo-

166 828 369 883 mentis
395 824 637 881 funditus
663 826 940 882 evertitur.
961 827 1300 899 Quapropter
1328 838 1384 883 ut
1410 837 1558 885 recto
1578 828 1767 883 ordine

172 921 359 976 omnia
382 928 694 986 tractentur,
728 919 893 978 ducto
917 936 949 977 a
976 922 1166 993 primis
1201 920 1416 978 dicendi
1462 921 1651 989 initio,
1696 920 1765 976 ad

180 1013 291 1070 alia
317 1025 502 1086 postea
523 1013 816 1070 veniemus.

257 1104 493 1161 Primum
522 1107 696 1175 itaque
722 1103 924 1161 nemini
945 1120 1032 1175 ea,
1054 1106 1146 1178 qui
1173 1106 1432 1162 hactenus
1456 1105 1596 1162 dicta
1621 1116 1767 1177 sunt,

181 1213 286 1255 non
328 1199 502 1270 iniquo
533 1212 753 1266 prorsus
794 1199 977 1254 animo
1032 1199 1425 1263 consideranti.
1477 1200 1763 1256 obscurum

174 1302 288 1344 esse
328 1289 487 1345 debet
526 1297 810 1360 utramque
852 1289 1002 1344 illam
1045 1288 1346 1346 Creeilianze
1389 1291 1766 1361 disputationis

174 1390 370 1452 partem
411 1382 527 1453 jam
559 1383 624 1438 iis
648 1383 977 1454 argumentis
1004 1398 1223 1453 prorsus
1250 1383 1596 1453 infirmatam,
1627 1384 1768 1440 frac-

181 1482 379 1544 tamque
426 1474 618 1543 fuisse,
658 1474 851 1547 quibus
898 1474 1190 1544 Minucius,
1247 1476 1322 1531 uti
1361 1469 1612 1545 vidimus,
1662 1492 1769 1533 non

181 1565 345 1639 plures
367 1566 524 1633 deos,
552 1566 650 1622 sed
690 1582 853 1622 unum
879 1567 1050 1622 solum
1088 1581 1230 1631 esse,
1259 1582 1492 1638 eumque
1521 1569 1770 1625 omnibus

183 1666 234 1713 et
254 1657 469 1727 singulis
513 1656 679 1714 rebus
724 1657 905 1713 divina
941 1673 1037 1714 sua
1076 1657 1411 1729 providentia
1460 1660 1766 1730 consulere,

188 1747 506 1805 invictissime
528 1748 934 1804 demonstravit.

1876 550 2034 604 tianis
2062 550 2127 604 ad
2176 563 2427 605 nauseam
2471 565 2638 620 usque
2682 550 2996 619 objicereut,
3030 568 3160 619 quas
3206 554 3304 621 ipsi
3352 567 3472 622 pes.

1874 640 2196 696 sumdabaut
2232 649 2287 695 et
2330 641 2754 711 aspernabantur
2791 661 2803 695 :
2842 660 2862 693 ‹
2899 641 2998 697 Ubi
3037 643 3244 712 religio,
3275 643 3469 714 inquit,

1873 733 1963 788 ubi
2002 733 2276 789 veneratio
2308 732 2599 802 majoribus
2627 731 2806 788 debita
2836 750 2867 789 a
2896 734 3090 789 vobis?
3120 732 3332 798 Habitu,
3361 734 3475 789 vic—

1872 834 1948 890 tu,
1985 825 2266 892 instructu,
2299 841 2484 891 censu,
2526 826 2644 897 ipso
2671 826 2903 898 denique
2946 842 3216 892 sermone,
3260 830 3475 897 proavis

1870 916 2237 973 renuntiastis.
2287 917 2541 973 Laudatis
2578 933 2793 988 semper
2814 921 3083 989 antiquos,
3116 918 3211 974 sed
3242 932 3380 974 nove
3405 918 3476 975 de

1869 1007 1957 1064 die
1984 1010 2037 1064 in
2062 1010 2206 1065 diem
2248 1009 2451 1077 vivitis,
2479 1024 2575 1080 per
2601 1010 2746 1080 quod
2771 1011 3072 1067 ostenditur
3093 1011 3218 1066 dum
3248 1026 3280 1065 a
3316 1010 3475 1067 bonis

1869 1100 2133 1171 majorum
2174 1102 2431 1156 institutis
2454 1101 2737 1169 deceditis,
2756 1117 2816 1157 ea
2842 1117 2941 1159 vos
2962 1104 3195 1159 retinere
3215 1111 3271 1158 et
3295 1111 3477 1159 custo-

1866 1191 1981 1249 dire
2027 1209 2148 1264 quae
2192 1209 2297 1249 non
2343 1192 2638 1260 debuistis,
2693 1209 2814 1250 cum
2862 1210 2980 1265 qua:
3026 1195 3309 1264 debuistis,
3365 1211 3473 1252 non

1869 1285 2197 1342 custodiStis.
2238 1305 2259 1336 ι
2300 1285 2408 1344 Sed
2448 1286 2516 1341 de
2551 1288 2617 1342 iis
2656 1288 2807 1357 plura
2834 1305 2932 1343 nos
2969 1303 3067 1346 suo
3110 1289 3252 1352 loco.
3293 1288 3382 1345 ubi
3407 1290 3478 1346 de

1870 1379 2016 1436 illius
2042 1380 2192 1437 libris
2217 1381 2548 1437 disseremus
2578 1381 2799 1455 (Tcrtul.
2842 1384 3061 1456 Apolog.
3102 1402 3217 1455 cap.
3251 1386 3315 1453 6,
3351 1403 3474 1456 pag.

1873 1473 1927 1538 7;
1954 1471 2171 1527 Πίσωνι.
2214 1474 2266 1527 in
2294 1472 2599 1528 Tertullian.
2641 1491 2758 1546 cap.
2792 1475 2859 1531 18
2879 1517 2893 1540 ,
2926 1493 3045 1548 pag.
3074 1477 3187 1547 15).

1946 1564 2220 1621 Ridiculas
2242 1574 2421 1621 autem
2443 1566 2706 1635 planeque
2731 1567 2993 1622 absurdas
3015 1566 3180 1623 fuisse
3194 1567 3473 1635 gentilium

1871 1657 2120 1728 antiquas
2158 1658 2458 1727 Opiniones,
2494 1659 2707 1713 tametsi
2753 1659 2957 1715 nemini
2998 1660 3321 1730 incognitum
3355 1676 3478 1717 esse

1872 1756 2102 1818 poterat,
2147 1748 2408 1804 Minucius
2455 1760 2655 1817 tamen,
2705 1758 2763 1804 ut
2808 1750 3059 1806 omnibus
3097 1752 3363 1808 cumulate
3398 1765 3484 1807 sa-

260 1840 592 1909 Quamobrem
624 1849 972 1913 posteaquam
1000 1851 1287 1914 utrumque
1312 1842 1439 1899 illud
1469 1859 1612 1900 verae
1640 1844 1765 1901 reli-
1793 1833 1842 1894 B
1869 1841 2173 1908 tisfaceret,
2220 1842 2461 1913 pluribus
2500 1842 2553 1897 id
2599 1842 2934 1899 demoniStrat
2981 1845 3265 1914 exemplis.
3336 1844 3480 1900 Geu-

182 1932 760 2005 gionisfundamentum
789 1935 1186 2007 inexpugnabili
1216 1938 1507 2003 rationum,
1537 1953 1608 1994 ex
1632 1939 1766 2009 ipsis

178 2040 247 2085 ut
268 2028 530 2099 plurimum
560 2029 843 2099 gentilium
874 2028 1315 2099 pbilosoyhorum
1344 2031 1629 2087 sententiis
1668 2047 1763 2102 pe-

185 2122 403 2187 titarum,
433 2123 835 2194 propugnaculo
862 2124 1110 2190 munivit,
1154 2134 1264 2179 tum
1297 2125 1363 2181 ad
1391 2126 1617 2195 primam
1647 2127 1765 2182 Cte-

180 2217 377 2273 ciliana:
397 2215 818 2271 ratiocinationis
839 2226 1043 2285 partem
1061 2215 1409 2272 refellendam
1431 2218 1757 2288 aggreditur.

182 2306 386 2363 Dixerat
405 2314 578 2361 autem
614 2305 861 2362 Ctecilius
911 2307 1319 2377 antiquissimis,
1352 2317 1407 2364 et
1438 2309 1640 2365 mundo
1666 2326 1760 2366 co-

178 2400 337 2467 avis,
376 2400 629 2469 majorum
667 2407 998 2465 nostrorum,
1026 2400 1116 2470 qui
1163 2415 1192 2453 a
1235 2399 1420 2455 mundi
1472 2401 1762 2470 primordio

174 2491 316 2548 deos
352 2506 468 2547 suos
504 2491 815 2558 coluerunt,
870 2491 1275 2560 traditionibus,
1325 2494 1763 2551 constantissime

174 2584 552 2640 inhaerendum.

265 2680 325 2733 At
362 2678 407 2732 id
444 2676 701 2733 Minucius
730 2686 913 2734 noster
941 2676 1230 2733 absurdum
1274 2685 1329 2732 et
1375 2687 1519 2734 recte
1564 2677 1762 2733 rationi

174 2786 393 2843 prorsus
442 2771 767 2827 contrarium
825 2786 946 2827 esse
999 2770 1419 2826 luculentissime
1480 2769 1759 2825 ostendit:

180 2880 211 2915 ι
250 2862 366 2918 Nam
404 2864 445 2918 si
491 2863 850 2935 providentia,
902 2863 1092 2933 inquit,
1144 2861 1376 2917 mundus
1427 2862 1666 2932 regitur,
1708 2870 1764 2917 et

170 2957 338 3011 unius
365 2957 446 3012 Dei
476 2966 605 3011 nutu
627 2955 980 3026 gubernatur,
1012 2971 1117 3010 non
1144 2971 1244 3011 nos
1270 2955 1432 3012 debet
1471 2956 1759 3027 antiquitas

174 3050 534 3122 imperitorum
580 3050 789 3106 fabellis
832 3051 944 3105 suis
993 3051 1278 3118 delectata,
1330 3051 1414 3106 vel
1459 3061 1636 3120 eapta,
1691 3050 1759 3106 ad

171 3158 406 3199 errorem
446 3143 613 3198 mutui
651 3158 843 3213 rapere
887 3157 1203 3209 consensus,
1245 3158 1365 3198 cum
1405 3142 1755 3213 philosopho-

178 3249 303 3290 rum
328 3250 529 3290 suorum
570 3206 851 3290 sententiis
880 3206 1494 3305 refellatur,vquibus'et
1532 3206 1758 3290 rationis
1784 3239 1829 3302 C
1984 3223 2035 3305 έν

179 3336 248 3383 et
267 3329 520 3384 vetustatis
558 3328 761 3383 assistit
795 3328 1102 3382 auctoritas.
1143 3346 1162 3380 ι
1197 3325 1422 3395 Duplici,
1467 3327 1540 3381 uti
1584 3327 1753 3393 vides,

180 3421 351 3475 ariete
368 3419 678 3476 venditatam
720 3420 789 3474 ab
818 3418 1061 3475 Etlmicis
1080 3434 1190 3474 suae
1218 3419 1511 3489 religionis,
1538 3427 1594 3472 et
1630 3418 1760 3475 deo.

178 3526 303 3567 rum
345 3513 501 3568 cultus
548 3512 918 3582 antiquitatem
970 3510 1042 3566 ibi
1091 3510 1322 3580 percutit
1365 3524 1429 3565 ac
1471 3510 1753 3567 subvertit.

184 3602 356 3660 Primo
377 3604 505 3661 enim
519 3604 955 3675 philosophorum
992 3602 1326 3667 auctoritate,
1360 3600 1446 3657 cui
1498 3602 1753 3673 refragari

179 3708 340 3751 nemo
377 3696 576 3766 gentilis
620 3695 781 3751 homo
835 3701 1062 3765 poterat,
1112 3691 1447 3748 manifestam
1479 3692 1604 3749 facit
1653 3694 1754 3750 bu-

178 3783 275 3854 jus
291 3789 543 3843 vetustatis
568 3788 876 3844 falsitatem.
906 3787 1082 3857 Atque
1110 3788 1163 3842 in
1199 3786 1419 3856 hujusce
1437 3788 1751 3845 assertiouis

189 3878 619 3937 confirmationem
668 3895 731 3937 ea
785 3896 890 3935 non
943 3896 1129 3950 parum
1177 3881 1416 3948 profecto
1458 3880 1745 3950 iaciebant,

192 3983 307 4040 quae
329 3974 387 4027 ab
414 3973 535 4044 ipso,
562 3982 616 4028 et
648 3988 677 4027 a
717 3972 993 4028 Clemente
1024 3971 1385 4027 Alexandrino
1406 3973 1597 4028 tradita
1624 3988 1750 4044 pro—

199 4061 402 4136 bataque
441 4067 685 4139 vidimus,
734 4067 951 4123 eosdem
999 4067 1207 4122 scilicet
1249 4066 1593 4137 philosophos
1634 4069 1747 4137 ple-

204 4166 348 4224 raque
371 4173 453 4213 sua
489 4158 677 4229 placita
703 4174 771 4214 ex
810 4158 978 4214 sacris
1016 4158 1212 4214 nostris
1239 4156 1550 4227 Scripturis.
1588 4158 1685 4214 sed
1712 4173 1744 4213 a

209 4259 262 4303 se
287 4250 584 4317 postmodum
614 4250 921 4321 depravatis
947 4266 1010 4306 ac
1037 4250 1321 4320 corruptis,
1356 4248 1617 4304 hausisse.

276 4339 444 4399 Deinde
466 4360 586 4401 vero
607 4343 952 4415 quantumvis
981 4343 1196 4414 antiqua
1223 4352 1368 4398 esset
1392 4341 1743 4396 Etlmicorum

226 4430 406 4500 religio,
429 4438 650 4493 nuntium
680 4435 1030 4492 nihilominus
1056 4436 1104 4490 ei
1140 4450 1328 4490 omnes
1357 4434 1479 4488 ideo
1506 4434 1745 4487 remitte-

215 4535 276 4576 re
293 4521 538 4596 debebant;
560 4531 686 4599 quia
713 4538 821 4583 tota
849 4527 1076 4593 fabellis,
1110 4525 1402 4582 mendaciis
1426 4524 1745 4580 absurdissi-

204 4615 320 4682 mis,
360 4623 639 4677 mousersis
679 4620 1043 4689 Opinionibus,
1091 4618 1538 4688 delirantiumque
1569 4616 1742 4672 homi-
1767 4645 1822 4705 Β

194 4720 315 4762 num
338 4714 535 4768 somniis
561 4721 842 4784 compacta
876 4710 992 4766 fuit.
1047 4710 1260 4766 Etenim
1291 4709 1740 4780 quemadmodum

188 4800 492 4872 Ambrosius,
522 4806 664 4863 idem
692 4803 1000 4876 Symmachi
1020 4813 1393 4874 argumentum
1422 4803 1739 4871 refellendo,

185 4895 415 4960 ιιι-ποιῆτε
456 4896 647 4953 docet:
682 4916 702 4949 ‹
744 4896 1038 4952 Erubescat
1081 4905 1351 4960 senectus,
1402 4911 1522 4966 quae
1559 4910 1743 4950 emen-

182 4984 300 5040 dare
324 5002 382 5043 se
400 5004 496 5045 non
521 4999 717 5061 potest.
746 5005 852 5045 non
868 5004 1130 5044 annorum
1154 4988 1376 5044 canities
1402 4998 1485 5044 est
1502 4988 1738 5056 laudata,

179 5078 267 5133 sed
308 5097 521 5147 morum,
575 5084 755 5140 nullus
807 5083 976 5152 pudor
1020 5094 1102 5138 est
1141 5084 1206 5137 acl
1248 5082 1472 5138 meliora
1512 5083 1743 5137 transire

176 5168 413 5237 (Ambros.
446 5177 592 5247 epist.
629 5176 720 5242 l8,
769 5174 797 5247 δ
843 5175 906 5240 7,
944 5192 1065 5245 pag.
1117 5174 1267 5243 8'54).
1318 5174 1477 5231 Plura
1524 5188 1641 5229 eam
1688 5172 1743 5227 in

176 5276 281 5316 rem
309 5264 473 5335 legere
499 5269 717 5338 poteris,
754 5267 896 5337 apud
929 5266 1263 5322 Clementem
1295 5262 1742 5328 Alexandrinum,

175 5354 466 5417 Arnobium.
489 5360 556 5416 de
575 5376 685 5430 quo
707 5374 808 5415 nos
828 5373 926 5414 suo
951 5358 1091 5422 loco,
1109 5369 1163 5413 et
1187 5356 1532 5412 Prudentium
1557 5353 1741 5427 (Clem.

168 5445 309 5505 Ales.
334 5449 534 5507 Cohort.
551 5454 620 5508 ad
636 5464 756 5525 gent
798 5471 917 5527 pag.
937 5453 1031 5519 57;
1057 5452 1250 5506 Arnob.
1277 5450 1365 5505 lib.
1391 5464 1428 5503 ιι
1447 5448 1565 5503 αάυ.
1594 5445 1744 5503 Geni.

163 5556 284 5613 pag.
311 5543 376 5598 90
410 5556 453 5601 et
477 5563 629 5617 seqq;
662 5545 911 5600 Prudent.
943 5546 1029 5600 lt‘b.
1058 5561 1095 5600 il
1123 5546 1177 5599 in
1205 5542 1502 5613 Symmach.
1522 5544 1567 5612 ).

228 5634 300 5689 At
339 5632 716 5691 Tertullianum
744 5637 1153 5706 praetermittere
1179 5652 1285 5690 non
1317 5648 1625 5704 possumus,
1659 5631 1752 5701 qui

138 5728 361 5800 longius
387 5729 561 5786 adhuc
606 5743 943 5798 progressus,
983 5727 1228 5783 ethnicos
1274 5726 1408 5782 scite
1449 5725 1753 5793 acriterque

137 5825 274 5881 ideo
301 5823 544 5894 castigat.
575 5821 720 5892 quod
748 5822 1015 5893 majorum
1036 5837 1257 5880 suorum
1279 5818 1617 5887 traditiones,
1642 5830 1754 5879 ma-

431 5915 716 5980 Punoc.
758 5912 868 5979 ΙΙΙ.

1869 1932 1991 1987 tiles
2021 1932 2164 1989 enim
2182 1932 2495 1999 credebant,
2530 1933 2723 2003 inquit,
2757 1935 2989 1990 exiStere
3014 1935 3249 2006 Scyllam
3292 1936 3477 1990 multi-

1868 2024 2079 2095 plicem,
2125 2024 2433 2080 Chimeram
2494 2025 2901 2093 multiformem,
2948 2026 3187 2098 Hydram
3230 2026 3471 2082 vulneri-

1865 2117 1964 2172 bus
2019 2127 2428 2183 renascentem,
2485 2128 2540 2174 et
2590 2119 2893 2174 Centauros
2943 2134 3112 2188 equos
3167 2119 3476 2176 hominibus

1865 2209 2147 2281 implexos.
2214 2213 2444 2283 Scyllam
2478 2227 2605 2268 vero
2649 2212 2900 2285 Virgilius
2951 2213 3036 2270 his
3080 2213 3328 2271 versibus
3377 2214 3473 2271 de-

1865 2303 2084 2373 scripsit
2110 2322 2125 2360 :

1990 2396 2054 2461 lit
2076 2395 2284 2459 Scyllam
2305 2399 2448 2447 caecis
2473 2397 2676 2448 cohibet
2700 2399 2935 2461 spelunca
2958 2399 3186 2459 latebris,

1992 2458 2091 2508 Ora
2117 2458 2477 2517 exsertantem,
2499 2469 2551 2509 et
2568 2458 2792 2510 naves'in
2811 2475 2928 2512 saxa
2945 2458 3243 2514 trahentem.

1987 2519 2168 2597 ζινίιιιιει⁸
2194 2522 2403 2569 hominis
2425 2520 2595 2580 facies,
2617 2532 2669 2594 et
2692 2524 2898 2595 pulchro
2922 2525 3282 2597 pectorevirgo

1988 2580 2131 2647 Pube
2154 2587 2328 2647 tenus;
2356 2594 2608 2647 postrema
2630 2580 2831 2633 immani
2858 2580 3067 2647 corpore
3092 2580 3284 2647 Pistris,

1986 2642 2285 2706 Delphinum
2310 2642 2489 2694 caudas
2512 2651 2660 2695 utero
2684 2642 3216 2709 commissa'luporum.

2256 2723 2476 2788 (Virgil.,
2502 2724 2537 2773 1.
2558 2739 2608 2775 ιιι
2632 2723 2845 2786 illeid“
2870 2739 2915 2777 υ.
2941 2727 3033 2778 424
3057 2736 3105 2780 el
3126 2732 3289 2794 squ.)

1862 2833 2034 2890 Aliter
2078 2842 2276 2899 tamen,
2318 2832 2413 2887 sed
2445 2847 2552 2886 non
2588 2833 2766 2886 minus
2811 2842 3120 2902 portentosa
3170 2847 3472 2902 reprmsen-

1862 2934 2005 2980 tatur
2041 2924 2109 2979 ab
2136 2924 2391 2989 Homero,
2464 2938 2624 2994 quem
2652 2923 2801 2979 adire
2843 2923 3066 2993 poteris,
3099 2924 3237 2978 sicut
3257 2933 3310 2979 et
3352 2924 3479 2982 Ovi-

1861 3018 2030 3086 dium,
2064 3018 2382 3085 Ausouium,
2410 3016 2652 3072 Natalem
2678 3016 2940 3073 Comitem
2982 3027 3035 3072 et
3059 3016 3308 3073 Vossium
3334 3018 3477 3090 (Ho-

1861 3132 2012 3182 mer.,
2043 3114 2230 3186 Odyss.
2261 3114 2348 3168 lib.
2382 3129 2487 3179 xu,
2522 3130 2643 3183 pag.
2679 3112 2783 3166 172
2805 3128 2819 3178 ;
2840 3111 2990 3167 Ovid.
3012 3153 3026 3177 ,
3060 3112 3467 3184 Metamorphoa.

2056 3248 2072 3275 ,
2121 3207 2226 3276 fab.
2261 3208 2286 3260 1
2321 3221 2337 3271 ;
2367 3206 2584 3273 Ausum,
2618 3203 2815 3275 ldyl.4
2838 3222 2853 3269 ;
2880 3203 3003 3258 Nat.
3040 3204 3207 3269 Com.,
3239 3205 3329 3262 lib.
3376 3223 3468 3262 vut

1864 3300 2178 3371 Mytholog.,
2221 3316 2336 3368 cap.
2388 3298 2489 3363 l2;
2529 3296 2700 3363 Voss.,
2730 3297 2817 3352 lib.
2844 3313 2896 3352 ιν
2924 3299 2987 3351 de
3019 3296 3164 3370 Orig.
3211 3308 3260 3353 et
3292 3296 3467 3371 progr.

1859 3394 1987 3449 idol.
2016 3410 2133 3464 cap.
2163 3392 2263 3459 l7,
2293 3408 2414 3463 pag.
2449 3388 2563 3463 54).
2607 3389 2926 3446 Chimaeram
2961 3406 3088 3445 vero
3110 3391 3471 3461 depinxerunt

1860 3486 2003 3542 idem
2050 3486 2337 3548 Homerus,
2396 3483 2682 3549 Hesiodus,
2733 3482 3039 3548 Lucretius,
3093 3484 3333 3551 Ovidius,
3374 3487 3468 3556 qui

1860 3582 1958 3638 tibi
1979 3583 2023 3637 si
2046 3595 2152 3636 non
2174 3578 2461 3641 sufficiant,
2490 3578 2640 3633 adire
2662 3586 2917 3647 praeterea
2941 3578 3139 3648 poteris
3160 3577 3460 3649 Virgilium,

1857 3691 1920 3731 ac
1962 3673 2203 3730 Natalem
2250 3671 2517 3728 Comitem
2564 3670 2817 3745 (Homer.
2863 3670 3025 3726 Iliad.
3067 3687 3136 3737 vr,
3164 3689 3283 3743 pag.
3330 3672 3459 3740 l06;

1856 3766 2071 3822 Hesiod.
2125 3765 2413 3838 Tlieogon.,
2443 3781 2564 3837 pag.
2588 3762 2697 3819 669
2723 3779 2738 3830 ;
2766 3761 2970 3818 Lucret.
3013 3764 3104 3818 lib.
3132 3779 3184 3831 v,
3217 3781 3337 3835 pag.
3365 3765 3457 3831 57;

1856 3860 2006 3915 Ovid.
2041 3859 2128 3915 lib.
2152 3876 2205 3915 ix
2240 3858 2570 3927 Metamorp.,
2604 3855 2633 3928 ς
2669 3856 2723 3910 ll
2756 3871 2773 3921 ;
2811 3855 2977 3927 Virg.,
3012 3856 3100 3911 lib.
3127 3871 3180 3910 tv
3209 3854 3454 3924 £neid.,

1848 3952 1940 4018 28;
1970 3953 2148 4007 Natal.
2180 3950 2349 4017 Com.,
2378 3950 2466 4004 lib.
2493 3965 2546 4003 ix
2574 3947 2731 4019 Myt.,
2750 3963 2866 4017 cap.
2891 3946 2967 4017 4).

1919 4045 2096 4099 Variae
2161 4051 2337 4098 autem
2404 4040 2621 4096 fuerunt
2679 4037 2748 4094 de
2802 4036 3082 4093 Centauris
3142 4037 3449 4110 Opiniones,

1846 4154 1981 4210 quas
2018 4137 2104 4192 his
2133 4134 2312 4191 verbis
2348 4131 2513 4187 refert
2540 4129 2803 4185 Diodorus
2831 4129 3082 4185 Siculus:
3123 4147 3142 4181 ‹
3177 4129 3324 4185 Ixion
3352 4131 3449 4187 Ju-

1848 4230 2007 4285 nonis
2052 4243 2236 4282 amore
2279 4226 2548 4289 incensus,
2589 4220 2658 4276 de
2702 4229 2891 4286 stupro
2928 4220 3084 4275 deam
3123 4222 3455 4290 Compellare

1848 4339 1954 4378 non
1981 4318 2259 4376 dubitavit.
2299 4314 2505 4383 Jupiter
2533 4321 2743 4383 ergone
2763 4322 2848 4380 μιν
2877 4316 2958 4367 διὰ
2998 4317 3160 4367 male»
3185 4330 3453 4378 πριῄσοιντκ

1842 4433 1931 4479 τῆς
1961 4406 2087 4485 ﬁgit;
2114 4420 2299 4482 νεφέλην
2339 4411 2694 4473 Quorsus-17MB
2724 4415 2803 4460 τὸν
2834 4410 2882 4459 δὲ
2910 4396 3064 4471 Ῐξίονα.
3090 4421 3146 4479 τῇ
3175 4416 3335 4480 veg;th
3364 4434 3452 4477 μι-

1841 4518 1982 4582 γέντα,
2006 4522 2197 4573 gavisam
2223 4511 2331 4562 Tabe
2352 4502 2723 4567 ὄνομ-ιξομίνους
2755 4504 3045 4568 Κενταῦρσυς
3074 4504 3446 4569 ἀνθρωποφυεῖς,

1849 4605 2005 4661 nubis
2030 4610 2299 4670 spectrmn
2338 4595 2567 4652 lunonis
2612 4595 2730 4649 loco
2783 4593 2831 4649 ei
2879 4593 3129 4663 subjecit,
3170 4610 3273 4665 quo
3318 4595 3450 4651 inito

1848 4696 2148 4751 Centauros
2199 4705 2266 4746 ex
2339 4696 2489 4758 parte
2541 4684 2789 4741 homines
2841 4686 3283 4756 procreavit......
3341 4686 3451 4743 Alii

1850 4789 2147 4844 Centauros
2192 4781 2480 4853 perhibent
2529 4779 2581 4833 in
2613 4777 2763 4833 Pelio
2787 4793 2817 4832 a
2864 4778 3124 4850 Nymphis
3162 4780 3447 4847 educatos,

1852 4878 2031 4936 adulta
2072 4884 2197 4949 post
2226 4882 2383 4929 {state
2412 4888 2480 4927 ex
2506 4886 2763 4940 equarum
2814 4870 3059 4925 inseensu
3090 4871 3317 4926 biforme
3356 4871 3452 4926 lli-

1853 4980 2331 5043 pocentaurorum.
2367 4972 2423 5018 ut
2448 4972 2661 5023 vocant,
2689 4976 2858 5032 genus
2879 4962 3293 5031 proseminasse.
3321 4963 3451 5028 Qui-

1845 5063 1968 5120 dam
1988 5063 2255 5117 aflirmaut
2277 5054 2518 5125 Nephele
2539 5063 2593 5109 et
2615 5053 2797 5107 Ixione
2820 5063 3108 5123 prognatos
3130 5054 3450 5119 Centauros,

1846 5159 1986 5231 quod
2003 5156 2267 5228 principes
2283 5148 2554 5220 equitandi
2577 5145 2811 5201 studium
2828 5147 3063 5215 aggressi
3090 5145 3307 5214 fuerint,
3329 5148 3455 5204 inde

1848 5268 2044 5310 nomen
2064 5252 2601 5319 liippoceulanrorum
2626 5238 2890 5301 retulisse,
2914 5249 2966 5293 et
2985 5238 3108 5292 inde
3138 5239 3450 5310 figmentum

1850 5346 1918 5402 de
1937 5343 2130 5417 duplici
2158 5347 2346 5395 natura
2375 5335 2427 5390 in
2459 5330 2689 5386 fabulam
2710 5330 2908 5384 abiisse
2944 5349 2963 5381 ›
2986 5328 3229 5400 (Diodor.
3259 5330 3449 5400 Sicul.,

1855 5438 1944 5493 lib.
1969 5453 2019 5492 tv
2048 5432 2291 5489 Biblioth.
2314 5445 2434 5501 pag.
2454 5423 2575 5482 189.
2596 5421 2765 5487 Idem,
2797 5439 2915 5492 pag.
2965 5422 3114 5493 155).
3140 5423 3296 5478 Prius
3327 5440 3457 5479 vero

1853 5537 2168 5587 narraverat
2222 5524 2494 5594 quomodo
2556 5516 2815 5574 Hercules
2868 5513 3088 5568 eosdem
3156 5512 3460 5572 Centauros

1855 5635 2047 5698 quarto
2095 5620 2387 5676 certamine
2432 5613 2729 5670 debellasse
2794 5607 3157 5679 perhibeatur.
3222 5607 3458 5663 Primam

1857 5697 2036 5775 autem
2063 5730 2130 5769 ex
2160 5712 2243 5766 his
2271 5706 2611 5780 Opinionibus
2654 5710 2802 5758 notat
2832 5698 2971 5769 apud
2992 5697 3305 5755 Ciceronem
3335 5698 3464 5755 Cor-

1861 5821 1933 5879 ta,
1981 5807 2072 5865 ubi
2099 5805 2215 5862 ait:
2255 5820 2274 5854 ι
2309 5800 2426 5860 Una
2453 5800 2613 5859 etiam
2647 5795 2816 5851 nubes
2852 5792 3150 5849 Centauros
3193 5794 3467 5864 peperisse

2817 5885 2894 5955 18
