3824 6282
359 319 469 380 B55

1719 304 1808 362 DE
1845 299 2106 364 MINUCII
2141 298 2446 361 OCTAVIO

3483 308 3584 370 558

360 438 557 496 dicitur
591 455 611 490 ι
665 434 838 507 (σία,
866 431 958 487 lib.
986 430 1044 485 ιιι
1081 430 1145 483 de
1189 426 1380 481 Natur.
1436 427 1602 489 deor.,
1642 420 1764 494 pag.
1794 420 1947 493 247).

2075 426 2086 478 ι
2114 433 2160 477 et
2189 424 2280 489 15,
2311 438 2430 492 pag.
2459 420 2533 477 45
2559 426 2605 476 et
2645 419 2717 477 80
2748 418 2789 492 ).
2841 419 3052 477 Rursus
3077 427 3250 478 autem
3277 419 3370 477 alio
3393 423 3440 479 iu
3459 424 3590 483 libro

434 528 720 585 Eusebiaui
750 539 878 578 vero
904 522 1149 578 Chronici
1175 530 1360 574 auctor
1389 537 1405 572 :
1438 535 1457 568 ι
1492 515 1723 579 Bellum,
1752 514 1945 583 inquit,

2053 516 2167 572 bzec
2215 531 2246 571 a
2283 516 2559 571 Lactantio
2594 514 2769 569 adhuc
2814 514 3104 586 descripta,
3149 514 3284 570 illius
3315 516 3455 571 verba
3474 519 3594 590 legi.

358 620 703 690 Lapitharmn
731 626 781 669 et
806 613 1191 670 Centaurorqu
1231 609 1332 665 sub
1362 607 1462 662 hoc
1493 616 1768 674 tempore;
1806 602 1950 673 quod
2053 622 2173 663 mus
2203 625 2216 662 :
2253 625 2275 660 t
2328 607 2387 662 In
2427 608 2699 678 plerisque
2737 606 3047 663 civitatibus
3077 607 3297 678 intelligi
3328 616 3480 677 potest
3509 625 3599 667 an.

359 710 545 767 scribit
582 707 917 776 Palaephatus
973 703 1111 759 libro
1166 701 1237 757 de
1277 696 1682 755 lneredibilibus
1742 693 1952 749 nobiles
2055 700 2243 767 gendae
2282 700 2494 755 virtutis
2519 700 2708 770 gratia,
2735 714 2846 770 quo
2871 699 3122 755 libentius
3148 697 3442 768 reipublica:
3464 715 3601 758 causa

356 800 523 856 fuisse
549 797 757 868 equites
782 794 1163 851 Thessalorum
1200 810 1219 846 ι
1260 789 1469 863 (Euseb.
1515 787 1696 841 chron.
1731 785 1800 839 ad
1826 801 1949 840 ann.

359 892 509 964 772).
539 890 778 960 Scaliger
807 887 1056 943 tamenin
1084 882 1275 941 suisad
1290 882 1405 938 haec
1425 880 1587 936 verba
1617 877 1955 935 animadver-

358 984 600 1041 sionibus
627 983 776 1037 illum
811 982 980 1038 libere
1017 979 1377 1048 audacterque
1414 975 1657 1045 castigat,
1685 972 1826 1043 quod
1856 972 1956 1027 Pa-

356 1080 646 1150 ltepbatum
665 1078 720 1133 in
736 1074 1007 1146 opinionis
1020 1074 1178 1145 hujus
1191 1068 1656 1126 conﬁrmationem
1687 1065 1953 1132 citaverit,

356 1191 389 1229 a
451 1188 556 1243 qua
613 1172 772 1241 longe
833 1168 1125 1236 discrepat.
1157 1164 1259 1219 Alii
1286 1160 1633 1218 nihilominus
1676 1157 1821 1212 illam
1846 1170 1955 1215 non

356 1265 532 1320 solum
560 1259 852 1331 Palaephati
907 1267 1226 1313 auctoritate
1275 1255 1508 1324 probare
1542 1262 1827 1318 conantur,
1859 1248 1958 1306 sed

358 1356 576 1411 Tzerza:
624 1355 808 1418 etiam,
864 1359 920 1408 et
982 1349 1183 1415 Orosii,
1241 1348 1333 1417 qui
1377 1347 1597 1415 insuper
1644 1344 1729 1401 his
1762 1343 1961 1413 adjecit

357 1446 614 1516 Lapithas
643 1460 673 1499 a
726 1441 1000 1499 Thessalis
1037 1441 1208 1495 dictos
1254 1438 1417 1494 fuisse
1467 1437 1788 1504 Centauros,
1833 1432 1960 1504 quia

358 1558 429 1598 ex
456 1541 611 1611 equis
656 1545 976 1609 pugnantes,
1011 1551 1170 1591 unum
1204 1549 1325 1590 cum
1375 1535 1455 1589 eis
1504 1550 1704 1605 corpus
1745 1520 1960 1587 efficere

356 1633 668 1689 viderentur
723 1629 920 1704 (Tacts.
974 1630 1095 1683 hist.
1149 1627 1305 1683 Chili.
1350 1643 1441 1690 vn,
1477 1644 1592 1697 cap.
1632 1626 1743 1691 99;
1780 1626 1958 1690 ορεστ..

354 1726 448 1781 lib.
479 1741 531 1788 ι,
564 1741 681 1795 cap.
707 1722 821 1792 15).
852 1721 1032 1778 Adisis
1075 1719 1347 1784 Ovidium,
1378 1717 1623 1773 Natalem
1668 1716 1956 1784 Comitem,

2056 791 2353 863 periculum
2393 791 2566 847 adiret
2599 791 2834 860 optimus
2875 792 3120 862 quisque,
3159 791 3388 845 virorum
3423 792 3605 851 fortium

2059 889 2373 941 memoriam
2415 885 2620 940 honore
2662 883 2890 940 deorum
2937 882 3322 939 immortalium
3364 897 3607 940 consecra-

2062 988 2168 1033 tam
2208 997 2227 1029 ι
2254 974 2419 1050 (Cic.,
2450 976 2539 1031 lib.
2567 993 2623 1031 ιιι
2652 978 2715 1030 de
2744 974 2935 1030 Natur.
2969 977 3136 1042 deam,
3171 992 3293 1051 pag.
3317 975 3439 1044 ΞΠ,
3465 976 3545 1030 lin.
3564 976 3608 1043 8;

2061 1069 2297 1124 Lactant.
2332 1070 2432 1125 loc.
2459 1070 2545 1125 cit.
2570 1068 2619 1142 ).
2658 1068 2877 1125 Poterat
2903 1078 3051 1124 certe
3080 1067 3388 1124 Lactantius
3434 1069 3611 1124 tertium

2063 1162 2304 1233 proferre
2324 1160 2602 1217 Ciceronis
2626 1161 2826 1228 locum,
2854 1160 2944 1216 ubi
2966 1175 3071 1216 non
3103 1160 3283 1215 minus
3307 1158 3466 1226 clare,
3488 1175 3614 1230 quam

2062 1258 2116 1312 iu
2147 1255 2513 1327 superioribus
2562 1255 2837 1325 loquitur:
2875 1272 2895 1306 ι
2930 1252 3143 1320 Fortes,
3190 1252 3384 1323 inquit,
3422 1263 3505 1307 aut
3532 1252 3618 1307 ela-

2062 1368 2173 1418 ros,
2205 1360 2302 1407 aut
2326 1358 2572 1421 petentes
2615 1351 2759 1405 viros
2798 1347 3014 1404 tradunt
3040 1357 3159 1419 post
3183 1354 3411 1402 mortem
3435 1344 3497 1400 ad
3516 1346 3617 1404 deos

2064 1444 2394 1515 pervenisse,
2418 1457 2620 1513 eosque
2644 1456 2771 1498 esse
2808 1441 2976 1512 ipsos,
3005 1454 3142 1511 quos
3170 1453 3273 1494 nos
3300 1438 3495 1505 colere,
3526 1453 3619 1509 prs-

2063 1538 2197 1603 cari,
2227 1536 2474 1591 venerari
2501 1533 2811 1591 soleamus?
2836 1553 2857 1587 ι
2874 1532 3022 1606 (ϐία,
3044 1530 3136 1587 lib.
3169 1548 3187 1586 ι
3217 1532 3281 1586 de
3303 1530 3488 1587 Nam.
3509 1532 3621 1587 dear.

2065 1648 2187 1702 pag.
2217 1628 2478 1695 212,1in.
2505 1627 2594 1683 34.
2620 1624 2643 1700 )
2696 1627 2977 1696 Perpende
3009 1636 3211 1689 autem,
3242 1638 3450 1695 qua-so,
3481 1632 3625 1679 utrum

2065 1722 2326 1778 Minucius
2355 1721 2422 1776 ad
2470 1722 2585 1777 haec
2619 1720 2956 1791 potissimum
2997 1716 3279 1773 Ciceronis
3309 1717 3466 1773 verba
3505 1716 3627 1772 calli-

357 1828 414 1876 et
444 1819 694 1874 Vossiutn
720 1815 898 1884 (Ovid.
931 1814 1021 1869 lib.
1054 1828 1130 1868 xu
1162 1811 1469 1879 Hetamorp.
1503 1810 1609 1880 fab.
1644 1809 1715 1876 4;
1745 1807 1958 1876 Comes,
1988 1795 2039 1857 B
2067 1814 2327 1871 neaverit.
2844 1822 2851 1830 ‘

357 1913 449 1967 lib.
484 1926 561 1967 vn
592 1910 814 1981 Hythol.
844 1925 961 1978 cap.
984 1907 1044 1971 ις
1081 1905 1250 1971 Voss.,
1281 1904 1410 1959 lib.t
1440 1902 1503 1957 tle
1538 1903 1685 1973 Orig.
1711 1911 1757 1956 et
1781 1917 1957 1972 progr.

355 2003 538 2059 idolol.
570 2020 686 2071 cap.
722 2003 822 2068 15,
859 2017 979 2072 paq.
1010 1998 1128 2070 62).

427 2098 592 2154 Addit
631 2096 865 2162 denique
906 2092 1167 2148 Minucius
1213 2090 1281 2145 ab
1305 2088 1552 2144 Ethnicis
1571 2088 1849 2143 decantari
1891 2102 1960 2142 ex

354 2192 660 2249 hominibus
709 2203 870 2255 aves,
917 2186 1111 2251 flores,
1160 2185 1406 2249 arbores,
1438 2199 1505 2238 ex
1549 2181 1653 2236 alia
1695 2179 1959 2251 ejusmodi

352 2286 492 2342 facta
522 2284 710 2338 fuisse.
775 2284 908 2348 Quae
945 2278 1160 2349 quidem
1193 2279 1244 2332 in
1275 2274 1453 2331 Ovidii
1484 2275 1636 2329 libris
1666 2274 1953 2329 Metamor-

352 2385 598 2457 pltoseon
640 2380 837 2451 passim
881 2389 1168 2431 occanere
1198 2372 1374 2428 nullus
1419 2372 1649 2441 ignorat.
1716 2371 1786 2422 At
1838 2368 1954 2422 lucc

352 2478 533 2534 omnia
558 2474 938 2546 Hieronymus,
980 2470 1067 2524 ubi
1097 2467 1163 2525 de
1190 2464 1685 2522 Nabuchodonosor
1711 2461 1950 2526 disserit,

350 2571 539 2641 paucis
564 2566 745 2623 verbis
770 2548 1148 2635 complectitur
1178 2578 1192 2614 :
1228 2577 1249 2611 ι
1286 2558 1472 2624 Multo,
1506 2557 1696 2627 inquit,
1723 2553 1955 2609 incredi-

355 2664 567 2729 biliura,
600 2669 653 2715 et
678 2657 899 2724 Grzecae,
929 2664 985 2710 et
1014 2654 1269 2709 Romana:
1299 2651 1538 2706 historice
1568 2647 1831 2703 accidisse
1854 2645 1955 2699 ho-

352 2753 586 2809 minibus
627 2749 1020 2823 prodiderunt:
1052 2746 1285 2817 Scyllam
1326 2758 1560 2815 quoque,
1611 2750 1665 2796 et
1718 2739 1956 2794 Chimae-

351 2861 487 2910 ram,
516 2843 773 2916 Hydram,
812 2850 974 2912 atque
1000 2840 1319 2903 Centauros,
1362 2849 1491 2890 aves
1520 2842 1573 2888 et
1601 2831 1762 2897 feras,
1794 2828 1958 2884 flores

351 2948 407 2997 et
459 2940 710 3002 arbores,
762 2937 948 2992 stellas
1000 2932 1276 3005 etlapides
1320 2931 1489 2986 factos
1539 2944 1604 2983 ex
1643 2926 1958 2982 hominibus

356 3040 576 3088 narrant
616 3030 809 3086 fabula:
845 3047 864 3081 ι
904 3025 1257 3100 (Hieronym.,
1290 3024 1343 3077 in
1373 3038 1490 3091 cap.
1513 3036 1568 3075 tv
1599 3019 1801 3074 Daniel.
1819 3016 1959 3089 v.1).

427 3127 590 3183 Vides
630 3127 809 3194 itaque
834 3137 991 3194 quam
1018 3121 1138 3190 jure
1182 3117 1375 3172 merito
1428 3114 1705 3177 Minucius,
1762 3128 1831 3169 ex
1875 3112 1959 3165 his

2136 1907 2325 1963 Tacuit
2377 1903 2594 1976 quidem
2647 1904 2845 1960 latinus
2889 1906 2994 1958 iste
3045 1901 3264 1967 Orator,
3309 1899 3455 1972 quod
3499 1899 3631 1957 fuerit

2063 2000 2305 2075 perversi
2349 1999 2571 2070 hujusce
2619 1999 2790 2054 moris
2818 1997 3072 2051 initium:
3104 1995 3199 2051 sed
3242 1994 3449 2050 Plinius
3482 2005 3633 2050 retus-

2067 2096 2332 2149 tissimum
2357 2107 2478 2148 esse
2500 2092 2775 2147 declarat:
2811 2108 2832 2141 ι
2867 2089 2966 2144 llic
2992 2096 3079 2144 est
3103 2088 3497 2144 vetustissimus
3517 2085 3633 2142 rde-

2064 2185 2217 2241 reudi
2249 2185 2389 2241 bene
2422 2183 2750 2239 merentibus
2772 2181 2998 2254 gratiam
3025 2193 3167 2244 mos,
3190 2188 3249 2234 ut
3274 2179 3415 2234 tales
3438 2178 3633 2233 utamini-

2059 2279 2161 2334 bus
2181 2276 2534 2333 adscribam?
2564 2293 2585 2327 ι
2631 2274 2827 2346 (Plin.,
2859 2274 2948 2328 lib.
3005 2288 3045 2327 Il
3071 2270 3267 2326 Natar.
3324 2270 3497 2336 Ηὶαη
3535 2284 3628 2340 up.

2062 2373 2127 2436 7,
2159 2389 2280 2444 pag.
2315 2367 2468 2441 144.)
2516 2368 2711 2424 Verum
2786 2365 3179 2439 quantumlibet
3228 2363 3633 2435 antiquusfuerit

2061 2465 2155 2520 ille
2177 2478 2315 2531 mos,
2348 2478 2455 2517 non
2485 2462 2540 2514 in
2580 2460 2744 2529 ipsius
2775 2469 2955 2514 tamen
3001 2457 3210 2522 mundi,
3242 2457 3319 2512 uti
3348 2456 3518 2512 aiebat
3540 2456 3632 2509 Ca-

2062 2558 2235 2621 cilius,
2263 2554 2520 2609 natalibus
2554 2561 2703 2607 ortus
2734 2560 2838 2607 est.
2904 2549 3057 2604 Tunc
3082 2549 3226 2603 enim
3251 2547 3527 2603 dumtaxat
3544 2559 3633 2601 etn-

2064 2648 2163 2717 pit,
2218 2657 2275 2701 ut
2297 2654 2445 2701 recte
2473 2644 2647 2715 arguit
2665 2641 2942 2706 Octavius,
2972 2638 3190 2710 quando
3219 2656 3241 2691 s
3275 2653 3495 2709 quaeque
3519 2636 3633 2691 natio

2062 2740 2399 2794 conditorem
2431 2752 2609 2800 suum,
2643 2744 2734 2789 aut
2755 2734 2948 2790 ducem
2977 2731 3264 2802 inclytum,
3308 2738 3401 2785 aut
3426 2729 3634 2798 reginam

2064 2833 2337 2904 pudicam,
2377 2845 2518 2886 sexu
2565 2844 2665 2884 suo
2690 2826 2989 2891 fortiorem,
3043 2832 3137 2880 aut
3175 2821 3405 2894 alicujus
3427 2814 3637 2877 muneris

2065 2926 2150 2981 vel
2176 2924 2312 2980 artis
2340 2933 2673 2992 repertorem
2697 2918 3072 2975 venerabatur.
3108 2934 3130 2969 ι

2137 3018 2247 3074 Fac
2270 3028 2475 3083 tamen,
2500 3017 2546 3072 si
2574 3016 2731 3081 velis,
2756 3013 2909 3068 illum
2930 3010 3156 3077 mundo,
3184 3006 3334 3081 quod
3362 3007 3474 3064 fieri
3493 3003 3639 3062 neuti-

2068 3129 2230 3186 quam
2258 3121 2431 3183 potest
2462 3110 2629 3166 fuisse
2653 3122 2916 3172 eomvum,
2945 3118 3236 3174 numquam
3266 3101 3396 3158 inde
3419 3099 3640 3157 conﬁcies

444 3167 590 3183 nu..-
634 3167 809 3194 ..ι-..νυ
835 3167 1137 3194 ηιμ-..νη
1548 3167 1599 3169 ν-
1693 3167 1705 3177 .
1776 3167 1782 3169 .
2074 3167 2211 3186 γη
2259 3167 2275 3183 ,
2903 3167 2912 3172 ,
3094 3167 3109 3174 ,

356 3228 410 3275 et
446 3219 565 3274 aliis
589 3216 850 3289 pluribus,
883 3212 1021 3267 infra
1048 3206 1418 3270 recensendis,
1447 3203 1734 3260 concludat
1762 3203 1953 3258 falsum
1985 3167 2032 3230 Ο
2068 3208 2168 3262 hos
2195 3219 2317 3261 esse
2361 3216 2522 3258 veros
2564 3200 2725 3267 Deos,
2755 3198 2846 3270 qui
2879 3211 2977 3252 nec
3022 3194 3212 3251 :eterni
3241 3203 3393 3259 sunt,
3424 3205 3516 3248 nec
3551 3190 3640 3245 iat-

356 3313 577 3368 omnino
605 3323 726 3365 esse
752 3306 1047 3368 Czecilium,
1079 3302 1321 3371 aliosque
1346 3312 1537 3356 omnes
1566 3312 1748 3353 errare
1768 3296 1960 3351 Ethni-

358 3418 474 3469 cos,
504 3403 592 3471 qui
634 3399 898 3454 doct-bant
942 3395 1227 3462 unicuique
1253 3393 1419 3447 satius
1449 3406 1571 3446 esse
1611 3390 1759 3460 sequi
1793 3389 1960 3459 majo-

356 3510 476 3551 rum
507 3501 814 3548 nostrorum
855 3489 921 3545 de
965 3487 1067 3543 diis
1111 3502 1175 3543 ac
1223 3486 1479 3556 religione
1509 3483 1847 3550 traditiones,
1907 3491 1962 3538 et

359 3589 490 3644 deos
509 3586 578 3641 ab
607 3584 708 3639 illis
725 3584 931 3651 agnitos
953 3581 1123 3651 magis
1154 3577 1441 3644 timendos,
1465 3591 1624 3647 quam
1648 3574 1963 3630 familiarius

365 3694 548 3742 nosse,
581 3686 738 3748 atque
762 3674 830 3731 de
858 3674 963 3730 illis
992 3672 1133 3729 ferre
1162 3670 1508 3727 sententiam.

972 3781 1200 3841 CAPUT
1238 3780 1356 3849 XV.

379 3919 774 3966 EXPENDUNTUR
835 3912 1156 3959 ARGUIENTA
1203 3910 1392 3962 QUIBUS
1430 3907 1680 3951 ιιΝυαιυε
1717 3907 1973 3953 OSTENDIT

727 4007 920 4050 FALSOS
959 4006 1087 4048 ESSE
1125 4002 1418 4046 GENTILlUI
1457 4000 1612 4043 DEOS.

906 4118 1201 4162 sanemus
1227 4116 1440 4158 HUIUS.

375 4230 488 4301 Qua
526 4223 808 4283 insulsitate
829 4219 1053 4278 Gentiles
1079 4215 1425 4290 prwdicabant
1453 4212 1680 4268 homines
1709 4211 1772 4266 ob
1800 4211 1978 4266 merita

442 4322 658 4386 virtutis,
695 4316 774 4373 vel
808 4314 1051 4384 beneﬁcia
1094 4312 1211 4367 aliis
1256 4308 1544 4365 hominibus
1576 4304 1766 4360 collata
1812 4309 1978 4375 {actos

448 4416 609 4487 fuisse
635 4412 776 4466 deos.

2066 3297 2343 3361 mortales,
2398 3293 2599 3365 quique
2639 3292 2708 3347 ab
2744 3289 3052 3346 hominibus
3090 3288 3234 3342 sicut
3274 3287 3461 3349 vitam,
3489 3284 3551 3339 ita
3584 3290 3632 3336 et

2069 3390 2313 3445 lictitiam
2341 3386 2675 3442 divinitatem
2717 3389 3041 3452 acceperunt
3070 3398 3084 3434 :
3115 3379 3202 3435 vel
3242 3380 3457 3449 quibus,
3478 3385 3533 3431 ut
3572 3373 3640 3429 ait

2069 3483 2343 3547 Octavius,
2387 3479 2638 3535 divinitas
2663 3475 2781 3542 fuit,
2820 3493 2841 3527 ι
2874 3473 3138 3529 defunctis
3168 3473 3469 3543 praemium,
3497 3477 3545 3524 et
3568 3465 3640 3522 fu-

2070 3576 2206 3631 turis
2222 3574 2450 3629 dabatur
2476 3569 2805 3641 exemplum.
2839 3586 2860 3621 ι
2919 3566 3093 3622 Variis
3133 3574 3318 3621 sum
3344 3558 3642 3635 argumentis

2074 3665 2225 3733 illud,
2273 3660 2725 3734 quemadmodum
2774 3658 3124 3724 Athanasius,
3178 3664 3237 3712 et
3279 3654 3641 3715 Theodoram.

2076 3756 2306 3826 probare
2330 3761 2540 3824 poterat
2573 3752 2872 3823 (Athonem,
2906 3748 3054 3804 Orat.
3075 3756 3214 3803 cont.
3238 3758 3520 3819 μεθίημι.
3550 3741 3640 3815 18,

2076 3860 2202 3905 teut.
2236 3865 2292 3915 ι;
2324 3846 2657 3913 Theodoret.,
2682 3855 2805 3899 tom.
2846 3859 2920 3899 tv.
2954 3858 3107 3898 serat.
3142 3843 3201 3907 5,
3232 3842 3300 3896 de
3321 3838 3633 3909 Auget.,pag-

2077 3942 2208 4012 510)
2232 3959 2248 3996 :
2274 3939 2368 3996 sed
2392 3938 2561 3993 satius
2585 3937 2738 3993 duxit
2762 3934 3061 4002 Caecilium,
3099 3935 3341 4005 aliosque
3356 3923 3642 4002 gentilesad

2078 4034 2442 4102 nosmetipsos
2473 4020 2761 4103 scriptores
2782 4029 3030 4085 mittere:
3069 4046 3090 4080 ι
3123 4025 3293 4099 Lege,
3319 4025 3495 4095 inquit,
3518 4019 3646 4075 Stoi-

2084 4142 2271 4183 corum
2296 4126 2512 4196 scripta,
2540 4124 2628 4179 vel
2654 4123 2853 4193 scripta
2873 4121 3219 4191 sapientium,
3250 4121 3438 4176 eadem
3460 4126 3643 4172 mecum

2085 4234 2462 4291 recognosces,
2502 4237 2521 4270 ι
2546 4218 2620 4274 ob
2647 4218 2861 4272 virtutis
2879 4232 2943 4271 ac
2962 4214 3317 4281 fortitudinis,
3341 4213 3425 4270 vel
3443 4208 3641 4268 moueri

2084 4314 2200 4368 sive
2232 4311 2614 4367 beneficiorum
2650 4327 2669 4359 ι
2705 4310 2917 4375 merita,
2951 4307 3084 4362 deos
3108 4306 3345 4362 habitos.
3373 4323 3397 4358 ι
3433 4297 3640 4372 δαὶςυί-

2086 4406 2209 4461 dam
2249 4406 2587 4473 suspicantur
2638 4402 2712 4458 ibi
2748 4416 2849 4472 pro
2898 4398 3200 4455 Stoicorum
3254 4396 3527 4470 legendum
3571 4405 3644 4446 es-

440 4526 587 4584 Falsi
619 4524 842 4581 deorum
870 4519 1044 4575 cultus
1070 4514 1191 4568 fons
1229 4511 1486 4582 origoque
1514 4508 1735 4563 uberior
1754 4504 1858 4560 fuit
1884 4505 1966 4559 in-
1998 4512 2055 4574 Ῑ)
2086 4514 2147 4553 se
2187 4496 2545 4550 historicorum
2591 4494 2731 4549 haud
2784 4492 2965 4557 dubie,
3014 4492 3141 4563 quia
3184 4490 3291 4548 hac
3331 4503 3514 4546 nomen
3548 4498 3649 4540 uta-

381 4637 511 4680 sana
539 4617 891 4674 Etlmicorum
918 4607 1215 4682 persuasio,
1246 4620 1348 4674 qua
1381 4616 1486 4657 non
1515 4601 1686 4655 solum
1718 4598 1979 4669 praedica—

376 4717 530 4780 bant,
560 4710 654 4768 sed
682 4712 845 4767 etiam
866 4703 1233 4778 gloriabantur
1260 4699 1391 4753 deos
1419 4711 1546 4753 suos
1569 4694 1734 4749 fuisse
1755 4692 1975 4764 quidem

375 4811 643 4873 homines,
670 4802 881 4875 sed-qui
910 4805 1126 4872 propter
1152 4793 1343 4850 collata
1374 4791 1490 4845 aliis
1526 4788 1833 4845 hominibus
1878 4787 1975 4842 bc-

380 4905 594 4971 nelit-ia,
655 4899 972 4972 egregiaque
1018 4892 1282 4954 facinora,
1342 4884 1621 4956 praemium
1658 4879 1977 4936 ‘tlivinitatis

381 4996 653 5057 consecuti
688 4992 931 5054 fuerant,
987 4986 1099 5041 sive
1141 4996 1256 5047 eos,
1307 4986 1366 5033 ut
1411 4977 1487 5031 ait
1526 4975 1807 5037 Minucius,
1856 4991 1875 5023 α
1910 4972 1980 5027 ob

379 5094 570 5149 merita
618 5085 852 5147 virtutis,
900 5088 991 5135 aut
1029 5074 1265 5131 muneris
1306 5071 1437 5126 deos
1480 5068 1711 5123 habitos.
1752 5086 1770 5119 ι
1802 5065 1979 5121 Testis

384 5183 607 5253 hujusce
632 5178 856 5232 deorum
879 5169 1116 5241 originis,
1147 5165 1291 5221 omni
1319 5163 1634 5233 exceptione
1662 5160 1851 5226 major,
1886 5170 1983 5211 no-

381 5250 471 5329 bis
495 5282 578 5329 est
600 5270 810 5333 Cicero,
842 5265 930 5336 qui
960 5261 1087 5317 illud
1116 5259 1202 5314 his
1246 5255 1448 5320 verbis,
1483 5270 1510 5307 a
1540 5252 1819 5307 Lactantio
1845 5250 1980 5306 cita-

383 5366 474 5432 tis,
523 5363 718 5418 mirum
743 5360 796 5415 in
815 5356 1032 5413 modum
1073 5350 1375 5407 conﬁrmat.
1410 5365 1429 5399 ι
1466 5347 1711 5416 Suscepit
1748 5346 1855 5397 vita
1886 5343 1984 5397 ho-

384 5463 623 5523 minum,
666 5453 856 5522 inquit,
900 5444 1336 5514 cmisuetudoque
1363 5441 1685 5504 communis,
1719 5446 1778 5493 ut
1814 5438 1976 5492 bene-

389 5550 528 5607 ﬁciis
568 5546 896 5603 excellentes
940 5542 1085 5595 viros
1126 5538 1179 5591 iu
1210 5534 1406 5590 coelum
1454 5533 1589 5586 fama
1620 5547 1682 5585 ac
1709 5530 1984 5585 voluntate

389 5643 664 5700 toiierent.
697 5637 832 5693 Hinc
855 5634 1129 5696 Hercules,
1162 5629 1286 5684 hinc
1313 5625 1505 5681 Castor
1533 5634 1589 5681 et
1619 5623 1829 5689 Pollux,
1859 5622 1984 5677 hinc

393 5732 750 5800 :Esculapius,
792 5728 917 5782 hinc
945 5726 1079 5780 liber
1104 5721 1263 5777 etiam
1299 5738 1318 5769 ι
1349 5717 1487 5788 (Cic.
1519 5718 1607 5772 lib.
1634 5732 1673 5773 ιι
1699 5716 1762 5770 de
1789 5715 1980 5770 Natur.

396 5825 580 5889 Deor.,
609 5837 729 5891 pag.
753 5818 885 5884 225,
938 5815 1030 5870 lin.
1069 5813 1159 5879 i5;
1201 5807 1579 5875 Lactant.,-lib.
1613 5823 1629 5862 ι
1662 5806 1834 5864 Instit.
1867 5822 1984 5877 cap.

2083 4595 2165 4664 gis
2209 4594 2498 4663 opponitur
2525 4593 2873 4661 subsequentl
2904 4590 3233 4659 sapientium.
3289 4586 3363 4644 At
3408 4598 3542 4641 mera
3580 4584 3654 4635 est

2084 4689 2414 4759 coniectura,
2468 4703 2569 4743 nec
2611 4701 2742 4742 sane
2792 4685 2908 4741 sola
2938 4684 3135 4740 suflicit
3172 4682 3242 4738 ad
3293 4674 3651 4753 explodet!“

2087 4784 2257 4837 nostri
2299 4780 2503 4835 codicis
2536 4780 2844 4844 lectionem,
2890 4792 3011 4847 qua:
3047 4772 3328 4831 Ciceronis
3368 4767 3656 4828 auctoritate

2087 4877 2287 4931 firmari
2315 4875 2543 4930 videtur.
2570 4873 2670 4931 Ubi
2696 4873 2840 4932 enim
2871 4870 3109 4942 disputat
3135 4870 3204 4924 de
3222 4868 3411 4941 iis,qui
3435 4863 3581 4926 στω.»
3607 4864 3658 4913 ut

2087 4977 2204 5042 ipse
2229 4970 2481 5040 loquitur,
2511 4986 2531 5019 t
2568 4970 2672 5023 rite
2688 4974 2817 5023 sunt
2858 4966 3047 5031 habiti,
3088 4981 3108 5016 ι
3152 4972 3207 5019 et
3239 4964 3309 5018 de
3346 4972 3541 5032 magna
3575 4966 3657 5007 co-

2087 5079 2209 5120 rum
2268 5059 2626 5117 multitudinis
2670 5059 2899 5130 origine,
2942 5057 3139 5113 ibidem
3170 5056 3369 5125 adjecit
3399 5072 3415 5107 :
3451 5071 3469 5104 (
3502 5049 3659 5117 Atque

2089 5157 2175 5211 hic
2202 5158 2349 5211 locus
2398 5170 2428 5209 a
2457 5154 2674 5210 Zenone
2718 5160 2991 5215 tractatus,
3047 5158 3168 5220 post
3205 5164 3238 5205 a
3283 5148 3563 5209 Cleanthe,
3614 5146 3662 5195 α

2088 5248 2391 5320 Chrysippo
2417 5248 2656 5318 pluribus
2686 5245 2865 5301 verbis
2905 5242 3204 5313 explicatus
3228 5250 3316 5297 est
3346 5260 3366 5294 ι
3402 5239 3548 5313 (Cia,
3578 5232 3656 5288 lib.

2089 5357 2127 5396 ll
2153 5342 2217 5395 de
2248 5338 2438 5394 Natar.
2471 5339 2611 5393 deor.
2633 5378 2649 5405 ,
2681 5354 2798 5409 pag.
2842 5334 2972 5399 ἥδ,
3002 5334 3095 5389 lin.
3128 5332 3201 5388 20
3225 5342 3273 5387 et
3297 5348 3434 5403 seqq.
3460 5329 3497 5402 ).
3536 5326 3662 5381 Con.

2090 5444 2197 5490 stat
2258 5444 2436 5490 autem
2486 5432 2756 5488 Zenonem
2802 5430 3103 5489 Stoicorum
3154 5427 3320 5484 fuisse
3371 5423 3660 5497 principem.

2093 5527 2301 5595 hosque
2330 5524 2472 5580 illius
2497 5523 2810 5594 discipulos,
2831 5522 2970 5578 sicut
2997 5521 3156 5577 docet
3182 5519 3448 5583 Laertius,
3471 5515 3554 5588 qui
3579 5524 3663 5567 eo-

2091 5634 2211 5674 rum
2262 5619 2426 5673 vitam
2478 5617 2713 5686 scripsit,
2770 5630 2974 5687 nosque
3027 5614 3155 5670 alibi
3208 5607 3665 5667 animadvertimus

2091 5709 2287 5776 (Laert.
2323 5709 2413 5766 lib.
2444 5724 2516 5765 vn
2545 5709 2608 5763 de
2641 5707 2746 5763 Vit.
2797 5716 2845 5763 et
2889 5708 3113 5777 dogmat.
3166 5698 3538 5776 philosoph.,§
3573 5696 3664 5752 let

2091 5819 2195 5873 seq.
2214 5802 2364 5859 Tom.
2403 5819 2423 5859 ι
2446 5802 2696 5875 Apparet.
2727 5817 2848 5875 pag.
2872 5797 3058 5872 usa).
