3818 6282
1662 278 2130 349 ΒΙΞΞΕΒΤΑΤΙΟ.

3398 316 3505 374 558

267 399 385 452 Duo
412 405 688 468 praeterea
708 398 797 455 alii
826 405 990 455 testes
1010 401 1287 458 aMinucio
1311 408 1495 459 nostro
1523 405 1805 477 proferun-
1830 411 1884 469 Α
1911 408 2062 473 deos,
2089 416 2180 465 aut
2210 412 2472 468 meruisse
2498 413 2849 475 divinitatem.
2898 406 3031 475 Nam
3064 422 3290 492 ipsemet
3316 425 3508 487 Cicero

194 499 299 554 tur,
323 500 379 545 et
407 494 563 556 prior
580 490 800 561 quidem
826 511 838 544 :
864 511 882 543 ι
911 491 1171 549 Prodicus
1185 506 1509 568 assumptus,
1531 498 1720 566 inquit,
1747 502 1799 555 in

193 582 322 637 deos
355 582 627 653 loquitur,
678 586 766 655 qui
794 584 1023 640 errando
1067 587 1298 643 inventis
1335 590 1487 645 novis
1540 590 1799 662 frugibus,

1904 513 2025 572 post
2047 503 2206 557 citata
2238 520 2266 558 a
2305 506 2459 561 nobis
2483 507 2643 577 paulo
2671 518 2795 564 ante
2820 510 2888 565 de
2914 511 3140 569 Prodico
3164 517 3346 586 verba,
3379 536 3508 577 con-

1907 594 2056 649 tinuo
2104 595 2428 665 subiunxit:
2465 621 2485 650 ‹
2517 599 2685 666 Quum
2730 602 2940 657 tandem
2984 606 3314 678 religionem,
3354 632 3371 664 ι
3418 616 3511 671 ille

189 674 407 729 utilitati
440 675 727 729 hominum
757 679 1049 744 proiecere.
1084 699 1104 732 ι
1137 679 1324 735 Nonne
1344 691 1520 736 autem
1548 681 1663 737 bare
1712 684 1803 740 ille
1904 683 2181 752 Prodicus,
2212 707 2231 738 ί
2262 688 2552 759 relinquit?
2585 710 2604 742 ι
2640 690 2797 764 (Cic.,
2822 694 2908 749 lib.
2942 711 2976 750 ιι
3018 674 3303 754 devNatur.
3337 704 3506 769 deor,.

192 764 454 821 delibavit
479 783 552 821 ex
580 767 729 822 hisce
753 765 1030 827 Ciceronis
1054 772 1231 826 verbis
1262 790 1275 825 :
1312 790 1330 823 ι
1358 772 1615 833 Prodicus
1638 773 1805 832 Chius
1906 791 2025 846 pag.
2058 776 2193 845 212,
2228 780 2320 835 lin.
2376 782 2492 853 54.)
2547 783 2764 854 Rejecto
2810 786 3069 856 siquidem
3102 805 3228 845 vero
3251 794 3381 863 Deo,
3414 764 3518 851 fal-

197 872 286 922 ea,
316 874 439 929 qua:
460 857 786 929 prodessent
814 859 1088 916 hominum
1119 863 1262 930 vitm,
1290 864 1510 921 deorum
1533 866 1584 921 in
1617 884 1807 923 nume-

205 966 270 1006 ro
292 952 477 1005 habita
511 965 629 1007 esse
672 951 847 1005 dixit?
885 971 904 1004 ι
947 954 1065 1007 Alio
1113 954 1288 1009 adhuc
1330 956 1383 1010 in
1429 956 1565 1010 libro
1608 958 1803 1025 refert,

212 1043 342 1113 quid
374 1043 444 1098 de
467 1058 531 1098 eo
567 1041 863 1112 Xenophon
890 1044 1126 1114 tradidit,
1160 1046 1406 1119 huncque
1435 1048 1808 1119 Xenophontis

214 1133 395 1191 locum
431 1137 551 1190 alibi
594 1139 898 1205 notavimus
925 1137 1097 1208 (Cia,
1133 1139 1221 1194 lib.
1254 1157 1268 1194 ι
1306 1143 1369 1196 de
1402 1141 1593 1196 Natur.
1637 1146 1806 1213 deor.,

213 1248 329 1300 pag.
360 1230 495 1294 212,
525 1231 617 1284 lin.
652 1230 744 1298 72,
790 1248 836 1286 et
863 1233 951 1287 lib.
1001 1250 1016 1288 ι
1048 1233 1112 1286 de
1151 1233 1323 1304 Offa,
1366 1253 1484 1309 pag.
1527 1236 1653 1305 5.67,
1713 1237 1803 1293 lin.

211 1320 305 1386 i9;
334 1320 481 1375 Tom.
516 1323 565 1377 Ι.
592 1323 843 1394 Apparat.
874 1342 992 1396 pag.
1039 1324 1224 1397 1245).

274 1413 561 1469 Secundus
590 1415 661 1468 ab
685 1425 904 1472 auctore
928 1429 1112 1472 nostro
1137 1420 1435 1490 appellatur
1453 1440 1473 1473 ι
1504 1423 1754 1492 Perseus,
1789 1445 1808 1479 ι

212 1520 303 1559 seu
320 1504 593 1570 Persaeus,
632 1525 650 1557 σ
687 1508 776 1578 qui
809 1509 859 1561 in
887 1509 1187 1575 eamdem,»
1225 1512 1298 1565 uti
1329 1512 1423 1580 ait,
1451 1531 1468 1563 ι
1499 1517 1816 1570 sententiam

216 1595 649 1668 philosophatur.
679 1611 732 1655 et
756 1603 993 1656 annectit
1020 1603 1266 1658 iuventas
1292 1603 1494 1677 fruges,
1525 1616 1578 1661 et
1601 1606 1811 1679 frugum

223 1691 447 1760 ipsarum
489 1703 796 1763 repertores
850 1695 1037 1750 iisdem
1083 1697 1423 1768 nominibus,
1480 1710 1537 1755 ut
1578 1703 1816 1757 comicus

1909 868 2090 938 sisque
2123 872 2463 939 introductis,
2512 876 2654 928 nulla
2689 877 2846 946 plane
2870 880 3079 949 religio,
3106 883 3199 936 sed
3235 900 3361 940 vana
3397 897 3513 943 tan-

1912 968 2022 1012 tum
2047 964 2361 1029 superstitio
2388 978 2507 1019 esse
2547 976 2742 1034 potest.
2798 971 2866 1022 At
2906 970 2950 1024 si
2997 987 3177 1027 rerum
3203 974 3513 1036 hominibus

1909 1051 2116 1105 utilium
2150 1053 2459 1109 inventores
2485 1055 2557 1110 dii
2590 1072 2710 1112 esse
2737 1073 2844 1113 non
2873 1073 3119 1130 possunt,
3145 1068 3314 1121 untltn
3336 1074 3513 1127 minus

1910 1156 1998 1196 res
2020 1144 2088 1197 ab
2107 1145 2226 1198 aliis
2255 1147 2506 1201 inventae.
2544 1166 2561 1198 ι
2598 1147 2756 1216 Quid,
2795 1169 2813 1202 ι
2846 1168 3077 1223 namque
3102 1174 3119 1205 ι
3155 1157 3457 1228 absurdius,
3492 1183 3511 1215 ι

1912 1234 1986 1287 ait
2012 1234 2185 1289 adhuc
2212 1235 2422 1304 Cicero,
2459 1257 2477 1289 ι
2517 1254 2673 1309 quam
2711 1250 2804 1294 aut
2830 1257 2915 1298 res
2946 1244 3211 1313 sordidas,
3237 1259 3399 1320 atque
3422 1253 3520 1308 de—

1913 1322 2137 1392 formes,
2159 1327 2377 1382 deorum
2394 1344 2516 1384 esse
2536 1331 2805 1386 vocabulis
2820 1336 3139 1402 nominatas,
3162 1348 3253 1393 aut
3272 1334 3520 1397 homines

1911 1417 2023 1487 jam
2055 1431 2227 1477 morte
2262 1422 2490 1488 deletos,
2518 1440 2781 1495 reponere
2820 1429 2869 1482 in
2902 1429 3051 1493 deos,
3085 1448 3311 1502 quorum
3343 1439 3522 1494 omnis

1918 1512 2093 1567 cultus
2119 1512 2323 1569 futurus
2344 1524 2491 1571 esset
2511 1517 2562 1570 in
2590 1517 2731 1572 luctu
2751 1517 2913 1591 (Ibid.
2940 1539 3060 1592 pag.
3083 1523 3222 1589 201,
3248 1528 3342 1583 lin.
3363 1528 3479 1598 21).
3497 1548 3517 1580 ι

1919 1603 2063 1660 Nihil
2088 1617 2263 1662 autem
2291 1624 2351 1662 ea
2389 1612 2653 1689 sententia
2694 1613 2894 1680 verius,
2936 1617 3370 1688 quandoquidem
3397 1631 3526 1677 ante

1917 1696 2185 1767 quaslibet
2213 1714 2299 1755 res
2330 1700 2595 1768 inventas,
2654 1717 2718 1757 ac
2758 1706 3028 1775 quoslibet
3066 1723 3249 1765 earum
3277 1712 3526 1767 iuVento-

239 1800 402 1840 sermo
441 1796 520 1840 est
556 1786 823 1843 Venerem
853 1792 969 1843 sine
1007 1788 1201 1844 Libero
1225 1801 1279 1846 et
1311 1790 1511 1849 Cerere
1534 1793 1750 1867 frigere.
1793 1812 1815 1847 ι
1851 1780 1900 1842 Β
1928 1805 2035 1857 res,
2066 1801 2260 1848 creatae
2289 1795 2476 1864 procul
2499 1795 2661 1849 dubio
2682 1797 2749 1852 ab
2779 1798 2871 1852 illo
2897 1800 3129 1869 fuerant,
3154 1806 3242 1873 qui
3272 1807 3532 1862 mundum

247 1882 471 1938 Comicus
501 1892 683 1937 autem
712 1882 998 1939 Terentius
1026 1886 1253 1940 cecinit:

356 1994 582 2053 Verbum,
609 1996 798 2054 hercle,
824 1997 917 2048 hoc
935 2010 1107 2047 verum
1133 2002 1211 2048 est
1236 2012 1248 2047 :

357 2057 466 2108 Sine
484 2057 665 2108 Libero
688 2066 739 2108 et
764 2059 951 2110 Cerere
996 2060 1148 2122 t'riget
1179 2060 1370 2111 Venus.

717 2141 963 2206 (Terent.,
990 2142 1211 2193 Eunuch.
1237 2150 1333 2194 act.
1360 2158 1408 2193 iV
1431 2157 1562 2196 scen.
1590 2146 1663 2207 5.)

254 2254 316 2307 At
342 2251 403 2307 ibi
431 2251 553 2307 illud
583 2251 653 2308 ab
671 2252 777 2308 alio
800 2252 978 2315 adhuc
1005 2252 1348 2325 desumptum
1375 2269 1496 2311 esse
1530 2256 1818 2327 significat.

256 2349 301 2402 Α
325 2363 415 2417 quo
441 2356 634 2414 autem,
679 2347 779 2403 nisi
810 2348 878 2403 ab
906 2346 1187 2419 Euripide,
1248 2348 1401 2422 cujus
1426 2359 1510 2406 est
1548 2351 1650 2408 hoc
1685 2369 1825 2424 grte-

257 2455 366 2495 cum
391 2439 637 2494 carmen?

395 2564 517 2615 Καρίαν
537 2553 722 2615 Agidi-:3
739 2564 911 2602 Δι’)νύσοί
935 2559 1040 2615 Sila,
1057 2564 1118 2601 ul.
1141 2564 1341 2623 Δήμητρᾳς.

393 2633 571 2685 Mortua
590 2642 671 2685 est
687 2634 877 2695 Venus,
906 2636 1016 2684 sine
1038 2635 1251 2696 Baccho,
1272 2634 1546 2687 etCerere.

261 2741 374 2809 Qua:
394 2751 562 2797 autem
593 2741 661 2798 de
689 2741 889 2798 Perseo
932 2743 1114 2798 retulit
1149 2742 1435 2809 Minucius,
1476 2742 1666 2807 hausit:
1691 2760 1827 2815 quo-

260 2848 352 2904 que
374 2832 589 2898 fuerant,
630 2834 769 2890 sicut
797 2834 1094 2904 superiora,
1134 2849 1199 2889 ex
1225 2833 1415 2890 eodem
1448 2834 1584 2892 libro
1610 2834 1830 2903 Cicero-

262 2926 334 2981 nis
359 2941 384 2980 a
410 2926 554 2982 nobis
576 2925 690 2995 jam
717 2927 901 2995 citato,
949 2925 1039 2980 ubi
1074 2924 1189 2980 haec
1218 2926 1447 2996 legimus
1486 2945 1499 2982 :
1545 2945 1565 2979 ι
1599 2928 1829 2991 Perseus

266 3015 462 3072 Zenonis
507 3017 749 3084 auditor,
788 3035 807 3069 ι
846 3017 987 3079 sicut
1037 3017 1198 3077 etiam
1249 3016 1514 3082 Laertius,
1559 3019 1643 3075 vel
1692 3021 1832 3083 sicut

268 3107 519 3167 Athenaaus
547 3108 637 3173 ait,
661 3106 909 3178 famulus,
948 3127 967 3161 ‹
1001 3122 1094 3173 eos
1135 3106 1262 3183 dicit
1292 3123 1410 3173 esse
1440 3109 1652 3175 habitos
1689 3110 1827 3177 deos
1851 3148 1898 3213 Ο

268 3215 291 3254 a
311 3201 480 3272 quibus
498 3216 687 3275 magna
715 3201 919 3255 utilitas
941 3200 1006 3255 ad
1034 3201 1159 3255 vitae
1184 3201 1382 3257 cultum
1409 3210 1553 3257 esset
1577 3204 1825 3271 inventa;

270 3292 480 3364 ipsasque
507 3310 594 3349 res
623 3294 803 3361 utiles,
860 3301 915 3349 et
958 3293 1220 3349 salutares
1249 3294 1470 3349 deorum
1518 3310 1640 3351 esse
1670 3312 1829 3353 voca-

269 3383 382 3440 bulis
408 3395 755 3456 nuncupatas,
797 3394 854 3441 ut
900 3401 970 3445 ne
995 3385 1098 3441 hoc
1126 3386 1341 3456 quidem
1372 3386 1578 3442 diceret
1616 3388 1707 3445 illa
1748 3389 1832 3447 in-

266 3487 394 3531 venta
430 3493 544 3539 esse
591 3479 839 3544 deorum,
878 3477 970 3535 sed
999 3479 1113 3548 ipsa
1143 3477 1321 3539 divina
1354 3500 1374 3533 ι
1406 3478 1576 3548 (Cic.,
1608 3479 1697 3534 lib.
1728 3496 1745 3534 ι
1776 3481 1840 3535 de

267 3567 430 3625 Natat.
459 3574 621 3636 deor.,
650 3588 771 3649 pag.
792 3571 893 3628 201
919 3613 935 3637 ,
955 3572 1049 3627 lin.
1073 3571 1160 3635 t8;
1188 3570 1390 3638 Laert.,
1418 3572 1508 3627 lib.
1537 3588 1632 3638 vu,
1656 3574 1711 3629 in
1735 3576 1837 3633 vita

266 3659 492 3734 Zenau.,§
520 3664 589 3721 15
608 3663 1001 3730 et54;Atlten.,
1021 3664 1111 3719 lib.
1131 3680 1182 3719 tv
1206 3663 1557 3737 DeipnoaOph.
1588 3681 1702 3738 cap.
1745 3667 1832 3732 l7,

262 3769 360 3824 pag.
389 3755 529 3827 162).
577 3755 651 3813 At
679 3771 747 3811 ex
781 3757 941 3813 citato
968 3756 1139 3812 Latini
1168 3767 1223 3811 et
1265 3756 1633 3829 Grazcipoette
1671 3774 1833 3825 versu

258 3842 393 3901 facile
431 3847 740 3917 intelligitur
777 3861 807 3900 a
836 3845 1067 3907 Minucio
1113 3856 1298 3907 nostro
1336 3859 1461 3919 post
1502 3848 1832 3911 Ciceronem

253 3935 500 4009 designari
542 3939 883 4010 potissimum
922 3938 1177 4001 Cererem
1208 3948 1257 3995 et
1297 3938 1591 4007 Bacchum,
1623 3942 1713 4009 qui
1743 3957 1833 4003 res

248 4029 505 4089 hominum
535 4032 664 4086 vita:
685 4033 924 4089 omnium
952 4032 1264 4099 utilissimas
1294 4033 1560 4099 invenisse
1584 4034 1829 4092 fereban-

246 4132 339 4180 tur.
374 4125 724 4196 Quapropter
768 4126 1137 4197 Athenagoras
1181 4123 1399 4180 eosdem
1436 4124 1701 4180 Ethnicos
1746 4141 1834 4180 ar-

244 4220 363 4291 guit,
392 4220 480 4290 qui
532 4217 818 4282 elementa,
846 4232 1142 4288 eorumque
1189 4226 1368 4288 partes
1421 4217 1693 4284 deificant,
1752 4224 1830 4273 Τὰ

261 4316 464 4383 στοιχεῖα
489 4316 572 4373 καὶ
600 4318 667 4366 τὰ
687 4314 840 4382 μόρια.
873 4315 1024 4371 αὐτῶν
1044 4317 1329 4376 honorabat,
1362 4326 1425 4367 ac
1452 4308 1573 4369 vilis
1601 4310 1831 4375 fructum

250 4400 502 4461 Bacchum
543 4403 841 4475 appellant,
900 4404 1170 4474 vitemque
1219 4405 1389 4474 ipsam
1436 4403 1728 4470 Semelen],
1780 4413 1834 4465 et

1929 1894 1983 1938 et
2018 1898 2207 1939 omnes
2232 1898 2509 1942 creaturas
2549 1890 2808 1957 condidit,
2853 1893 3107 1964 solusque
3138 1896 3339 1954 idcirco
3387 1901 3529 1956 Deus

1931 1988 2053 2030 esse
2083 1986 2276 2044 potest.
2322 1978 2452 2047 Quis
2475 1995 2604 2051 ergo
2625 1984 3055 2060 nonmirabitur
3082 1987 3226 2043 hunc
3256 1991 3307 2044 in
3342 1992 3531 2060 primis

1931 2081 2003 2122 ex
2033 2070 2452 2139 corruptissimis
2480 2072 2713 2128 fontibus
2734 2059 2896 2129 muun
2924 2092 3063 2143 esse,
3081 2094 3145 2134 ex
3165 2097 3270 2149 quo
3294 2059 3531 2138 manavit

1931 2157 2234 2214 idololatria
2258 2162 2561 2234 impiosque
2602 2163 2859 2223 falsorum
2900 2167 3123 2233 deorum
3154 2174 3329 2230 cultus
3360 2185 3533 2232 totum

1929 2256 2190 2306 terrarum
2212 2253 2399 2309 orbem
2443 2256 2741 2311 inundavit.

2538 2383 2835 2427 Αιιτιουισε
2873 2388 2912 2427 ll
2919 2412 2932 2426 .

1927 2476 2277 2533 Examiualur
2306 2480 2525 2537 Minucii
2544 2498 2900 2555 argumentum
2920 2506 3019 2559 quo
3048 2492 3207 2561 falsos
3237 2510 3343 2551 esse
3368 2496 3535 2568 genti-

2000 2572 2128 2625 lium
2155 2573 2275 2628 deos
2296 2576 2474 2644 probat
2500 2593 2563 2631 ex
2589 2594 2760 2632 eorum
2790 2594 2925 2650 ortu,
2957 2586 3144 2653 patria,
3168 2594 3539 2660 morte,sepul-

2002 2666 2160 2734 chris,
2190 2684 2249 2720 ac
2279 2670 2557 2737 praesertim
2583 2670 2728 2725 lovis
2756 2672 2960 2739 Dictaei,
2992 2677 3247 2747 Apollinis
3273 2681 3532 2754 Delphici,

2000 2756 2163 2813 Isidis
2188 2757 2399 2814 Pharia:
2419 2803 2433 2827 ,
2461 2770 2506 2815 et
2534 2761 2809 2818 Eleusiniae
2834 2765 3052 2822 Cereris.

2004 2917 2125 2973 Alio
2172 2917 2347 2974 adhuc
2399 2917 2663 2985 Minucius
2708 2932 3023 2992 argumento
3075 2923 3312 2985 funditus
3350 2934 3549 2989 evertit

1934 3009 2114 3066 fictam
2144 3026 2174 3066 a
2209 3010 2501 3082 gentilibus
2517 3014 2756 3069 omnium
2791 3017 3068 3073 numinqu
3095 3034 3314 3076 suorum
3345 3023 3547 3081 divini-

1932 3111 2117 3163 tatem.
2176 3105 2262 3161 Ab
2304 3105 2370 3160 iis
2402 3113 2582 3161 autem
2625 3106 2751 3161 illud
2781 3124 2990 3163 rursum
3020 3111 3391 3183 deprompsit,
3424 3134 3547 3187 qua:

1932 3196 2006 3252 illi
2053 3194 2155 3266 ipsi
2213 3195 2284 3251 de
2340 3197 2654 3251 eorumdem
2699 3197 2922 3255 deorum
2978 3216 3195 3257 suorum
3248 3207 3541 3276 natalibus,

1933 3287 2103 3358 patria
2135 3294 2188 3341 et
2218 3286 2519 3353 sepulchris
2548 3276 2848 3356 tradebant,
2878 3305 2943 3345 ac
2970 3307 3257 3363 numquam
3281 3313 3383 3351 non
3412 3314 3543 3353 ven-

1934 3379 2193 3459 ditabant.
2216 3379 2443 3436 Necesse
2471 3381 2825 3452 proculdubio
2855 3398 2959 3438 non
2988 3395 3123 3452 erat,
3154 3395 3213 3441 ut
3239 3387 3291 3441 id
3318 3405 3423 3459 quo
3451 3390 3548 3446 mi-

1936 3456 2496 3541 riticeglnriahantur,
2517 3472 2847 3541 probandum
2871 3476 3191 3546 susciperet.
3216 3477 3431 3534 Testem
3459 3482 3542 3536 ni-

1931 3564 2221 3619 hilominus
2250 3564 2549 3634 vademque
2575 3568 2936 3623 certissimum
2982 3569 3348 3626 Euhemerum
3388 3572 3540 3631 hisce

1940 3657 2283 3728 todidemque
2328 3659 2504 3714 verbis
2541 3659 2690 3715 dedit
2719 3676 2734 3713 :
2788 3679 2806 3712 ι
2839 3660 3178 3718 Euhemerus
3203 3666 3538 3737 exsequitur,

1936 3761 2188 3807 eteorum
2206 3751 2431 3819 natales,
2462 3754 2683 3822 patrias,
2705 3755 2991 3824 sepulchra
3015 3755 3338 3824 dinumerat,
3363 3772 3411 3816 et
3435 3777 3537 3832 per

1934 3846 2237 3914 provincias
2266 3855 2548 3902 monstrat.
2590 3867 2609 3900 ι
2644 3847 2909 3902 Praevium
2940 3858 3117 3904 autem
3149 3851 3219 3904 ibi
3250 3868 3399 3909 more
3437 3868 3540 3910 suo

1931 3939 2084 4011 sequi
2120 3939 2328 3995 videtur
2366 3941 2704 4007 Ciceronem,
2734 3942 2824 4012 qui
2861 3961 2880 3994 ι
2915 3943 2983 4001 ab
3013 3944 3352 4010 Euhemero,
3389 3967 3409 3999 ι
3444 3950 3529 4003 in-
3582 3996 3585 3999 η

1932 4033 2077 4103 quit,
2113 4049 2132 4084 ι
2167 4040 2220 4088 et
2250 4042 2482 4097 mortes,
2512 4042 2567 4088 et
2604 4033 2890 4101 sepulturae
2927 4033 3365 4092 demonstrantur
3403 4038 3539 4094 deo-

1928 4141 2047 4180 rum
2086 4144 2105 4177 ›
2166 4125 2384 4194 (Cicer.
2431 4125 2523 4182 lib.
2569 4142 2587 4180 ι
2642 4127 2706 4180 de
2753 4126 2945 4182 Natur.
3002 4127 3168 4193 deor.,
3215 4144 3338 4201 pag.
3398 4132 3537 4199 M2,

1932 4217 2028 4271 lin.
2062 4216 2130 4270 57
2160 4216 2200 4283 ).
2270 4216 2374 4271 Iste
2407 4231 2538 4271 vero
2566 4216 2934 4283 Euhemerus,
2976 4217 3019 4270 si
3052 4218 3156 4273 hoc
3184 4221 3322 4275 scire
3345 4236 3537 4292 aveas,

1931 4323 2138 4378 grmcus
2166 4306 2264 4362 fuit
2293 4309 2544 4378 scriptor,
2577 4322 2736 4377 quem
2769 4308 2859 4361 alii
2893 4309 3061 4377 patria
3097 4309 3529 4381 Agrigentinum,

1933 4401 2020 4454 alii
2049 4399 2393 4465 Messenioni,
2417 4398 2632 4468 quidam
2659 4399 2850 4465 Coum,
2884 4409 3042 4469 atquc
3062 4401 3222 4456 etiam
3245 4403 3536 4474 Tegeatem

251 4493 448 4553 fulmen
684 4495 848 4565 Solis,
880 4505 956 4553 τὸν
979 4502 1027 4552 δὲ
1050 4513 1136 4563 τῆς
1160 4500 1379 4567 ἀμπέλου
1399 4506 1579 4569 καρπὸν
1598 4502 1829 4568 Διόνυσον,

2002 4491 2301 4548 ediderunt.
2336 4492 2495 4546 Plura
2522 4502 2700 4547 autem
2733 4490 3077 4546 historiarum
3109 4497 3412 4565 composuit
3441 4514 3536 4553 vo-

243 4597 330 4643 κειὶ
358 4596 551 4655 Σεμέλην
580 4595 738 4649 αὖα-ἢν
771 4600 863 4649 ,τὴν
888 4592 1117 4660 ἄμπελον.
1138 4594 1223 4661 gul
1247 4599 1465 4661 ιιερριννὸν
1485 4602 1571 4648 τὶν
1596 4601 1678 4649 τοῦ
1700 4600 1837 4657 ἧλίρυ

232 4682 383 4753 ρλῆα
406 4678 673 4754 (Athenag.
704 4682 857 4753 legat.
887 4698 980 4753 pro
1021 4680 1301 4745 Christian.
1327 4699 1447 4753 pag.
1478 4682 1596 4754 94).
1661 4686 1833 4749 Quam

227 4770 487 4828 audacter
529 4788 657 4829 vero
689 4772 892 4829 ethnici
918 4772 1103 4829 Cereri
1133 4772 1342 4843 frugum
1378 4784 1432 4828 et
1457 4775 1564 4833 vini
1596 4773 1833 4843 Baccho,

222 4867 302 4921 uti
329 4875 519 4923 narrat
554 4868 820 4925 Diodorus
847 4868 1079 4934 Siculus,
1107 4868 1333 4940 aliisque
1360 4869 1585 4933 aliarum
1628 4885 1829 4938 rerum,

220 4956 545 5017 hominibus
594 4960 824 5037 utilium,
885 4960 1245 5017 inventionem
1296 4961 1601 5029 tribuerint,
1648 4963 1701 5016 in
1744 4977 1833 5019 se-

217 5051 523 5119 quentibus
541 5054 751 5110 nostris
775 5052 1244 5110 dissertationibus
1278 5054 1624 5113 ostendemus
1661 5053 1835 5128 (Dio-

218 5145 347 5198 dor.
373 5142 570 5210 Sicul.,
605 5144 696 5201 lib.
722 5161 777 5201 ιιι
807 5143 1078 5211 Biblioth.,
1117 5162 1238 5216 pag.
1270 5145 1395 5217 ΜΞ,
1429 5155 1476 5202 et
1507 5147 1596 5205 lib.
1632 5163 1683 5215 v,
1713 5164 1834 5219 pag.

218 5233 382 5301 232;
412 5233 605 5297 Dissert
634 5236 688 5291 in
719 5236 936 5303 Arnob.,
987 5253 1103 5308 cap.
1151 5236 1207 5301 9,
1238 5244 1337 5291 art.
1380 5237 1448 5301 2;
1480 5237 1533 5291 in
1578 5237 1835 5307 antant.,

1936 4584 2160 4649 lumina,
2192 4583 2284 4639 ubi
2325 4599 2409 4646 ea,
2440 4599 2561 4653 quae
2588 4599 2615 4637 a
2646 4582 2908 4639 Cicerone
2947 4583 3287 4655 Minueioque
3327 4604 3536 4645 memo.

1937 4684 2143 4738 rantur,
2174 4674 2365 4731 litteris
2394 4674 2690 4731 mandavit.
2721 4675 2942 4746 Legesis
2967 4675 3337 4745 Plutarchum,
3361 4680 3534 4737 Athe-

1938 4785 2135 4835 naeum,
2168 4767 2466 4835 Elianum,
2498 4768 2879 4839 Augustinum,
2909 4768 3332 4837 Theodoretum,
3369 4772 3541 4828 alios-

1936 4882 2040 4937 que
2092 4880 2120 4919 a
2177 4864 2335 4920 nobis
2385 4864 2438 4918 in
2498 4863 2762 4933 superiori
2811 4862 3120 4930 Apparatus
3166 4865 3334 4920 nostri
3383 4875 3533 4923 tomo

1938 4960 2131 5014 citatos
2173 4956 2473 5032 (Plutarch.
2531 4958 2620 5010 lib.
2677 4956 2741 5010 de
2786 4953 2922 5009 Isid.
2966 4963 3014 5009 et
3045 4954 3207 5015 Osir..
3242 4973 3364 5027 pag.
3408 4956 3539 5025 560;

1940 5055 2163 5117 Athen.,
2210 5053 2303 5107 lib.
2359 5067 2467 5114 xw,
2525 5049 2876 5120 DeipnosOph.
2904 5092 2919 5115 ,
2969 5064 3085 5120 pag.
3146 5048 3251 5105 658
3284 5067 3298 5115 ;
3328 5049 3536 5106 IEIian.

1940 5146 2035 5202 lib.
2069 5162 2105 5200 ιι
2139 5143 2265 5199 Var.
2300 5144 2444 5206 Irish,
2505 5157 2623 5211 cap.
2657 5141 2750 5207 52;
2786 5142 3090 5210 Angustin.,
3120 5141 3209 5198 lib.
3237 5159 3253 5197 1
3281 5142 3343 5197 de
3372 5142 3544 5199 Evan-

1944 5243 2068 5315 gel.,
2089 5257 2209 5310 cap.
2230 5239 2322 5300 25;
2340 5237 2640 5303 Theodon,
2668 5252 2830 5291 serm.
2849 5239 2903 5303 3,
2929 5239 2992 5292 de
3017 5240 3223 5307 Angel..
3249 5256 3363 5312 pag.
3392 5241 3545 5313 506).

222 5344 355 5397 cap.
388 5326 483 5391 30,
519 5338 617 5383 art.
652 5330 719 5391 5;
742 5328 796 5383 in
822 5328 866 5383 Τ
869 5329 1150 5395 ertullian.,
1182 5346 1297 5398 cap.
1341 5329 1434 5397 25,
1464 5339 1564 5395 art.
1595 5331 1676 5401 ὅ).
1733 5330 1844 5387 Nec
1944 5335 2023 5390 Ibi
2056 5342 2233 5388 autem
2277 5332 2686 5386 observavimus
2729 5330 2872 5384 hunc
2914 5332 3279 5389 Euhemerum
3325 5352 3353 5389 a
3399 5337 3544 5393 mul—

223 5419 421 5475 minus
466 5421 751 5491 perspicue
795 5420 1285 5489 demonstrabimus
1324 5436 1482 5491 quam
1527 5432 1670 5477 recte
1710 5423 1849 5481 anti—
1947 5428 2018 5483 tis
2069 5426 2349 5481 atbeorum
2409 5435 2666 5487 numero,
2734 5419 2872 5474 haud
2928 5420 3091 5478 dubie
3153 5436 3369 5493 propter
3428 5428 3549 5483 illas

229 5510 489 5581 quissimi
538 5514 706 5568 nostri
763 5515 1072 5585 scriptores,
1120 5515 1275 5573 sicuti
1327 5514 1589 5575 Minucius
1640 5523 1845 5580 noster,
1952 5519 2176 5575 deorum
2220 5514 2510 5578 historias,
2554 5511 2717 5568 fuisse
2762 5510 3115 5580 adscriptum.
3175 5513 3282 5569 Sed
3339 5516 3388 5571 id
3438 5534 3552 5573 non

229 5603 595 5675 probaverim
618 5622 649 5661 a
698 5606 850 5669 nullo
871 5623 1018 5664 sanie
1047 5610 1243 5667 mentis
1268 5609 1507 5672 homine.
1546 5625 1614 5664 ex
1642 5608 1727 5665 his
1765 5608 1851 5665 vel
1955 5610 2268 5684 prohibuit,
2321 5608 2607 5679 quominus
2637 5604 2870 5665 Ennius.
2901 5605 2985 5677 _uti
3015 5604 3205 5660 Cicero
3225 5647 3240 5673 ,
3272 5617 3326 5664 et
3367 5620 3555 5678 postea

223 5698 368 5753 aliis
422 5700 852 5773 quibuscumque
894 5702 1172 5760 beneﬁciis
1218 5702 1321 5765 sibi
1374 5703 1603 5769 collatis,
1659 5701 1856 5760 conﬁci
1958 5699 2284 5772 Augustinus
2309 5697 2476 5762 aiunt,
2503 5695 2619 5766 ejus
2649 5695 2815 5751 libros
2838 5694 3223 5764 interpretatus
3249 5698 3341 5765 sit,
3373 5714 3546 5769 eaque

228 5806 416 5866 posse
446 5807 568 5864 eos,
615 5810 647 5850 a
676 5795 868 5867 (lgibus
897 5808 1111 5871 reperta
1156 5812 1258 5856 nec
1302 5807 1483 5857 creata
1534 5806 1684 5866 sunt,
1734 5812 1860 5856 esse
1961 5808 2089 5851 vera
2117 5792 2245 5859 sint,
2274 5805 2398 5861 quae
2437 5789 2507 5848 de
2537 5789 2755 5847 illorum
2801 5787 3029 5845 deorum
3061 5789 3370 5860 natalibus,
3396 5792 3557 5856 rebus
