3824 6282
324 317 429 377 5ὺ9

1680 298 1769 352 DE
1808 292 2062 351 MINUCII
2101 290 2401 348 OCTAVIO
3470 294 3551 351 560

325 440 510 510 gestis,
544 437 826 499 mortibus,
851 441 903 488 et
929 429 1231 499 sepulchris
1262 421 1913 497 narraverattCicerJOC-
1945 420 1996 480 Α
2025 421 2302 485 sequeslre
2341 411 2457 480 eius
2500 407 2770 510 (ξϊβτῖειηο
2797 413 3186 510 ηὶῗιηονθξιιηιο
3217 406 3350 510 (1ηοά
3374 418 3552 477 simul.

324 531 447 594 cit.;
468 527 822 602 August.,lib.
843 540 917 581 vn
947 525 1009 578 de
1028 522 1202 588 Civit.,
1225 536 1345 591 cap.
1378 522 1465 588 17,
1496 520 1522 591 §
1553 534 1592 584 ι,
1622 532 1740 587 pag.
1766 515 1919 580 185).

397 625 657 680 Minucius
682 636 842 693 porro
871 635 937 676 ex
965 621 1029 674 iis
1051 661 1066 687 ,
1093 633 1212 689 quae
1240 618 1329 671 ille
1356 628 1562 686 graecus
1591 613 1822 681 scriptor
1852 608 1922 664 de

323 719 544 774 deorum
573 723 692 770 ortu
719 756 734 779 ,
762 712 932 784 patria
957 754 971 775 ,
1000 720 1052 767 et
1085 707 1384 780 sepulchris
1408 706 1638 771 dixerat,
1667 700 1921 757 nonnulla

323 820 525 865 tantum
557 804 904 876 perstringit,
938 801 1190 857 nimirum
1226 819 1245 852 ί
1286 798 1466 853 Dickei
1493 796 1640 852 Jovis
1665 835 1679 858 ,
1712 792 1920 864 Apolli-

319 902 404 956 nis
435 897 707 968 Delphici,
746 894 955 950 Pharia:
981 893 1134 948 Isidis
1156 934 1170 957 ,
1202 901 1258 947 et
1295 889 1508 945 Cereris
1553 886 1856 942 Eleusiniaz.
1893 903 1913 937 ι

321 994 470 1050 Dicta
514 1000 715 1055 autem,
755 1001 852 1041 seu
882 985 1032 1040 Dicte
1058 997 1214 1038 mons
1244 983 1297 1037 in
1324 981 1483 1036 Creta
1514 977 1683 1032 insula
1714 985 1832 1041 est,
1864 976 1918 1031 in

318 1084 471 1154 cujus
496 1091 653 1136 antro
680 1080 809 1149 Ops,
838 1092 935 1133 seu
965 1076 1114 1132 Rhea
1137 1117 1151 1141 ,
1178 1073 1395 1130 Saturni
1426 1086 1579 1136 uxor,
1604 1069 1790 1125 Jovem
1821 1084 1919 1138 pe-

318 1177 475 1245 perit,
506 1189 570 1229 ac
608 1171 912 1233 Curetibus,
946 1184 1042 1224 seu
1088 1164 1505 1238 Corybantibus,
1538 1173 1592 1218 et
1620 1162 1775 1217 Ιάιιιὶε
1808 1160 1915 1214 Da-

314 1268 578 1339 ctylis,ne
604 1279 794 1321 recens
822 1269 975 1315 natus
1000 1276 1031 1316 a
1061 1268 1234 1330 patre,
1264 1258 1402 1325 sicut
1421 1255 1511 1310 alii
1540 1254 1653 1318 lilii,
1685 1254 1916 1308 devora-

314 1372 488 1426 retur,
521 1356 933 1414 custodiendum
963 1353 1171 1407 occulte
1193 1347 1664 1421 tradidit(Strabo,
1695 1346 1784 1402 lib.
1838 1360 1913 1400 xx

316 1454 528 1525 Geogr.,
558 1465 678 1521 pag.
705 1448 858 1518 478).
890 1446 1019 1501 Inde
1045 1442 1293 1514 Virgilius
1319 1458 1334 1496 :

436 1565 577 1615 Nunc
590 1575 706 1625 age,
737 1566 935 1625 naturas
957 1558 1147 1621 apibus,
1170 1568 1293 1618 quas
1314 1553 1511 1625 Jupiter
1535 1555 1641 1614 ipse

443 1616 659 1686 Addidit,
687 1616 968 1686 expediam;
989 1616 1460 1686 'proquamercede
1485 1627 1690 1686 canoros

436 1680 670 1741 Curetum
695 1680 941 1746 str'epidus
958 1680 1356 1746 'crepitautiaque
1381 1691 1482 1727 tera
1516 1685 1724 1735 secuta‘,

432 1750 619 1801 Dictaeo
635 1747 743 1798 cmli
768 1743 824 1796 re
864 1759 942 1793 em
970 1754 1151 1805 pavere
1176 1743 1270 1791 sub
1291 1746 1447 1789 antro.

827 1759 1040 1870 ῗνίγθὶι.
1066 1806 1240 1869 Georg.
1264 1800 1350 1852 lib.
1376 1816 1444 1863 tv,

2027 510 2333 569 Cretenses,
2364 511 2499 558 teste
2527 500 2763 556 Luciano
2782 542 2797 567 ,
2829 499 3170 554 affirmabant
3191 540 3204 562 ,
3234 516 3252 549 ι
3290 497 3453 554 Jovem
3475 520 3555 559 non

2028 597 2188 655 modo
2242 595 2438 648 vixisse
2482 592 2623 662 apud
2668 606 2761 653 se,
2792 591 3157 661 nutritumque
3194 588 3377 651 fuisse;
3415 605 3559 648 verum

2025 692 2184 748 etiam
2204 686 2543 758 sepulchrum
2563 684 2678 755 ejus
2697 683 2986 739 OStendunt
3006 699 3018 735 :
3039 692 3120 737 τὸν
3141 688 3285 752 τάφον
3299 685 3527 738 δεικνύουσι.
3544 706 3558 737 ι

2025 783 2161 838 Tres
2189 795 2321 835 vero
2341 777 2549 832 Tullius
2573 776 2820 831 distinxit
2858 775 2993 831 Jove
3035 790 3264 845 quorum
3296 792 3314 823 ι
3340 775 3559 843 tertium,»

2023 873 2197 943 inquit
2227 911 2242 938 ,
2295 868 2650 925 numerabant
2708 885 2728 919 ι
2762 864 3115 929 Cretensem,
3166 863 3376 919 Saturni
3417 865 3565 933 ﬁlium,

2023 965 2175 1035 cujus
2228 966 2281 1020 in
2310 964 2396 1018 illa
2445 962 2616 1019 insula
2658 960 2999 1031 sepulchrum
3031 958 3348 1015 ostenditur.
3382 979 3399 1009 ι
3435 958 3568 1017 Varro

2022 1065 2224 1122 autem,
2250 1065 2311 1111 ut
2335 1062 2558 1110 annotat
2582 1052 2819 1119 Solinus,
2856 1070 2875 1104 ι
2910 1052 2962 1107 in
2991 1051 3185 1121 Opere,
3218 1049 3357 1120 quod
3381 1050 3437 1105 de
3459 1051 3568 1108 litto-

2025 1150 2228 1205 ralibus
2274 1158 2392 1217 est,
2441 1148 2602 1203 etiam
2645 1147 2759 1201 suis
2807 1143 3142 1215 temporibus
3184 1141 3570 1214 afﬁrmatsepul-

2029 1241 2218 1297 chrum
2259 1241 2406 1296 Jovis
2440 1239 2511 1295 ibi
2544 1238 2832 1293 visitatutn.
2865 1256 2885 1290 ι
2918 1234 3278 1293 Callimachus
3318 1243 3471 1290 tamen
3500 1237 3569 1291 du-

2020 1334 2163 1389 biam
2192 1348 2306 1388 rem
2338 1347 2458 1386 esse
2495 1331 2643 1385 canit
2667 1371 2683 1396 ,
2715 1344 2777 1384 ac
2823 1326 3114 1384 Cretenses
3156 1326 3411 1382 mendacii
3452 1343 3574 1384 accu-

2019 1433 2103 1479 sat
2164 1443 2178 1479 :
2224 1423 2319 1480 sed
2365 1422 2437 1478 ibi
2481 1438 2600 1477 cum
2649 1420 2835 1477 Jovem
2888 1435 3100 1491 semper
3139 1419 3406 1475 exstitisse
3444 1418 3568 1486 dicat,

2021 1517 2205 1587 putide
2245 1515 2520 1572 mentitur.
2566 1515 2785 1586 Legesis
2824 1513 3000 1569 adhuc
3041 1511 3395 1580 Theophilum
3424 1513 3573 1568 Antio-

2020 1608 2273 1673 chenum,
2307 1607 2638 1663 Clementem
2665 1604 3105 1668 Alexandrinum,
3133 1602 3433 1673 Origeuem,
3459 1604 3566 1658 Ter-

2022 1701 2297 1756 tulliauum
2331 1741 2347 1765 ,
2399 1698 2693 1754 Aruobium
2725 1738 2740 1761 ,
2792 1696 3128 1753 Lactantium
3160 1736 3175 1759 ,
3227 1695 3497 1751 Eusebium
3537 1707 3579 1752 ct

862 1786 1444 1870 ῐίῖἶαῶῖξἆεὶιιῗᾷἶιῖὑῖιιτ,
1466 1799 1607 1851 υ.ι49
1626 1805 1672 1849 et
1692 1797 1850 1862 seqq.)
1943 1794 1992 1854 B
2020 1792 2399 1863 Epiphaniam.
2451 1789 2672 1847 Vossius
2723 1799 2904 1846 tamen
2950 1789 3225 1844 existimat
3273 1789 3402 1844 duos
3447 1786 3580 1846 fuisse

384 1918 556 1973 Alium
585 1916 630 1970 si
660 1912 936 1970 desideres
968 1910 1191 1964 latinum
1237 1915 1448 1977 poetam
1470 1946 1486 1970 ,
1516 1904 1609 1959 tibi
1649 1904 1757 1959 cito
1788 1916 1912 1972 pro-

307 2006 566 2064 ducemus
592 2002 918 2064 Lucretium,
948 2001 1038 2072 qui
1063 1999 1313 2053 similiter
1333 1996 1565 2052 cecinit:

432 2099 648 2149 Dictaeos
666 2095 892 2146 referunt
913 2093 1135 2151 Curetas,
1166 2090 1252 2152 qui
1274 2087 1410 2152 Jovis
1432 2087 1567 2152 illum

431 2148 663 2224 Vagitum
688 2160 737 2224 in
762 2156 907 2224 Creta
936 2148 1475 2224 quondam—occultasse
1498 2148 1747 2224 feruntur,

430 2212 548 2274 Cum
577 2221 716 2280 pueri
741 2221 923 2268 circum
947 2212 1155 2280 puerum
1178 2212 1618 2280 pernicqcboraea,

429 2275 615 2333 Armati
653 2284 703 2331 in
724 2275 1004 2336 numerum,
1030 2275 1285 2339 pulsarent
1305 2276 1485 2339 mribus
1507 2284 1632 2333 aera,

426 2346 502 2397 Ne
520 2346 763 2395 Saturnus
784 2354 899 2392 eum
923 2337 1065 2388 malis
1089 2339 1345 2387 mandaret
1358 2337 1585 2397 adeptus,

427 2394 787 2468 Eternumque
808 2405 955 2468 daret
978 2401 1119 2468 matri
1144 2400 1237 2449 sub
1263 2394 1467 2468 pectore
1486 2394 1679 2468 vulnus.

821 2466 1057 2527 (Lucret,
1083 2462 1115 2512 ι.
1132 2476 1187 2523 ιι,
1208 2458 1370 2511 υ.’65Ἰ
1396 2466 1442 2509 et
1457 2458 1613 2523 seqq.)

374 2556 518 2626 Lege
541 2551 717 2607 adhuc
736 2592 751 2616 ,
782 2549 827 2605 si
855 2557 1011 2602 vacat
1033 2586 1049 2611 .
1086 2546 1330 2601 Servium
1359 2544 1412 2598 in
1438 2545 1630 2596 citatos
1660 2538 1894 2610 Virgilii,

300 2657 357 2704 et
385 2647 517 2701 alios
545 2644 662 2714 ejus
707 2654 923 2702 versus,
968 2636 1250 2702 Ovidium,
1295 2632 1583 2688 Diodorum
1630 2630 1891 2695 Siculum,

300 2737 575 2792 Lucanum
602 2776 618 2799 ,
660 2732 1013 2795 Strabonem,
1072 2726 1427 2798 Theophilum
1478 2722 1892 2787 Antiochenum,

299 2830 689 2895 Athanasium,
740 2835 797 2882 et
847 2839 965 2897 qua:
1015 2838 1045 2879 a
1104 2823 1258 2878 nobis
1311 2820 1437 2875 alibi
1484 2818 1717 2873 delibata
1770 2823 1899 2870 sunt

298 2920 499 2994 (Serm,
526 2922 580 2975 in
608 2921 750 2975 citat.
798 2933 968 2972 versus
995 2924 1042 2970 et
1068 2915 1122 2969 in
1148 2914 1235 2969 lib.
1266 2929 1322 2969 ιιι
1350 2910 1592 2977 ίΕηεὶά.,
1618 2925 1737 2980 pag.
1766 2909 1893 2975 270;

297 3014 481 3077 Ovid.,
511 3012 605 3067 lib.
642 3027 693 3066 tv
732 3009 907 3076 Fast.;
939 3007 1180 3069 Diodor.,
1211 3005 1305 3059 lib.
1342 3019 1376 3057 v
1404 3002 1582 3067 Bibltl,
1616 3017 1735 3071 pag.
1767 3002 1894 3067 255;

2020 1885 2309 1941 Cretenses
2336 1885 2521 1949 Joves,
2552 1900 2715 1939 ttnum
2738 1883 3176 1953 antiquissimum
3204 1880 3378 1938 Cretae
3406 1896 3572 1962 regem,

2017 1995 2045 2033 a
2089 1996 2196 2051 quo
2226 1979 2384 2036 Creta
2429 1994 2625 2034 nomen
2655 1978 2894 2048 accepit;
2927 1976 3159 2033 alterum
3198 1976 3485 2045 juniorem,
3509 1976 3581 2044 qui

2016 2074 2289 2144 Europam
2334 2073 2544 2143 rapuit,
2577 2072 2646 2127 de
2688 2088 2796 2144 quo
2836 2071 3152 2127 Ciceronem
3193 2079 3250 2127 et
3290 2069 3580 2126 Lactantium

2012 2166 2158 2235 loqui
2186 2166 2436 2235 opinatur
2468 2164 2655 2237 (Cypr.
2701 2164 2764 2218 de
2809 2162 2949 2219 Ιιιοι.
2995 2162 3207 2229 νωθῆ..
3240 2178 3363 2234 pag.
3402 2161 3582 2229 ll;l.u-

2010 2260 2151 2315 cian.
2186 2259 2248 2313 de
2277 2258 2515 2327 Sacri/5.,
2550 2273 2670 2329 pag.
2708 2257 2831 2323 185,
2864 2258 2959 2312 lin.
2990 2258 3083 2323 59;
3119 2258 3325 2326 Cicer.,
3356 2258 3443 2312 lib.
3467 2273 3512 2312 ιιι
3534 2257 3583 2310 de

2008 2350 2139 2407 Nat.
2170 2352 2334 2416 deor.,
2357 2368 2476 2422 pag.
2504 2350 2629 2419 ΞΠ,
2661 2352 2753 2406 Ιίιι.
2779 2354 2872 2414 δίς
2905 2351 3078 2406 Solin.
3108 2351 3372 2422 Polyhist.
3395 2350 3583 2422 eap.ll,

2007 2457 2127 2514 pag.
2159 2443 2232 2499 29
2258 2461 2274 2507 ;
2296 2442 2601 2510 Callitnac.,
2625 2443 2819 2514 Hymn.
2842 2444 2895 2497 in
2915 2443 3113 2505 Jovem,
3139 2459 3261 2514 pag.
3291 2445 3420 2510 535,
3449 2454 3590 2499 tom.t

2001 2544 2148 2606 poet.
2197 2536 2395 2603 Graec.‘;
2440 2535 2750 2607 Theophil.,
2783 2536 2875 2590 lib.
2912 2552 2947 2591 ιι
2992 2537 3061 2590 ad
3100 2535 3304 2604 Autol.,
3354 2553 3471 2607 pag.
3513 2536 3584 2601 8|;

1998 2626 2294 2695 C!ement.,
2346 2628 2667 2717 Alexandr.,
2727 2630 2988 2684 Admonit.
3035 2645 3154 2700 pag.
3228 2630 3326 2696 2i;
3375 2631 3586 2701 Origeu.,

1994 2721 2091 2783 lib.
2151 2737 2206 2776 ιιι
2252 2730 2418 2776 contr.
2462 2720 2622 2790 Calan,
2674 2736 2794 2793 pag.
2851 2723 2978 2788 157;
3030 2721 3288 2791 Tertull.,
3317 2723 3583 2794 Apologet.,

1998 2828 2118 2884 cap.
2148 2813 2242 2879 25,
2271 2829 2393 2884 pag.
2425 2814 2520 2876 27;
2557 2813 2785 2879 Arnob.,
2804 2814 2896 2869 lib.
2926 2829 2977 2869 tv
3006 2814 3125 2868 adv.
3153 2812 3333 2877 Geut.,
3354 2812 3587 2885 pag.l35;

1997 2904 2268 2970 Lactant...
2301 2904 2394 2959 lib.
2452 2921 2469 2959 ι
2518 2904 2732 2970 Instat,
2780 2919 2902 2976 cap.
2944 2906 3033 2972 11,
3089 2921 3210 2977 pag.
3263 2905 3355 2970 64;
3399 2903 3587 2969 Euseb,

1994 2996 2089 3054 lib.
2113 3013 2171 3052 ιιι
2205 2996 2439 3067 Prtepar.
2493 2997 2719 3070 Evang.,
2753 3012 2874 3068 cap.
2924 2998 3016 3064 10,
3068 3013 3189 3068 pag.
3238 2999 3367 3064 107;
3421 2997 3585 3068 Epiph.

295 3106 524 3167 Lucan.,
553 3103 616 3159 de
644 3102 905 3171 Sacriﬁc.,
934 3114 1055 3171 pag.
1086 3098 1209 3158 l85;
1242 3095 1446 3162 Strab.,
1474 3096 1570 3149 lib.
1600 3110 1634 3148 ιι
1681 3093 1865 3167 Geogr.

2015 3090 2339 3158 dnacltorat.,
2371 3090 2399 3162 §
2434 3091 2556 3157 108,
2592 3107 2710 3163 pag.
2744 3091 2848 3147 108
2878 3109 2893 3158 ;
2934 3090 3172 3159 Vossius,
3204 3091 3298 3146 lib.
3331 3107 3345 3146 ι
3377 3091 3437 3145 de
3465 3090 3585 3161 Orig.

296 3215 419 3270 pag.
452 3197 597 3264 468;
643 3193 931 3264 Theophil.
961 3190 1307 3252 Antiochen.,
1353 3188 1449 3244 lib.
1493 3205 1509 3243 ι
1541 3189 1607 3243 ad
1634 3187 1894 3261 Autolyc.,

293 3305 415 3361 pag.
449 3290 537 3357 75;
574 3289 854 3353 Athanas,
888 3284 1034 3337 Orat.
1084 3291 1245 3337 contr.
1281 3280 1472 3347 Grata,
1505 3280 1532 3352 §
1567 3282 1651 3343 10,
1686 3290 1813 3336 ιυιιι.
1848 3298 1897 3348 ι;

293 3382 451 3436 Τυιιι.
489 3397 507 3434 ι
539 3381 813 3448 Αρραναι..
843 3392 962 3445 pag.
993 3372 1176 3446 1164).
1204 3372 1384 3443 Neque
1413 3383 1463 3429 te
1492 3381 1720 3431 moveat.
1751 3373 1897 3444 quod

292 3471 538 3529 nonnulli
569 3469 758 3525 Jovem
785 3483 892 3522 non
923 3467 975 3521 in
1006 3467 1176 3533 Dicta,
1211 3465 1307 3521 sed
1340 3466 1391 3520 in
1426 3465 1513 3520 Ida
1546 3474 1727 3521 monte
1752 3466 1893 3521 edu-

295 3574 473 3620 catum
523 3567 793 3616 asserunt.
863 3558 1072 3614 Etenim
1128 3569 1351 3628 uterque
1410 3573 1564 3612 mons
1622 3559 1896 3628 proximus

298 3665 438 3720 erat,
466 3661 526 3709 ut
550 3661 778 3707 testatur
809 3651 1033 3716 Aratus;
1072 3649 1315 3720 quamvis
1340 3665 1435 3705 eos
1473 3649 1666 3706 Strabo
1709 3651 1899 3707 Stadiis

297 3763 382 3803 cro
439 3747 641 3800 distare
685 3742 1073 3799 existimaverit
1120 3740 1363 3813 (Strab.,
1422 3742 1518 3797 lib.
1571 3758 1602 3796 ιι
1672 3739 1897 3814 Geogr.,

300 3856 424 3912 pag.
457 3837 612 3909 478).

368 3932 732 3986 Porroautem
754 3945 821 3985 ex
844 3928 957 3999 jam
979 3929 1145 3984 citato
1167 3928 1398 3985 Diodoro
1432 3928 1613 3985 Siculo
1642 3928 1901 3986 discimus

295 4039 456 4095 quam
473 4038 656 4078 verum
685 4021 813 4076 illud
844 4022 932 4086 sit,
962 4021 1104 4092 quod
1134 4029 1316 4091 postea
1333 4030 1522 4077 auctor
1548 4031 1732 4076 noster
1755 4032 1901 4077 retu-

298 4116 383 4183 lit,
414 4129 633 4187 capram
651 4112 820 4169 fuisse
833 4112 1073 4183 ejusdem
1092 4111 1240 4168 Jovis
1267 4113 1482 4168 infantis
1501 4114 1788 4181 nutricem,
1813 4115 1897 4169 vel

296 4208 510 4276 utiipse
524 4209 761 4277 loquitur
782 4223 796 4259 ε
819 4224 837 4257 ‹
859 4203 1199 4261 Jovisnutrix
1215 4206 1420 4275 capella
1442 4214 1543 4261 est.
1583 4225 1602 4258 ι
1636 4206 1898 4278 Nympha:

296 4301 494 4355 etenim
525 4341 541 4368 ,
608 4296 1060 4368 quemadmodum
1111 4300 1225 4369 ipse
1294 4298 1555 4354 Diodorus
1615 4301 1896 4371 loquitur,

303 4412 323 4444 σ
358 4392 531 4448 mellis
572 4402 628 4446 et
659 4390 812 4446 lactis
844 4399 1270 4461 temperamento
1313 4389 1571 4445 infantem
1614 4390 1892 4457 eibarunt,

2003 3192 2051 3237 et
2080 3199 2226 3253 prog.
2259 3182 2466 3250 idolot.,
2489 3199 2608 3254 cap.
2640 3185 2694 3249 1,
2725 3199 2846 3255 pag.
2868 3185 2985 3251 61).
3005 3183 3170 3239 Nobis
3196 3199 3327 3240 vero
3346 3184 3529 3241 sufﬁcit
3545 3180 3588 3237 id

2006 3277 2296 3344 probasse,
2335 3277 2474 3347 quod
2518 3277 2587 3332 ab
2630 3289 2851 3334 auctore
2897 3290 3084 3334 nostro
3113 3278 3373 3335 traditum
3402 3277 3582 3337 εει.οα

1999 3366 2132 3423 Jove
2161 3380 2339 3425 autem
2367 3369 2567 3440 aliquid
2594 3379 2777 3440 postea
2807 3371 3121 3428 dicendum.

2081 3460 2251 3528 Quam
2282 3472 2429 3518 recte
2467 3462 2627 3518 etiam
2676 3462 2941 3519 Minucius
2987 3464 3104 3520 Jovi
3146 3465 3445 3536 Apollinem
3483 3462 3586 3519 Del-

2001 3551 2217 3624 phicum
2244 3553 2583 3623 subjunxerit
2601 3594 2617 3618 ,
2646 3569 2711 3608 ex
2740 3555 2859 3621 ipso
2884 3570 3071 3611 rursus
3110 3556 3373 3613 Cicerone
3399 3554 3580 3628 liquido

2003 3647 2309 3701 conﬁrmari
2338 3654 2533 3714 potest.
2565 3647 2832 3704 Plurimos
2857 3648 3136 3706 enimvero
3167 3661 3413 3707 recenset
3439 3648 3581 3719 Apul-

2004 3737 2162 3802 lines,
2195 3753 2423 3809 quorum
2458 3756 2479 3790 ι
2505 3739 2713 3802 tertius,
2740 3740 2815 3795 ait
2845 3740 2964 3809 ille,
2988 3741 3128 3798 Jove
3156 3745 3315 3799 tertio
3336 3752 3509 3805 natus,
3534 3748 3583 3793 et

2009 3826 2233 3891 Latona.
2261 3844 2422 3899 quem
2453 3844 2521 3884 ex
2564 3828 2930 3901 Hyperboreis
2959 3832 3198 3903 Delphos
3228 3832 3396 3890 ferunt
3427 3830 3572 3884 adve-

2008 3920 2172 3974 nisse.
2216 3937 2235 3970 ι
2281 3918 2547 3976 Lucianus
2617 3935 2745 3976 vero
2791 3940 2805 3976 :
2859 3940 2878 3975 ι
2918 3921 3018 3977 Per
3064 3925 3340 3994 regiones,
3401 3919 3576 3990 inquit,

2005 4009 2129 4066 illos
2161 4031 2180 4063 ι
2213 4010 2344 4066 deos
2392 4031 2411 4063 ι
2446 4011 2760 4067 distributos
2812 4012 3030 4080 colunt,
3072 4028 3168 4070 eos
3229 4016 3283 4070 in
3338 4013 3584 4069 civitatem

2004 4118 2154 4159 suam
2210 4113 2512 4174 receptant.
2567 4103 2789 4175 Nempe,
2843 4111 2870 4160 ὁ
2910 4116 2996 4175 μὲν
3046 4110 3220 4178 Δελφός
3265 4130 3343 4164 τον
3387 4106 3582 4170 milia,

1998 4197 2303 4267 Apollinem
2338 4196 2525 4263 Delphi
2557 4197 2798 4269 Deliique
2830 4238 2845 4264 ,
2880 4198 3177 4255 Minervam
3205 4198 3543 4256 Athenienses
3563 4233 3578 4259 ,

2002 4290 2145 4346 cives
2174 4303 2301 4346 suos
2324 4288 2591 4345 exhibent
2618 4299 2673 4346 et
2698 4288 2919 4346 faciunt.
2956 4310 2976 4343 ›
3003 4293 3074 4347 At
3098 4292 3365 4349 Diodorus
3394 4286 3575 4347 Siculus

2002 4383 2174 4453 magis
2211 4397 2470 4453 expresse
2503 4393 2685 4439 narrat
2720 4384 3008 4456 plerosque
3040 4384 3173 4442 deos
3201 4400 3269 4442 ex
3296 4384 3455 4442 Creta
3484 4395 3588 4453 pro-

295 4493 349 4538 et
379 4498 557 4553 caprm
582 4482 862 4547 Amaltete,
887 4490 943 4535 ut
967 4491 1208 4547 vocatur,
1233 4482 1396 4537 ubera
1422 4481 1489 4536 ad
1521 4482 1814 4551 pleniorem
1848 4501 1876 4540 e

2015 4473 2166 4530 liisse
2193 4492 2206 4528 :
2232 4493 2252 4526 ί
2278 4481 2504 4537 Ωσιιῦτως
2521 4479 2570 4530 δὲ
2584 4485 2668 4544 μὲν
2684 4479 2945 4531 Απόλλωνα
2969 4482 3189 4532 πλεῖστον
3215 4488 3377 4549 χρόνον
3403 4490 3589 4547 pavire:

298 4576 708 4632 nutricationem
754 4581 1226 4642 porrexerunt"...
1268 4571 1457 4643 Capra:
1499 4574 1660 4628 etiam
1706 4576 1876 4633 nutric

2015 4571 2294 4638 περὶΔῆλον,
2339 4576 2422 4622 καὶ
2457 4577 2658 4634 Λυκίαν,
2690 4579 2771 4623 καὶ
2806 4575 3023 4641 Δελφούς.
3071 4569 3439 4626 Consimiliter
3467 4564 3589 4623 mul-

298 4681 421 4721 cum
446 4664 582 4720 alios
612 4663 796 4718 tribuit
828 4662 1084 4730 Iuniores,
1120 4673 1229 4718 tum
1267 4662 1537 4733 1Egioehi,
1570 4665 1623 4720 id
1662 4674 1766 4731 est,
1795 4668 1897 4725 Ca-

291 4758 610 4828 pritenentis
634 4768 1047 4828 cognomentum
1077 4757 1146 4811 ab
1186 4756 1273 4811 illa
1304 4757 1605 4831 desumpsit
1636 4781 1656 4813 ι
1691 4763 1895 4832 (Diod.,

294 4849 387 4906 lib.
404 4867 451 4923 vv
475 4849 744 4919 Bibliotlt.,
776 4865 896 4920 pag.
928 4848 1084 4919 235).
1105 4850 1465 4917 Quamobrem
1491 4852 1709 4912 Ovidius
1734 4873 1748 4910 :

480 5006 707 5075 Nascitur
725 5005 915 5075 Oleniae
932 5008 1067 5058 sidus
1092 5007 1303 5075 pluviale
1329 5012 1531 5075 capella:

542 5069 630 5118 Illa
652 5069 749 5119 dati
771 5070 946 5119 coelum
973 5069 1167 5131 praemia
1189 5069 1327 5122 lactis
1348 5069 1516 5126 habet.

479 5131 600 5183 Nais
614 5132 875 5182 Amalthea
897 5132 1085 5183 Cretam
1115 5134 1293 5185 nobilis
1314 5135 1423 5197 Ida,

511 5236 524 5250 ο
610 5239 622 5251 ι
704 5235 719 5249 ο
800 5233 816 5250 ο
893 5234 908 5249 ο
994 5238 1006 5250 ο
1089 5236 1101 5250 ι
1181 5235 1195 5250 ο
1277 5239 1292 5254 ο
1374 5239 1388 5255 ο
1470 5238 1485 5255 ο
1564 5242 1577 5255 ι

477 5429 717 5499 Cornibus
739 5430 922 5499 aereis,
948 5436 1096 5499 atque
1117 5432 1165 5479 in
1189 5444 1284 5499 sua
1320 5440 1464 5499 terga
1485 5440 1737 5499 recurvis:

542 5492 735 5564 Ubere,
752 5493 890 5564 quod
906 5492 1071 5542 nutrix
1090 5502 1259 5554 posset
1274 5492 1463 5550 habei'e
1484 5498 1637 5564 Jovis,

474 5552 574 5604 Lac
594 5555 744 5604 dabat
765 5552 845 5603 illa
861 5554 974 5605 deo.

1048 5615 1322 5685 (0rid._lib.
1349 5638 1377 5674 v
1398 5625 1611 5687 Fastor.,
1639 5627 1759 5690 §2.)

368 5740 446 5798 Ad
473 5741 616 5800 illius
641 5750 819 5799 autem
849 5741 1217 5817 sepulchrum,
1246 5765 1277 5806 a
1315 5749 1547 5809 Minucio
1568 5763 1784 5826 nostro,
1819 5770 1884 5813 ac

2009 4668 2118 4714 tum
2144 4662 2401 4729 temporis
2428 4660 2481 4714 in
2515 4660 2667 4727 Delo,
2700 4660 2882 4732 Lycia,
2913 4673 2969 4717 et
3004 4661 3222 4734 Delphis
3256 4662 3447 4734 Apollo
3470 4674 3585 4716 exe-

2002 4751 2099 4821 git.
2136 4769 2157 4804 ι
2192 4751 2380 4821 Delphi
2415 4761 2594 4807 autem
2636 4753 2765 4807 urbs
2790 4764 2909 4809 erat
2937 4754 3193 4811 Phocidis
3218 4756 3274 4812 in
3313 4752 3503 4812 Achaia
3526 4749 3587 4805 ad

1997 4843 2322 4900 Parnassum
2355 4853 2612 4911 montem,
2642 4849 2862 4904 oraculo
2884 4847 3172 4918 Apollinis,
3206 4859 3267 4906 ut
3291 4864 3451 4906 neum
3478 4860 3594 4902 nes.

1998 4940 2114 5002 cit,
2166 4938 2537 4994 celeberrima.
2573 4938 2844 5008 Quosdam
2874 4950 3048 4997 tamen
3096 4942 3273 4999 adhuc
3311 4943 3595 5012 scriptores

1998 5027 2139 5083 hanc
2169 5030 2221 5083 in
2252 5044 2364 5084 rem
2397 5029 2574 5101 legere
2602 5031 2647 5084 si
2677 5030 2811 5087 velis
2836 5072 2852 5098 ,
2884 5030 2970 5086 adi
2999 5032 3320 5090 Pausaniam
3340 5076 3354 5100 ,
3389 5031 3593 5086 Plutar-

1997 5120 2177 5186 chum,
2209 5120 2552 5191 Strabonem,
2586 5132 2641 5177 et
2665 5122 2799 5178 alios
2824 5122 3180 5196 Mytltolngos.
3213 5122 3489 5181 Macrobio
3516 5121 3594 5176 ni-

1993 5209 2285 5268 hilominus
2309 5214 2453 5268 Varia
2485 5215 2624 5270 bolis
2655 5214 2871 5271 nomina
2896 5217 3271 5288 interpretanti
3301 5217 3341 5272 si
3365 5214 3582 5275 credas.

1997 5323 2017 5358 ι
2042 5298 2298 5363 Rumon
2336 5315 2550 5378 Δελφῶν,
2583 5319 2813 5377 vocant,
2843 5310 2986 5380 quod
3013 5326 3134 5382 quae
3182 5311 3409 5367 obscura
3449 5315 3594 5373 sunt,

1992 5395 2316 5454 claritudine
2343 5399 2477 5455 lucis
2519 5400 2756 5456 ostendit
2778 5441 2794 5467 ,
2825 5403 2925 5454 ἀπὸ
2950 5408 3034 5457 τσῦ
3064 5406 3235 5464 δηλοῦν
3258 5405 3415 5474 ἄφανη
3438 5440 3453 5467 ,
3483 5406 3594 5462 aut,

1992 5496 2053 5544 ut
2096 5488 2361 5546 Numenio
2402 5491 2596 5560 placet,
2623 5493 2776 5562 quasi
2804 5509 2967 5549 unum
3012 5503 3067 5549 et
3109 5494 3303 5550 solum.
3328 5493 3422 5548 Ait
3451 5492 3597 5547 enim

1992 5580 2165 5650 prisca
2195 5581 2502 5639 Graecorum
2533 5584 2712 5656 lingua
2758 5589 2917 5657 δελφδν
2949 5601 3109 5641 unum
3140 5585 3377 5642 vocitari.
3439 5581 3595 5639 Unde

1987 5680 2044 5727 et
2070 5669 2257 5740 frater,
2282 5674 2474 5746 inquit,
2500 5678 2696 5748 ἀδελφὸς
2724 5675 2940 5745 dicitur,
2955 5678 3107 5748 quasi
3124 5693 3229 5733 non
3257 5690 3394 5731 unus
3430 5693 3451 5725 ι
3481 5672 3592 5746 (Ci-

1986 5776 2098 5821 cer.
2121 5764 2215 5822 lih.
2237 5780 2295 5824 ιιι
2315 5765 2378 5822 de
2402 5763 2593 5824 Natur.
2616 5767 2783 5838 deam,
2814 5784 2933 5845 pag.
2962 5768 3066 5827 218
3089 5784 3104 5837 ;
3133 5767 3375 5835 Lucian.,
3401 5767 3472 5821 de
3499 5765 3591 5822 Sa-

3754 1900 3765 1997 l
