3818 6282
404 335 513 393 565

1777 342 1862 397 DE
1903 338 2162 397 MINUCII
2199 340 2500 401 OCTAVIO
3489 369 3559 431 561

403 464 727 529 extorquere
760 457 991 525 potuisse
1021 456 1089 511 de
1116 454 1220 511 diis
1251 456 1559 513 hominibus
1594 467 1861 515 secretum
1880 499 1894 522 ,
1934 474 1999 515 ac
2025 460 2078 519 Α
2103 460 2254 527 serit,
2286 459 2338 515 hi
2369 472 2536 526 certe,
2569 477 2742 532 neque
2761 477 2943 518 eorum
2967 464 3055 520 ﬁlii
3085 477 3134 523 et
3160 482 3356 542 nepotes
3379 483 3561 543 venum.

405 552 567 607 matri
594 565 705 605 suae
731 550 1008 616 scripsisse
1033 563 1096 602 ea
1121 548 1189 603 de
1230 562 1288 604 re
1315 548 1507 604 librum
1526 591 1541 615 ,
1571 560 1664 605 aut
1683 550 1998 621 epistolam;

402 655 555 699 certe
585 641 896 697 Plutarchus
919 683 934 707 ,
965 642 1049 695 cui
1088 640 1350 711 Rigaltius
1378 640 1606 698 fortasse
1633 642 2004 712 Ceilariusque

403 738 688 804 majorem,
720 751 876 803 quam
919 735 1176 791 Ecclesiae
1214 736 1483 801 Patrihus,
1515 736 1674 792 ﬁdem
1713 737 2003 802 habebant,

405 828 594 886 eadem
621 829 676 885 in
707 829 993 885 Alexandri
1034 828 1207 901 Magni
1247 831 1366 886 Vita
1394 842 1613 886 narrat:
1646 826 1790 895 Ᾰυτδς
1817 834 1866 885 δι
1890 827 2009 886 Alt-

406 929 597 991 ξανδρος
627 930 671 978 ἐν
695 930 920 993 ἐπιστολῇ
948 935 1065 996 πρὸς
1093 936 1178 984 τὴν
1215 934 1424 996 μητέρι,
1452 929 1590 994 φησὶν
1612 935 1845 997 ’γεγονένιιι
1878 932 2011 987 risit;

2106 568 2262 623 quam
2294 554 2366 609 dii
2396 556 2726 611 immortales
2753 571 2875 613 esse
2894 567 3183 627 potuerunt.

2177 648 2330 715 Quod
2361 657 2537 704 autem
2570 658 2757 719 postea
2788 649 3039 706 Minucius
3078 654 3142 710 de
3166 654 3288 714 Iside
3307 702 3320 728 ,
3346 663 3513 738 ejusque
3528 676 3571 731 ad

2108 739 2636 832 hirundinemsistro
2658 741 2811 809 dixit,
2830 740 3164 800 difﬁcillimus
3184 763 3300 805 sane
3321 752 3448 811 habet
3463 767 3576 832 expia.

2110 837 2281 885 catus.
2333 830 2559 899 Quidam
2590 833 2732 887 enim
2775 842 2959 902 putant
2997 834 3131 890 liuuc
3168 853 3279 894 esse
3304 842 3478 904 Minucii
3499 830 3577 909 seu.

2114 937 2230 977 sum
2268 941 2281 979 :
2318 924 2620 980 Alexander
2650 939 2745 980 sua
2778 926 2828 980 in
2859 927 3078 996 epistola
3113 929 3227 987 facit
3250 933 3310 988 de
3332 940 3461 1007 spicis
3482 942 3579 1003 Isidis

404 1023 538 1085 αὖτῷ
564 1027 790 1084 μαντείαις
812 1023 1127 1089 ἀπορῥήτουε,
1160 1022 1215 1077 ὃς
1252 1024 1392 1078 αὐτὸς
1420 1025 1677 1073 ἐπανελθὼν
1702 1028 1869 1091 φράσει
1897 1026 2014 1089 πρὸς

2143 1017 2327 1071 istrum
2355 1018 2421 1072 ad
2455 1017 2798 1073 hirundinem
2819 1061 2833 1084 ,
2868 1020 2917 1074 id
2946 1028 3027 1075 est
3052 1036 3227 1078 sonum
3255 1025 3581 1094 hirundininusi.

408 1113 557 1177 μόνην
583 1117 849 1173 iactv/nn...
892 1119 1083 1181 Myso-att
1114 1115 1163 1164 δὲ
1190 1115 1273 1164 καὶ
1300 1119 1569 1179 Ψάμμωνος
1600 1120 1645 1168 ἄν
1667 1109 1888 1184 Aquino;
1929 1120 2014 1170 τοῦ

408 1211 662 1272 φιλοσόφου
708 1206 979 1267 ὂιαχοὺσιις,
1020 1206 1348 1268 ἀποδέξασθαι
1374 1210 1593 1271 μάλιστα
1620 1222 1709 1262 τῶν
1742 1213 2011 1274 λιχθέντων,

408 1302 488 1352 ὅτι
508 1302 679 1357 πάντες
704 1302 942 1367 ἀνθρώπω
956 1304 1299 1368 βασιλεύονται
1322 1303 1412 1350 ὑπὸ
1428 1305 1569 1352 Θεουθ
1594 1307 1647 1353 τὸ
1672 1303 1767 1368 γὰρ
1795 1306 1941 1369 ἄρχον
1973 1307 2017 1354 ἐν

412 1395 598 1458 ἑκάστῳ
626 1400 708 1442 καὶ
735 1396 957 1459 κρατοῦν.
989 1393 1111 1444 Θεῖόν
1136 1397 1279 1444 locis.
1317 1407 1335 1441 ι
1372 1389 1553 1458 lpsein
1569 1390 1792 1458 epistola
1815 1391 1880 1444 ad
1902 1404 2015 1444 ma-

410 1488 552 1534 trem
578 1479 886 1536 Alexander
914 1490 1089 1536 sortes
1111 1480 1372 1550 quasdam
1404 1480 1504 1535 sibi
1534 1481 1610 1535 ait
1637 1494 1863 1536 arcanas
1904 1490 2016 1535 tra-

416 1574 728 1644 ditas,quas
758 1589 1007 1630 reversus
1036 1575 1136 1629 soli
1165 1576 1213 1630 ei
1242 1576 1509 1630 relaturus
1539 1587 1801 1631 esset.....
1834 1576 2020 1631 Perhi-

414 1668 576 1723 betur
590 1669 774 1734 etiam,
790 1683 909 1723 cum
930 1669 1308 1723 Psammonem
1332 1669 1709 1739 philosophum
1730 1668 2023 1725 audivisset

414 1761 471 1815 in
501 1759 756 1830 Egypto,
790 1775 854 1813 ex
892 1759 1050 1814 dictis
1088 1761 1206 1828 ejus
1247 1761 1514 1830 praecipue
1554 1762 1808 1831 probasse
1832 1777 2023 1818 omnes

2114 1106 2315 1161 miletn.
2357 1109 2531 1178 Spicze
2577 1110 2856 1164 enimvero
2905 1127 3184 1175 succussr,
3224 1118 3421 1187 agitatae,
3447 1135 3487 1178 et
3513 1133 3582 1181 col.

2116 1198 2231 1254 iisa:
2251 1214 2443 1255 sonum
2469 1200 2650 1268 edunt,
2675 1201 2847 1272 qualis
2873 1205 3215 1261 Concussione
3237 1208 3362 1263 sistri
3384 1213 3565 1273 redditur,

2188 1290 2483 1347 Salmasius
2543 1308 2670 1348 vero
2734 1295 3032 1365 suSpicatnr
3082 1296 3344 1355 Minucium
3391 1303 3432 1358 in
3472 1309 3584 1379 aliquo

2116 1386 2281 1457 graeci
2317 1388 2594 1457 scriptoris
2628 1387 2762 1441 libro
2794 1388 2987 1458 legisse
3017 1389 3151 1444 inter
3180 1389 3318 1446 Isidis
3344 1393 3518 1466 insignia
3537 1418 3590 1457 nu-

2119 1482 2315 1535 morari
2346 1486 2628 1536 Χελιδονίων
2652 1487 2883 1553 σεῖστρον,
2912 1481 3012 1537 hoc
3037 1492 3136 1549 est,
3166 1480 3482 1544 Chelidoniam
3504 1498 3590 1563 aspi-

2122 1574 2244 1629 dem
2273 1580 2328 1630 et
2364 1576 2581 1630 sistrum
2617 1594 2630 1629 :
2665 1574 2806 1646 quod
2838 1577 2954 1647 ipse
2983 1579 3177 1641 vertit,
3224 1596 3242 1629 ι
3268 1577 3327 1632 ad
3353 1579 3590 1640 hirundinem

2124 1666 2365 1731 sistrum,
2405 1684 2424 1719 ι
2477 1669 2627 1736 quasi
2676 1669 2893 1723 sistrum
2944 1668 3166 1723 similem
3212 1668 3587 1733 liirnndiuisonum

2127 1759 2457 1827 crepitacqu
2496 1758 2717 1825 faceret,
2766 1770 2822 1814 ut
2858 1764 3081 1831 κερκίδες,
3132 1771 3183 1814 et
3216 1761 3337 1815 radii
3381 1769 3537 1820 textorii
3565 1772 3593 1823 iu

416 1826 679 1910 mortales
707 1870 735 1907 a
776 1854 885 1908 Deo
916 1855 1057 1924 regi,
1089 1826 1285 1924 quippe
1315 1826 1459 1925 quod
1500 1826 1568 1910 inv
1591 1871 1798 1925 quaque
1831 1871 1891 1910 re
1918 1856 2019 1909 im-

2143 1864 2303 1919 ;ratco
2368 1851 2750 1922 epigrammate
2820 1856 3052 1921 χελιδόσιν
3111 1856 3378 1925 εἰκελξφωνοι
3431 1855 3595 1915 dicuntur

416 1957 572 2017 perat
615 1957 670 2003 et
710 1948 1036 2012 dominatur,
1063 1961 1184 2003 esse
1224 1948 1467 2002 divinum
1504 1968 1523 2000 ι
1556 1946 1874 2017 (Plutarcli.,
1920 1946 2020 2003 Vit.

420 2040 731 2103 Alexnndr.,
785 2050 916 2095 tom.
971 2056 1045 2099 ιι.
1080 2055 1201 2111 pag.
1255 2039 1430 2112 680).
1497 2041 1599 2108 Qui
1666 2056 1794 2096 vero
1843 2056 1873 2095 a
1929 2041 2025 2095 Mi-

422 2132 604 2191 nucio.
634 2132 921 2203 Cypriano,
964 2132 1306 2202 Athenagora
1343 2132 1632 2196 sacerdos,
1665 2133 1813 2188 etab
1840 2135 2023 2203 Augu-

420 2225 567 2279 stino
594 2223 703 2278 Leo
729 2234 969 2290 vocatur,
1014 2224 1155 2279 hunc
1196 2224 1266 2278 ibi
1301 2224 1615 2279 Plutarchus
1642 2225 2026 2280 Psammonem

423 2316 803 2386 philosophum
829 2318 1083 2385 appellat.
1117 2316 1234 2371 Non
1261 2317 1397 2372 dixit
1419 2317 1635 2387 quidem
1659 2318 2026 2374 Alexandrum

427 2410 585 2462 matri
616 2423 726 2464 suae
755 2410 1056 2479 scripsisse,
1084 2423 1204 2480 qua:
1229 2409 1297 2464 ab
1324 2409 1418 2464 illo
1450 2411 1769 2465 Psammone
1799 2425 2027 2479 accepe-

428 2509 534 2567 rat,
562 2502 656 2557 sed
689 2517 860 2572 neque
887 2503 988 2557 hoc
1008 2504 1170 2557 etiam
1204 2501 1694 2558 iniiciatur.Verum
1719 2502 1845 2573 quid
1864 2511 2027 2567 vetat,

427 2592 715 2663 quominus
743 2593 1131 2663 Athenagoras,
1166 2594 1447 2658 Minucius,
1486 2604 1540 2650 et
1562 2594 1649 2651 alii
1686 2596 1902 2651 aliunde
1928 2595 2031 2652 hac

428 2685 497 2740 de
528 2701 587 2741 re
635 2688 893 2743 certiores
945 2688 1059 2743 fieri
1104 2689 1413 2759 potuerint?
1444 2688 1575 2743 Tam
1604 2688 1812 2745 levibus
1852 2690 2029 2759 itaque

431 2780 760 2851 coniecturis
791 2790 951 2836 tanta:
981 2783 1317 2838 auctoritatis
1344 2783 1634 2853 scriptores
1662 2783 1866 2840 erroris
1903 2798 2034 2838 con-

432 2870 724 2928 demnandi
759 2889 863 2927 non
891 2881 1066 2928 erant.

507 2964 638 3032 Quae
669 2980 829 3034 porro
854 2966 993 3034 apud
1024 2975 1298 3021 auctorem
1329 2975 1570 3020 nostrum
1601 2967 1762 3023 verba
1791 2968 2034 3036 proxime

435 3065 750 3123 sequuntur,
806 3056 921 3110 haec
961 3054 1320 3126 corruptionis
1362 3057 1608 3122 multum,
1651 3067 1703 3111 et
1748 3058 2034 3127 plurimum

438 3148 780 3203 obscuritatis
833 3149 1053 3204 habent.
1099 3149 1187 3203 Sic
1225 3159 1403 3202 autem
1445 3165 1507 3203 ea
1554 3151 1781 3219 legimus
1813 3169 1827 3204 :
1864 3170 1883 3203 ι
1921 3151 2035 3206 Illic

440 3240 561 3310 (nis.
594 3242 719 3311 Reg.
754 3241 859 3309 Illi)
890 3242 1191 3296 Vulcanum
1223 3240 1347 3295 facit
1371 3244 1608 3297 omnimn
1642 3243 1958 3312 principem,
1983 3253 2038 3299 et

439 3342 627 3396 pOSIBa
655 3331 810 3385 Jovis
835 3340 1067 3399 gentem.
1104 3332 1329 3401 Despice
1361 3333 1479 3403 (ms.
1516 3333 1640 3405 Reg.
1672 3343 1726 3389 et
1754 3332 1822 3390 de
1851 3337 2037 3409 spicis)

441 3419 598 3473 Isidis
626 3420 689 3474 ad
723 3420 1063 3475 hirundinem
1094 3423 1311 3476 sistrum
1340 3466 1354 3487 ,
1385 3432 1439 3478 et
1464 3424 1723 3493 dispersis
1753 3425 1873 3499 (ms.
1909 3427 2039 3498 Reg.

443 3510 738 3579 adspersis)
774 3513 1026 3565 membris
1058 3514 1276 3568 inanem
1314 3516 1393 3569 tui
1439 3514 1709 3585 Serapidis
1738 3517 1850 3570 sive
1877 3514 2047 3572 Osiri-

447 3602 531 3655 dis
562 3602 680 3674 (ms.
714 3602 838 3673 Reg.
871 3603 1118 3676 Osiridis)
1144 3607 1431 3661 tumulum.
1467 3608 1542 3662 Ex
1578 3609 1739 3662 variis
1763 3607 1908 3665 hisce
1933 3611 2041 3666 leeo

448 3692 687 3747 tionibus
707 3697 886 3749 cernis
913 3698 1099 3764 procul
1119 3697 1303 3761 dubio,
1324 3708 1501 3753 utrum
1532 3700 1798 3755 immerito
1822 3702 2046 3771 quibns-
2086 3694 2089 3697 ’

450 3785 577 3838 dam
610 3785 723 3841 inec
770 3787 1049 3843 videantur
1079 3806 1198 3845 esse
1228 3788 1364 3847 adeo
1389 3790 1677 3861 depravata
1702 3836 1714 3858 ,
1764 3805 1819 3849 ut
1845 3795 2051 3866 absque

448 3876 671 3934 alterius
715 3882 944 3936 sanioris
997 3883 1347 3954 manuscripti
1388 3884 1590 3941 codicis
1638 3884 1835 3943 auxilio
1876 3889 2051 3943 sanari

449 3985 612 4042 posse
641 3972 1071 4044 desperaveriut.

523 4070 726 4125 Sensus
751 4079 926 4127 autem
952 4073 1243 4141 primorum
1283 4074 1519 4129 auctoris
1544 4075 1713 4131 nostri
1740 4074 2049 4144 verborum,

451 4170 709 4229 quantum
756 4177 823 4218 ex
855 4177 957 4218 ms.
1011 4162 1197 4231 Regii.
1231 4160 1352 4221 aliis
1402 4164 1541 4221 haud
1587 4166 1817 4222 absurde
1865 4169 2053 4238 praefe-

448 4255 617 4309 renda
663 4255 889 4312 lectione
912 4298 927 4323 ,
956 4265 1135 4325 potest
1161 4257 1375 4328 colligi,
1412 4258 1500 4315 hic
1537 4269 1640 4326 est,
1696 4258 1807 4325 Illi,
1837 4276 1931 4315 seu
1962 4276 2055 4328 po-

450 4346 557 4399 tius
585 4346 671 4401 ille
700 4347 1025 4417 Alexander,
1055 4365 1119 4405 ac
1146 4349 1282 4406 forte
1306 4351 1496 4407 melius
1523 4352 1652 4414 illic.
1686 4352 1738 4408 id
1768 4362 1871 4415 est,
1902 4354 1956 4409 in
1982 4355 2057 4409 ci-

452 4446 561 4492 tata
588 4440 812 4508 epistola
839 4442 1145 4499 Alexander
1172 4442 1299 4500 facit
1324 4444 1624 4501 Vulcanum
1646 4447 1910 4513 omnium,
1942 4448 2056 4504 sci-

2129 1941 2375 2015 (Salmas.
2403 1943 2453 1998 in
2498 1943 2692 2010 Solin.,
2729 1959 2845 2014 pag.
2890 1942 3040 2015 545).
3093 1945 3254 2014 Atque
3278 1944 3385 2000 inde
3409 1946 3467 2001 sic
3493 1955 3597 2005 corri-

2124 2035 2356 2104 gendum
2380 2044 2567 2090 censet
2607 2034 2840 2090 auctoris
2882 2034 3049 2089 nostri
3092 2043 3321 2089 textum:
3365 2054 3380 2087 ι
3421 2037 3597 2107 ASpicesis

2128 2128 2284 2183 Isidis
2312 2129 2375 2183 ad
2410 2129 2751 2185 hirundinem
2780 2132 3020 2184 sistrum.
3064 2148 3081 2179 ι
3114 2128 3215 2183 Sed
3253 2131 3294 2183 si
3327 2124 3598 2187 Minncinsali-

2134 2222 2274 2290 quod
2302 2224 2461 2292 graeci
2486 2223 2766 2292 scriptoris
2796 2237 2931 2291 opus
2958 2221 3164 2290 legerit,
3188 2238 3285 2275 non
3311 2222 3429 2276 aliud
3455 2226 3599 2279 sanen-

2131 2315 2287 2371 detur
2315 2328 2509 2386 przeter
2535 2316 2752 2371 citatam
2784 2315 2852 2371 ab
2891 2315 2985 2369 illo
3011 2315 3284 2370 Alexandri
3312 2315 3451 2384 Magni
3469 2319 3596 2386 cpisto-

2133 2408 2260 2470 lam,
2291 2407 2374 2461 vel
2397 2406 2692 2474 Plutarchi,
2718 2407 2802 2462 vel
2829 2406 3058 2461 aliorum
3091 2406 3265 2462 libros.
3291 2409 3349 2461 At
3369 2409 3411 2461 in
3435 2408 3509 2463 illis
3527 2412 3599 2478 quid

2133 2513 2192 2554 ea
2222 2499 2288 2554 de
2328 2515 2386 2554 rc
2415 2501 2668 2570 Scriptum
2708 2498 2888 2567 fuerit,
2930 2501 3055 2570 quis
3080 2498 3306 2555 divinare
3335 2502 3503 2569 potest?
3534 2502 3598 2556 Non

2135 2603 2239 2648 tam
2265 2595 2466 2649 incerta
2499 2595 2677 2665 itaque
2705 2594 3016 2663 conjectura
3040 2602 3223 2648 contra
3255 2594 3530 2665 manuscripti
3549 2611 3600 2647 au-

2132 2687 2439 2756 tiquissimi,
2480 2694 2534 2741 et
2583 2686 2883 2742 editionum
2923 2686 3165 2740 omnium
3208 2684 3376 2752 fidem,
3410 2693 3537 2739 textus
3554 2685 3600 2739 ille

2135 2781 2408 2836 emendari
2438 2780 2616 2836 debet.

2207 2872 2345 2941 Quid
2398 2888 2526 2943 ergo
2566 2872 2637 2928 ibi
2685 2872 2787 2928 sibi
2833 2866 3101 2927 Minucius
3152 2870 3560 2939 volnerit,anobis
3578 2871 3602 2925 si

2140 2965 2377 3033 postules
2400 3006 2412 3029 ,
2444 2963 2578 3017 nihil
2618 2979 2715 3018 nos
2752 2964 2883 3018 certi
2924 2961 3129 3016 habere
3158 2962 3362 3028 ingenue
3400 2960 3600 3015 fatebimur.

2139 3053 2275 3121 Quid
2303 3069 2432 3109 vero
2471 3055 2822 3122 conjiciamus
2843 3095 2856 3117 ,
2887 3055 2930 3107 si
2965 3068 3156 3122 roges;
3188 3063 3241 3105 ut
3277 3051 3356 3106 tibi
3383 3066 3535 3106 morem
3550 3065 3603 3119 ge-

2139 3161 2319 3199 ramus
2340 3146 2627 3201 observare
2646 3147 2791 3214 prius
2811 3144 2960 3216 juvat
2986 3136 3127 3214 quod
3162 3140 3436 3197 Plutarchus
3451 3141 3601 3201 tradidit,

2141 3236 2331 3292 Isidem
2380 3237 2432 3292 in
2482 3237 2823 3292 hirundinem
2871 3245 3131 3291 mutatam
3177 3236 3453 3310 (Plutarclt.,
3479 3235 3535 3287 lib.
3568 3234 3605 3284 de

2144 3327 2275 3383 Isid.
2315 3338 2360 3383 et
2407 3328 2601 3383 Osirid.
2656 3344 2772 3400 pag.
2816 3329 2943 3383 556.
3001 3327 3133 3383 Ibid.
3187 3343 3293 3398 pag.
3330 3324 3448 3395 376).
3485 3323 3605 3379 Deinde

2147 3435 2274 3474 vero
2308 3421 2524 3474 sistrum
2562 3421 2800 3490 depingit
2829 3421 3110 3488 superiore
3142 3426 3279 3487 parte
3307 3416 3603 3478 rotundum,ac.

2148 3516 2436 3568 curvamini
2470 3512 2610 3567 illius
2641 3517 2690 3567 in
2722 3515 2920 3569 vertice
2942 3513 3125 3584 eftingi
3158 3514 3304 3567 felctn
3334 3513 3504 3566 humana
3531 3523 3601 3576 spc-

2150 3608 2252 3665 cie.
2285 3616 2336 3661 et
2366 3607 2485 3659 inim
2504 3610 2659 3676 parti,
2692 3607 2821 3660 infra
2846 3622 2931 3673 ea,
2954 3624 3075 3675 quzc
3104 3609 3401 3677 quatiuntur,
3423 3602 3604 3673 aliquando

2152 3696 2325 3763 Isidis,
2354 3698 2638 3767 aliqua..do
2662 3696 2935 3768 Nephtyos
2966 3698 3177 3752 faciem.
3216 3702 3276 3751 At
3301 3711 3391 3752 non
3411 3694 3601 3749 uuiustuu-

2155 3796 2304 3857 tum,
2352 3789 2443 3845 sed
2512 3792 2638 3843 varii
2691 3792 2905 3861 generis
2962 3791 3290 3861 diversaeque
3337 3790 3467 3843 forma
3498 3785 3596 3836 sistra

2153 3891 2326 3946 erant,
2359 3888 2415 3935 ut
2442 3890 2586 3936 recte
2606 3890 2788 3936 contra
2823 3881 3070 3937 Bossium
3101 3876 3298 3937 Tollius
3322 3879 3451 3951 (Tom.
3471 3891 3504 3927 vi
3530 3873 3595 3927 Au-

2155 3975 2321 4046 tiquit.
2354 3974 2523 4029 Gneo.
2562 3990 2681 4045 pag.
2724 3976 2821 4029 411
2854 3984 2907 4029 et
2929 3973 3100 4044 seq.),
3132 3976 3316 4044 aliique
3336 3974 3599 4027 demonstrant.

2158 4066 2326 4121 Porro
2355 4075 2533 4121 autem
2572 4066 2730 4121 Isidis
2782 4068 2947 4136 figura
2989 4064 3463 4137 repraesentabatur,
3491 4058 3604 4113 dextra

2157 4173 2319 4214 manu
2350 4160 2566 4214 sistrum
2593 4169 2827 4230 gestans.
2872 4158 2990 4227 Ipsa
3016 4175 3168 4224 vero,
3192 4168 3248 4214 ut
3274 4159 3475 4219 vidimus,
3496 4149 3601 4205 eadem

2157 4259 2240 4306 est
2262 4266 2326 4306 ac
2350 4250 2536 4318 Ceres,
2568 4268 2686 4322 qum
2713 4252 2895 4322 fruges
2924 4251 3193 4306 invenisse
3219 4249 3459 4305 ferebatur.
3487 4239 3599 4310 Quibus

2158 4345 2228 4399 ita
2266 4346 2543 4416 explicatis
2563 4388 2577 4412 ,
2611 4345 2873 4416 expende,
2907 4361 3123 4417 quaeso,
3155 4361 3220 4400 an
3249 4343 3343 4399 dici
3376 4339 3499 4412 possit
3522 4335 3597 4387 lunt

2159 4453 2279 4493 esse
2304 4439 2538 4493 auctoris
2578 4438 2747 4493 nostri
2787 4444 3043 4493 mentem.
3096 4434 3376 4492 Alexander
3403 4419 3607 4489 suainepi-

448 4531 579 4585 licet
614 4530 836 4587 deorum
889 4537 1204 4605 principem,
1245 4545 1300 4590 et
1329 4546 1512 4604 postea
1552 4534 1700 4593 Jovis
1728 4511 1960 4610 gentem.
1993 4539 2041 4595 Et

2163 4530 2297 4584 stola
2332 4530 2545 4599 scripsit
2581 4529 2957 4597 repraesentari
2999 4526 3192 4584 Isidem
3231 4542 3320 4582 seu
3345 4511 3609 4610 Cercremfru-

456 4620 512 4675 id
540 4621 756 4689 quidem
793 4625 1100 4680 confirmari
1141 4628 1342 4695 optime
1385 4629 1579 4693 poterit
1626 4632 1965 4702 transcriptis
1993 4633 2062 4689 ab

457 4712 691 4767 Eusebio
714 4714 862 4794 hisce
892 4715 1106 4770 Diodori
1135 4716 1299 4771 Siculi
1323 4718 1501 4772 verbis
1527 4737 1538 4773 :
1560 4703 1699 4776 ἔωσι
1726 4726 1772 4775 δι
1792 4741 1882 4779 τῶν
1909 4732 2063 4794 ἱερέων

461 4808 576 4875 φασὶ
610 4824 790 4877 πρῶτον
821 4790 1058 4876 ἧραιστον
1095 4815 1546 4878 βισιλεῦσιιιπυρός
1576 4814 1771 4879 super?»
1800 4825 2059 4879 γινὸμενον.

465 4914 487 4948 ι
523 4897 565 4950 E
597 4898 967 4953 sacerdotibus
1001 4899 1241 4953 nonnulli
1291 4899 1478 4955 volunt
1524 4900 1856 4965 Vulcanum,
1911 4905 2059 4962 illum

461 4988 600 5058 ignis
630 4990 960 5045 inventorem
986 5031 1000 5056 ,
1033 4990 1264 5056 primum
1292 5005 1470 5061 regem
1501 4992 1889 5047 numerandum
1915 5008 2057 5064 esse,

463 5084 552 5140 cui
571 5086 853 5149 Saturnus.
876 5085 1025 5140 lovis
1057 5094 1227 5154 pater,
1260 5086 1485 5158 imperio
1512 5087 1833 5144 successerit
1856 5107 1876 5141 ι
1904 5089 2059 5161 (Dio-

459 5181 606 5241 dor..
633 5183 724 5238 lib.
756 5200 775 5237 ι
812 5182 1054 5237 Biblioth.
1086 5197 1206 5253 pag.
1249 5181 1304 5245 8;
1339 5183 1563 5251 Euseb.,
1597 5184 1692 5241 lib.
1738 5203 1777 5242 ιι
1816 5185 2055 5258 Ρναιραν.

459 5272 686 5344 Ευαη9.,
713 5287 830 5342 cap.
867 5273 891 5327 I
926 5272 969 5341 ).
1015 5270 1203 5328 Utrum
1242 5281 1419 5328 autem
1452 5275 1591 5330 istud
1620 5292 1805 5331 verum
1834 5279 1904 5331 sit
1931 5279 2061 5333 arti-

460 5365 583 5419 culo
614 5364 857 5433 sequenti
883 5364 1325 5421 examinabimus.
1369 5366 1438 5420 At
1463 5378 1609 5422 certe
1639 5369 1906 5423 neminem
1936 5383 2058 5425 esse

460 5464 731 5524 putamus,
761 5456 850 5525 qui
880 5456 1021 5511 ultro
1046 5472 1150 5512 non
1188 5457 1420 5513 fateatur
1458 5474 1563 5513 non
1605 5459 1852 5514 minimas
1894 5458 2058 5517 fuisse

463 5545 754 5602 Gentilium
791 5546 858 5602 de
891 5549 1113 5604 deorum
1156 5564 1375 5605 suorum
1429 5550 1635 5619 origine
1676 5551 2054 5608 dissentiones.

463 5636 596 5692 Nam
649 5639 738 5692 alii
796 5639 1035 5713 plerique
1079 5657 1267 5697 omnes
1315 5644 1461 5697 illam
1506 5659 1535 5697 a
1582 5644 1812 5699 Saturno
1841 5645 2058 5701 ductam

454 5745 583 5786 esse
607 5731 805 5801 opinati
836 5745 979 5799 sunt,
1006 5735 1160 5791 sicuti
1185 5734 1340 5804 paulo
1360 5744 1480 5803 post
1506 5735 1909 5806 explicabimus.
1940 5733 2061 5791 Ca:-

455 5828 636 5883 terntn
664 5826 780 5887 sive
815 5843 847 5885 a
872 5827 1105 5889 Saturno
1122 5868 1138 5898 ,
1167 5827 1281 5885 sive
1306 5841 1338 5885 a
1359 5825 1601 5885 Vulcano
1630 5825 1842 5885 initium
1869 5841 2058 5899 sump-

2168 4623 2353 4688 menti,
2400 4630 2430 4676 a
2476 4628 2555 4687 Se,
2594 4621 2667 4675 uti
2698 4621 2930 4688 alebant,
2974 4620 3196 4685 inventi,
3234 4618 3388 4682 spicas
3423 4615 3459 4666 in
3489 4604 3609 4673 caput,

2166 4713 2353 4768 subtus
2379 4708 2739 4775 hirundinem,
2773 4712 2822 4767 in
2848 4728 3005 4782 quam
3031 4720 3227 4766 mutata
3250 4711 3415 4767 fuerat,
3435 4718 3476 4757 ac
3491 4696 3611 4752 (lem

2166 4821 2326 4861 manu
2355 4804 2571 4859 sistrum
2602 4814 2920 4875 gestantem.
2948 4804 3165 4859 Meliora
3195 4812 3356 4858 tamen
3382 4796 3452 4851 tibi
3468 4795 3502 4845 in
3518 4800 3611 4883 meu-

2164 4906 2272 4953 tem
2300 4896 2343 4951 si
2375 4897 2640 4962 venerint,
2672 4896 2931 4965 nobisque
2954 4908 3226 4965 suggeras,
3249 4886 3494 4949 coiifestim,
3513 4879 3613 4933 mini-

2166 5005 2357 5057 meque
2386 4990 2735 5053 reluctantes,
2762 4988 3040 5043 sententire
3080 4996 3181 5041 tua:
3216 4980 3544 5040 subscribeinns.
3575 4970 3612 5018 At

2162 5080 2435 5137 fatendum
2467 5091 2641 5136 tamen
2673 5082 2774 5135 erit
2800 5079 3081 5135 Minucium
3107 5080 3227 5134 hinc
3255 5086 3380 5133 recte
3403 5061 3611 5157 concludat

2162 5175 2441 5230 ridiculam
2481 5173 2701 5229 omnino
2730 5187 2849 5228 esse
2889 5182 2940 5228 et
2979 5170 3349 5243 explodendam
3388 5164 3493 5217 hanc
3522 5149 3611 5207 Isidii

2162 5270 2514 5327 divinitatem.
3514 5343 3522 5345 _
3591 5335 3599 5345 ο

2229 5365 2509 5420 Postremo
2530 5363 2579 5417 in
2595 5363 2780 5417 eadem
2800 5362 3086 5417 Alexandri
3103 5359 3331 5430 epistola,
3347 5343 3614 5437 sivc,ntloqtti-

2162 5468 2248 5513 tur
2270 5466 2456 5513 auctor
2480 5466 2668 5511 noster
2698 5474 2717 5505 ι
2748 5454 3017 5511 volumine
3036 5497 3049 5519 ,
3078 5472 3100 5507 ι
3142 5453 3374 5522 scriptum
3403 5448 3518 5497 erati

2161 5551 2352 5621 persis,
2395 5570 2413 5602 ι
2459 5550 2540 5605 vel
2577 5568 2595 5601 ι
2630 5547 2900 5618 adspersis
2925 5543 3190 5606 membris,
3218 5542 3401 5596 inanem
3420 5522 3609 5620 Serapi“;

2164 5620 2276 5698 sive
2301 5642 2527 5698 Osiridis
2557 5643 2836 5697 tumulum.
2872 5659 2890 5692 ι
2924 5636 3030 5693 Nec
3059 5648 3265 5708 prorsus
3289 5645 3399 5685 sane
3424 5620 3607 5717 intulerit

2161 5730 2354 5790 Narrat
2402 5735 2545 5789 enim
2596 5733 2855 5787 Diodorus
2899 5705 3104 5785 Siculus
3150 5722 3381 5795 quosdam
3424 5705 3609 5797 tradidisse

2162 5824 2479 5899 Typhonem
2507 5825 2683 5881 fratris
2714 5823 2796 5881 sui
2821 5818 3062 5886 Osiridis,
3091 5833 3120 5872 a
3147 5830 3203 5874 se
3225 5809 3466 5871 crudeliter
3486 5801 3607 5855 nefa".
