3824 6282
222 338 314 400 565

211 556 457 625 parricidii
481 558 563 614 sui
592 558 757 615 sociis
795 559 1074 616 distribuit
1102 560 1343 632 (Diodor.
1390 562 1556 619 Sicul.
1598 579 1617 618 1
1642 563 1778 620 Bibl.

214 660 321 719 pag.
348 648 444 716 12;
467 661 525 705 et
544 650 674 720 apud
697 651 898 708 Euseb.
920 652 1012 708 lib.
1037 668 1073 708 ιι
1098 651 1330 724 Prtepar.
1358 653 1581 727 Evang.,
1603 656 1781 727 cap.l,

218 753 329 811 pag.
360 740 471 815 46).
520 742 697 800 Postea
736 759 873 801 vero
912 760 1006 801 eas
1048 745 1146 801 Isis
1181 746 1415 814 invenit,
1465 764 1527 804 ac
1552 750 1786 821 singulas

225 849 445 906 quasque
488 838 540 892 in
567 837 813 892 fabricata
849 837 1085 895 hominis
1108 840 1285 912 efﬁgie
1321 841 1553 900 inclusit.
1589 845 1787 900 Accer-

224 925 331 981 sitis
353 926 534 983 deinde
562 929 718 984 totius
748 928 973 1003 Egypti
997 931 1396 999 sacerdotibus,
1430 950 1785 1007 unamquam-

228 1033 320 1089 que
341 1030 530 1093 partem
561 1022 795 1078 tributim
828 1023 1046 1089 divisit,
1076 1040 1234 1096 quant
1275 1040 1373 1080 suo
1412 1027 1636 1097 quisque
1671 1028 1788 1084 loco

227 1113 465 1184 Sepeliret.
508 1115 868 1185 Quamobrem
902 1116 1155 1188 quaelibet
1179 1116 1397 1188 Egypti
1425 1118 1596 1176 tribus
1621 1117 1792 1175 Osiri-

229 1202 298 1258 dis
328 1205 578 1263 tuutulum
601 1249 618 1275 ,
664 1207 806 1276 apud
849 1224 908 1264 se
933 1209 1131 1266 habere
1164 1210 1525 1274 existimabat,
1553 1211 1646 1266 sed
1669 1252 1683 1277 ,
1714 1211 1790 1266 uti

216 1296 278 1351 ait
300 1307 477 1353 auctor
497 1310 701 1365 neSIer,
724 1300 940 1357 inanem
963 1312 1019 1356 et
1043 1318 1285 1358 vacuum.
1317 1304 1632 1360 Plutarchus
1659 1319 1789 1359 vero

213 1386 483 1456 simplicius
506 1389 833 1463 breviusque
862 1393 989 1447 dicit
1012 1393 1204 1450 Isidem
1230 1393 1457 1450 cadaver
1478 1394 1703 1451 Osiridis
1729 1410 1788 1451 se

216 1476 327 1535 dare
350 1480 775 1539 dissimulantem
795 1525 810 1553 ,
841 1486 1048 1556 singula
1076 1495 1282 1542 tantum
1313 1488 1537 1558 singulis
1569 1489 1788 1545 urbibus

218 1569 405 1628 dedisse
442 1575 764 1642 simulacra,
812 1576 898 1631 vel
949 1585 1006 1631 ut
1046 1577 1136 1632 alii
1177 1579 1460 1648 opinantur
1487 1621 1502 1648 ,
1550 1578 1789 1651 singulas

219 1663 344 1721 illius
377 1668 649 1725 cadaveris
700 1680 914 1740 partes,
961 1671 1032 1726 ita
1077 1680 1133 1726 ut
1178 1671 1507 1741 inciderant,
1541 1673 1791 1729 humasse

226 1758 490 1830 (Plutarch.
516 1760 610 1816 lib.
636 1762 700 1818 de
730 1761 865 1817 Isid.
894 1775 939 1821 et
968 1762 1323 1837 0sirid.,pag.
1351 1764 1501 1837 358).

1662 353 2134 414 DISSERTATIO.

212 474 387 531 corpus
405 464 474 531 ,in
517 473 696 538 partes
735 465 925 538 viginti
953 453 1049 523 sex
1073 466 1378 545 desecasse,
1408 484 1540 542 quas
1568 470 1788 528 totidem
1815 476 1870 535 A

3375 365 3481 422 566

2479 474 2704 534 CAPUT
2743 477 2881 536 XVI.

1889 622 2031 672 QUAI
2071 625 2263 667 νΔιωι
2299 625 2415 667 SINT
2454 629 2577 669 ΑιιΑ
2614 630 2963 684 ABGUIENTL,
3002 629 3187 680 QUIBUS
3223 630 3483 676 OCTAVIUS

1962 717 2171 759 CONTRA
2208 719 2475 763 οιεωιιυιι
2513 720 2741 776 PROBA'I‘,
2782 723 2976 767 FALSOS
3019 724 3328 779 Νυιιοῡρυε
3357 724 3484 770 8881

1960 812 2060 853 GEN
2068 812 2252 854 TlLlUII
2278 814 2429 856 υεοε.

2407 947 2699 990 Αιιτιουιιιε
2736 948 2945 991 PRIMUS.

1897 1065 2065 1132 Quam
2091 1067 2369 1123 luculenter
2402 1068 2641 1125 Octavius
2664 1087 2725 1126 ea:
2750 1072 2915 1141 prima
2946 1071 3158 1127 deorum
3181 1073 3380 1146 origine
3402 1090 3488 1132 os-

1966 1162 2138 1217 tendat
2166 1179 2250 1218 eos
2291 1164 2412 1219 dats
2440 1181 2540 1219 non
2576 1167 2760 1236 fuisse,
2806 1166 2896 1223 sed
2931 1183 3093 1222 meros
3122 1169 3388 1233 homines;
3425 1185 3488 1225 ac

1966 1256 2134 1325 primo
2175 1255 2378 1327 quidem
2429 1274 2607 1312 eorum
2646 1259 2929 1331 principem
2968 1258 3291 1331 Saturnum,
3338 1257 3492 1316 Creta

1967 1349 2275 1418 profugum,
2304 1365 2336 1403 a
2358 1347 2495 1403 lano
2522 1350 2577 1403 in
2604 1348 2765 1403 Italia
2787 1360 3106 1421 susceptum,
3147 1352 3232 1406 ubi
3261 1353 3489 1409 homines

1963 1438 2115 1507 plura
2144 1439 2348 1505 docuit,
2393 1455 2453 1494 ac
2479 1441 2760 1510 prasertim
2784 1457 3016 1497 nummos
3048 1442 3283 1513 signare,
3310 1444 3491 1513 impri-

1964 1545 2099 1585 mere
2149 1530 2374 1599 litteras,
2425 1548 2487 1587 ac
2534 1535 2681 1604 cujus
2736 1534 2940 1590 nomine
2995 1533 3244 1591 Saturnia
3288 1552 3490 1592 nuncu-

1964 1631 2089 1693 pata
2113 1629 2207 1676 est.

1965 1752 2357 1810 Intolerandam
2413 1771 2632 1826 prorsus
2675 1756 2893 1824 Caecilii,
2936 1760 3272 1833 aliorumque
3320 1763 3494 1833 genti.

284 1846 421 1917 Esto,
448 1853 653 1924 inquiet
676 1852 900 1926 aliquis;
930 1857 1168 1911 concedo
1191 1858 1402 1915 inanem
1424 1855 1591 1912 fuisse
1617 1854 1788 1912 Osiri-

1955 1860 2045 1913 tm,
2069 1846 2136 1902 de
2162 1848 2262 1904 diis
2295 1849 2408 1904 suis
2448 1851 2863 1907 ostentationem
2892 1861 2950 1907 ut
2986 1848 3248 1911 Minucius
3284 1855 3339 1910 in
3368 1869 3491 1926 per-

228 1944 299 2000 dis
329 1947 595 2002 tumulum.
628 1947 736 2004 Sed
761 1962 857 2002 cur
886 1948 1146 2004 Minucius
1179 1950 1382 2006 addidit
1412 1968 1425 2005 :
1472 1969 1493 2005 ι
1539 1950 1663 2007 Sive
1690 1950 1789 2008 Se-

229 2036 407 2106 rapidis
433 2037 542 2091 tui?
578 2058 598 2091 ι
642 2038 714 2094 At
758 2037 875 2094 haec
914 2040 1250 2111 percontanti
1300 2039 1569 2096 Plutarchi
1614 2042 1791 2098 verbis

230 2128 642 2198 respondebimus
685 2128 859 2203 (Idem
904 2131 1031 2186 ibid.
1086 2147 1206 2203 pag.
1258 2130 1387 2207 562)
1441 2151 1454 2186 :
1511 2151 1529 2183 ι
1567 2132 1794 2189 Praestat

228 2217 403 2277 Osirim
421 2237 536 2279 cum
565 2223 779 2279 Baccho
816 2223 1067 2283 eumdem
1096 2225 1297 2291 facere,
1328 2235 1383 2281 et
1421 2240 1541 2284 cum
1577 2225 1792 2281 Osiride

226 2312 483 2383 Serapim,
529 2315 608 2370 sic
652 2315 859 2372 dictum
907 2326 1190 2389 postquam
1242 2324 1486 2371 naturam
1543 2316 1788 2385 mutavit,

222 2407 341 2478 quia
364 2407 591 2464 omnibus
616 2411 921 2465 communis
940 2420 1021 2465 est
1050 2408 1283 2480 Serapis.
1324 2430 1343 2463 ›
1377 2410 1582 2466 Deinde
1611 2412 1795 2466 obser-

219 2510 305 2553 vat
326 2498 592 2572 plerosque
620 2500 933 2557 sacerdotes
964 2501 1211 2557 docuisse
1247 2503 1494 2559 eumdem
1524 2518 1643 2559 esse
1670 2501 1793 2561 Osi-

219 2589 321 2643 rim
342 2599 487 2661 atque
509 2593 687 2664 Apim,
719 2593 943 2649 ethunc
985 2612 1005 2645 ι
1050 2594 1455 2665 intelligendum
1500 2594 1793 2653 formosam

218 2680 405 2736 anima:
430 2682 643 2739 Osiridis
670 2682 984 2755 imaginem.
1025 2705 1043 2737 ι
1091 2685 1198 2741 Nos
1228 2702 1360 2742 vero
1400 2687 1522 2743 alibi
1562 2688 1799 2743 ostendi-

211 2787 344 2829 mus
363 2777 613 2845 quomodo
650 2793 723 2833 ex
760 2779 863 2848 Api
894 2777 1087 2834 factum
1118 2778 1275 2835 luerit
1301 2779 1573 2852 Serapidis
1600 2797 1798 2837 nomen

214 2864 398 2935 (Tom.
440 2884 456 2923 ι
502 2869 751 2940 Apparet.
802 2870 895 2926 lib.
922 2886 1000 2937 ιιι,
1033 2870 1252 2928 dissert.
1282 2872 1339 2941 2,
1369 2888 1487 2944 cap.
1521 2875 1577 2942 4,
1606 2884 1707 2929 art.
1742 2875 1795 2942 1,

214 2970 352 3026 pag.
378 2958 533 3029 1090).
576 2961 940 3030 Quamobrem
969 2962 1307 3031 Lactantius,
1342 2964 1628 3020 Plutarcho
1658 2965 1799 3021 haud

209 3045 385 3103 dubie
405 3050 734 3123 subscripsit,
764 3051 855 3107 ubi
887 3054 961 3107 ait
988 3072 1003 3107 -.
1040 3072 1058 3105 ι
1092 3054 1187 3109 Est
1214 3053 1418 3123 Osiris,
1450 3071 1607 3127 quem
1641 3056 1801 3114 Sera-

203 3138 309 3207 pin
340 3149 389 3194 et
411 3140 708 3213 Serapidem
738 3146 933 3216 vulgus
959 3146 1207 3217 appellat.
1256 3147 1440 3204 Solent
1478 3150 1621 3206 enim
1652 3165 1795 3205 mor-

204 3230 324 3284 tuis
366 3236 679 3290 consecratis
728 3237 943 3292 nomina
991 3237 1310 3303 immutari;
1359 3242 1521 3296 credo
1569 3258 1636 3298 ne
1681 3245 1799 3313 quis

204 3331 365 3390 putet
414 3341 502 3381 eos
552 3328 800 3384 homines
834 3329 999 3386 ﬁnisse
1046 3330 1315 3403 (Lactant.
1355 3334 1445 3387 lib.
1475 3350 1514 3401 ι,
1556 3349 1673 3404 cap.
1703 3335 1794 3403 21,

209 3428 341 3485 pag.
371 3416 506 3490 118).
536 3437 557 3472 ι
593 3418 817 3493 Utrique
853 3421 1195 3493 adjiciamus,
1226 3423 1318 3495 qui
1346 3424 1494 3493 prior
1517 3424 1667 3480 citari
1697 3426 1799 3483 de-

208 3500 361 3569 buit.
390 3507 663 3569 Diodorum
689 3509 927 3571 Siculum
946 3554 961 3579 ,
998 3513 1150 3585 cujus
1186 3513 1301 3569 hmo
1332 3514 1557 3584 legimus
1588 3516 1744 3575 verba
1781 3535 1794 3571 :

219 3609 241 3642 ι
279 3592 469 3655 Osirim
515 3600 676 3657 modo
732 3599 990 3672 Serapio,
1043 3604 1202 3663 modo
1262 3604 1582 3677 Dionysum,
1637 3607 1798 3663 inter-

216 3679 345 3743 dum
388 3686 695 3758 Plutonem,
750 3691 1013 3749 interdum
1061 3696 1424 3766 Ammonem,
1478 3698 1798 3769 quandoque

218 3772 437 3845 Jovem,
475 3796 576 3836 non
629 3798 752 3838 raro
820 3784 961 3839 Pana
1013 3800 1134 3841 esse
1194 3796 1381 3859 putant
1429 3807 1443 3845 :
1494 3798 1572 3847 τὸν
1631 3777 1799 3865 ὅσιριν

224 3876 271 3923 οἱ
307 3882 388 3938 μὲν
428 3883 720 3947 Eligam»...
763 3890 1031 3948 νενομίκασι
1067 3900 1086 3932 ι
1118 3881 1360 3953 (Diodor.
1397 3882 1795 3940 libJBiblioth.

238 3974 349 4033 pag.
376 3967 477 4036 ts).

301 4058 399 4116 Cur
419 4075 582 4120 autem
612 4066 874 4123 Minucius
901 4066 1167 4123 addiderit
1194 4072 1286 4134 tui,
1320 4070 1472 4127 facile
1500 4072 1790 4143 intelliges,

246 4150 287 4204 si
309 4156 662 4217 animadvertas
688 4161 839 4216 illum
862 4172 1051 4216 contra
1075 4163 1346 4219 Caecilium
1375 4166 1668 4236 disputare,
1701 4169 1794 4238 qui

253 4251 303 4295 et
323 4246 529 4305 ethnicus
555 4252 731 4308 adhuc
756 4262 914 4319 erat,
954 4266 1009 4308 et
1034 4255 1250 4311 obvium
1279 4256 1552 4327 Serapidis
1578 4260 1795 4314 simula-

263 4345 404 4403 mus,
421 4342 549 4399 sicuti
577 4346 700 4400 libri
731 4346 889 4416 hujus
908 4346 960 4401 in
982 4346 1133 4401 initio
1155 4358 1421 4413 narratur,
1453 4351 1618 4421 impio
1642 4353 1793 4408 cultu

276 4423 546 4492 salutaverat.
571 4439 735 4510 Atqui
774 4439 888 4493 sive
914 4440 1128 4509 plenum
1158 4439 1383 4496 Osiridis
1410 4444 1495 4498 vel
1523 4444 1795 4514 Serapidis

1895 1950 2113 2010 petuum
2165 1944 2506 2014 comprimat,
2555 1946 2703 2016 ipsos
2752 1960 3089 2015 nequaquam
3131 1947 3284 2013 deos,
3336 1949 3431 2004 sed
3459 1963 3493 2007 ι

1895 2033 2067 2101 prima
2104 2047 2199 2088 sua
2245 2035 2449 2103 origine
2502 2052 2682 2092 meros
2726 2037 2974 2093 homines
3010 2036 3174 2093 fuisse
3219 2039 3361 2094 hunc
3391 2039 3491 2097 de-

1894 2134 2157 2179 monstrat
2180 2126 2231 2179 in
2262 2128 2480 2182 modum
2511 2146 2524 2183 :
2563 2147 2581 2180 ι
2617 2128 2903 2185 Saturnum
2932 2130 3224 2199 principem
3253 2131 3427 2201 hujus,
3465 2151 3487 2185 ι

1895 2214 2102 2269 scilicet
2130 2216 2356 2272 deorum
2378 2261 2392 2285 ,
2429 2235 2449 2271 ι
2485 2221 2699 2289 generis
2718 2261 2731 2285 ,
2763 2236 2954 2276 oumes
2983 2224 3277 2292 scriptores
3304 2236 3489 2280 vetus-

1896 2304 2021 2373 tatis
2046 2305 2218 2362 ρι’ωεὶ
2250 2307 2613 2379 Romanique,
2646 2309 2917 2366 hominem
2959 2314 3332 2382 prodiderunt.
3378 2314 3493 2373 Scit

1895 2396 1997 2453 hoc
2022 2398 2199 2469 Nepos
2224 2409 2278 2455 et
2302 2401 2518 2458 Cassius
2542 2403 2600 2458 in
2626 2403 2869 2471 historia,
2905 2414 2960 2461 et
2983 2405 3204 2464 Thallus
3222 2417 3277 2465 et
3298 2408 3493 2465 Diodo-

1898 2506 1989 2547 rus
2012 2491 2112 2547 hoc
2141 2492 2450 2564 loquuntur.
2492 2515 2537 2561 ι,

1971 2585 2170 2640 Eodem
2216 2588 2430 2657 penitus
2467 2588 2628 2645 modo
2669 2589 3028 2648 Tertullianus
3080 2596 3301 2651 eosdem
3342 2597 3491 2653 chri-

1899 2678 2086 2732 stianae
2108 2678 2377 2748 religionis
2403 2679 2585 2736 hostes
2612 2683 2901 2746 prosternit
2926 2698 2991 2739 ac
3003 2683 3236 2742 debellat
3260 2705 3273 2741 :
3298 2705 3318 2739 ι
3350 2689 3491 2742 Ante

1902 2769 2186 2826 Saturnum
2214 2814 2228 2839 ,
2258 2772 2445 2844 inquit,
2480 2774 2622 2829 Deus
2649 2789 2812 2844 penes
2837 2791 2934 2831 vos
2964 2792 3124 2833 nemo
3147 2789 3251 2835 est.
3292 2779 3375 2834 Ab
3399 2780 3495 2836 illo

1902 2877 2097 2918 census
2143 2864 2322 2932 totius,
2363 2866 2444 2921 vel
2489 2865 2743 2935 potioris,
2780 2867 2865 2922 vel
2913 2868 3136 2923 notioris
3179 2866 3493 2926 divinitatis.

1904 2953 2085 3025 Itaque
2114 2956 2255 3025 quod
2293 2956 2362 3011 de
2400 2956 2605 3027 origine
2633 2958 2968 3025 constiterit,
2999 2959 3053 3014 id
3089 2968 3145 3015 et
3168 2961 3237 3016 de
3262 2963 3494 3032 posteri-

1905 3054 2014 3101 tate
2056 3048 2357 3102 conveniet.
2400 3047 2687 3103 Saturnum
2735 3050 2951 3121 itaque,
2999 3061 3255 3122 quantum
3300 3054 3495 3110 litterae
3576 3044 3583 3049 ’

1903 3136 2126 3206 docent,
2154 3155 2326 3211 neque
2356 3140 2616 3196 Diodorus
2644 3141 2885 3208 Graecus,
2917 3154 3009 3199 aut
3037 3145 3276 3214 Thallus,
3310 3163 3489 3219 neque

1903 3228 2119 3284 Cassius
2142 3231 2374 3287 Severus
2398 3273 2412 3297 ,
2455 3242 2546 3286 aut
2579 3233 2865 3290 Cornelius
2893 3234 3070 3305 Nepos
3090 3279 3104 3304 ,
3138 3252 3310 3307 neque
3351 3238 3495 3295 ullus

1902 3333 2299 3378 commentator
2323 3324 2589 3394 ejusmodi
2617 3327 3011 3399 antiquitatum,
3040 3330 3181 3385 aliud
3215 3346 3372 3397 quam
3402 3330 3493 3388 ho-

1902 3415 2098 3469 minem
2127 3417 2599 3485 promulgaverunt
2626 3439 2645 3473 ι
2670 3421 3006 3492 (Tertullian.
3023 3423 3241 3496 Apolog.
3256 3439 3378 3496 cap.
3400 3426 3496 3494 ‘10,

1902 3526 2022 3582 pag.
2056 3511 2125 3566 12
2152 3509 2194 3583 ).
2256 3512 2454 3569 Eadem
2499 3515 2604 3570 alio
2641 3517 2694 3571 in
2736 3516 2871 3573 libro
2902 3520 3093 3590 repetit
3118 3561 3132 3584 ,
3163 3521 3265 3576 nisi
3293 3521 3434 3592 quod
3463 3538 3497 3577 a

1903 3605 2086 3660 nescio
2111 3621 2217 3675 quo
2247 3605 2457 3661 Tacitus
2479 3648 2491 3670 ,
2522 3622 2617 3677 pro
2639 3608 2877 3676 Thallus,
2911 3621 2968 3664 ut
2996 3625 3094 3666 suo
3123 3612 3241 3669 loco
3271 3622 3498 3668 annotac

1902 3694 2101 3764 bimus,
2130 3697 2387 3767 scriptum
2415 3706 2498 3753 est
2525 3697 2717 3770 (Idem,
2754 3700 2847 3755 lib.
2864 3716 2901 3756 ιι
2927 3702 2996 3755 ad
3024 3700 3239 3759 Nation.
3259 3718 3379 3774 cap.
3405 3704 3494 3774 12,

1902 3800 2020 3856 pag.
2050 3786 2137 3849 75;
2170 3787 2391 3843 Dissert.
2420 3790 2474 3843 in
2504 3787 2810 3846 Tertullian.
2840 3808 2961 3863 cap.
3002 3793 3095 3859 27,
3122 3804 3228 3852 art.
3253 3794 3327 3868 1).
3360 3795 3494 3851 Nam

1898 3877 2234 3948 Lactantius,
2265 3881 2355 3952 qui
2396 3896 2520 3938 eum
2548 3893 2601 3939 et
2632 3883 2919 3941 Minucium
2956 3897 3200 3941 nostrum
3227 3889 3487 3957 sequitur,

1901 3971 2016 4027 htec
2037 3974 2103 4028 de
2131 3975 2321 4030 eodem
2350 3974 2581 4031 Saturno
2608 3978 2826 4032 totidem
2849 3978 3026 4032 verbis
3039 3977 3216 4032 dixit:
3251 3979 3494 4036 (.Omnes

1899 4079 2004 4118 non
2038 4073 2245 4119 tantum
2278 4076 2481 4136 poetae,
2517 4068 2612 4123 sed
2649 4067 2987 4124 historiarum
3027 4084 3274 4139 quoque,
3312 4083 3377 4124 ac
3405 4085 3491 4124 re-

1897 4174 2017 4213 rum
2043 4161 2381 4230 antiquarum
2412 4161 2702 4230 scriptores
2719 4200 2734 4222 ,
2764 4162 3038 4216 hominem
3064 4161 3226 4217 fuisse
3254 4175 3489 4217 consen-

1897 4250 2067 4319 tiunt,
2099 4252 2189 4320 qui
2224 4267 2309 4307 res
2334 4252 2450 4321 ejus
2470 4252 2523 4306 in
2554 4252 2700 4305 Italia
2727 4260 2905 4321 gestas
2934 4253 3207 4307 memoriae
3235 4253 3491 4322 prodide-

1896 4350 2050 4405 runt;
2092 4342 2263 4397 Graeci
2308 4342 2572 4395 Diodorus
2611 4350 2665 4395 et
2694 4340 2950 4408 Thallus;
2989 4342 3165 4397 Latini
3204 4343 3402 4414 Nepos,
3439 4356 3499 4401 et

1895 4432 2128 4497 Cassius,
2149 4440 2205 4486 et
2230 4430 2403 4486 Varro
2435 4449 2456 4484 ι
2479 4430 2744 4504 (Lactant.
2767 4431 2861 4486 lib.
2892 4448 2932 4496 ι,
2955 4446 3073 4501 cap.
3105 4433 3192 4499 15,
3218 4449 3343 4505 pag.
3375 4433 3495 4508 76).

268 4516 456 4587 θεδῐδυς,
478 4528 566 4585 sive
588 4546 823 4586 vacuum
853 4531 1023 4586 luerit
1049 4533 1410 4603 sepulchrum,
1446 4536 1568 4592 hinc
1604 4537 1791 4593 certis-

1969 4523 2208 4590 Quatuor
2240 4534 2417 4579 tamen
2445 4523 2796 4594 scriptoribus
2819 4539 2849 4578 a
2875 4523 3124 4590 Minucio,
3142 4526 3493 4594 quemadmo-

256 4606 373 4666 Sime
391 4617 630 4679 conﬁcitur
656 4639 836 4694 neque
864 4623 1003 4691 illos,
1034 4638 1206 4695 neque
1226 4626 1358 4682 alios
1384 4629 1624 4685 similiter
1645 4645 1794 4684 mor-

253 4706 350 4757 tuos
381 4707 647 4770 divinitatis
695 4730 821 4770 esse
863 4726 1159 4785 compotes.
1208 4717 1345 4773 Deus
1388 4721 1666 4776 enimvero
1709 4730 1795 4775 est

246 4805 458 4867 uanus,
484 4809 566 4876 qui
594 4825 625 4863 a
654 4824 719 4864 se
747 4810 868 4878 ipso
894 4818 1097 4865 tantum
1124 4814 1287 4869 vitam
1318 4814 1500 4883 habet,
1530 4832 1689 4888 quam
1710 4816 1790 4872 id-

246 4902 359 4950 ουτω
380 4901 612 4959 amittere
638 4916 931 4975 numquam
962 4914 1157 4976 potest.

734 5277 1273 5354 ΜΨ

1898 4616 2025 4671 dum
2055 4631 2084 4671 a
2109 4615 2436 4671 Tertulliano
2465 4614 2711 4684 laudatis,
2743 4617 2985 4687 quintum
3017 4616 3108 4673 ille
3136 4617 3332 4688 adjecit
3359 4617 3494 4674 Var-

1899 4725 2108 4767 ronem.
2159 4709 2237 4766 lla
2279 4724 2409 4765 sane
2455 4710 2660 4765 strenui
2710 4710 2788 4766 illi
2838 4709 3074 4780 pugiles,
3119 4710 3393 4767 conversis
3437 4711 3492 4765 in

1899 4802 2085 4857 hostes
2112 4801 2343 4874 propriis
2368 4818 2555 4860 eorum
2574 4802 2760 4873 copiis,
2790 4803 2909 4858 illos
2931 4802 3143 4874 penitus
3169 4802 3349 4859 delent
3368 4815 3494 4873 pro-

1893 4896 2204 4967 (ligantque.

1971 4986 2172 5043 Verum
2188 5002 2305 5053 cur,
2330 4987 2571 5057 inquies,
2600 4987 2890 5058 scriptores
2924 4985 3008 5041 illi
3034 4994 3183 5041 tanta
3213 4999 3494 5043 assevera-

1901 5079 2049 5136 tione
2074 5077 2345 5134 alﬁrmare
2380 5080 2495 5134 ausi
2528 5090 2654 5135 sunt
2680 5079 2970 5137 Saturnum
2997 5078 3221 5134 deorum
3251 5081 3493 5136 omnium

1903 5171 2135 5240 primum
2163 5184 2286 5226 esse
2314 5178 2369 5224 et
2415 5169 2710 5240 principem
2737 5172 2760 5224 ‘l
2803 5170 2992 5227 Nonne
3019 5168 3322 5227 Alexander
3346 5185 3375 5224 a
3407 5183 3496 5226 sa-

1907 5261 2129 5317 cerdote
2152 5259 2480 5326 admonitus,
2498 5259 2550 5314 in
2575 5262 2822 5329 epistola,
2848 5264 3007 5332 paulo
3030 5272 3156 5318 ante
3181 5276 3211 5316 a
3236 5260 3393 5317 nobis
3417 5261 3495 5315 ci-

1909 5360 2039 5416 tata,
2071 5350 2287 5420 scripsit
2325 5348 2548 5405 deorum
2602 5349 2900 5421 principem
2942 5368 3062 5410 esse
3092 5353 3408 5419 Vulcanum,
3440 5361 3497 5408 et

1908 5453 2096 5514 postea
2124 5443 2273 5499 Jovis
2297 5443 2560 5514 gentem?
2588 5442 2696 5498 Sed
2748 5446 2876 5513 quid
2907 5448 3099 5503 mirum
3148 5447 3195 5503 si
3240 5447 3497 5503 aberran-

1909 5535 2038 5591 tium
2064 5537 2343 5606 gentilium
2372 5536 2534 5592 variae
2561 5534 2756 5591 iuerint
2780 5534 2850 5592 de
2892 5539 3062 5606 prima
3084 5538 3343 5596 falsorum
3359 5539 3494 5596 deo-

1907 5642 2028 5683 rum
2074 5642 2293 5683 suorum
2348 5629 2556 5700 origine
2602 5628 2925 5697 opiniones?
2968 5629 3170 5685 Deinde
3213 5647 3342 5687 vero
3380 5633 3497 5689 haec

1917 5721 2074 5776 unius
2117 5720 2415 5776 sacerdotis
2452 5720 2738 5789 sententia,
2770 5719 2853 5776 vel
2883 5728 2942 5775 ut
2977 5718 3052 5774 ait
3095 5719 3382 5790 Minucius,
3408 5737 3496 5780 se—
3534 5760 3541 5767 ι

1914 5823 2117 5869 cretum
2135 5812 2259 5870 fuit.
2288 5812 2419 5881 Quis
2447 5814 2606 5886 igitur
2629 5814 2826 5874 dixerit
2864 5814 2987 5873 huic
3014 5812 3201 5885 magis,
3233 5828 3393 5884 quam
3423 5825 3502 5872 tot
