3818 6282
215 273 293 337 569
1535 289 2003 352 DISSERTATIO.

3325 319 3433 377 570

212 397 649 495 husnatos,terr:c
673 397 814 452 ﬁlios
843 398 1201 456 nominemus.
1223 401 1359 457 Sunt
1384 401 1499 459 haec
1517 404 1733 474 quidem
1757 404 1813 465 A
1837 410 2147 478 parentibus
2173 428 2237 471 ac
2267 416 2391 474 ﬁliis
2412 417 2736 477 dicendum?
2757 421 2814 478 Si
2836 424 2955 495 quis
2985 431 3163 482 tamen
3193 424 3429 485 difﬁcilis

210 492 361 550 similia
387 493 512 559 reri,
558 506 664 547 non
713 501 890 548 tamen
946 509 1112 561 vera;
1146 498 1267 565 quia
1312 506 1522 553 constat
1574 499 1735 555 etiam

198 592 314 653 tunc,
341 600 454 640 cum
488 591 757 653 regnaret,
799 584 869 638 ita
900 600 1022 642 esse
1050 587 1305 642 habitum.
1337 588 1515 644 Potuit
1552 599 1607 645 et
1657 589 1735 645 sic

188 678 502 750 argumentari
537 692 553 730 :
582 676 718 732 Cum
768 677 1175 748 potentissimus
1212 695 1308 735 rex
1354 689 1518 747 esset,
1546 681 1614 736 ad
1640 695 1733 736 re-

190 772 422 831 tinendam
445 780 652 842 patrum
675 786 895 827 suorum
924 773 1261 835 memoriam,
1292 776 1505 828 nomina
1544 789 1731 829 eorum

193 866 308 925 celo
327 876 566 934 terraique
595 863 878 930 indidisse,
910 880 1032 920 cum
1061 865 1176 920 ha'c
1199 865 1344 934 prius
1364 865 1483 921 aliis
1500 865 1732 920 vocabu-

192 959 251 1015 lis
265 956 664 1028 appellarentur:
698 969 804 1025 qua
827 956 1035 1011 ratione
1063 956 1332 1012 montibus
1352 966 1405 1012 et
1424 956 1731 1011 fluminibus

192 1052 384 1109 nomina
431 1051 604 1106 scimus
664 1049 915 1119 imposita
955 1069 974 1102 ο
1008 1050 1303 1118 (Lactant.,
1343 1049 1434 1105 lib.
1471 1066 1486 1103 ι
1529 1048 1725 1117 lustit.,

194 1161 294 1215 cap.
319 1146 495 1213 i-l,pag
531 1141 641 1211 67).
668 1141 807 1195 Tum
850 1142 1132 1199 recensitis
1169 1141 1520 1213 quorumdam
1552 1140 1727 1196 tlumi-

191 1239 360 1295 mitium
382 1235 693 1301 nominibus,
716 1235 796 1291 sic
823 1235 1124 1290 concludit:
1155 1254 1174 1287 ‹
1204 1236 1439 1305 Apparet
1466 1248 1593 1306 ergo
1621 1248 1726 1289 non

184 1349 232 1389 ex
249 1331 374 1387 cmlo
396 1339 564 1384 natum
591 1343 737 1395 esse,
765 1328 906 1400 quod
937 1328 1051 1385 ﬁeri
1090 1344 1195 1384 non
1220 1336 1416 1399 potest,
1444 1326 1539 1382 sed
1565 1342 1633 1382 ex
1660 1342 1726 1383 eo

180 1423 365 1479 homine
381 1422 458 1476 cui
483 1436 674 1476 nomen
696 1419 880 1477 Urano
907 1420 1034 1476 fuit:
1059 1421 1201 1491 quod
1227 1435 1349 1477 esse
1366 1435 1550 1475 verum
1578 1419 1724 1474 Tris-

176 1514 401 1584 megistus
443 1522 625 1567 auctor
653 1522 757 1567 est.
798 1531 817 1564 ι
854 1511 1015 1568 Addit
1058 1527 1188 1567 vero
1232 1512 1349 1567 luce
1392 1513 1723 1581 incomperta

170 1606 311 1662 fuisse
336 1603 576 1668 Minucio,
604 1607 697 1675 qui
751 1602 951 1660 idcirco
991 1603 1268 1658 historiam
1311 1603 1418 1657 alio
1463 1601 1718 1657 traduxit.

165 1697 378 1767 Denique
416 1696 588 1751 verius
633 1709 758 1751 eSSe
808 1706 993 1751 censet
1043 1694 1233 1751 Jovem
1262 1736 1275 1760 ,
1329 1710 1453 1750 cum
1502 1710 1569 1751 ex
1611 1695 1720 1749 alto

162 1798 522 1843 ruouteterram
543 1787 855 1858 ctelumque
881 1787 1273 1856 contemplatus
1303 1788 1509 1852 fuisset,
1528 1785 1713 1841 tetberi
1743 1793 1793 1855 Β
1821 1800 1966 1860 hunc
2020 1807 2192 1876 ipsum
2243 1809 2553 1879 Summum,

157 1879 241 1949 qui
279 1892 421 1947 supra
456 1876 711 1931 mundum
763 1889 866 1939 εει.
891 1877 1106 1933 dedisse
1159 1892 1355 1934 nomen
1401 1877 1556 1942 caeli,
1605 1877 1719 1931 sive

154 1971 304 2030 Urani
327 1977 546 2042 οὗρανοῦ,
576 1986 686 2043 quo
706 1986 837 2027 avus
857 1972 975 2042 ejus
1005 1971 1313 2027 vocabatur.
1342 1969 1446 2025 Sed
1478 1968 1714 2039 proban-

152 2065 269 2121 dum
299 2066 365 2120 illi
415 2074 529 2121 erat
577 2065 795 2121 Saturni
841 2074 1070 2137 patrem,
1100 2065 1227 2120 dum
1259 2065 1433 2119 adhuc
1475 2064 1711 2131 videbat,

150 2157 263 2212 οωῐὶ
290 2158 493 2213 nomine
517 2156 586 2211 ab
616 2156 762 2211 Italis
778 2172 964 2212 revera
989 2157 1149 2212 fuisse
1179 2156 1523 2226 appellatum.
1554 2156 1626 2211 At
1646 2153 1715 2210 de

148 2248 245 2304 hac
272 2249 515 2304 Lactantii
546 2251 800 2320 opinione
822 2264 921 2305 suo
942 2250 1061 2305 loco
1082 2249 1389 2305 dicendum.

213 2343 456 2398 Vitiosam
482 2342 664 2414 itaque
688 2353 873 2399 censet
896 2358 1017 2399 esse
1054 2343 1265 2399 Minucii
1297 2342 1715 2414 argumentatio-

137 2451 281 2492 nem.
303 2435 476 2492 Potius
521 2438 665 2493 enim
708 2437 890 2493 dicere
912 2437 1185 2493 debuisset
1226 2436 1512 2493 Saturnum
1554 2450 1713 2492 voca-

134 2538 253 2584 tum
294 2530 444 2584 fuisse
473 2529 636 2595 ﬁlium
684 2530 808 2586 etnli
839 2539 893 2586 et
942 2541 1121 2597 terra,
1160 2531 1412 2601 quoniam
1460 2545 1581 2585 cum
1614 2544 1711 2600 po-

129 2624 454 2679 tentissimus
479 2638 574 2678 rex
603 2631 767 2689 esset,
796 2623 864 2677 ad
894 2623 1230 2679 retinendam
1255 2631 1465 2694 patrum
1490 2637 1710 2678 suorum

125 2718 440 2772 memoriam
468 2716 591 2773 caeli
622 2731 687 2772 ac
716 2725 877 2772 terra:
925 2731 1121 2771 nomen
1165 2716 1244 2771 eis
1272 2715 1545 2786 imposuit.
1581 2713 1713 2768 Pro-

122 2811 264 2865 bare
289 2820 456 2865 autem
511 2809 565 2865 id
617 2820 843 2864 conatur
870 2809 1186 2864 auctoritate
1239 2806 1592 2877 Trismegisti,
1617 2806 1707 2876 qui

120 2902 395 2956 memoriae
419 2900 727 2971 prodiderat
767 2899 981 2956 Saturni
1030 2908 1235 2970 patrem
1271 2898 1707 2969 cognominatum

117 2992 293 3046 fuisse
314 2992 560 3059 Uranum,
593 2994 709 3048 sive
735 2992 967 3049 Caelum.
991 2991 1100 3047 Sed
1131 2992 1320 3047 ibiille
1347 3007 1451 3046 non
1473 2989 1708 3046 ostendit

119 3096 304 3143 utrum
326 3086 701 3158 Trismegistus
730 3084 948 3150 dixerit,
980 3085 1195 3155 quando
1220 3092 1276 3140 et
1299 3100 1327 3139 a
1354 3099 1460 3155 quo
1489 3082 1703 3139 Uranus

1837 518 1900 559 ac
1926 520 2193 575 morosus,
2226 510 2353 565 illud
2400 512 2468 569 de
2495 515 2804 583 parentibus
2829 517 2955 572 velit
2976 518 3074 573 sibi
3099 520 3337 590 probari,
3374 521 3421 577 is

1836 596 2019 653 audiat
2041 598 2215 677 Servii
2242 603 2309 659 de
2338 603 2631 663 Acheloide
2660 609 2818 664 verba
2854 626 2866 662 :
2904 628 2923 663 ι
2954 608 3140 667 Terrae
3170 610 3309 668 ﬁlius
3337 613 3421 668 di-

1836 689 1996 757 citur,
2035 703 2092 746 ut
2118 694 2256 750 solet
2282 695 2349 751 de
2392 697 2455 752 iis
2482 697 2609 764 dici,
2650 715 2896 770 quorum,
2936 719 3032 772 per
3056 703 3424 774 antiquitatem

1835 782 2003 840 latent
2031 798 2277 856 parentes
2298 790 2527 861 r(Serv.,
2548 792 2600 847 in
2620 792 2711 849 lib.
2745 811 2761 850 ι
2791 796 3022 869 Georgio.
3051 796 3234 870 Virgil.
3266 813 3320 854 v.
3345 798 3425 872 9).

1833 878 2001 949 Magis
2043 896 2226 936 verum
2285 884 2351 939 ad
2403 896 2645 942 nostrum
2678 888 2745 943 de
2778 890 2895 960 ipso
2919 892 3149 948 Saturno
3178 894 3426 963 proposi-

1832 976 1944 1024 tum
1985 971 2237 1029 Aurelius
2278 975 2480 1043 Victor,
2526 989 2619 1035 aut
2643 983 2885 1052 quisquis
2941 983 3059 1039 libri
3092 985 3159 1041 de
3205 985 3424 1056 Origine

1830 1066 2012 1133 gentis
2039 1065 2297 1122 Romana:
2324 1080 2513 1126 auctor
2542 1091 2554 1125 :
2594 1091 2613 1124 ι
2652 1073 2886 1141 Primus,
2922 1076 3111 1148 inquit,
3139 1078 3191 1133 in
3214 1078 3422 1135 Italiam

1830 1156 2070 1213 creditur
2096 1160 2313 1216 venisse
2341 1162 2718 1221 Satnrnus.....
2762 1166 2931 1223 Tanta
2961 1178 3141 1225 autem
3175 1186 3342 1242 usque
3368 1172 3421 1229 id

1832 1258 2041 1319 tempus
2070 1252 2415 1322 antiquorum
2447 1255 2724 1313 hominum
2776 1259 3004 1318 traditur
3028 1262 3192 1319 fuisse
3216 1265 3423 1336 simpli-

1827 1340 1960 1394 citas
1984 1382 1999 1405 ,
2028 1349 2087 1396 ut
2108 1343 2383 1401 venientes
2407 1348 2474 1402 ad
2519 1363 2577 1402 se
2605 1350 2857 1417 advenas,
2889 1354 2977 1424 qui
3008 1354 3169 1409 modo
3188 1355 3420 1411 consilio

1826 1445 1891 1485 ac
1919 1434 2178 1502 sapientia
2213 1437 2440 1506 praediti,
2471 1439 2538 1494 ad
2571 1441 2935 1499 instruendam
2968 1446 3152 1511 vitam,
3180 1446 3417 1503 forman-

1826 1523 2033 1594 dosque
2055 1542 2234 1584 mores
2260 1531 2458 1601 aliquid
2477 1532 2806 1602 conferrent,
2842 1538 2985 1607 quod
3012 1554 3197 1595 eorum
3220 1555 3418 1610 paren-

1827 1626 1906 1673 tes
1926 1619 2263 1690 ignorabant,
2293 1624 2431 1679 coelo
2455 1633 2510 1679 et
2539 1635 2678 1681 terra
2725 1628 2899 1684 editos
2952 1646 3057 1687 non
3108 1632 3280 1687 solum
3308 1632 3415 1703 ipsi

1822 1710 2124 1781 crederent,
2174 1730 2358 1771 verum
2411 1717 2573 1773 etiam
2607 1722 2835 1789 posteris
2870 1720 3226 1789 afﬁrmarent,
3270 1724 3418 1780 velut

2604 1827 2764 1883 quem
2808 1816 2931 1871 coeli
2979 1825 3032 1872 et
3064 1825 3219 1872 terrae
3246 1816 3413 1874 ﬁlium

1820 1897 2071 1953 dixerunt
2102 1901 2310 1971 (Aurel.
2340 1903 2499 1969 Vict.,
2535 1903 2681 1979 Orig.
2712 1916 2848 1978 gent.
2882 1907 3034 1964 Rana.
3062 1911 3227 1981 init.).

1891 1994 2123 2049 Accedat
2150 2004 2205 2050 et
2239 1996 2619 2066 Tertullianus,
2646 2001 2737 2070 qui
2787 2015 2892 2056 non
2921 2017 3027 2058 uno
3059 2012 3284 2066 tantum,
3315 2004 3412 2060 sed

1818 2085 2027 2142 duobus
2051 2088 2103 2142 in
2133 2087 2284 2144 libris
2313 2090 2416 2145 hoc
2442 2090 2509 2147 de
2556 2091 2786 2149 Saturno
2828 2095 3089 2165 scriptum
3141 2096 3361 2167 reliquit
3391 2114 3406 2152 :

1824 2196 1844 2231 ί
1882 2179 2045 2250 Cujus
2073 2189 2319 2251 parentes
2367 2184 2533 2254 ignoti
2567 2194 2757 2254 erant,
2788 2186 2946 2244 facile
2986 2188 3087 2245 fuit
3125 2206 3311 2246 eorum
3341 2190 3410 2246 ﬁ-

1818 2269 1948 2325 lium
1984 2271 2088 2326 diei
2114 2314 2129 2339 ,
2162 2288 2387 2343 quorum
2416 2284 2473 2331 et
2513 2293 2702 2334 omnes
2744 2294 3023 2349 possumus
3053 2282 3249 2339 videri.
3278 2283 3410 2352 Quis

1815 2362 1961 2417 enim
1983 2378 2087 2419 non
2110 2365 2304 2421 cmlum
2336 2376 2390 2423 et
2424 2377 2640 2439 terram,
2675 2384 2899 2430 matrem
2922 2390 2986 2431 ac
3014 2387 3288 2445 parentem
3316 2393 3409 2434 ve-

1816 2456 2109 2512 nerationis
2136 2466 2192 2511 et
2215 2458 2436 2515 honoris
2459 2477 2619 2518 causa
2644 2466 2993 2535 appellet,vel
3019 2483 3086 2523 ex
3111 2480 3404 2526 consuetu-

1815 2548 1941 2605 dine
1968 2549 2219 2619 humana,
2265 2569 2368 2624 qua
2419 2556 2584 2626 ignoti
2616 2560 2699 2614 vel
2738 2575 2802 2615 ex
2834 2562 3108 2633 inopinato
3135 2579 3404 2635 apparen-

1817 2651 1897 2699 tes
1926 2644 1994 2699 de
2017 2646 2158 2701 ctelo
2185 2651 2563 2717 supervenisse
2589 2651 2878 2709 dicuntur?
2908 2656 3140 2713 Proinde
3172 2658 3405 2715 Saturno

1813 2740 2097 2809 repentino
2123 2742 2320 2813 ubique
2339 2744 2572 2800 emlitem
2606 2748 2822 2818 contigit
2855 2749 2984 2804 dici.
3009 2750 3138 2806 Nam
3170 2761 3224 2807 et
3247 2762 3406 2808 terra:

1813 2832 1954 2889 filios
2000 2834 2189 2906 vulgus
2233 2846 2409 2903 vocat,
2450 2854 2678 2908 quorum
2730 2855 2896 2911 genus
2947 2842 3206 2898 incertum
3257 2853 3342 2899 est
3377 2862 3398 2897 ι

1813 2926 2086 3001 (Tertull.,
2132 2930 2426 3003 Apologet.,
2483 2948 2603 3002 cap.
2637 2933 2725 3002 10,
2760 2950 2876 3005 pag.
2930 2936 3017 3001 12,
3050 2946 3100 2991 et
3133 2937 3226 2992 lib.
3271 2953 3308 2992 ιι
3335 2937 3403 2991 ad

1812 3020 2055 3090 Nation.,
2077 3039 2196 3095 cap.
2222 3026 2342 3097 75).
2374 3026 2561 3083 Utrum
2584 3038 2760 3083 autem
2789 3028 2904 3084 hinc
2934 3028 3003 3084 ad
3028 3029 3401 3087 stabiliendam

1810 3114 2021 3172 Minucii
2057 3121 2225 3175 nostri
2250 3122 2556 3190 opinionem
2585 3122 2851 3179 sufﬁciant
2869 3165 2884 3186 ,
2919 3139 3019 3180 nec
3047 3126 3176 3179 satis
3198 3133 3343 3181 recte
3367 3139 3398 3179 a

343 3192 495 3286 5‘"?
1732 3179 1779 3243 Ο
1813 3206 2089 3265 Lactantio
2111 3175 2482 3282 redarguatur,
2506 3214 2820 3283 peritiorutn
2865 3215 3298 3286 exspectabimus
3318 3215 3401 3285 ju-

122 3268 313 3323 tuisset
339 3270 498 3325 rudes
543 3267 812 3335 homines,
842 3281 1051 3322 summa
1082 3268 1333 3338 regiaque
1362 3265 1579 3322 Saturni
1610 3281 1705 3336 po-

116 3369 312 3416 testate
335 3361 643 3432 pereulsos,
675 3358 969 3415 credidisse
1015 3358 1161 3413 illum
1205 3373 1235 3412 a
1281 3359 1419 3413 coelo
1456 3366 1509 3412 et
1563 3369 1703 3412 terra

104 3466 263 3507 suam
290 3454 504 3509 duxisse
536 3453 818 3524 originem.
854 3451 1058 3523 Sybilla
1095 3450 1360 3521 siquidem
1388 3450 1470 3504 bis
1501 3450 1701 3503 carmi-

105 3546 285 3612 nibus,
324 3548 392 3602 ab
421 3548 771 3618 Athenagora
802 3546 1010 3619 (Legat.
1060 3562 1153 3617 pro
1195 3544 1498 3610 Christian.,
1524 3560 1575 3613 p.
1610 3542 1700 3613 M)

100 3639 296 3707 citatis,
326 3641 429 3697 hoc
453 3640 692 3697 cecinit:

246 3766 259 3774 -
342 3746 422 3784 Καὶ
445 3743 619 3793 βασιλεὺς
643 3744 794 3793 Κρόνος,
816 3742 877 3780 καὶ
886 3737 1020 3787 Τιτὰν,
1038 3730 1188 3788 ianuis
1206 3755 1261 3787 τι,

345 3808 458 3855 fuisse
481 3808 593 3844 1i.va
612 3808 775 3856 φέριστε,
797 3806 859 3842 ui.
882 3804 1065 3855 οὗρανὶους
1087 3804 1291 3843 iudicemur

340 3857 546 3919 λγθρωκοι,
566 3872 672 3918 ταίιν
693 3880 750 3912 τι,
771 3869 833 3906 καὶ
854 3867 1006 3918 οὐρανὸν
1030 3868 1167 3916 οὕνομα.
1188 3868 1321 3911 θέντας,

341 3930 487 3971 οἴημα
509 3933 544 3968 ai
567 3933 766 3981 πρώτιστοι
788 3929 876 3968 ἴσαν
899 3931 1059 3978 μερόπων
1078 3930 1280 3981 ἀνθρώπων.

280 4002 435 4051 Porro
452 4000 698 4050 Saturnus
715 4008 768 4051 et
788 4001 952 4056 Titan,
973 3999 1297 4061 Japetusque,

277 4063 593 4127 Beguarunt,
616 4061 740 4113 ccelo
755 4074 879 4125 quos
904 4068 957 4111 et
981 4061 1162 4127 tellure
1185 4069 1380 4112 creatos

282 4123 528 4174 Diferunt
552 4123 794 4180 homines}
821 4133 971 4173 terra:
993 4123 1205 4185 coelique
1232 4131 1468 4173 vocantes

284 4186 510 4248 Nomine,
539 4187 671 4251 quod
690 4193 890 4251 cunctos
909 4184 1160 4251 homines,
1170 4186 1359 4251 virtute
1378 4184 1629 4251 praeirent.

770 4244 969 4311 (ςῶμα.
996 4262 1044 4296 ιιι
1066 4260 1111 4296 υ.
1133 4246 1196 4295 48
1218 4254 1263 4297 ει
1286 4244 1443 4311 seqq.)

124 4326 232 4384 Sed
254 4330 497 4388 Minucius
523 4332 665 4387 hanc
692 4332 952 4385 rationem
996 4345 1102 4383 non
1150 4330 1370 4383 omnino
1392 4328 1693 4398 praetermi-

134 4421 274 4475 sisse
292 4422 500 4477 videtur.
524 4423 749 4479 Nobiles
778 4422 918 4476 enim
952 4421 1097 4476 viros
1147 4421 1213 4473 ab
1245 4420 1563 4489 ignobilibus
1607 4419 1691 4473 tli-

115 4509 325 4569 stinxit,
352 4511 565 4584 dixitque
612 4513 717 4569 hos
757 4522 938 4577 terrae,
972 4512 1093 4567 illos
1141 4512 1261 4567 coeli
1300 4511 1438 4565 ﬁlios
1488 4526 1691 4581 cogno-

112 4602 347 4659 minatos
388 4605 453 4659 ab
494 4605 665 4673 italis,
698 4606 893 4676 quibus
950 4613 1201 4675 parentes
1248 4604 1457 4661 illorum
1489 4605 1690 4676 cogniti

106 4708 214 4749 non
245 4706 404 4753 erant.

178 4786 451 4846 Lactantio
475 4798 654 4845 autem
683 4789 1047 4853 verisimilius,
1081 4804 1241 4860 quam
1267 4789 1450 4846 verius
1466 4804 1585 4847 esse
1607 4789 1689 4843 vi-

95 4876 275 4943 detur,
309 4879 555 4936 homines
583 4882 775 4952 ignotis
804 4882 1115 4952 parentibus
1145 4892 1315 4947 ortos,
1339 4891 1474 4937 etex
1507 4883 1685 4953 inopi-

92 4982 226 5025 nato
250 4973 619 5040 advenientes,
661 4975 782 5030 caeli
813 4984 868 5029 et
893 4985 1050 5029 terra:
1081 4976 1224 5031 unde
1253 4975 1462 5030 exhorti
1491 4975 1682 5032 crede-

84 5061 639 5135 bantur,uuncupatos
653 5066 813 5122 fuisse
827 5066 1407 5122 nominibusAttatnen
1426 5066 1552 5122 illud
1566 5069 1683 5122 aliis

83 5163 139 5208 ct
161 5153 409 5223 ethnicis,
423 5156 796 5211 etcltristianis
816 5158 1167 5227 scriptoribus
1192 5157 1465 5225 probatur.
1479 5157 1685 5213 Primus

83 5264 153 5302 ex
178 5249 277 5306 illis
294 5251 451 5304 citari
468 5260 642 5320 potest
665 5251 815 5306 Titus
847 5249 1047 5316 Livius,
1073 5252 1162 5321 qui
1190 5250 1675 5306 narratRomulum

80 5339 279 5397 Urbem
309 5342 539 5397 Romam
571 5343 871 5407 condendo,
898 5358 1052 5397 usum
1084 5358 1203 5398 esse
1226 5351 1439 5398 «vetere
1460 5343 1685 5398 consilio

75 5435 425 5491 condentium
444 5437 624 5501 urbes,
647 5438 734 5506 qui
762 5437 1067 5501 obscuram,
1098 5446 1258 5507 atque
1276 5436 1532 5492 humilem
1552 5451 1685 5493 eon-

76 5526 302 5581 sciendo
314 5529 380 5584 ad
406 5544 469 5585 se
496 5528 909 5595 multitudinem,
930 5539 1108 5583 natam
1136 5544 1166 5585 e
1198 5540 1339 5584 terra
1358 5528 1459 5584 sibi
1481 5530 1682 5599 prolem

74 5620 508 5675 ementiebantur
542 5640 562 5674 ›
601 5618 761 5691 (Liv.,
794 5621 887 5674 lib.
916 5637 952 5685 I,
984 5621 1099 5689 58).
1129 5624 1198 5676 At
1242 5620 1512 5691 quomodo
1556 5621 1680 5675 illud

70 5711 318 5765 ementiri
340 5720 658 5781 potuerunt,
677 5711 774 5765 nisi
792 5713 1035 5766 obscurae
1056 5712 1379 5768 multitudini
1394 5713 1445 5766 in
1464 5712 1675 5782 cognita

64 5804 256 5861 fuisset
275 5819 478 5861 eorum
505 5804 685 5874 proles
706 5807 731 5859 2
754 5804 883 5873 Quis
903 5815 1082 5860 autem
1106 5805 1424 5862 inﬁciabitur
1449 5805 1589 5861 idem
1612 5806 1681 5863 de

1807 3292 2459 3360 dicium.Lnbenterenim
2478 3306 2705 3362 fatemur
2733 3315 2972 3362 nostrum
2996 3322 3103 3362 non
3126 3308 3398 3363 esseinter

1807 3403 2000 3461 tantos,
2019 3400 2566 3470 tamquevenerandze
2595 3400 2925 3472 antiquitatis
2947 3401 3092 3456 viros
3108 3401 3229 3457 lites
3247 3416 3398 3457 com-

1803 3504 2022 3560 ponere.
2054 3491 2319 3563 Quidquid
2344 3509 2503 3564 porro
2532 3503 2817 3562 statuatur,
2841 3494 2964 3551 inde
2993 3498 3231 3565 proiecto
3254 3495 3394 3550 invi-

1801 3582 2042 3638 Ctissitne
2060 3584 2343 3641 conficitur
2368 3586 2508 3642 hunc
2533 3586 2844 3652 Saturnum,
2859 3603 3017 3658 quem
3037 3586 3250 3642 Ethnici
3272 3588 3397 3643 alio-

1799 3687 1918 3728 rum
1944 3674 2164 3730 deorurn
2195 3691 2412 3732 suorum
2442 3690 2715 3748 parentem
2739 3693 2858 3734 esse
2870 3677 3195 3750 garriebant,
3217 3679 3393 3734 neuti-

1799 3783 1957 3839 quam
1980 3769 2161 3838 deum,
2180 3772 2274 3831 sed
2299 3772 2567 3829 hominem
2593 3776 2960 3830 tantummodo
2979 3774 3161 3837 fuisse,
3179 3776 3268 3844 qui
3284 3789 3393 3831 non

1799 3874 1956 3916 secus
1983 3876 2046 3917 ac
2076 3865 2258 3920 caeteri
2289 3865 2533 3921 homines
2571 3882 2636 3920 ex
2662 3866 2880 3921 homine
2902 3867 3114 3937 genitus
3144 3863 3264 3919 fuit.

2405 3974 2701 4015 ARTICULUS
2728 3976 2803 4015 III.

1800 4046 1994 4112 Quibus
2016 4050 2271 4105 rationum
2315 4053 2581 4106 momentis
2614 4050 2848 4107 Ca'cilius
2870 4051 3173 4106 demonstret
3204 4050 3392 4120 falsam

1868 4157 1976 4195 esse
2010 4143 2325 4198 divinitatem
2370 4144 2517 4198 lovis
2545 4153 2591 4196 et
2617 4144 2858 4210 aliorum,
2889 4144 2973 4210 qui
2993 4159 3059 4197 ex
3104 4142 3391 4197 hominibus

1866 4234 2023 4303 geniti
2072 4238 2295 4301 fuerant,
2338 4236 2416 4288 vel
2444 4234 2662 4287 aliorum
2708 4235 2919 4290 libidine
2943 4244 2993 4289 et
3033 4235 3304 4300 arbitratu,
3334 4244 3390 4289 ut

1866 4322 2119 4377 Romulus
2147 4336 2195 4378 et
2218 4324 2357 4377 Juba
2382 4324 2456 4377 dii
2478 4326 2753 4379 renuntiati
2771 4336 2910 4380 sunt.

1864 4413 2126 4471 Minucius
2167 4416 2314 4472 Felix
2338 4431 2369 4471 a
2397 4417 2629 4472 Saturno
2672 4419 2822 4474 venit
2851 4419 2918 4475 ad
2947 4421 3113 4476 ﬁlium
3142 4424 3258 4495 ejus
3296 4425 3388 4481 Jo-

1795 4520 1955 4574 vem,
2011 4522 2242 4579 eumque
2288 4508 2562 4565 hominem
2589 4551 2606 4577 ,
2658 4526 2994 4585 nequaquam
3036 4530 3168 4571 vero
3215 4517 3384 4573 Deum

1797 4596 1963 4654 fuisse
2005 4600 2257 4654 similiter
2283 4600 2634 4657 demonstrat.
2664 4601 2883 4659 Saturni
2935 4604 3133 4677 quippe
3172 4627 3192 4661 ι
3225 4609 3380 4677 ﬁlius,

1793 4691 1985 4762 inquit,
2017 4688 2226 4760 Jupiter
2253 4690 2448 4758 Cretae,
2479 4694 2699 4750 excluso
2718 4705 2957 4765 parente,
2988 4701 3247 4769 regnavit,
3280 4700 3386 4755 illic

1791 4785 1943 4849 obiit,
1970 4785 2079 4842 illic
2107 4785 2244 4841 ﬁlios
2275 4786 2460 4843 habuit
2484 4804 2498 4854 ;
2520 4788 2696 4844 adhuc
2738 4799 2948 4846 antrum
2998 4791 3146 4847 Jovis
3171 4793 3377 4860 visitur,

1790 4888 1846 4934 et
1865 4878 2206 4947 sepulchrum
2232 4881 2352 4949 ejus
2379 4882 2696 4949 ostenditur,
2729 4893 2782 4939 et
2813 4884 2866 4938 in
2893 4884 3023 4954 ipsis
3070 4884 3238 4939 Sacris
3271 4885 3383 4940 suis

1792 4970 2138 5028 humanitatis
2187 4973 2447 5046 arguitur.
2487 4994 2507 5026 ι
2539 4973 2642 5029 Sed
2672 4974 2739 5028 de
2769 4975 2849 5028 bis
2889 4975 2998 5043 jam
3042 4974 3199 5044 paulo
3223 4986 3382 5032 antea

1789 5063 2196 5133 diSputavimus,
2220 5075 2379 5134 atque
2416 5064 2591 5120 adhuc
2616 5065 2668 5118 in
2710 5064 3154 5134 subsequentibus
3184 5068 3381 5121 nostris

1788 5156 2254 5213 dissertationibus
2279 5154 2561 5226 agendum.
2599 5156 2672 5210 De
2700 5154 2848 5210 Jovis
2876 5172 3035 5226 porro
3055 5156 3240 5220 sacris,
3261 5172 3381 5226 qum

1791 5249 2061 5307 hominem
2096 5252 2245 5307 illum
2282 5250 2446 5307 fuisse
2487 5250 2662 5306 adhuc
2691 5251 3067 5322 ostendebant,
3100 5252 3237 5308 infra
3264 5252 3380 5308 dis-

1790 5345 2111 5416 putabimus.

1864 5436 1912 5490 ls
1928 5437 2103 5506 itaque
2116 5433 2321 5505 Jupiter
2338 5449 2458 5491 cum
2477 5434 2610 5489 deus
2621 5448 2740 5489 esse
2755 5449 2860 5489 non
2878 5436 3259 5507 p05sit,quiaex
3274 5436 3380 5492 alio

1790 5528 2008 5584 homine
2026 5530 2241 5600 genitus
2262 5537 2364 5592 est,
2394 5526 2518 5583 inde
2546 5529 2853 5583 necessnrio
2878 5528 3119 5597 sequitur
3152 5541 3379 5584 caeteros

1788 5637 1852 5678 ex
1887 5621 1997 5686 illo,
2045 5621 2268 5691 aliisque
2322 5619 2626 5674 hominibus
2656 5630 2821 5686 ortos,
2857 5635 3191 5692 nequaquam
3223 5620 3375 5685 deos,

1786 5714 1880 5770 sed
1907 5714 2160 5771 mortales
2188 5713 2350 5768 fuisse
2376 5713 2638 5780 homines,
2666 5726 2696 5766 a
2722 5723 2907 5768 natura
2952 5712 3129 5767 divina
3172 5711 3379 5767 inﬁnite

1784 5807 2068 5866 alienatos.
2101 5804 2457 5875 Quamobrem
2507 5805 2767 5862 Minucius
2814 5805 3049 5863 declarat
3077 5804 3377 5876 descriptas
