3824 6282
365 315 463 374 571

1666 309 1756 367 nn
1795 292 2053 366 MINUCil
2076 302 2378 365 OCTAVIO

3496 315 3584 371 573

368 432 611 488 Ethnicis
636 432 846 488 illormn
869 429 1261 501 generationes,
1286 442 1419 500 quas
1445 426 1684 499 proferre
1702 435 1810 482 tam
1835 424 1952 480 lou-
1981 422 2031 482 A
2058 429 2114 475 et
2141 420 2245 477 alia
2289 421 2371 477 his
2395 423 2611 491 similia,
2642 423 2782 495 apud
2821 424 3137 491 Arnobium.
3178 423 3495 499 Laclantium,
3530 433 3590 490 de

368 540 515 596 gum,
549 539 706 594 quam
745 524 932 579 inutile
982 522 1137 585 foret,
1170 521 1383 577 silentio
1423 536 1451 575 a
1493 535 1552 576 se
1597 516 1955 592 prretermitti.

370 619 503 674 Nam
539 635 559 669 ‹
607 618 832 673 otiosum
882 624 993 681 est,
1026 617 1233 686 inquit,
1260 616 1340 671 ire
1365 630 1464 686 per
1484 614 1741 685 singulos,
1774 623 1829 668 et
1874 621 1957 667 to-

378 719 483 765 tam
517 710 710 764 seriem
738 709 953 780 generis
1003 708 1156 763 istius
1203 708 1501 778 explicare,
1532 722 1653 761 cum
1688 705 1741 760 in
1774 703 1961 773 primis

372 801 679 872 parentibus
706 800 928 868 probata
954 800 1272 866 mortalitas,
1292 800 1345 854 in
1376 810 1602 854 caeteros
1625 796 1814 852 ordine
1842 810 1962 852 suc-

372 891 634 947 cessionis
678 891 968 947 influxerit.
1005 910 1024 944 ι
1054 890 1243 945 Nonne
1294 905 1423 945 vero
1453 892 1567 944 haec
1613 889 1866 943 dellbavit
1894 902 1963 943 ex

374 983 725 1050 Tertulliano,
758 984 847 1054 qui
896 983 1044 1054 prius
1085 982 1329 1037 dixerat:
1363 1000 1381 1034 ι
1409 980 1650 1036 Otiosum
1692 987 1776 1034 est
1802 979 1961 1033 etiam

375 1076 580 1143 titulos,
626 1075 996 1145 persequi.....
1030 1075 1171 1145 quod
1203 1074 1270 1129 de
1314 1075 1520 1143 origine
1566 1069 1963 1136 eonstiterit,id

375 1179 429 1224 et
482 1169 549 1223 de
590 1171 900 1238 posteritate
947 1168 1267 1223 conveniet?
1299 1184 1318 1217 ι
1360 1165 1645 1237 (Tertull.,
1673 1163 1959 1234 Apologet.,

375 1274 495 1331 cap.
522 1260 611 1324 10,
642 1274 764 1330 pag.
797 1260 913 1332 12.)
942 1259 1116 1315 Hosce
1144 1260 1393 1314 nimirum
1421 1257 1815 1313 commentitios
1843 1266 1966 1311 esse

378 1352 531 1417 deos,
562 1367 847 1421 merosqne
877 1351 1142 1406 homines.

447 1445 555 1501 Sed
602 1445 864 1501 Minucius
895 1444 1150 1500 Ethnicos
1188 1444 1366 1499 acrius
1408 1450 1580 1514 urget,
1613 1441 1820 1512 hisque,
1848 1456 1968 1511 qua:

378 1552 517 1609 pene
539 1539 717 1593 omnia
742 1539 1038 1610 Cyprianus
1059 1537 1411 1609 transcripsit,
1434 1537 1611 1591 verbis
1642 1536 1965 1591 insectatur:

388 1648 408 1682 ε
445 1630 557 1684 Cur
585 1629 629 1683 si
685 1628 794 1683 nati
830 1641 986 1695 sunt,
1032 1645 1141 1685 non
1193 1629 1463 1699 hodieque
1508 1627 1835 1682 nascuntur?
1867 1626 1969 1681 nisi

381 1719 519 1776 forte
539 1720 648 1790 jam
675 1720 882 1786 Jupiter
902 1722 1096 1788 senuit,
1129 1728 1185 1775 et
1210 1728 1393 1792 partus
1428 1721 1480 1774 in
1507 1719 1715 1775 Juuone
1752 1718 1964 1783 defecit,

2060 515 2254 583 quibus
2293 529 2392 569 nos
2442 531 2540 571 suo
2567 519 2709 582 loco,
2743 526 2800 573 et
2849 516 3140 573 Eusebium
3197 518 3405 587 quilibet
3446 521 3591 592 legere

2062 603 2204 660 baud
2222 604 2508 663 difﬁculter
2529 611 2724 680 poterit
2739 610 2989 684 (Arnob,
3012 611 3107 666 lib.
3123 626 3183 665 ιιι
3199 611 3313 666 adv.
3332 611 3591 688 Gent.,pag.

2064 696 2168 753 104
2193 708 2247 754 et
2274 716 2447 771 seqq.;
2475 702 2719 768 Laetan.,
2741 703 2832 759 lib.
2852 719 3024 774 r,cap.
3052 704 3119 760 l6
3138 713 3195 761 et
3219 719 3392 776 seqq.;
3415 706 3596 779 Euseb,

2063 787 2119 841 in
2145 787 2292 842 Orat.
2319 788 2587 848 Constant.
2618 793 2687 847 ad
2733 804 2898 850 sanet.
2940 804 3079 860 ach,
3108 810 3229 864 cap.
3259 796 3316 862 4,
3345 811 3453 866 pag.
3478 799 3597 873 570).

2136 879 2342 937 [nterea
2379 898 2508 939 vero
2552 886 2811 941 monitum
2842 895 2896 942 te
2923 901 3042 942 esse
3090 887 3338 943 volumus
3366 898 3543 945 tantum
3565 893 3601 949 in
3645 936 3651 942 .

2069 973 2171 1028 hoc
2195 983 2513 1044 argumento
2541 990 2661 1032 esse
2699 977 2892 1033 virium
2936 987 2989 1034 et
3042 978 3327 1048 ponderis;
3354 988 3409 1034 ut
3448 980 3606 1039 Plinius

2068 1065 2161 1119 illo
2189 1065 2346 1134 plane
2373 1082 2681 1137 oppressus,
2715 1069 2950 1126 fateatur
2997 1079 3087 1126 ant
3129 1072 3387 1142 majorem
3415 1088 3519 1129 esse
3540 1074 3607 1131 de-

2067 1155 2197 1213 bere
2237 1157 2498 1224 ccelitum,
2525 1175 2682 1230 quam
2729 1160 3004 1216 hominum
3047 1177 3355 1227 numerum,
3399 1170 3481 1217 aut
3514 1180 3607 1221 vera

2069 1262 2175 1304 non
2227 1247 2394 1306 fuisse
2441 1250 2662 1306 deorum
2713 1253 3205 1310 matrimonia.Sed
3258 1255 3609 1325 ipsummetlo-

2069 1350 2321 1411 quentem
2352 1344 2539 1399 audire
2568 1345 2717 1415 juvat
2744 1365 2757 1400 :
2797 1366 2816 1397 ι
2857 1346 3044 1416 Major,
3074 1349 3267 1417 inquit,
3293 1349 3515 1405 caelitum
3536 1365 3608 1420 po-

2070 1433 2229 1504 pulus
2267 1437 2448 1501 etiam,
2482 1453 2642 1508 quam
2678 1438 2968 1495 hominum
3015 1442 3242 1512 intelligi
3290 1452 3478 1513 potest,
3520 1458 3610 1499 cum

2072 1525 2264 1597 singuli
2312 1543 2524 1599 quoque
2578 1545 2645 1584 ex
2695 1533 3001 1599 semetipsis
3030 1532 3251 1589 totidem
3286 1533 3415 1589 deos
3439 1533 3611 1601 faciant,

2073 1617 2311 1676 Junones
2332 1623 2625 1693 geniosque
2647 1622 2951 1694 adoptando
2977 1625 3077 1682 sibi
3106 1643 3117 1679 :
3147 1635 3336 1696 gentes
3357 1643 3478 1681 vero
3500 1643 3612 1697 qtae-

2073 1709 2198 1767 dam
2245 1714 2515 1780 animalia,
2545 1725 2599 1771 et
2647 1714 2824 1785 aliqua
2856 1717 3017 1771 etiam
3046 1717 3282 1773 obscena
3313 1733 3408 1788 pro
3439 1718 3527 1773 diis
3549 1719 3617 1774 ba-

381 1821 436 1869 et
482 1812 718 1868 Minerva
763 1814 942 1868 canuit
985 1823 1270 1881 antequam
1298 1812 1507 1882 peperit
1533 1830 1552 1863 ι
1586 1810 1880 1882 (Cyprian.,
1909 1809 1974 1864 de
1999 1810 2048 1871 Β
2076 1805 2265 1871 beant;
2293 1822 2356 1862 ac
2386 1808 2548 1863 multa
2576 1808 2719 1864 dictu
2746 1810 2913 1879 magis
2941 1811 3210 1881 pudenda,
3243 1828 3340 1884 per
3360 1814 3549 1870 fmtidos
3565 1813 3620 1871 ci-

382 1903 586 1959 Idolor.
618 1921 760 1970 nam,
794 1920 916 1976 pag.
956 1904 1023 1959 12
1048 1904 1088 1976 γ.
1122 1905 1278 1960 Prius
1304 1903 1636 1973 TbeOpbilus
1680 1901 1975 1958 Antioche-

386 2011 485 2051 nus
513 1997 770 2054 Ethnicos
794 1998 985 2054 eodem
1020 2007 1333 2069 argumento
1361 1998 1729 2053 confutaverat
1757 2012 1771 2050 :
1796 2002 1858 2050 Et
1886 2005 1980 2069 γὰρ

387 2091 490 2145 τότε
531 2095 730 2155 ὅγεννων.
779 2100 863 2144 καὶ
913 2097 1171 2156 (γεννῶντα,
1203 2094 1360 2154 δηλον,
1383 2096 1457 2146 ὃτι
1501 2097 1643 2159 ἕχρῖ,ν
1679 2097 1760 2144 καὶ
1788 2097 1868 2152 ἕως
1895 2096 1979 2145 τοῦ

389 2185 524 2252 δεῦρο
557 2189 765 2252 γίνεσθαι
788 2189 916 2244 θεοὺς
944 2190 1200 2249 γεννητοῢμ
1229 2190 1260 2243 ἢ
1303 2186 1397 2253 γὰρ
1438 2188 1676 2252 ἐγήρασαν
1701 2186 1776 2236 διὸ
1804 2187 1884 2238 ait;
1908 2188 1979 2235 ἔτι

386 2291 590 2345 γεννῶσι·
625 2282 655 2336 ἢ
680 2277 934 2342 ἀπέθανον,
956 2286 1041 2328 ιιιί
1064 2280 1145 2330 οὐκ
1187 2283 1259 2331 ἔτι
1288 2280 1397 2329 εἰσί.
1433 2292 1452 2327 t
1486 2272 1543 2329 Si
1581 2286 1691 2329 tum
1721 2289 1977 2345 genuere,

391 2375 446 2420 et
480 2366 644 2435 geniti
688 2374 831 2433 sunt,
864 2367 1183 2437 opportebat
1206 2380 1390 2421 eorum
1421 2367 1822 2437 generationem
1850 2365 1982 2420 lme-

392 2470 563 2527 usque
595 2458 811 2529 porrigi.
841 2457 932 2514 Sin
951 2472 1105 2514 seeus
1134 2473 1193 2514 se
1213 2473 1300 2515 res
1320 2458 1502 2525 habet,
1535 2468 1680 2514 certe
1709 2459 1978 2513 infirmum

392 2545 614 2604 deorum
644 2564 815 2619 genus
851 2550 1203 2621 reputabitur.
1235 2552 1340 2605 Aut
1358 2552 1502 2606 enim
1532 2551 1682 2608 senio
1726 2552 1977 2617 conlecti,

391 2654 654 2709 generare
681 2640 976 2709 desierunt,
1006 2653 1099 2697 aut
1129 2657 1161 2698 e
1186 2642 1479 2697 viventium
1524 2658 1746 2699 numero
1770 2644 1983 2713 penitus

392 2741 518 2786 sunt
544 2732 755 2799 sublati,
785 2742 839 2789 et
866 2736 919 2789 in
950 2733 1175 2790 nihilum
1206 2734 1405 2790 redacti
1441 2752 1461 2787 ι
1496 2733 1800 2805 (Theoph.,
1832 2735 1922 2789 lib.
1966 2749 1982 2791 ι

393 2824 461 2878 ad
497 2824 762 2896 Autolya,
798 2841 917 2896 pag.
969 2826 1031 2883 8i
1064 2826 1109 2900 ).
1166 2828 1387 2884 Brevius
1438 2828 1652 2899 quidem
1702 2829 1978 2897 ’l‘atianus,

393 2915 488 2971 sed
515 2931 619 2970 non
667 2918 844 2977 minus
891 2918 1113 2974 festive:
1152 2938 1172 2972 ι
1205 2919 1260 2975 Si
1287 2920 1513 2975 deorum
1558 2921 1981 2990 generationem,

395 3007 584 3076 inquit,
600 3012 930 3079 memoratis,
962 3012 1217 3067 mortales
1242 3026 1336 3067 eos
1359 3011 1643 3067 ostenditis
1675 3029 1689 3067 :
1721 3016 1803 3067 sta
1820 3017 1870 3066 τὶ
1894 3018 1986 3083 γὰρ

395 3109 446 3160 οὗ
463 3112 559 3160 abet
578 3115 655 3161 νῦν
679 3116 709 3168 ἡ
733 3094 863 3180 lipsi;
891 3112 1087 3179 πὸτερον
1102 3124 1386 3180 γεγῆρικιη
1418 3114 1447 3167 ἣ
1470 3115 1555 3164 τοῦ
1573 3117 1858 3176 privamur-oc
1879 3113 1987 3177 ὑμῖν

394 3203 657 3270 ain-opem;
688 3200 794 3256 Cur
821 3218 926 3256 non
954 3201 1182 3269 amplius
1210 3202 1346 3269 parit
1379 3200 1562 3256 Juno?
1588 3199 1988 3257 Consenuitue?

396 3290 502 3344 Aut
547 3292 635 3361 qui
683 3307 795 3348 rem
840 3293 1079 3361 aperiat,
1122 3291 1331 3348 habetis
1378 3288 1694 3349 neminem?
1722 3292 1983 3364 (Tatian.,

401 3380 547 3435 Orat.
572 3393 734 3437 contr.
756 3381 948 3448 Gram,
976 3398 1094 3455 pag.
1121 3383 1275 3455 160.)

470 3472 561 3528 Sic
605 3474 767 3529 etiam
809 3475 1048 3543 Seneca,
1081 3491 1111 3531 a
1141 3476 1420 3533 Lactantio
1464 3477 1729 3543 laudatus,
1758 3477 1989 3549 gentiles

400 3577 527 3619 suos
555 3565 825 3621 irridendo
845 3575 1283 3639 argumentatur:
1319 3588 1338 3621 ι
1364 3568 1503 3636 Quid
1520 3580 1603 3627 est
1627 3584 1776 3640 ergo,
1796 3569 1985 3637 inquit,

401 3670 568 3724 quare
595 3657 734 3725 apud
765 3668 951 3726 poetas
990 3662 1356 3718 salacissimus
1379 3662 1587 3732 Jupiter
1607 3662 1828 3718 desierit
1856 3662 1991 3717 libe-

401 3760 490 3802 ros
536 3747 774 3804 tollere?
804 3749 993 3808 Utrum
1042 3755 1420 3821 sexagenarius
1470 3753 1640 3809 factus
1669 3764 1782 3819 est,
1810 3764 1863 3810 et
1908 3756 1988 3810 illi

401 3839 484 3894 lex
513 3840 671 3910 Papia
694 3843 906 3899 fibulam
952 3845 1250 3916 imposuit?
1280 3847 1361 3901 An
1393 3845 1697 3916 impetravit
1718 3850 1805 3916 jus
1834 3848 1991 3904 trium

401 3930 710 3987 liberorum.
754 3935 835 3988 An
895 3936 1110 3992 tandem
1154 3936 1229 3992 illi
1275 3938 1419 3993 venit
1461 3938 1513 3992 in
1569 3947 1800 3994 mentem
1837 3957 1849 3992 :
1911 3938 1993 3994 Ab

399 4021 504 4076 alio
552 4034 857 4095 exspectes,
891 4027 1045 4083 alteri
1095 4028 1237 4099 quod
1265 4028 1487 4095 feceris;
1514 4041 1569 4085 et
1601 4031 1752 4087 timet
1789 4048 1856 4087 ne
1876 4035 1995 4102 quis

400 4113 500 4169 sibi
519 4115 693 4183 faciat,
723 4119 863 4187 quod
890 4119 1286 4191 ipseSaturno?
1316 4139 1336 4174 ι
1360 4119 1557 4192 (Lact.,
1581 4122 1674 4178 lib.
1698 4138 1735 4189 ι,
1764 4138 1882 4193 cap.
1904 4124 1992 4193 l6,

403 4221 521 4277 pag.
551 4208 670 4278 88.)
708 4209 765 4265 Id
799 4221 900 4281 est,
920 4228 988 4269 ne
1012 4214 1149 4270 sicut
1176 4215 1265 4272 ille
1281 4215 1566 4272 Saturnum
1583 4228 1787 4288 patrem
1814 4234 1992 4289 suum,

400 4297 470 4352 ita
496 4299 667 4368 ipsum
695 4303 783 4357 lilii
815 4304 930 4374 ejus
959 4321 1124 4378 regno
1149 4308 1462 4379 spoliarent.
1490 4307 1596 4365 Sed
1614 4310 1683 4366 de
1696 4309 1994 4381 Lactantio,

404 4388 587 4462 hisque
635 4391 853 4450 Senecae
881 4398 1054 4453 verbis
1090 4400 1290 4470 aliquid
1318 4400 1453 4456 infra
1484 4401 1791 4459 dicendum.
1838 4404 1996 4458 Deni-

399 4498 501 4553 que
522 4493 582 4540 ut
618 4486 750 4543 alios
765 4487 957 4544 missos
980 4489 1253 4555 faciamus.
1273 4491 1542 4549 Juvenalis
1569 4495 1729 4550 etiam
1758 4495 1950 4552 cecinit
1982 4512 1996 4549 :

492 4600 614 4658 Quis
644 4607 810 4652 tamen
828 4604 1037 4654 afhrmet
1058 4605 1125 4654 nil
1150 4613 1309 4657 actum
1332 4609 1386 4657 in
1404 4609 1666 4662 montibus.
1692 4618 1774 4661 aut
1797 4611 1847 4659 in

496 4662 788 4725 Speluncis?
811 4665 952 4716 Adeo
976 4676 1254 4719 senuerunt
1268 4669 1464 4733 Jupiter
1486 4676 1540 4720 et
1563 4671 1707 4722 Mars.

746 4747 1016 4814 (Juvenal,
1044 4754 1232 4817 Satyr.,
1257 4769 1321 4817 vi,
1342 4767 1388 4805 υ.
1415 4754 1492 4806 62.
1516 4761 1563 4806 et
1584 4758 1744 4821 seqq.)

474 4854 637 4911 Instat
670 4856 947 4925 Minucius,
979 4867 1035 4914 et
1085 4858 1245 4916 falsas
1272 4859 1340 4917 de
1368 4860 1471 4917 diis
1510 4863 1795 4933 opiniones
1820 4863 1993 4921 altera

404 4945 580 5002 adhuc
626 4949 835 5006 ratione
886 4949 1126 5008 funditus
1173 4951 1435 5009 destruit:
1465 4971 1485 5006 ι
1546 4954 1601 5011 Si
1645 4955 1718 5010 dii
1750 4996 1766 5021 ,
1796 4956 1989 5027 inquit,

403 5043 573 5098 creari
606 5054 844 5114 possent,
874 5045 1093 5102 interire
1119 5061 1224 5102 nou
1251 5056 1491 5118 possent,
1526 5048 1703 5119 plures
1729 5051 1854 5107 totis
1876 5050 1991 5106 bo-

403 5133 637 5189 minibus
662 5134 794 5193 deos
820 5137 1141 5193 haberemus
1161 5156 1174 5205 ;
1195 5148 1251 5194 ut
1273 5139 1383 5210 jam
1413 5155 1508 5197 eos
1530 5157 1628 5198 nec
1649 5143 1845 5198 malum
1861 5158 1994 5199 con-

407 5225 618 5293 tineret,
649 5243 751 5285 nec
795 5244 889 5283 aer
919 5232 1140 5301 raperet
1163 5272 1178 5297 ,
1212 5246 1309 5288 nec
1350 5241 1490 5288 terra
1533 5243 1789 5305 gestaret.
1830 5254 1849 5286 ι
1885 5234 1992 5293 Sed

403 5319 505 5374 hoc
545 5320 651 5374 telo
700 5322 884 5391 utique
913 5323 1197 5388 acerrimo,
1224 5339 1330 5394 quo
1360 5325 1519 5380 etiam
1570 5325 1773 5397 Sybilla
1804 5326 1989 5390 utitur,

401 5409 660 5466 Ethnicos
687 5412 878 5469 citatus
898 5413 1008 5483 jam
1037 5430 1066 5469 a
1095 5415 1250 5471 nobis
1266 5415 1598 5485 Theophilus
1628 5416 1995 5473 Antiocbemts

400 5502 612 5571 penitus
631 5505 1128 5563 transﬁxeratdlinc
1151 5508 1316 5575 enim,
1331 5509 1521 5579 inquit,
1540 5518 1718 5579 μᾶλλιν
1736 5523 1821 5564 ιιιὶ
1839 5519 1996 5567 πλείο-

399 5619 466 5657 νες
496 5598 592 5650 chi
618 5604 813 5669 ὤφειλον
834 5600 957 5654 εἶναι
978 5619 1071 5658 τῶν
1098 5604 1368 5673 ἀνθρώπων,
1391 5610 1451 5666 ὥς
1469 5626 1585 5673 φησι
1609 5606 1995 5672 Σιευλλῃωοῑ-

400 5684 577 5754 ligitur
602 5687 785 5756 plures
810 5704 930 5745 esse
946 5691 1096 5758 deos,
1115 5707 1273 5761 quam
1288 5692 1551 5760 homines,
1573 5695 1711 5751 sicut
1729 5705 1779 5751 et
1794 5695 1997 5768 Sibylla

402 5777 697 5842 perbibet»
733 5778 940 5837 Caetera
959 5798 1075 5852 qua:
1103 5783 1341 5853 longiora
1368 5794 1494 5841 sunt
1518 5788 1659 5856 apud
1688 5803 1835 5857 eum,
1858 5788 2001 5846 sicut

2080 1898 2178 1954 bos
2204 1908 2260 1954 et
2299 1901 2400 1954 alia
2425 1901 2685 1971 jurantes.
2724 1901 3055 1958 Matrimonia
3108 1905 3328 1975 quidem
3375 1907 3503 1961 inter
3523 1906 3621 1961 deos

2081 1990 2262 2060 credi,
2289 2001 2542 2063 tant0que
2584 2009 2700 2049 azvo
2728 2009 2793 2050 ex
2821 1995 2901 2050 bis
2932 1995 3198 2050 neminem
3242 1996 3425 2061 nasci,
3451 2008 3499 2053 et
3520 1997 3623 2053 alios

2080 2098 2201 2138 esse
2230 2085 2545 2153 grandaevos
2594 2100 2915 2157 semperque
2964 2102 3148 2152 canos,
3180 2096 3236 2143 et
3271 2088 3404 2143 alios
3441 2087 3626 2159 juvenes

2081 2184 2241 2245 atque
2269 2191 2483 2245 pueros,
2525 2178 2774 2243 aligeros,
2804 2178 3048 2245 claudos,
3097 2194 3202 2234 ovo
3246 2181 3468 2252 genitos,
3485 2189 3531 2236 et
3565 2178 3628 2233 al-

2085 2267 2251 2321 ternis
2277 2267 2464 2323 diebus
2490 2269 2729 2324 virentes
2756 2271 3171 2342 morientesque,
3197 2273 3468 2341 puerilium
3493 2288 3625 2344 prope

2082 2361 2556 2417 delirameutorum
2583 2372 2667 2418 est
2694 2382 2712 2415 ι
2736 2363 2920 2435 (Plin.,
2954 2364 3046 2420 lib.
3068 2382 3107 2420 ιι
3136 2364 3329 2421 Natur.
3358 2364 3505 2437 Hist,
3532 2381 3628 2437 cap.

2082 2453 2136 2520 7,
2169 2469 2289 2523 pag.
2322 2452 2426 2508 142
2453 2464 2508 2508 et
2550 2453 2717 2528 seq.).
2750 2455 2902 2523 Quod
2951 2472 3102 2529 ergo,
3144 2457 3337 2514 amabo
3392 2468 3456 2524 le,
3486 2456 3630 2512 efﬁca-

2084 2544 2198 2599 cius
2240 2544 2307 2599 ad
2358 2546 2622 2602 tollendas
2649 2547 2940 2604 Gentilium
2986 2549 3276 2620 religiones
3306 2561 3631 2620 argumentum

2084 2637 2262 2693 aﬂ‘erri
2282 2648 2505 2710 poterat,
2533 2657 2689 2711 quam
2715 2641 2799 2696 illa
2818 2643 3047 2709 sincera,
3068 2654 3119 2698 et
3139 2644 3353 2715 publica
3373 2643 3512 2699 Plinii
3529 2643 3631 2698 alio-

2084 2746 2311 2801 rumque
2338 2733 2498 2788 etiam
2528 2733 2875 2789 Etlmicorum
2907 2735 3213 2792 confessio?

2158 2821 2340 2891 Neque
2367 2823 2568 2879 dixeris
2597 2825 2715 2880 illas
2737 2825 2964 2882 indocta:
2990 2826 3246 2898 rudisque
3274 2828 3438 2899 plebis
3463 2827 3635 2897 opinio-

2086 2928 2182 2967 nes
2202 2929 2230 2967 a
2260 2914 2451 2982 Plinio,
2467 2917 2915 2986 quemadmodum
2929 2917 2997 2973 ab
3022 2918 3127 2973 illis
3149 2919 3488 2975 Ethnicorutn
3500 2920 3637 2975 homi-

2089 3019 2214 3058 num
2247 3004 2592 3074 doctissimis,
2624 3018 2893 3079 tamquam
2939 3010 3110 3065 aniles
3154 3010 3361 3069 fabulas
3387 3012 3635 3086 repudiari.

2087 3096 2219 3150 Nam
2278 3097 2327 3150 id
2383 3098 2647 3167 Minucio,
2683 3102 3001 3174 cn’lerisque
3053 3102 3359 3159 christiana:
3405 3104 3639 3173 religionis

2013 3195 2059 3257 ρ
2093 3190 2485 3260 defensoribus,
2539 3194 2695 3262 plane
2734 3194 3030 3251 sufficiebat
3076 3195 3141 3251 ad
3197 3196 3393 3269 impios
3435 3197 3637 3251 omnium

2091 3283 2438 3339 Etbnicorum
2468 3285 2662 3352 cultus,
2688 3288 2774 3357 qui
2802 3288 2855 3342 in
2884 3287 3030 3343 hisce
3048 3304 3297 3344 errorum
3324 3286 3555 3344 monstris
3571 3284 3641 3339 ni-

2093 3377 2359 3437 tebantur.
2395 3376 2630 3433 funditus
2652 3381 2998 3436 evertendas.
3033 3380 3166 3449 Quis
3186 3383 3329 3437 enim
3354 3383 3549 3438 illorum
3570 3393 3640 3433 ra—

2094 3484 2190 3523 nas
2231 3472 2639 3538 superstitiones
2698 3472 2839 3529 ferre
2865 3482 3043 3545 quaeat
3073 3517 3089 3542 ,
3144 3476 3233 3545 qui
3266 3478 3466 3531 unicum
3502 3486 3641 3530 :rter-

2095 3578 2329 3632 numque
2365 3563 2531 3619 Deum
2566 3564 2851 3635 negabant,
2882 3576 2935 3621 et
2965 3567 3102 3623 alios
3128 3567 3385 3637 plurimos
3405 3565 3641 3631 mortales,

2094 3664 2185 3709 aut
2209 3666 2553 3725 generantes,
2596 3673 2659 3711 ac
2706 3659 2916 3727 genitos
2940 3659 3075 3716 deos
3100 3660 3347 3717 colebant
3372 3671 3421 3716 et
3451 3673 3646 3713 venera-

2095 3746 2289 3801 bantur
2310 3749 2333 3801 ?
2357 3749 2470 3803 Non
2500 3750 2674 3803 minus
2701 3763 2879 3805 autem
2910 3750 3053 3806 docti
3092 3767 3253 3823 quam
3280 3751 3462 3808 indocti
3483 3749 3649 3805 Genti-

2096 3840 2197 3906 les,
2227 3841 2425 3910 rejecto
2456 3858 2584 3897 vero
2612 3843 2741 3909 Deo,
2772 3843 3052 3910 ridiculos,
3084 3844 3209 3899 illos
3236 3845 3362 3900 Deos
3384 3840 3643 3902 colebant;

2098 3933 2182 3987 vel
2226 3933 2406 3988 colere
2454 3948 2514 3989 se
2560 3934 2895 4001 simulantes,
2930 3936 3136 3990 nullum
3182 3935 3650 3995 admittebant;aut

2098 4024 2241 4079 aliud
2284 4024 2485 4094 aliquid
2529 4040 2559 4079 a
2589 4041 2713 4082 vera
2762 4025 3041 4082 divinitate
3089 4041 3157 4083 eo
3210 4027 3370 4098 magis
3391 4030 3651 4087 remotum,

2098 4114 2244 4187 quod
2270 4128 2533 4181 creatum,
2562 4117 2646 4172 vel
2674 4119 2899 4188 ipsamet
2919 4119 3126 4174 ratione
3152 4118 3411 4187 privatum
3441 4124 3560 4171 erat.

2171 4207 2361 4262 Nonne
2390 4224 2521 4280 ergo
2557 4226 2585 4263 a
2621 4219 2770 4266 recto
2809 4211 3053 4267 veritatis
3100 4213 3314 4268 tramite
3340 4209 3556 4266 similiter
3570 4204 3653 4258 ab-

2100 4301 2375 4367 errabant,
2409 4304 2499 4373 qui
2529 4304 2691 4358 stulte
2743 4303 3103 4374 praedicabant
3148 4304 3404 4361 mortales
3432 4297 3651 4374 Quosdam

2103 4392 2374 4458 homines,
2409 4394 2491 4449 vel
2518 4402 2637 4449 ortu
2669 4409 2793 4460 suo,
2823 4395 2904 4449 vel
2926 4395 3154 4451 aliorum
3181 4396 3436 4467 perjurio,
3450 4388 3655 4453 libidine,

2101 4494 2158 4541 et
2187 4486 2468 4554 arbitratu,
2501 4487 2671 4541 factos
2696 4501 2817 4542 esse
2843 4486 2975 4543 deos
2995 4486 3018 4541 'i
3039 4486 3187 4543 Talis
3205 4497 3385 4543 tamen
3409 4485 3514 4551 fuit,
3539 4502 3556 4534 ι
3580 4493 3659 4551 pe—

2018 4583 2073 4643 D
2102 4577 2313 4647 jerante
2340 4578 2586 4643 Proculo,
2626 4598 2646 4631 ι
2682 4580 2757 4633 uti
2786 4578 3047 4634 Minucius
3072 4579 3166 4646 ait,
3190 4597 3211 4632 ι
3249 4580 3387 4637 Deus
3408 4572 3661 4638 Romulus.

2098 4671 2547 4741 quemadmodum
2572 4671 2730 4741 paulo
2745 4680 2864 4741 post
2879 4670 3288 4741 explicabimus.
3306 4671 3661 4739 Talisquoqlles

2103 4780 2122 4815 ι
2151 4762 2288 4819 Juba
2322 4782 2342 4815 ι
2378 4764 2547 4834 pergit
2576 4763 2690 4829 ille,
2728 4781 2747 4815 ι
2768 4761 2964 4818 Mauris
2993 4762 3324 4832 volentibus,
3352 4763 3469 4819 deus
3488 4765 3589 4823 est,
3614 4760 3665 4808 et

2099 4855 2233 4922 divi,
2255 4856 2435 4912 caeteri
2475 4870 2650 4927 reges,
2684 4856 2775 4926 qui
2814 4864 3224 4925 consecrantur,
3255 4872 3361 4913 non
3410 4853 3471 4910 ad
3517 4849 3664 4905 tidem

2097 4950 2352 5016 numinis,
2379 4950 2475 5007 sed
2500 4950 2566 5005 ad
2591 4951 2853 5005 honorem
2885 4950 3126 5006 emerita:
3154 4948 3466 5020 potestatis?
3493 4964 3516 4999 ι
3542 4942 3666 4999 Sub-

2098 5044 2317 5114 scripsit
2346 5045 2547 5099 auctori
2592 5052 2780 5105 nostro
2806 5043 3136 5108 Lactantius,
3178 5044 3490 5115 scriptisque
3516 5035 3667 5095 tradi-

2098 5137 2219 5192 dit:
2256 5154 2278 5188 ι
2318 5136 2575 5193 Privatim
2625 5136 2827 5207 singuli
2854 5136 3035 5206 populi
3076 5136 3255 5208 gentis
3279 5146 3374 5192 aut
3398 5132 3540 5191 urbis
3568 5140 3666 5185 sum

2098 5228 2425 5296 conditores,
2457 5244 2553 5285 seu
2593 5228 2696 5285 viri
2750 5229 3059 5285 fortitudine
3110 5230 3350 5301 insignes
3388 5236 3555 5289 erant.
3585 5237 3666 5279 seu

2098 5321 2311 5379 femina:
2361 5322 2605 5377 castitate
2641 5323 2933 5391 mirabiles,
2963 5337 3174 5378 summa
3229 5322 3569 5378 veneratione
3589 5329 3669 5369 co-

2097 5416 2332 5478 luerunt,
2363 5423 2419 5469 ut
2453 5412 2692 5486 Egyptii
2715 5413 2943 5482 Isidem,
2980 5414 3147 5470 Mauri
3186 5412 3378 5469 Jubam
3413 5411 3669 5481 (Laetam.

2094 5508 2189 5563 lib.
2238 5524 2257 5564 1
2309 5505 2514 5573 Instit.,
2557 5522 2675 5577 cap.
2706 5508 2797 5574 15,
2832 5523 2949 5579 pag.
2979 5506 3091 5579 8|).
3120 5526 3140 5562 ι
3172 5508 3347 5564 Antea
3393 5519 3523 5563 vero
3550 5503 3669 5559 Ter-

2098 5602 2351 5657 tullianus
2381 5602 2551 5673 magis
2598 5602 2915 5673 generatim,
2937 5616 3001 5657 ac
3038 5594 3346 5671 suppleam,
3378 5599 3471 5657 sed
3504 5597 3672 5654 subin-

2102 5696 2313 5751 tellecto
2338 5694 2489 5751 Jubae
2531 5694 2767 5750 nomine.
2805 5714 2825 5747 ι
2866 5693 3156 5764 Unicuique
3185 5693 3497 5763 provincia,
3526 5698 3583 5746 et
3606 5688 3672 5742 ci-

2099 5788 2250 5845 vitati
2297 5804 2426 5847 suus
2462 5798 2546 5846 est
2569 5787 2819 5846 deus.....
2863 5795 2922 5843 ut
2966 5786 3292 5843 Mauritania
3316 5783 3489 5856 reguli
3515 5782 3616 5839 sui.
3652 5797 3669 5831 ι

3756 2280 3762 2387 i
