3818 6282
140 370 253 425 573

1550 381 2016 442 DISSERTATIO.

3353 400 3456 456 57’s

132 485 405 557 Sequitur
435 489 511 546 ibi
567 490 955 547 Tertullianum
999 505 1150 549 more
1183 504 1283 549 suo
1307 492 1623 566 Cyprianus,
1651 499 1751 553 ait-
1778 500 1827 559 A
1854 499 1921 554 ad
1939 500 2359 557 commentitiam
2383 501 2595 559 illorum
2612 503 2945 562 divinitatem
2970 505 3356 579 explodendam
3374 511 3459 565 in-

132 594 243 647 que
273 597 289 633 :
327 599 349 631 ‹
382 580 563 637 Mauri
593 581 879 637 mnifesto
916 598 1071 654 reges
1112 585 1314 653 colunt,
1336 600 1436 643 nec
1470 589 1584 643 ullo
1611 590 1757 644 vela-

131 683 329 727 mento
355 672 468 730 hoc
497 687 699 730 nomen
718 675 980 731 obtexunt
1013 696 1032 729 ι
1064 676 1344 747 (Cyprian.
1362 679 1425 734 de
1442 678 1586 736 ldol.
1606 697 1752 752 vam,

134 775 263 835 pag.
292 763 415 837 ις).

217 857 435 914 Verum
459 858 721 915 Cellarius
751 860 1054 929 suspicatur
1081 861 1134 916 in
1168 862 1383 918 Minucii
1411 864 1580 918 nostri
1608 872 1756 920 textu

156 950 394 1023 aliquod
425 953 632 1007 subesse
660 953 938 1007 mendum.
979 952 1096 1007 Non
1140 957 1283 1009 enim
1325 955 1646 1021 Maurorum,
1674 959 1756 1011 in-

163 1045 314 1112 quit,
342 1044 439 1099 sed
462 1042 796 1098 Numidarum
827 1058 921 1099 rex
951 1044 1048 1098 fuit
1074 1045 1229 1100 Juba.
1262 1046 1370 1102 Nec
1412 1063 1605 1118 negare
1635 1049 1755 1119 qui-

168 1137 297 1193 dem
328 1153 598 1209 possumus
647 1138 776 1193 illud
823 1152 852 1192 a
906 1138 1072 1195 Dione
1116 1139 1326 1204 Cassio,
1379 1157 1441 1197 ac
1474 1140 1758 1198 Plutarcho

171 1228 336 1285 fuisse
361 1229 550 1284 litteris
577 1229 851 1284 traditum.
881 1231 950 1285 At
969 1233 1225 1301 numquid
1247 1232 1446 1289 idcirco
1473 1233 1754 1301 Minucius,

170 1330 257 1375 aut
308 1321 425 1389 ejus
469 1320 741 1386 librarius,
768 1329 860 1376 aut
887 1323 1031 1377 citati
1059 1338 1088 1377 a
1121 1324 1274 1378 nobis
1303 1326 1592 1395 scriptores
1612 1340 1761 1381 erra-

170 1424 356 1469 verunt
384 1414 550 1484 (Dio.,
581 1413 781 1469 Hister.
814 1415 991 1482 Rom.,
1023 1432 1145 1487 pag.
1171 1416 1312 1483 193;
1343 1418 1542 1472 Plutar.
1577 1418 1630 1472 in
1660 1420 1762 1474 vita

180 1504 525 1577 (ἴων-ηυδε.
557 1505 729 1573 732)?
762 1507 1029 1577 Numquid
1063 1509 1239 1578 potius
1266 1509 1529 1565 Cellarius
1552 1525 1656 1565 non
1685 1524 1764 1564 sa-

178 1603 248 1657 tis
296 1610 544 1656 accurate
596 1601 766 1656 libros
821 1601 1104 1656 Strabonis
1155 1603 1635 1671 pervolutaverat?
1685 1602 1759 1657 lbi

182 1695 323 1749 enim
352 1692 459 1747 haec
497 1692 645 1749 illius
681 1693 848 1748 verba
878 1694 1056 1764 legere
1086 1702 1293 1763 poterat
1317 1711 1330 1747 :
1359 1701 1480 1749 Νυνί
1506 1699 1572 1756 εἷς
1602 1687 1763 1750 ἰοῦσαν

176 1794 466 1858 ande
489 1792 801 1851 Μαυρουσία,
825 1793 905 1840 καὶ
949 1787 1104 1841 «πολλὰ
1145 1794 1266 1857 μὲρη
1288 1803 1372 1850 τῆς
1395 1795 1541 1849 ἄλλης
1560 1793 1757 1856 Λιϐύης,

1860 592 2217 648 victissimum
2248 596 2593 666 suppeditant
2621 608 3017 669 argumentum.
3064 618 3083 650 «
3122 599 3276 665 Nam,
3307 601 3458 671 quid,

1857 698 2066 749 eorum,
2102 686 2177 740 ait
2201 685 2485 754 Minucius,
2518 688 2704 743 forma:
2733 691 2883 760 ἱρείη,
2914 700 2969 746 et
2996 690 3207 747 habitus
3229 694 3250 746 ?
3271 692 3461 749 Nonne

1857 789 2089 849 arguunt
2137 779 2365 835 ludibria
2410 792 2464 836 et
2511 782 2776 837 dedecora
2806 826 2819 848 ,
2873 781 3030 856 (mss.
3084 786 3310 853 decora,
3364 787 3460 844 sed

1860 872 2019 940 male)
2041 873 2265 928 deorum
2286 883 2586 929 vestrorum
2611 874 2635 929 ?
2667 892 2684 926 ι
2719 874 2873 930 Scire
2901 886 3079 933 autem
3102 879 3144 934 si
3168 893 3462 949 aveasquae

1860 966 1967 1020 illae
1995 963 2212 1032 fuerint,
2244 966 2369 1024 audi
2391 966 2707 1037 Gregorium
2750 967 3168 1040 Nazianzenum,
3202 988 3294 1029 eas
3326 988 3459 1045 pau-

1860 1058 1938 1111 cis
1973 1054 2058 1113 his
2086 1057 2328 1113 versibus
2359 1069 2697 1116 enarrantem
2726 1077 2739 1112 :

2113 1173 2323 1235 Ῐθυγάλως,
2345 1188 2548 1237 κιρόιντας,
2566 1188 2776 1239 ἀναῦχινας,
2795 1176 3090 1240 ipim“,

2112 1250 2247 1298 Θήρας.
2270 1247 2471 1299 θηρομιγιῑς
2493 1264 2535 1289 τι
2556 1250 2709 1300 γιλοΐιον
2731 1244 2827 1297 εἶδος
2851 1249 3011 1304 ἴχοντας.

1861 1338 1962 1408 Qui
1992 1338 2062 1394 ita
2082 1338 2247 1397 latine
2274 1339 2465 1397 redditi
2497 1351 2620 1399 sunt
2651 1362 2664 1400 :

2653 1478 2873 1538 Cornuti,
2901 1480 3273 1531 semidracones

1988 1537 2228 1604 It_hyphali
2246 1539 2467 1604 obsceni,
2503 1540 2611 1604 colli
2639 1537 2943 1604 exortesque
2969 1541 3213 1604 ferteque,

1988 1597 2150 1713 aqua
2172 1602 2291 1651 feris
2312 1597 2461 1651 mixti
2476 1603 2640 1663 variis,
2660 1597 3145 1666 ridenda'gereutes.

2138 1746 2576 1811 (Greg.Nazianz.,
2604 1750 2766 1801 Carm.
2798 1762 2898 1810 ut,
2922 1765 2974 1814 p.
2997 1750 3112 1814 H2,
3138 1758 3172 1802 ι.
3200 1750 3279 1815 ti.)

181 1882 272 1930 δὶα
306 1890 387 1934 sint
425 1886 536 1946 πρὸς
569 1885 824 1945 Ῥωμαίους
861 1885 1045 1932 ιῦνοιᾶν
1068 1901 1143 1944 τι,
1182 1883 1264 1933 καὶ
1316 1889 1498 1947 φίλων.
1533 1897 1552 1931 t
1609 1879 1761 1934 Nunc

1933 1911 2062 1949 erum
2095 1904 2283 1951 auctor
2322 1906 2505 1953 noster
2552 1898 2651 1954 hoc
2694 1899 2855 1971 longe
2897 1902 3065 1957 fusius
3090 1903 3458 1974 prosequitur,

180 1970 541 2025 Mauritaniam
572 1970 812 2040 aliasque
838 1971 1031 2025 multas
1076 1982 1253 2040 partes
1278 1970 1468 2026 Africa:
1502 1970 1634 2024 Juba
1665 1972 1762 2027 ob-

190 2063 340 2124 tinet,
363 2060 428 2117 ob
449 2060 682 2115 studium
714 2062 770 2115 in
793 2060 1084 2125 Romanos,
1116 2072 1169 2117 et
1196 2062 1480 2117 amicitiam
1506 2061 1610 2116 hoc
1636 2075 1766 2115 con-

179 2165 390 2212 suemus
428 2172 447 2206 ι
481 2152 714 2226 (Strab.,
746 2154 839 2209 lib.
863 2168 917 2207 Vt
937 2154 1150 2224 ϐαθέῃ-η
1176 2152 1294 2207 sub.
1327 2153 1444 2217 fin.,
1471 2167 1589 2223 pag.
1609 2150 1763 2223 288).

269 2247 364 2300 Cur
389 2260 529 2315 ergo,
588 2245 819 2315 inquies,
862 2245 1017 2311 Juba,
1049 2260 1081 2299 a
1136 2245 1316 2311 Dione,
1351 2253 1404 2300 et
1456 2243 1763 2311 Plutarcho,

182 2337 521 2393 Numidarum
548 2352 646 2393 rex
677 2339 875 2393 dicitur
898 2338 922 2389 τ
954 2337 1285 2393 Difficultatis
1313 2338 1536 2401 hujusce
1565 2337 1765 2391 nodum

186 2432 350 2484 Solvit
375 2428 718 2495 Herodianus,
778 2430 869 2500 qui
916 2428 1308 2493 Mauritaniam,
1340 2429 1429 2483 ubi
1470 2428 1771 2497 imperabat

184 2523 347 2587 Juba,
375 2537 588 2592 qumque
618 2522 876 2576 Romanis
914 2531 1029 2575 erat
1054 2520 1313 2589 subjecta,
1353 2520 1421 2574 ah
1452 2520 1639 2574 incolis
1658 2520 1771 2574 suis

184 2614 476 2669 Numidiam
500 2624 744 2670 vocatam
771 2614 937 2669 fuisse
970 2614 1286 2669 testilicatur
1315 2630 1329 2666 :
1361 2620 1689 2671 Καπιλλιοινὸς
1717 2617 1773 2674 ἧν

187 2732 277 2766 τις
289 2710 535 2776 ὅνομα,ἀπό
560 2714 648 2764 ττιῢ
664 2714 950 2774 συγκλήτου.
977 2711 1133 2776 ἠγεῖτο
1164 2711 1213 2758 δὲ
1239 2712 1553 2775 Μαυρουσίων
1567 2716 1660 2759 τῶν
1682 2710 1773 2757 ὑπὸ

190 2809 441 2868 Perusiam,
484 2804 723 2868 Νομάδων
771 2802 820 2851 δὲ
864 2806 1177 2868 καλουμένων.
1214 2817 1232 2846 ε
1268 2795 1608 2864 Capellianus
1651 2796 1766 2864 qui—

188 2892 340 2958 dam,
364 2891 601 2947 senatorii
621 2889 828 2945 ordinis
855 2889 954 2955 vir,
982 2899 1293 2957 procurator
1314 2886 1643 2942 Mauritaniae
1663 2885 1774 2940 Ro-

190 2986 364 3040 manis
402 2986 670 3054 subjectae,
718 2999 836 3053 quae
864 2984 932 3036 ab
961 2982 1088 3052 ipsis
1117 2981 1362 3036 Numidia
1395 2979 1691 3050 appellatur
1745 2998 1765 3031 ι

190 3079 219 3145 ('
236 3077 513 3142 "erudiam,
542 3077 635 3132 lib.
667 3092 740 3132 vn
762 3072 923 3142 Hist,
951 3094 1004 3145 ρ.
1036 3072 1186 3145 280).

278 3168 422 3222 Instat
445 3167 709 3223 Cellarius
740 3181 868 3221 vero
894 3181 1001 3220 non
1028 3178 1147 3220 esse
1175 3165 1350 3218 simile
1378 3162 1591 3230 Iubam,
1624 3163 1712 3234 qui
1743 3178 1773 3218 a

1869 1998 2029 2058 atque
2058 1997 2114 2044 ut
2147 1990 2280 2044 tales
2313 1990 2444 2046 deus
2474 1992 2653 2048 colere
2682 1994 2943 2049 Etbuicos
2973 1995 3187 2051 tandem
3221 1999 3460 2066 puderet,

1869 2092 2203 2139 monstrosas
2232 2084 2511 2155 plerasque
2548 2101 2740 2141 omnes
2776 2087 2992 2145 illorum
3025 2088 3225 2144 formas
3269 2105 3463 2145 recen-

1868 2181 1981 2237 set,
2008 2173 2245 2245 ipsisque
2290 2178 2439 2244 ponit
2468 2177 2537 2233 ob
2578 2178 2780 2235 oculos.
2839 2179 3093 2247 Quamvis
3136 2189 3312 2236 autem
3348 2182 3465 2238 nul—

1870 2264 1979 2319 lum
2010 2262 2148 2320 fictte
2190 2262 2402 2322 illorum
2430 2270 2624 2334 tetatis,
2656 2279 2750 2326 aut
2778 2269 3053 2342 dignitatis
3100 2272 3343 2328 ordinem
3379 2288 3466 2331 se-

1870 2366 2095 2425 quatur;
2127 2356 2249 2424 quia
2278 2365 2457 2413 tamen
2484 2358 2537 2413 id
2560 2375 2771 2432 parum,
2800 2371 2891 2416 aut
2926 2360 3056 2416 nihil
3086 2362 3152 2418 ad
3178 2379 3469 2434 argumen-

1874 2446 2089 2500 tationis
2116 2447 2301 2514 robur,
2330 2455 2385 2503 et
2422 2451 2810 2506 convictionem
2854 2452 2999 2518 facit,
3042 2452 3244 2509 idcirco
3272 2455 3323 2511 in
3351 2455 3469 2527 ejus

1873 2540 2111 2610 vestigiis
2139 2541 2506 2596 inlimrendum
2531 2558 2651 2599 esse
2678 2544 2849 2600 satius
2866 2544 3135 2600 duximus.

1952 2631 1999 2687 A
2026 2629 2267 2686 Vulcano
2299 2642 2478 2687 autem
2512 2634 2589 2693 sic
2614 2633 2823 2688 orditur
2849 2654 2862 2689 :
2894 2653 2910 2686 ι
2949 2634 3215 2692 Vulcanus
3241 2637 3468 2695 claudus

1876 2725 2028 2790 deus,
2057 2736 2112 2780 et
2140 2722 2333 2779 debilis
2358 2734 2459 2781 est.
2502 2747 2520 2778 ι
2558 2725 2762 2781 Eodem
2790 2726 2951 2784 etiam
2987 2739 3300 2799 argumento
3330 2731 3473 2800 apud

1875 2813 2190 2870 Ciceronem
2217 2812 2392 2882 Cotta,
2426 2826 2638 2871 servato
2666 2826 2842 2872 tamen
2891 2820 3061 2889 magis
3095 2818 3320 2876 deorum
3348 2836 3475 2877 suo-

1879 2924 1996 2964 rum
2056 2907 2277 2972 ordine,
2325 2907 2586 2965 Velit-ium
2637 2909 2961 2982 Epicureum
3016 2911 3243 2979 refellit,
3289 2913 3475 2979 illique

1876 2999 2171 3056 Vulcanum
2205 2999 2322 3056 btec
2374 3001 2555 3072 objicit
2582 3001 2634 3057 in
2664 3002 2828 3058 verba
2859 3020 2871 3056 :
2908 3023 2925 3056 ‹
2961 3003 3031 3058 Ει
3055 3004 3269 3075 quidem
3316 3006 3475 3062 Athe-

1878 3093 1963 3148 nis
1989 3094 2267 3149 laudamus
2296 3093 2612 3161 Vulcanum,
2637 3110 2760 3150 eum
2792 3111 2950 3165 quem
3002 3095 3126 3150 fecit
3150 3097 3472 3153 Alcamenes

1879 3187 1932 3241 in
1965 3203 2071 3258 quo
2098 3197 2275 3245 stante
2297 3198 2454 3260 atque
2483 3189 2698 3255 vestito,
2731 3188 2919 3244 leviter
2947 3200 3169 3260 apparet
3200 3191 3472 3245 claudica-

194 3258 400 3316 Czesare
419 3264 581 3316 victus
628 3260 889 3315 violentas
910 3259 1006 3314 sibi
1039 3275 1224 3314 manus
1248 3259 1444 3323 intulit,
1476 3258 1525 3312 in
1549 3257 1772 3312 deorum
1801 3265 1846 3330 (ζ
1882 3276 1956 3333 lio
1979 3257 2083 3333 ho“
2118 3257 2392 3335 deformis;
2425 3277 2683 3334 Claudum
2731 3279 2890 3350 igitur
2927 3257 3241 3335 “nubimus
3287 3280 3468 3347 avum,

202 3372 456 3411 Illlmel‘Oﬂ
486 3356 677 3411 Mauris
707 3354 871 3409 fniSse
900 3355 1211 3421 repositum.
1242 3352 1347 3407 Sed
1371 3352 1621 3406 levissimi
1654 3366 1769 3404 mis

202 3450 363 3503 tuenti
402 3450 508 3505 haec
560 3453 700 3504 ratio
739 3458 841 3505 est.
870 3448 999 3516 Quis
1025 3446 1168 3502 enim
1197 3445 1367 3501 nescit
1394 3459 1597 3500 morem
1629 3442 1772 3514 apud

200 3539 456 3596 Romanos
483 3541 802 3610 pervasisse,
832 3548 889 3594 ut
937 3539 1295 3608 Imperatores
1338 3550 1462 3591 suos
1490 3542 1774 3605 quantum-

202 3633 330 3687 libet
363 3634 615 3704 improbos
659 3648 723 3688 ac
773 3632 1031 3687 scelestus
1062 3672 1076 3696 ,
1121 3629 1346 3683 solemni
1392 3627 1495 3682 ritu
1520 3670 1533 3693 ,
1561 3638 1617 3683 et
1644 3641 1772 3697 apo-

206 3722 387 3790 tbeusi,
411 3726 622 3780 deorum
654 3725 778 3780 albo
809 3722 1214 3778 adscriberent?
1240 3719 1425 3789 Neque
1453 3721 1648 3790 sacpius
1678 3734 1771 3775 eo-

210 3832 322 3871 rum
344 3819 680 3885 expectabant
725 3826 975 3880 mortem,
1008 3814 1101 3870 sed
1124 3814 1251 3869 dum
1282 3813 1457 3868 adhuc
1495 3812 1765 3879 vivebant,

209 3906 309 3961 illis
331 3909 477 3962 etiam
506 3908 685 3963 invitis
710 3918 775 3963 ac
804 3906 1192 3963 reluctantibus
1218 3904 1430 3959 divinos
1459 3903 1771 3960 deferebant

208 3995 443 4055 honores.
474 3999 808 4069 Quapropter
845 3997 1105 4051 Minucius
1160 4005 1281 4065 post
1335 3996 1495 4050 citata
1549 4010 1580 4049 a
1616 3996 1770 4049 nobis

206 4089 374 4156 verba,
398 4094 725 4147 continenter
755 4089 956 4160 adjecit
984 4106 996 4141 :
1025 4106 1047 4140 ι
1082 4087 1266 4142 Invitis
1294 4087 1378 4141 his
1406 4087 1640 4157 denique
1667 4086 1771 4144 hoc

211 4198 392 4239 nomen
428 4185 780 4241 adscribitur:
823 4191 1011 4253 optant
1064 4182 1116 4235 in
1160 4180 1375 4235 homine
1404 4194 1769 4250 perseverare,

213 4272 325 4329 Ileri
342 4290 396 4331 se
420 4277 542 4333 deos
581 4285 847 4344 metuunt,
880 4284 932 4330 et
953 4275 996 4329 si
1025 4274 1133 4344 jam
1164 4287 1343 4339 senes,
1370 4272 1579 4328 nolunt.
1613 4293 1631 4325 ι
1664 4270 1771 4329 Sed

221 4365 335 4421 haec
366 4372 516 4427 acrius
554 4383 705 4441 urget
731 4369 1112 4433 Tertullianus,
1144 4366 1217 4421 uti
1246 4366 1297 4421 in
1328 4375 1513 4421 nostra
1542 4364 1609 4420 de
1631 4366 1773 4435 Apo—

225 4457 450 4528 Iogeticis
488 4464 591 4535 eius
629 4462 786 4519 libris
826 4460 1207 4517 dissertatione
1251 4459 1573 4515 videbimus.
1632 4459 1771 4526 Quid

212 4566 347 4623 ergo
387 4556 567 4627 mirum,
600 4560 643 4614 si
689 4556 860 4613 Mauri
888 4555 953 4610 ad
987 4556 1348 4610 Romanorum
1396 4554 1565 4608 instar
1589 4567 1771 4624 regem

200 4659 358 4702 suum
381 4646 548 4706 Iubam
574 4651 735 4708 deum
752 4663 871 4706 esse
897 4647 1208 4703 voluerint?

728 4762 957 4820 CAPUT
994 4760 1160 4819 XVII.
1204 4764 1210 4787 ⁵

191 4868 382 4916 QUAE”!
416 4872 668 4913 PONDERIS
706 4872 788 4912 ξιτ
828 4871 988 4911 ALIUD
1030 4868 1236 4910 IllNUCll
1276 4868 1543 4909 ADVERSUS
1582 4869 1771 4910 GENTI-

260 4964 386 5003 ιιωι
440 4964 572 5006 DEOS
631 4963 1030 5013 ARGUﬂENTCI,
1086 4961 1322 5002 PETITUM
1384 4962 1454 5002 EX
1516 4961 1778 5002 RIDICUIJS

258 5055 435 5096 EOBUI
474 5057 669 5098 POBIIS
706 5059 773 5097 ET
812 5054 1018 5096 FIGURIS
1041 5081 1055 5104 ,
1099 5054 1274 5101 ATQUE
1328 5053 1556 5096 INDIGNIS
1594 5053 1778 5094 TURPI-

253 5148 449 5198 BUSQUE
487 5149 721 5190 ILLOBUM
762 5148 945 5188 FACTIS
983 5148 1051 5187 ΕΤ
1091 5144 1375 5187 ηΑϐιτιιε.

717 5237 1009 5278 ARTICULUS
1046 5237 1259 5276 PRIMUS.

195 5311 353 5381 Quam
378 5315 602 5370 absurde
626 5315 688 5369 ab
726 5314 958 5369 Etltnicis
986 5314 1213 5386 ﬁngatur
1248 5313 1507 5367 Vulcanus
1538 5312 1773 5382 claudus,

250 5409 446 5478 Apollo
478 5407 734 5476 imberbis,
764 5405 1101 5476 xEsculupius
1123 5404 1379 5465 barbatus,
1415 5413 1459 5458 et
1495 5405 1773 5476 aliquando

252 5501 526 5562 imberbis;
558 5497 832 5569 Neptunus
860 5497 1057 5568 glaucis
1083 5498 1244 5552 oculis
1265 5539 1280 5564 ,
1319 5496 1483 5549 cwsiis
1518 5494 1774 5565 Minerva,

249 5592 389 5647 Juno
416 5590 643 5657 bubulis,
676 5589 882 5660 pedibus
929 5590 1081 5645 alatis
1113 5588 1417 5651 Mercurius,
1457 5586 1568 5643 Pan
1595 5590 1778 5660 ungui-

245 5686 407 5746 latus,
434 5679 755 5751 compeditus
781 5680 1060 5749 Saturnus,
1088 5678 1257 5735 Janus
1285 5679 1479 5750 bifrons
1507 5688 1552 5734 et
1583 5680 1780 5751 quatri-

243 5774 453 5846 formis.

244 5866 519 5927 Ridiculae
561 5864 783 5923 deorum
825 5865 1013 5924 formae
1053 5880 1117 5923 ac
1142 5863 1325 5936 figurae
1364 5864 1506 5922 aliud
1546 5862 1781 5923 Minucio

1876 3372 2127 3439 quoniam
2170 3371 2237 3424 de
2288 3370 2524 3424 Vulcano
2555 3371 2632 3424 sic
2673 3372 2979 3440 accepimus
3005 3390 3023 3422 ›
3053 3370 3213 3444 (Cic,
3247 3369 3341 3425 lib.
3375 3372 3476 3431 ille

1879 3459 2070 3516 Natur.
2099 3461 2264 3529 deor.,
2300 3476 2419 3532 pag.
2444 3462 2570 3528 207,
2598 3462 2820 3534 No.27).

1947 3551 2135 3608 Narrat
2169 3567 2298 3607 vero
2327 3552 2594 3609 Lucianus
2610 3568 2732 3608 eum
2757 3553 3110 3621 claudicasse,
3133 3569 3253 3608 cum
3283 3570 3311 3609 a
3340 3552 3472 3610 Jove

1875 3661 2117 3717 prteceps
2159 3645 2316 3702 datus
2364 3657 2509 3703 esset
2539 3663 2568 3702 e
2597 3647 2735 3703 coelo
2768 3663 2782 3701 :
2817 3653 2931 3714 Εῖγε
2960 3658 3031 3717 ps
3087 3656 3287 3715 Λέμνιιι
3316 3650 3474 3709 καλῶς

1873 3748 2136 3804 ποιοῦντες,
2168 3747 2239 3793 ἔτι
2266 3741 2505 3811 φερόμενον
2529 3744 2673 3795 αὺτὸν
2703 3744 3001 3805 ὑπεδέξαντο,
3025 3747 3257 3799 ἐτεθνήκει
3285 3744 3341 3794 ἂν
3365 3746 3475 3809 ἡμῖν

1876 3817 2130 3901 ἄφραστος,
2159 3838 2316 3903 ὥσπερ
2340 3838 2363 3886 ὁ
2386 3838 2633 3898 Aenii”;
2658 3837 2756 3886 ἀπὸ
2780 3837 2953 3903 nino/ou
2983 3842 3272 3889 καταπεσὼν.
3299 3852 3314 3883 t
3338 3830 3474 3899 Quid

1874 3922 2079 3978 Lemnii
2107 3939 2305 3994 prosua
2330 3925 2567 3980 bonitate
2600 3925 2698 3985 nisi
2721 3940 2867 3989 eum,
2886 3926 3009 3978 dttm
3039 3923 3330 3978 ferreturiu
3349 3941 3476 3980 acre

1875 4017 2260 4086 suscepissent,
2280 4018 2511 4086 perierat
2527 4017 2682 4071 nobis
2700 4016 2991 4081 Vulcanus,
3013 4029 3117 4068 non
3145 4016 3301 4069 aliter
3312 4031 3473 4086 quam

1874 4109 2147 4180 Astyanax
2168 4123 2198 4162 e
2215 4107 2630 4179 turridejectus?
2647 4107 2921 4180 i(Lucian.
2945 4106 3007 4159 de
3020 4107 3266 4176 sacri/ia,
3285 4108 3471 4176 p.I84;

1874 4199 2117 4266 Honter.,
2138 4199 2296 4254 Iliad.
2322 4216 2358 4264 ι,
2381 4215 2434 4254 v.
2450 4200 2555 4256 590
2576 4208 2629 4254 ct
2645 4214 2786 4268 seq.;
2805 4198 2964 4261 idem,
2982 4195 3103 4251 Ilia.
3121 4213 3271 4265 xvttt,
3291 4213 3341 4251 ν.
3367 4196 3472 4253 504

1872 4302 1925 4346 et
1949 4288 2125 4363 seqq.)
2158 4293 2226 4345 At
2248 4291 2317 4345 ibi
2350 4291 2535 4360 procul
2560 4290 2723 4345 dubio
2752 4289 2818 4344 ad
2851 4288 3089 4355 Homeri,
3124 4303 3154 4343 a
3186 4288 3466 4344 Clemente

1875 4382 2034 4437 etiam
2065 4381 2429 4436 Alexandrino
2463 4381 2607 4435 citati
2638 4422 2653 4447 ,
2687 4397 2845 4436 unam
2891 4389 2945 4434 et
2981 4381 3204 4435 alteram
3246 4379 3467 4435 Iliadem

1875 4475 2082 4541 alludit,
2102 4472 2476 4529 ubiVulcanus
2501 4489 2531 4527 e
2558 4472 2693 4527 caelo
2722 4472 2774 4526 in
2805 4470 3065 4527 Lemnum
3090 4469 3471 4540 praecipitatus,

1875 4580 2036 4641 atque
2066 4567 2190 4625 inde
2216 4567 2437 4624 claudus
2473 4564 2693 4622 eﬂ'ectus
2734 4565 2949 4621 dicitur.
2976 4564 3301 4619 Athanasius
3341 4577 3474 4621 vero

1798 4647 1854 4708 Ῑ)
1881 4661 1969 4717 ttbi
1986 4660 2261 4723 Ethnicos,
2282 4657 2734 4730 quemadmodum
2749 4666 2933 4712 auctor
2951 4665 3153 4723 noster,
3173 4655 3472 4727 impugnat,

1876 4752 1984 4810 illis
2001 4753 2214 4824 objicit:
2239 4740 2476 4825 ιῖφσιιστον
2493 4759 2796 4824 {amco/aerea,
2813 4755 2895 4806 καὶ
2912 4758 3222 4819 χωλαίνοντα.
3252 4767 3270 4800 t
3284 4746 3474 4802 Vulca-

1880 4864 2006 4903 nttm
2030 4863 2060 4903 e
2085 4847 2223 4903 coelo
2239 4847 2446 4918 projici,
2471 4859 2646 4916 eoque
2672 4858 2799 4898 casu
2826 4843 3074 4897 claudum
3096 4841 3228 4896 fieri.
3248 4859 3267 4892 ι
3301 4840 3474 4895 Caete—

1878 4957 1999 4996 rum
2027 4941 2298 4995 Arnobius
2337 4939 2485 4994 illum
2524 4953 2650 5005 uno,
2684 4937 2975 5009 Gregorius
3023 4947 3199 4990 autem
3245 4944 3474 5004 utroque

1881 5032 2021 5102 pede
2050 5032 2300 5087 claudum
2324 5029 2488 5085 fuisse
2516 5029 2869 5084 tradiderunt.
2905 5026 3013 5082 Nec
3039 5025 3256 5092 desunt,
3286 5025 3375 5095 qui
3401 5025 3473 5079 il-

1881 5127 1993 5185 lum
2019 5126 2101 5182 bis
2125 5142 2157 5182 e
2178 5125 2334 5189 caslo,
2360 5133 2415 5179 et
2443 5124 2614 5194 primo
2639 5122 2855 5193 quidem
2886 5136 2917 5175 a
2956 5120 3188 5184 Junune,
3216 5118 3411 5174 deinde
3440 5135 3472 5173 a

1880 5218 2015 5275 Jove
2045 5218 2309 5287 dejectum
2342 5218 2626 5288 opinentur
2660 5214 2933 5287 (Clemens
2962 5211 3250 5279 Alexand.,
3280 5211 3471 5264 Admo-

1880 5313 1975 5366 nil.
2003 5311 2071 5365 ad
2096 5320 2258 5383 gent.,
2284 5325 2405 5380 pag.
2436 5309 2524 5376 l8;
2555 5307 2837 5365 Albanas"
2873 5304 3023 5359 Orat.
3056 5313 3219 5357 contr.
3254 5312 3413 5373 genL,
3443 5301 3470 5373 §

1881 5403 1971 5470 η,
1992 5418 2110 5474 pag.
2148 5405 2236 5470 15,
2270 5411 2400 5457 tom.
2432 5419 2447 5457 ι
2475 5418 2489 5469 ;
2515 5398 2741 5465 Aruob.,
2772 5398 2865 5453 lib.
2903 5413 2956 5451 IV
2984 5396 3101 5449 adv.
3129 5392 3301 5459 Gent.,
3352 5408 3472 5463 pag.

1882 5494 2008 5561 154;
2041 5495 2201 5565 Greg.
2254 5493 2409 5562 Naz.,
2438 5492 2587 5549 Orat.
2635 5492 2670 5548 ⁸5
2695 5490 2810 5544 adv.
2863 5488 3087 5555 Iuliam,
3136 5502 3256 5558 pag.
3289 5484 3395 5540 259
3421 5491 3476 5540 et

1881 5596 2012 5641 orat.
2044 5588 2100 5650 4,
2124 5600 2239 5656 pag.
2274 5585 2425 5655 508).

1953 5678 2235 5733 Secundus
2273 5677 2341 5731 ab
2388 5688 2608 5732 auctore
2650 5684 2836 5729 nostro
2876 5670 3184 5727 inducitur:
3224 5689 3243 5723 ι
3284 5668 3476 5739 Apollo

1883 5778 1961 5825 tot
1986 5768 2231 5824 :etatibus
2263 5768 2430 5835 laevis,
2450 5776 2504 5822 et
2529 5764 2872 5835 Esculapius
2901 5776 3116 5831 semper
3142 5761 3413 5816 barbatus.
3449 5778 3467 5810 ι

1876 5862 1965 5943 ,01)
2008 5876 2127 5922 eam
2176 5869 2321 5921 certe
2348 5875 2565 5921 causam
2593 5860 2774 5919 ferunt
2816 5873 2845 5914 a
2877 5853 3135 5924 Dionysio
3163 5853 3360 5912 Siciliae
3394 5860 3478 5924 ty-
