3824 6282
384 330 490 389 575

1693 334 1782 389 DE
1823 331 2081 391 MINUCII
2120 335 2418 395 OCTAVIO
3520 353 3602 409 576

385 461 560 503 ranno
610 447 899 504 detractam
951 446 1264 519 IEsculapio
1311 449 1564 519 barbam,
1601 460 1657 505 ut
1708 460 1831 519 pote
1882 450 1971 521 qui
2000 452 2049 511 Α
2078 449 2305 519 Neptuni
2348 462 2401 508 et
2438 453 2686 512 Minerva:
2732 458 2951 525 oculos;
2983 460 3182 532 aliquid
3208 476 3238 518 a
3261 459 3521 532 Cicerone,
3559 479 3605 525 et.

384 539 651 609 Apollinis
680 555 893 611 semper
923 540 1199 605 imberbis,
1221 552 1278 598 ut
1310 545 1384 599 ait
1409 544 1617 609 Cicero,
1645 554 1791 600 esset
1818 545 1975 599 ﬁlius.

390 630 504 699 Qua
536 631 601 687 de
629 648 689 688 re
710 632 904 688 videsis
939 632 1114 688 adhuc
1147 632 1484 704 Ciceronem,
1517 635 1787 691 Valerium
1817 635 1983 691 Mavi-

386 737 576 788 mum,
622 724 919 778 Arnobium
967 725 1330 788 Lactantium.
1356 737 1410 781 et
1461 726 1595 782 alios
1650 728 1979 797 complures.

385 810 506 882 Ipse
532 821 709 868 autem
734 813 944 878 Cicero,
971 816 1167 887 aliique
1218 817 1436 873 barbam
1466 834 1572 873 non
1600 819 1821 874 cuilibet
1851 817 1979 872 AES-

387 904 620 973 culapio.
673 906 767 961 sed
805 905 1099 975 Epidaurio
1153 909 1427 979 demptam
1479 910 1977 983 asserunt(Cicer.,

2086 541 2320 598 Minucio
2364 556 2547 603 nostro
2588 548 2817 617 positum
2866 549 3030 608 fuisse
3076 552 3387 619 discrimen,
3430 556 3611 616 forsitan

2084 634 2205 703 quia
2235 636 2392 690 unius
2414 640 2599 709 magis,
2638 655 2796 711 quam
2825 642 3051 699 alterius
3075 644 3273 701 virides
3298 656 3464 702 essent
3483 650 3610 706 oculi.

2084 727 2154 779 At
2179 727 2245 779 de
2274 728 2354 782 his
2383 729 2634 786 Minerva:
2677 733 2848 788 oculis
2872 737 3160 805 Arnobius,
3192 738 3259 795 de
3284 754 3385 809 quo
3427 756 3513 795 nos
3541 757 3616 799 suo

2085 818 2203 873 loco
2232 820 2471 888 (Dium.
2498 824 2550 877 in
2582 824 2774 881 Arnob.
2804 844 2919 898 cap.
2953 829 3039 896 14,
3063 841 3166 885 art.
3197 831 3273 900 1).

2155 912 2297 967 Juno
2349 926 2528 970 autem
2576 917 2643 971 ab
2690 917 2961 986 ethnicis,
3018 930 3077 976 ut
3124 922 3197 976 ait
3237 921 3430 978 deinde
3474 934 3621 982 auctor

381 993 474 1049 lib.
501 1010 519 1049 ι
549 996 612 1049 de
643 994 835 1051 Natur.
870 998 1036 1065 deam,
1066 1015 1187 1070 pag.
1227 1002 1347 1068 107,
1376 1003 1470 1057 lin.
1498 1001 1569 1056 26
1595 1020 1610 1069 ;
1648 1002 1790 1057 Idem
1822 1001 1976 1069 ibid.,

383 1087 478 1142 lib.
512 1104 589 1143 ttt.
611 1104 732 1161 pag.
763 1090 892 1155 252,
926 1092 1020 1146 lin.
1055 1092 1166 1157 40;
1198 1093 1380 1150 Valer.
1427 1095 1593 1158 Μαι..
1622 1094 1716 1151 lib.
1758 1112 1817 1163 ιι,
1858 1111 1978 1165 cap.

383 1181 435 1245 1,
468 1181 531 1235 de
564 1181 819 1256 Easter.,§
871 1186 925 1249 ὗς
957 1184 1188 1251 Arnob.,
1224 1187 1317 1242 lib.
1349 1204 1403 1242 VI
1440 1188 1612 1242 adver.
1646 1187 1821 1252 (ient,
1854 1206 1976 1261 pag.

379 1270 506 1339 206;
532 1273 801 1342 Lactant.,
836 1276 930 1330 lib.
988 1293 1023 1332 ιι
1065 1277 1269 1346 lmtit.,
1297 1294 1417 1348 cap.
1447 1280 1500 1343 4,
1531 1295 1651 1349 pag.
1686 1279 1810 1344 157;
1837 1278 1975 1343 Cic.,

382 1363 475 1420 lib.
510 1381 565 1423 Ill
594 1365 738 1422 deor.
772 1367 922 1435 Nat.,
952 1384 1070 1441 pag.
1093 1369 1220 1436 252,
1255 1371 1351 1425 lin.
1388 1368 1510 1441 45).
1542 1371 1830 1427 Pausnnias
1852 1387 1979 1428 vero

380 1454 470 1510 ubi
521 1456 588 1513 de
618 1458 889 1524 Phliasiis,
935 1458 1054 1515 haec
1096 1461 1164 1515 de
1204 1460 1498 1531 Esculapii
1551 1463 1839 1518 simulacro
1868 1478 1981 1519 me-

2084 1014 2287 1070 noster,
2329 1005 2607 1061 dicebatur
2643 1026 2661 1058 ι
2693 1007 2907 1066 bubulis
2936 1012 3106 1067 oculis
3136 1033 3156 1066 ι
3194 1012 3376 1086 (Hom.
3399 1012 3540 1068 Iliad.
3564 1032 3616 1083 tv,

2083 1111 2131 1150 v.
2160 1096 2194 1151 5
2223 1104 2266 1169 ).
2335 1097 2406 1152 At
2456 1099 2748 1156 Homerum
2805 1102 2947 1158 haud
2993 1104 3155 1161 dubie
3212 1116 3427 1162 secutus
3457 1118 3551 1174 est,
3593 1127 3616 1165 a

2082 1202 2437 1268 quo'vocatur
2464 1211 2476 1248 :
2506 1206 2692 1266 βοῶπις
2721 1199 2892 1254 «ama
2923 1189 3047 1269 ιῖρη,
3078 1198 3289 1254 bovinis
3315 1200 3476 1254 oculis
3501 1216 3619 1258 vene-

2082 1284 2247 1337 randa
2303 1284 2443 1340 Juno
2474 1285 2662 1359 (Iliad.
2705 1304 2814 1356 xiv,
2858 1305 2908 1346 υ.
2945 1290 3093 1361 159).
3124 1291 3279 1361 Quod
3302 1293 3618 1350 Poetaeinter-

2082 1392 2207 1447 pres
2257 1379 2421 1434 latine
2470 1380 2758 1449 eXprimit:
2814 1401 2832 1435 ι
2882 1383 3126 1439 Pulchris
3165 1385 3340 1440 oculis
3368 1387 3619 1443 veneranda

2081 1469 2241 1525 Juno.
2281 1490 2298 1522 ι
2337 1470 2616 1527 Rationem
2644 1473 2688 1528 si
2711 1488 2943 1544 quaeras,
2975 1475 3417 1548 respondebimus
3434 1491 3619 1547 gat-cum

2083 1564 2213 1619 illud
2255 1579 2450 1621 nomen
2482 1566 2549 1621 ab
2593 1582 2660 1621 eo
2683 1569 2763 1623 sic
2804 1568 3105 1635 redditum;
3150 1570 3275 1639 quia
3306 1570 3441 1626 oculi
3484 1571 3620 1626 bubuli

378 1643 487 1699 νὰος
512 1646 556 1693 ἐν
599 1644 750 1709 δεξιᾷ.
776 1648 861 1695 καὶ
904 1646 1104 1712 ἄγαλμα.
1146 1650 1228 1700 οὐκ
1273 1654 1380 1714 ἕχον
1413 1652 1675 1713 πωγωννῖιι.
1701 1666 1721 1699 ί
1767 1648 1878 1714 Qua
1910 1663 1968 1704 ex

2085 1658 2318 1711 omnium
2379 1656 2724 1726 pulcherrimi
2785 1659 3122 1715 videbantur.
3179 1660 3314 1715 Nam
3364 1678 3391 1713 a
3436 1661 3622 1717 Luciano

378 1744 503 1785 arce
530 1731 893 1800 descenditur,
927 1734 1222 1806 Esculapii
1246 1738 1391 1792 :edes
1418 1738 1482 1792 ad
1510 1741 1752 1793 dextram
1784 1748 1885 1807 est,
1923 1740 1977 1794 in
2085 1747 2277 1821 (lmag.
2314 1766 2435 1821 pag.
2468 1748 2594 1823 590)
2626 1752 2982 1820 peritissimus
3008 1754 3184 1823 pictor
3208 1752 3454 1820 habetur,
3480 1766 3621 1825 βοῶπίν

378 1837 479 1916 qua
513 1826 722 1896 signum
773 1828 1016 1885 imberbe
1066 1849 1085 1882 ι
1122 1830 1399 1902 (Pansam,
1456 1830 1549 1887 lib.
1606 1847 1664 1898 ιι,
1718 1830 1968 1902 Cornu/1.,

2085 1866 2189 1899 τινα
2210 1859 2414 1907 ποιήσεις
2440 1849 2625 1912 αὐτῶν,
2657 1844 2750 1915 qui
2786 1844 3050 1902 Jununem
3085 1866 3103 1898 ε
3139 1846 3284 1902 illam
3307 1847 3505 1903 boviuis
3523 1862 3621 1902 ocu-

380 1558 555 1603 morat
589 1565 602 1603 ε
633 1554 907 1607 Kac-ruina»
934 1556 982 1607 δὲ
1021 1560 1070 1608 ἐκ
1105 1570 1190 1616 τῆς
1229 1558 1522 1626 ἀκροπόλεως
1566 1563 1693 1610 εστιν
1715 1563 1978 1629 Ασκὶῃτιοῦ

417 1932 500 1974 aa.
528 1919 646 1974 56).

417 1932 440 1969 a
487 1960 500 1973 .
528 1919 596 1973 56
632 1958 646 1974 .

378 1932 412 1988 p
446 1933 521 2068 gAt
564 1919 753 2084 si)qme
787 2016 1023 2074 Luciano
1063 2018 1216 2086 ﬁdes,
1248 2021 1439 2091 Apollo
1463 2022 1532 2077 ab
1574 2022 1823 2078 omnibus
1864 2022 1968 2076 im-

380 2103 583 2174 berbis,
634 2109 872 2179 exceptis
900 2112 1273 2167 tantummodo
1319 2115 1573 2187 Assyriis,
1618 2124 1974 2185 repraesenta-

380 2197 537 2255 batur
562 2218 574 2255 ε
599 2209 659 2255 Οῑ
682 2211 765 2266 μιν
789 2210 883 2273 ’γὰρ
907 2209 1049 2259 ἄλλοι
1080 2212 1251 2267 πένης
1267 2210 1529 2260 Απόλλωνα.
1547 2216 1644 2262 νέον
1668 2233 1720 2263 τε
1749 2217 1970 2275 ἥγηνται,

376 2294 460 2345 καὶ
482 2300 727 2363 πρωθήϐην
766 2303 974 2352 ποιοῦσϋ
997 2305 1164 2365 μοῦνοι
1195 2303 1244 2352 δὲ
1275 2301 1403 2358 οὗτοι
1433 2303 1703 2365 Λπόλλωνος
1726 2311 1973 2372 rsum-iw

377 2386 538 2449 ξόανον
565 2390 845 2444 δεικνύουσι.
876 2406 896 2441 ι
930 2387 1147 2456 (ἒωιει-ἰ,
1186 2390 1328 2446 enim
1361 2408 1572 2456 omnes,
1605 2404 1661 2447 ut
1719 2394 1806 2447 ille
1862 2394 1968 2459 ait,

376 2476 678 2547 Apollinem
708 2490 762 2537 et
783 2482 1038 2550 juvenem
1060 2493 1267 2555 putant.
1292 2495 1346 2542 et
1367 2503 1487 2542 cum
1520 2487 1690 2558 prima
1723 2487 1972 2557 lanugine

377 2568 678 2641 efﬁngunt:
709 2576 809 2630 soli
855 2587 1033 2633 autem
1082 2579 1166 2634 isti
1198 2580 1459 2649 Apollinis
1502 2581 1708 2636 barbati
1750 2582 1971 2636 simula-

376 2674 526 2717 crum
547 2664 785 2736 efﬁgiant
821 2687 840 2720 ι
871 2669 1138 2739 (Lucium,
1173 2672 1237 2726 de
1264 2670 1376 2726 Dea
1403 2673 1588 2744 Syria,
1621 2690 1743 2744 pag.
1780 2673 1967 2743 1071).

376 2751 676 2811 Macrobius
704 2768 882 2815 tamen
920 2761 1048 2816 illud
1081 2777 1185 2817 non
1214 2764 1282 2819 ab
1310 2764 1559 2819 omnibus
1586 2763 1843 2836 As<yriis.
1873 2763 1969 2818 sed

377 2848 797 2921 Hierapolitanis
835 2854 1032 2911 factum
1053 2872 1174 2912 esse
1199 2857 1419 2911 tradidit
1452 2876 1464 2911 :
1502 2877 1521 2909 ‹
1558 2857 1966 2927 llieropolitani,

374 2942 468 3009 ait,
504 2959 624 3013 qua:
662 2953 791 2999 sunt
838 2958 1027 3017 gentes
1070 2948 1436 3019 Assyriorum,
1465 2962 1652 3002 omnes
1708 2947 1850 3002 Solis
1890 2947 1971 3003 ef-

376 3030 578 3101 fectus,
620 3046 780 3105 atque
831 3038 1052 3093 virtutes
1105 3039 1170 3093 ad
1228 3042 1386 3093 unius
1442 3038 1713 3091 simulacri
1762 3037 1969 3094 barbati

374 3125 612 3193 Speciem
655 3127 921 3199 redigunt,
955 3130 1310 3196 eumdcmqne
1333 3128 1633 3199 Apollinem
1674 3128 1965 3199 appellant.

373 3216 544 3288 Hujus
593 3220 758 3277 facies
812 3223 1017 3291 prolixa
1050 3224 1101 3277 in
1131 3230 1345 3277 acutum
1381 3222 1541 3277 barba
1571 3221 1792 3294 ﬁgurata
1819 3234 1902 3279 est
1940 3244 1957 3276 ι
1991 3230 2035 3293 C

374 3309 654 3385 (Macrob,
685 3314 775 3367 lib.
803 3328 818 3366 ι
845 3312 1115 3367 Saturnal.
1149 3332 1267 3385 cap.
1301 3315 1410 3386 17).

449 3402 633 3456 Tertio
672 3401 976 3459 Minucius:
1013 3424 1032 3457 ι
1065 3404 1340 3476 Neptunus
1369 3408 1572 3480 glaucis
1615 3410 1815 3476 oculis,
1871 3409 1967 3465 Mi-

372 3506 537 3547 nerva
559 3493 733 3547 caesiis
756 3493 1002 3563 (Minuc.,
1035 3514 1155 3569 pag.
1186 3500 1335 3567 181).
1365 3520 1382 3551 ι
1424 3499 1540 3555 Jam
1562 3515 1691 3556 vero
1715 3503 1910 3557 citatus
1936 3518 1965 3557 a

375 3584 530 3639 nobis
554 3582 745 3640 Cicero
773 3601 786 3638 :
819 3606 837 3638 ι
882 3587 1087 3657 ὒίοιτθ,
1133 3591 1331 3659 inquit,
1366 3593 1543 3647 licebit
1569 3595 1758 3649 cmsios
1783 3594 1967 3649 oculos

373 3675 658 3741 Minervae,
706 3679 968 3733 cmruleos
996 3697 1117 3736 esse
1142 3682 1374 3751 Neptuni
1408 3703 1425 3734 ι
1460 3682 1680 3756 (Cicer.,
1720 3685 1809 3739 lib.
1850 3701 1865 3739 ι
1907 3686 1969 3739 de

374 3766 567 3822 Natur.
600 3769 740 3824 deor.
776 3788 896 3841 pag.
924 3772 1049 3837 207,
1087 3775 1180 3830 lin.
1212 3775 1283 3830 24
1312 3775 1354 3847 ).
1408 3777 1739 3847 Quamquam
1787 3787 1966 3833 autem

376 3858 642 3915 Diodorus
671 3860 885 3916 Siculus
932 3862 1061 3918 illud
1104 3875 1372 3935 tamquam
1404 3865 1667 3921 insulsum
1692 3882 1970 3922 commen-

380 3957 489 4003 tum
548 3950 788 4021 rejiciat,
841 3962 1095 4025 putetque
1140 3955 1461 4022 Minervam,
1508 3958 1627 4026 quia
1658 3958 1849 4028 glauco
1877 3974 1971 4015 aer

374 4052 594 4114 aspectu
622 4052 724 4110 est,
748 4044 1029 4116 glaucopin
1057 4047 1182 4118 tingi
1210 4046 1449 4117 (Diodor.
1498 4049 1585 4102 lib.
1622 4063 1670 4112 ι,
1718 4048 1963 4106 Biblioth.

378 4151 497 4206 pag.
533 4135 812 4206 88);eam
844 4148 1019 4193 tamen
1074 4138 1345 4194 Lucianus
1400 4140 1965 4211 Ἄρρθηόῑγλαυκῶπιν,

374 4240 482 4296 quo
505 4226 723 4295 quidem
743 4228 983 4297 epitheto
1011 4230 1209 4299 passim
1239 4231 1308 4285 ab
1350 4230 1584 4287 Homero
1610 4233 1807 4303 ubique
1835 4250 1971 4287 nun-

375 4329 620 4389 cupatur,
682 4320 923 4391 illudque
994 4324 1193 4380 latinus
1262 4324 1405 4379 illius
1473 4326 1738 4398 interpres
1809 4326 1969 4382 modo

382 4429 401 4462 ι
428 4412 571 4466 οωεῆ
593 4454 609 4478 ,
647 4431 666 4463 ›
716 4413 877 4468 modo
905 4433 923 4465 ι
953 4415 1156 4485 glaucis
1180 4416 1350 4471 oculis
1380 4416 1607 4473 reddidit
1645 4439 1663 4472 ι
1693 4418 1968 4491 (Lucium,

375 4501 579 4576 Dia/ag.
597 4506 815 4561 Vulcan.
845 4518 892 4561 et
927 4507 1091 4575 lovis,
1128 4526 1247 4579 pag.
1273 4510 1363 4576 74,
1397 4520 1442 4563 et
1473 4512 1536 4565 de
1565 4512 1811 4579 sacri/ia,
1846 4530 1967 4585 pag.

2079 1933 2146 1988 lis
2179 1934 2442 2005 pingebat.
2483 1955 2503 1987 ι

2149 2025 2327 2097 Pergit
2361 2026 2617 2082 Minucius
2644 2028 2789 2101 (pag.
2824 2030 2952 2101 184)
2981 2049 2995 2083 :
3031 2050 3049 2082 ι
3092 2030 3324 2088 Pedibus
3370 2031 3620 2088 Mercurius

2076 2116 2264 2182 alatis,
2290 2118 2397 2172 Pan
2426 2120 2696 2190 ungulatis
2716 2172 2729 2190 ,
2763 2121 3029 2179 Saturnus
3056 2125 3395 2195 compeditis.
3434 2144 3451 2177 ι
3470 2123 3623 2180 Nullus

2076 2218 2159 2264 est
2188 2224 2352 2275 sane,
2384 2213 2473 2281 qui
2502 2212 2712 2281 ignoret
2738 2213 3061 2270 Mercurium
3093 2216 3219 2285 ﬁngi
3266 2216 3476 2271 deorum
3517 2232 3623 2271 nun-

2078 2301 2231 2368 tium,
2260 2312 2422 2370 atque
2452 2303 2648 2360 idcirco
2677 2305 2790 2360 alas
2825 2308 2877 2360 in
2918 2309 3094 2378 capite
3127 2320 3180 2364 et
3210 2309 3428 2378 pedibus
3450 2317 3626 2379 gestan-

2078 2401 2205 2447 tem.
2251 2395 2587 2465 Quapmpter
2623 2396 2690 2452 de
2731 2397 2824 2454 illo
2864 2414 2891 2452 a
2932 2399 3066 2457 Jove
3103 2401 3269 2458 misso
3312 2400 3425 2457 hac
3461 2400 3627 2456 cecinit

2075 2484 2339 2543 Homerus
2374 2506 2387 2542 :

2321 2606 2370 2660 ἀς
2393 2615 2509 2666 ἥατ’,
2531 2612 2612 2655 οὐδ’
2633 2618 2785 2666 ritibus
2809 2616 3001 2671 διάκτορος
3023 2612 3276 2674 Aquarius“.

2320 2678 2443 2743 Aiunt'
2461 2678 2586 2726 tmt',
2606 2678 2674 2718 ἰθπὸ
2694 2683 2827 2720 ποσσὶν
2852 2679 3010 2731 {dicere
3026 2686 3122 2723 ιιόλι
3146 2682 3293 2731 ιιδιλι.

2320 2740 2528 2801 διξερόσια,
2550 2742 2717 2793 χρὺσιιιι·
2741 2746 2789 2782 τά
2809 2759 2868 2792 μιν
2891 2748 2995 2796 φέρον
3015 2747 3040 2794 ἦ
3063 2748 3125 2796 μὶν
3144 2749 3195 2798 ἰᾷ
3215 2747 3335 2799 ἱιτεήν,

2322 2797 2392 2839 ηδ’
2416 2804 2472 2841 ἐπ’
2487 2805 2659 2855 ἀπείρονα
2674 2810 2793 2856 γαῖαν,
2806 2807 2884 2856 ἅμα
2904 2814 3029 2859 πνοιῇς
3051 2797 3210 2858 ὰνὲμοιο.

2697 2880 2845 2940 (Hom
2894 2881 3069 2945 Odyss.
3097 2898 3145 2942 v,
3163 2895 3208 2932 ι’.
3231 2882 3352 2933 ﬁet
3376 2882 3534 2947 seqq.)

2166 3000 2248 3067 Sic
2270 3002 2337 3067 ait
2362 3001 2568 3067 :_N_eque
2584 3004 2751 3067 renuit
2774 3006 3119 3055 iuternuncius
3144 3006 3441 3067 Mercurius,

2166 3062 2337 3131 Statim
2359 3062 2541 3131 deinde
2571 3066 2779 3128 pedibus
2796 3067 3063 3131 subligavit
3091 3068 3294 3131 pulchra
3319 3062 3505 3125 ta.aria,

2166 3123 2480 3200 immortalia,
2505 3123 2673 3186 aui-ea,
2700 3141 2812 3191 qua:
2833 3123 2987 3191 ipsum
3012 3123 3243 3200 ferebant
3260 3134 3367 3200 sive
3391 3145 3480 3200 per
3498 3123 3625 3200 mare,

2165 3185 2280 3235 Sive
2308 3199 2397 3247 per
2420 3185 2702 3238 immensam
2718 3185 2911 3240 terram
2932 3195 3116 3254 pariter
3137 3206 3248 3242 cum
3274 3185 3473 3243 ﬂamine
3496 3192 3623 3242 venti.

2535 3272 2723 3337 (Hom,
2760 3276 2956 3340 θάρρει,
2983 3291 3027 3337 v,
3052 3290 3098 3327 v.
3122 3277 3245 3328 45c:
3258 3280 3415 3344 seqq.)

2069 3392 2177 3447 Pan
2228 3410 2355 3449 vero
2407 3398 2688 3467 ungulatos
2730 3399 2843 3455 sive
2893 3400 3126 3457 hircinos
3181 3402 3348 3472 pedes
3392 3402 3624 3459 habuisse

2069 3484 2363 3550 ferebatur,
2397 3488 2470 3541 uti
2498 3488 2741 3558 perhibet
2786 3491 2870 3546 his
2911 3494 3089 3549 verbis
3130 3493 3434 3551 Eusebius:
3471 3514 3490 3546 ι
3515 3493 3627 3561 Quin

2069 3580 2229 3633 etiam
2282 3595 2500 3636 suorum
2556 3584 2655 3654 ipsi
2706 3600 2995 3655 corporum
3043 3588 3280 3658 speciem
3331 3590 3629 3659 ﬁguramque

2070 3669 2401 3738 describunt,
2435 3674 2578 3729 velut
2603 3677 2718 3745 ipse
2757 3677 2890 3741 Pun,
2921 3679 3012 3749 qui
3036 3680 3339 3751 cujusmodi
3370 3682 3548 3745 fuerit,
3576 3693 3632 3733 ex

2070 3763 2187 3832 ejus
2215 3766 2446 3820 oraculis
2472 3767 2766 3823 docemur:
2794 3770 3031 3825 Mortalis
3072 3787 3204 3843 ergo
3238 3788 3357 3829 cum
3383 3774 3493 3835 sint,
3521 3778 3627 3823 vola

2073 3872 2352 3926 nuncupo,
2407 3867 2526 3913 Πανὶ
2582 3868 2803 3934 quppiam
2861 3870 2988 3933 Θεῷ,
3035 3874 3361 3937 θισσοκῦρατι,
3407 3864 3622 3917 imit-3t

2072 3956 2386 4020 τραγοσκιλεῖ.
2418 3951 2545 4006 Pani
2568 3995 2582 4018 ,
2610 3955 2788 4009 nativo
2815 3955 2916 4009 deo
2937 3997 2950 4021 ,
2975 3970 3145 4011 cornu
3177 3958 3385 4028 gemino
3404 3999 3420 4022 ,
3437 3953 3630 4023 gemino

2073 4042 2228 4111 pede,
2282 4042 2610 4114 hircinisque
2659 4046 2926 4111 cruribus,
2981 4048 3179 4119 insigni
3251 4048 3629 4119 voluptuario:

2074 4134 2284 4208 (Euseb.
2316 4136 2405 4189 lib.
2436 4152 2489 4190 ιιι
2534 4135 2777 4208 Ρνωραν.
2840 4137 3038 4211 Evaug.
3070 4155 3190 4213 cap.
3226 4141 3315 4205 14,
3346 4157 3468 4211 pag.
3500 4135 3632 4205 121).

2075 4227 2295 4283 Fatetur
2352 4229 2567 4298 quidem
2632 4230 2938 4287 Herodotus
2985 4232 3135 4287 illum
3193 4247 3222 4287 a
3283 4231 3554 4302 pictoribus
3583 4233 3629 4280 et

2073 4321 2345 4376 statuariis
2388 4320 2604 4392 ﬁgurari
2633 4325 2852 4393 caprina
2902 4325 3071 4390 facie,
3119 4324 3454 4397 hircinisque
3492 4317 3630 4377 cruri-

2074 4414 2229 4470 bus:
2270 4430 2426 4486 quam
2486 4426 2663 4471 tamen
2722 4418 2792 4472 ob
2841 4434 3057 4474 causam
3111 4417 3165 4475 id
3217 4418 3420 4475 factum
3476 4412 3637 4476 fuerit.

2075 4508 2340 4577 evplicatu
2373 4507 2474 4562 sibi
2498 4508 2796 4577 jucundum
2822 4525 2930 4565 non
2960 4525 3081 4567 esse
3109 4512 3346 4582 ingenue
3390 4507 3641 4566 conﬁtetur

377 4594 529 4667 185).
562 4595 632 4651 Ει
681 4605 829 4652 certe
853 4596 1058 4652 Latinis
1091 4601 1443 4668 scriptoribus
1466 4600 1606 4655 idem
1636 4611 1721 4657 est
1748 4604 1961 4670 carsius,
1992 4619 2047 4679 Β
2077 4598 2353 4671 (Hcrodot.
2387 4599 2475 4653 lib.
2497 4616 2554 4663 ιι.
2582 4600 2633 4672 §.
2662 4600 2773 4672 46).
2810 4603 2914 4657 Sed
2943 4603 3094 4659 adire
3139 4607 3349 4674 poteris
3397 4598 3556 4659 Servii
3599 4597 3644 4650 in

375 4702 469 4743 seu
515 4691 810 4757 caeruleus,
856 4707 919 4746 ac
959 4693 1180 4763 glaucus
1222 4694 1391 4761 color,
1425 4693 1643 4766 quales,
1680 4696 1925 4768 inquiunt
1950 4739 1965 4765 ,

375 4790 502 4837 sunt
537 4780 717 4837 felium
749 4783 910 4838 oculi.

446 4873 585 4943 Quid
639 4890 807 4942 vero,
858 4875 1002 4947 quod
1059 4875 1350 4932 Pausanias
1378 4876 1709 4948 Neptunum,
1750 4878 1819 4934 de
1863 4896 1970 4951 quo

375 4964 669 5028 Minucius.
703 4967 944 5039 glaucos,
978 4968 1118 5024 sicut
1156 4968 1469 5037 Minervam,
1506 4970 1757 5027 habuisse
1786 4973 1971 5029 oculos

378 5062 737 5117 testiﬁcatur?
767 5082 784 5113 ι
821 5062 1070 5118 Minerva:
1111 5063 1319 5133 signum
1341 5105 1354 5128 ,
1396 5082 1413 5115 ι
1443 5063 1585 5118 illius
1615 5064 1776 5119 verba
1808 5075 1933 5120 sunt
1953 5108 1967 5131 ,

383 5155 557 5227 «quod
587 5155 1237 5224 glaucoshabeatoculos,
1263 5167 1487 5229 γλινκοὺς
1518 5166 1621 5227 εχον
1661 5168 1764 5221 τοὺς
1792 5163 1970 5229 ὀρθαὶ-

376 5258 511 5316 μοὺς,
543 5247 795 5321 Lybicam
826 5246 893 5302 de
919 5263 983 5303 ea
1006 5265 1061 5304 re
1085 5248 1315 5306 fabulam
1339 5252 1611 5319 comperio
1638 5270 1650 5305 :
1682 5252 1971 5306 Minervam

377 5342 642 5412 Neptuni.
697 5350 752 5397 et
792 5341 1082 5398 Tritonidis
1128 5343 1338 5414 paludis
1396 5343 1556 5399 ﬁliam
1604 5359 1755 5411 esse,
1813 5352 1973 5413 atque

379 5436 502 5492 ideo
544 5436 761 5507 glaucos
808 5435 884 5490 illi
934 5436 1114 5490 itidem
1170 5444 1226 5490 ut
1282 5437 1527 5506 Neptuno
1572 5437 1760 5493 oculos
1810 5452 1970 5492 esse:

2076 4691 2351 4762 Virgilium
2377 4702 2551 4758 notas,
2582 4703 2636 4748 et
2664 4694 2797 4748 alios
2818 4695 2987 4761 (Serv.
3017 4697 3069 4750 in
3107 4694 3347 4768 Virgil.).

2148 4786 2222 4841 De
2251 4784 2463 4841 Saturni
2510 4785 2702 4841 deinde
2729 4805 2748 4837 ι
2788 4787 3038 4857 pedibus,
3081 4808 3099 4841 ι
3130 4790 3205 4843 ιιιί
3252 4798 3444 4844 auctor
3479 4791 3641 4841 noster
3742 4827 3749 4832 .

2075 4878 2170 4945 ait,
2202 4896 2221 4929 ‹
2254 4876 2593 4946 compeditis,
2635 4897 2653 4930 ι
2683 4878 2796 4934 hate
2841 4895 2869 4934 a
2897 4878 3160 4936 Cicerone
3206 4881 3403 4935 litteris
3428 4875 3647 4933 mandata

2075 4970 2342 5043 legimus:
2397 4987 2417 5020 ι
2471 4970 2632 5025 Vetus
2679 4969 2794 5025 lucc
2850 4971 3030 5040 opinio
3084 4971 3351 5028 Graeciam
3403 4965 3647 5041 opplevit,

2076 5074 2349 5117 exsectum
2395 5059 2603 5116 leum
2647 5077 2675 5115 a
2727 5061 2835 5116 ﬁlio
2880 5062 3148 5127 Saturno,
3205 5064 3447 5117 vinctum
3494 5066 3648 5115 autem

2075 5155 2365 5212 Saturnum
2419 5155 2590 5224 ipsum
2628 5170 2657 5207 a
2692 5154 2799 5208 ﬁlio
2821 5154 2972 5209 Jove.
3014 5175 3033 5207 ι
3067 5154 3260 5210 Latino
3311 5163 3494 5209 autem
3535 5150 3651 5206 Ora-

2079 5248 2184 5303 tori
2215 5247 2574 5318 suﬁ‘ragantur
2604 5259 2854 5303 auctores
2875 5248 3042 5302 nostri
3073 5248 3469 5317 Athenagoras,
3501 5243 3651 5300 Atha-

2078 5341 2285 5403 nasius.
2317 5355 2379 5395 ac
2410 5350 2607 5411 prmter
2631 5341 2768 5395 alios
2788 5341 2925 5396 bene
2955 5341 3149 5395 multos
3178 5339 3540 5411 Epiphanius,
3577 5332 3651 5405 qui

2077 5432 2143 5486 ad
2184 5432 2397 5487 Minucii
2431 5433 2596 5485 nosui
2649 5441 2881 5487 mentem
2931 5430 3055 5487 inde
3107 5432 3186 5487 sic
3223 5437 3649 5501 argumentatur:

378 5528 479 5584 Κιὶ
532 5532 614 5583 διὰ
666 5536 805 5587 τοῦτο
854 5538 1084 5597 γλαυκοὺς
1136 5531 1257 5585 ἔιναι
1305 5536 1459 5600 ὥσπερ
1495 5533 1577 5582 καὶ
1615 5541 1683 5599 τῷ
1724 5535 1968 5586 “caudam

2085 5542 2105 5574 ι
2143 5523 2211 5579 At
2240 5525 2327 5594 qui
2374 5524 2425 5576 in
2467 5523 2708 5577 custodia
2740 5523 3037 5587 detinetur,
3065 5538 3171 5577 non
3199 5522 3365 5577 modo
3390 5516 3652 5592 patentiori

379 5629 702 5695 ὃῖδθαλμοὺςη
734 5623 789 5676 Si
818 5624 940 5692 quis
965 5634 1142 5679 autem
1169 5624 1476 5682 contendat,
1500 5624 1795 5693 probetque
1827 5624 1974 5677 illum
2078 5614 2235 5669 alicui
2264 5614 2568 5683 subjicitur,
2599 5614 2695 5668 sed
2723 5615 2793 5667 ob
2829 5613 3149 5669 maleﬁcium
3178 5612 3400 5681 aliquod
3450 5608 3652 5666 vinculis

382 5716 454 5769 ibi
485 5715 552 5768 de
594 5714 697 5769 alia
720 5755 735 5777 ,
764 5728 925 5783 quam
948 5715 1093 5767 citati
1125 5730 1155 5767 a
1196 5714 1349 5767 nobis
1379 5716 1675 5784 scriptores
1695 5754 1710 5779 ,
1743 5714 1968 5770 Minerva

2085 5708 2319 5761 coerceri
2347 5706 2481 5760 solet
2506 5726 2524 5756 ι
2547 5704 2753 5778 (Eclog.
2781 5707 2835 5762 2.
2861 5722 2909 5761 υ.
2937 5706 3025 5759 Si.
3056 5702 3164 5759 Cic.
3197 5705 3284 5759 lib.
3320 5720 3359 5761 ιι
3388 5705 3455 5760 de
3478 5702 3648 5759 Nam.

383 5802 552 5875 loqui,
583 5820 687 5860 non
717 5804 1152 5873 repugnabimus.
1182 5804 1353 5861 Nemo
1382 5813 1563 5862 tamen
1595 5805 1811 5878 negabit
1837 5806 1981 5865 inter
2084 5804 2224 5859 deor.
2258 5819 2378 5873 pag.
2408 5800 2535 5868 223;
2566 5802 2814 5873 Athenag.
2846 5801 2997 5871 legat.
3027 5816 3120 5871 pro
3134 5799 3418 5856 Christian.
3443 5817 3557 5871 pag.
3598 5794 3652 5852 19
