  <div class='ocr_page' id='page_1' title='image "/cluster/home/n/w/nwhite01/storage/ocr_20150623/3/uva.x000669812/340.png"; bbox 0 0 3818 6282; ppageno 0'>
   <div class='ocr_carea' id='block_1_1' title="bbox 169 288 275 344">
    <p class='ocr_par' dir='ltr' id='par_1_1' title="bbox 169 288 275 344">
     <span class='ocr_line' id='line_1_1' title="bbox 169 288 275 344; baseline 0.028 -3"><span class='ocrx_word' id='word_1_1' title='bbox 169 288 275 344; x_wconf 73' lang='grc' dir='ltr'><strong>5η</strong></span> 
     </span>
    </p>
   </div>
   <div class='ocr_carea' id='block_1_2' title="bbox 1569 311 2032 377">
    <p class='ocr_par' dir='ltr' id='par_1_2' title="bbox 1569 311 2032 377">
     <span class='ocr_line' id='line_1_2' title="bbox 1569 311 2032 377; baseline 0.017 -10"><span class='ocrx_word' id='word_1_2' title='bbox 1569 311 2032 377; x_wconf 77' lang='lat' dir='ltr'><strong>DISSERTATIO.</strong></span> 
     </span>
    </p>
   </div>
   <div class='ocr_carea' id='block_1_3' title="bbox 3367 352 3473 407">
    <p class='ocr_par' dir='ltr' id='par_1_3' title="bbox 3367 352 3473 407">
     <span class='ocr_line' id='line_1_3' title="bbox 3367 352 3473 407; baseline 0 0"><span class='ocrx_word' id='word_1_3' title='bbox 3367 352 3473 407; x_wconf 75' lang='lat'><strong>578</strong></span> 
     </span>
    </p>
   </div>
   <div class='ocr_carea' id='block_1_4' title="bbox 164 404 3477 538">
    <p class='ocr_par' dir='ltr' id='par_1_4' title="bbox 164 404 3477 538">
     <span class='ocr_line' id='line_1_4' title="bbox 164 404 3477 538; baseline 0.021 -84"><span class='ocrx_word' id='word_1_4' title='bbox 164 404 328 470; x_wconf 74' lang='lat' dir='ltr'><strong>e120;</strong></span> <span class='ocrx_word' id='word_1_5' title='bbox 346 407 605 464; x_wconf 74' lang='lat' dir='ltr'><strong>Albanas.</strong></span> <span class='ocrx_word' id='word_1_6' title='bbox 648 414 793 468; x_wconf 81' lang='lat' dir='ltr'><strong>Orat.</strong></span> <span class='ocrx_word' id='word_1_7' title='bbox 819 425 984 473; x_wconf 87' lang='lat' dir='ltr'><strong>catttr.</strong></span> <span class='ocrx_word' id='word_1_8' title='bbox 1016 418 1164 474; x_wconf 85' lang='lat' dir='ltr'><strong>Gent.</strong></span> <span class='ocrx_word' id='word_1_9' title='bbox 1199 422 1226 493; x_wconf 61' lang='grc' dir='ltr'>ᾗ</span> <span class='ocrx_word' id='word_1_10' title='bbox 1259 425 1343 492; x_wconf 76' lang='lat' dir='ltr'><strong>li,</strong></span> <span class='ocrx_word' id='word_1_11' title='bbox 1375 441 1494 499; x_wconf 88' lang='lat' dir='ltr'><strong>pag.</strong></span> <span class='ocrx_word' id='word_1_12' title='bbox 1522 427 1627 496; x_wconf 70' lang='lat'><strong>1‘2;</strong></span> <span class='ocrx_word' id='word_1_13' title='bbox 1655 430 1783 503; x_wconf 83' lang='lat' dir='ltr'><strong>Epi-</strong></span> <span class='ocrx_word' id='word_1_14' title='bbox 1808 437 1862 496; x_wconf 81' lang='grc' dir='ltr'>Α</span> <span class='ocrx_word' id='word_1_15' title='bbox 1886 439 2051 493; x_wconf 88' lang='lat' dir='ltr'><strong>semel</strong></span> <span class='ocrx_word' id='word_1_16' title='bbox 2113 440 2401 499; x_wconf 80' lang='lat' dir='ltr'><strong>Pausanias</strong></span> <span class='ocrx_word' id='word_1_17' title='bbox 2452 447 2564 520; x_wconf 83' lang='lat' dir='ltr'><strong>(lib.</strong></span> <span class='ocrx_word' id='word_1_18' title='bbox 2599 464 2701 519; x_wconf 83' lang='lat' dir='ltr'><strong>vit,</strong></span> <span class='ocrx_word' id='word_1_19' title='bbox 2735 470 2855 526; x_wconf 80' lang='lat' dir='ltr'><strong>pag.</strong></span> <span class='ocrx_word' id='word_1_20' title='bbox 2884 457 2993 515; x_wconf 79' lang='lat'><strong>230</strong></span> <span class='ocrx_word' id='word_1_21' title='bbox 3030 469 3079 515; x_wconf 89' lang='lat' dir='ltr'><strong>et</strong></span> <span class='ocrx_word' id='word_1_22' title='bbox 3107 462 3234 527; x_wconf 71' lang='lat'><strong>254)</strong></span> <span class='ocrx_word' id='word_1_23' title='bbox 3277 466 3477 538; x_wconf 80' lang='lat' dir='ltr'><strong>aliique</strong></span> 
     </span>
     <span class='ocr_line' id='line_1_5' title="bbox 164 496 2392 538; baseline 0 0"><span class='ocrx_word' id='word_1_24' title='bbox 164 496 300 538; x_wconf 74' lang='lat' dir='ltr'><strong>nium</strong></span> <span class='ocrx_word' id='word_1_25' title='bbox 361 502 622 538; x_wconf 69' lang='grc' dir='ltr'><strong>Δηριηιηι</strong></span> <span class='ocrx_word' id='word_1_26' title='bbox 676 506 701 538; x_wconf 70' lang='grc' dir='ltr'>κ</span> <span class='ocrx_word' id='word_1_27' title='bbox 752 507 852 538; x_wconf 67' lang='lat' dir='ltr'><strong>me</strong></span> <span class='ocrx_word' id='word_1_28' title='bbox 917 529 1017 538; x_wconf 61' lang='grc' dir='ltr'><strong>η..-</strong></span> <span class='ocrx_word' id='word_1_29' title='bbox 1068 513 1190 538; x_wconf 75' lang='grc' dir='ltr'><strong>ιιι-η</strong></span> <span class='ocrx_word' id='word_1_30' title='bbox 2026 529 2037 538; x_wconf 93' lang='grc'><strong>.</strong></span> <span class='ocrx_word' id='word_1_31' title='bbox 2226 533 2264 538; x_wconf 85' lang='grc'><strong>--</strong></span> <span class='ocrx_word' id='word_1_32' title='bbox 2387 537 2392 538; x_wconf 63' lang='lat'><strong><em>,</em></strong></span> 
     </span>
    </p>
   </div>
   <div class='ocr_carea' id='block_1_5' title="bbox 159 496 1214 586">
    <p class='ocr_par' dir='ltr' id='par_1_5' title="bbox 159 496 1214 586">
     <span class='ocr_line' id='line_1_6' title="bbox 159 496 1214 586; baseline 0.021 -38"><span class='ocrx_word' id='word_1_33' title='bbox 159 496 323 562; x_wconf 74' lang='lat' dir='ltr'><strong>pltan.</strong></span> <span class='ocrx_word' id='word_1_34' title='bbox 350 502 641 559; x_wconf 71' lang='lat' dir='ltr'><strong>Anc/rorat.</strong></span> <span class='ocrx_word' id='word_1_35' title='bbox 675 506 721 577; x_wconf 65' lang='grc' dir='ltr'><strong>ς.</strong></span> <span class='ocrx_word' id='word_1_36' title='bbox 752 507 882 573; x_wconf 78' lang='grc'>106,</span> <span class='ocrx_word' id='word_1_37' title='bbox 914 529 1035 583; x_wconf 87' lang='lat' dir='ltr'><strong>pag.</strong></span> <span class='ocrx_word' id='word_1_38' title='bbox 1067 513 1214 586; x_wconf 81' lang='grc'>107).</span> 
     </span>
    </p>
   </div>
   <div class='ocr_carea' id='block_1_6' title="bbox 1878 529 3478 629">
    <p class='ocr_par' dir='ltr' id='par_1_6' title="bbox 1878 529 3478 629">
     <span class='ocr_line' id='line_1_7' title="bbox 1878 529 3478 629; baseline 0.025 -50"><span class='ocrx_word' id='word_1_39' title='bbox 1878 529 2192 586; x_wconf 83' lang='lat' dir='ltr'><strong>tueminere.</strong></span> <span class='ocrx_word' id='word_1_40' title='bbox 2223 533 2353 589; x_wconf 85' lang='lat' dir='ltr'><strong>Eam</strong></span> <span class='ocrx_word' id='word_1_41' title='bbox 2382 537 2559 609; x_wconf 91' lang='lat' dir='ltr'><strong>itaque</strong></span> <span class='ocrx_word' id='word_1_42' title='bbox 2590 546 2832 599; x_wconf 78' lang='lat' dir='ltr'><strong>venando</strong></span> <span class='ocrx_word' id='word_1_43' title='bbox 2856 548 2965 605; x_wconf 89' lang='lat' dir='ltr'><strong>alte</strong></span> <span class='ocrx_word' id='word_1_44' title='bbox 2999 555 3322 613; x_wconf 91' lang='lat' dir='ltr'><strong>succinctam</strong></span> <span class='ocrx_word' id='word_1_45' title='bbox 3348 559 3478 629; x_wconf 82' lang='lat' dir='ltr'><strong>jure</strong></span> 
     </span>
    </p>
   </div>
   <div class='ocr_carea' id='block_1_7' title="bbox 226 591 3156 705">
    <p class='ocr_par' dir='ltr' id='par_1_7' title="bbox 226 591 3156 705">
     <span class='ocr_line' id='line_1_8' title="bbox 226 591 3156 705; baseline 0.017 -59"><span class='ocrx_word' id='word_1_46' title='bbox 226 591 393 661; x_wconf 83' lang='lat' dir='ltr'><strong>Apud</strong></span> <span class='ocrx_word' id='word_1_47' title='bbox 450 597 752 655; x_wconf 88' lang='lat' dir='ltr'><strong>Lucianum</strong></span> <span class='ocrx_word' id='word_1_48' title='bbox 804 619 968 673; x_wconf 91' lang='lat' dir='ltr'><strong>porro</strong></span> <span class='ocrx_word' id='word_1_49' title='bbox 1018 623 1142 662; x_wconf 91' lang='lat' dir='ltr'><strong>cum</strong></span> <span class='ocrx_word' id='word_1_50' title='bbox 1186 612 1441 670; x_wconf 84' lang='lat' dir='ltr'><strong>sacerdos</strong></span> <span class='ocrx_word' id='word_1_51' title='bbox 1484 616 1773 686; x_wconf 90' lang='lat' dir='ltr'><strong>ipsummct</strong></span> <span class='ocrx_word' id='word_1_52' title='bbox 1875 623 2071 676; x_wconf 88' lang='lat' dir='ltr'><strong>merito</strong></span> <span class='ocrx_word' id='word_1_53' title='bbox 2096 623 2220 688; x_wconf 87' lang='lat' dir='ltr'><strong>dici,</strong></span> <span class='ocrx_word' id='word_1_54' title='bbox 2253 642 2319 682; x_wconf 84' lang='lat' dir='ltr'><strong>ex</strong></span> <span class='ocrx_word' id='word_1_55' title='bbox 2348 628 2431 684; x_wconf 83' lang='lat' dir='ltr'><strong>his</strong></span> <span class='ocrx_word' id='word_1_56' title='bbox 2452 631 2642 705; x_wconf 82' lang='lat' dir='ltr'><strong>collige</strong></span> <span class='ocrx_word' id='word_1_57' title='bbox 2664 636 2835 693; x_wconf 87' lang='lat' dir='ltr'><strong>Ovidii</strong></span> <span class='ocrx_word' id='word_1_58' title='bbox 2870 643 3111 701; x_wconf 82' lang='lat' dir='ltr'><strong>versibus</strong></span> <span class='ocrx_word' id='word_1_59' title='bbox 3142 663 3156 702; x_wconf 89' lang='lat'><strong>:</strong></span> 
     </span>
    </p>
   </div>
   <div class='ocr_carea' id='block_1_8' title="bbox 148 677 1827 766">
    <p class='ocr_par' dir='ltr' id='par_1_8' title="bbox 148 677 1827 766">
     <span class='ocr_line' id='line_1_9' title="bbox 148 677 1827 766; baseline 0.02 -32"><span class='ocrx_word' id='word_1_60' title='bbox 148 677 457 741; x_wconf 81' lang='lat' dir='ltr'><strong>Saturnum</strong></span> <span class='ocrx_word' id='word_1_61' title='bbox 492 689 903 763; x_wconf 85' lang='lat' dir='ltr'><strong>interrogasset,</strong></span> <span class='ocrx_word' id='word_1_62' title='bbox 938 712 1064 751; x_wconf 91' lang='lat' dir='ltr'><strong>num</strong></span> <span class='ocrx_word' id='word_1_63' title='bbox 1088 714 1119 754; x_wconf 90' lang='lat' dir='ltr'><strong>a</strong></span> <span class='ocrx_word' id='word_1_64' title='bbox 1146 699 1283 757; x_wconf 85' lang='lat' dir='ltr'><strong>Jove</strong></span> <span class='ocrx_word' id='word_1_65' title='bbox 1315 703 1425 759; x_wconf 82' lang='lat' dir='ltr'><strong>illio</strong></span> <span class='ocrx_word' id='word_1_66' title='bbox 1449 721 1547 761; x_wconf 91' lang='lat' dir='ltr'><strong>suo</strong></span> <span class='ocrx_word' id='word_1_67' title='bbox 1572 708 1623 763; x_wconf 92' lang='lat' dir='ltr'><strong>in</strong></span> <span class='ocrx_word' id='word_1_68' title='bbox 1663 719 1772 766; x_wconf 86' lang='lat' dir='ltr'><strong>tar-</strong></span> <span class='ocrx_word' id='word_1_69' title='bbox 1820 722 1827 727; x_wconf 87' lang='lat'>&#39;</span> 
     </span>
    </p>
   </div>
   <div class='ocr_carea' id='block_1_9' title="bbox 151 781 1765 872">
    <p class='ocr_par' dir='ltr' id='par_1_9' title="bbox 151 781 1765 872">
     <span class='ocr_line' id='line_1_10' title="bbox 151 781 1765 872; baseline 0.019 -43"><span class='ocrx_word' id='word_1_70' title='bbox 151 782 357 846; x_wconf 83' lang='lat' dir='ltr'><strong>tarum,</strong></span> <span class='ocrx_word' id='word_1_71' title='bbox 387 781 625 838; x_wconf 74' lang='lat' dir='ltr'><strong>vinculis</strong></span> <span class='ocrx_word' id='word_1_72' title='bbox 654 784 900 855; x_wconf 89' lang='lat' dir='ltr'><strong>injectis,</strong></span> <span class='ocrx_word' id='word_1_73' title='bbox 932 789 1121 848; x_wconf 81' lang='lat' dir='ltr'><strong>fuisset</strong></span> <span class='ocrx_word' id='word_1_74' title='bbox 1154 809 1341 851; x_wconf 83' lang='lat' dir='ltr'><strong>revera</strong></span> <span class='ocrx_word' id='word_1_75' title='bbox 1386 802 1765 872; x_wconf 73' lang='lat' dir='ltr'><strong>prarcipitatus,</strong></span> 
     </span>
    </p>
   </div>
   <div class='ocr_carea' id='block_1_10' title="bbox 150 872 1764 963">
    <p class='ocr_par' dir='ltr' id='par_1_10' title="bbox 150 872 1764 963">
     <span class='ocr_line' id='line_1_11' title="bbox 150 872 1764 963; baseline 0.019 -40"><span class='ocrx_word' id='word_1_76' title='bbox 150 872 460 939; x_wconf 76' lang='lat' dir='ltr'><strong>reSpondet</strong></span> <span class='ocrx_word' id='word_1_77' title='bbox 507 875 641 931; x_wconf 89' lang='lat' dir='ltr'><strong>ille:</strong></span> <span class='ocrx_word' id='word_1_78' title='bbox 696 895 715 930; x_wconf 74' lang='grc' dir='ltr'>ι</span> <span class='ocrx_word' id='word_1_79' title='bbox 769 879 950 937; x_wconf 88' lang='lat' dir='ltr'><strong>Senex</strong></span> <span class='ocrx_word' id='word_1_80' title='bbox 995 884 1105 953; x_wconf 90' lang='lat' dir='ltr'><strong>jam</strong></span> <span class='ocrx_word' id='word_1_81' title='bbox 1161 897 1215 943; x_wconf 89' lang='lat' dir='ltr'><strong>et</strong></span> <span class='ocrx_word' id='word_1_82' title='bbox 1271 890 1599 963; x_wconf 84' lang='lat' dir='ltr'><strong>podagrosus</strong></span> <span class='ocrx_word' id='word_1_83' title='bbox 1643 912 1764 954; x_wconf 91' lang='lat' dir='ltr'><strong>cum</strong></span> 
     </span>
    </p>
   </div>
   <div class='ocr_carea' id='block_1_11' title="bbox 1934 734 3190 819">
    <p class='ocr_par' dir='ltr' id='par_1_11' title="bbox 1934 734 3190 819">
     <span class='ocr_line' id='line_1_12' title="bbox 1934 734 3190 819; baseline 0.021 -37"><span class='ocrx_word' id='word_1_84' title='bbox 1934 734 2500 819; x_wconf 46' lang='lat' dir='ltr'><strong>get-ljttgaﬂtersylvas,</strong></span> <span class='ocrx_word' id='word_1_85' title='bbox 2517 746 2820 819; x_wconf 75' lang='lat' dir='ltr'><strong>dumosaque</strong></span> <span class='ocrx_word' id='word_1_86' title='bbox 2842 764 2961 819; x_wconf 61' lang='lat' dir='ltr'><strong>saxa</strong></span> <span class='ocrx_word' id='word_1_87' title='bbox 2987 763 3190 819; x_wconf 80' lang='lat' dir='ltr'><strong>vagatur</strong></span> 
     </span>
    </p>
   </div>
   <div class='ocr_carea' id='block_1_12' title="bbox 1935 794 3067 869">
    <p class='ocr_par' dir='ltr' id='par_1_12' title="bbox 1935 794 3067 869">
     <span class='ocr_line' id='line_1_13' title="bbox 1935 794 3067 869; baseline 0.021 -25"><span class='ocrx_word' id='word_1_88' title='bbox 1935 794 2073 847; x_wconf 79' lang='lat' dir='ltr'><strong>Nuda</strong></span> <span class='ocrx_word' id='word_1_89' title='bbox 2104 794 2240 861; x_wconf 71' lang='lat' dir='ltr'><strong>genu</strong></span> <span class='ocrx_word' id='word_1_90' title='bbox 2263 794 2456 854; x_wconf 63' lang='lat' dir='ltr'><strong>ves&#39;tem</strong></span> <span class='ocrx_word' id='word_1_91' title='bbox 2488 794 3067 869; x_wconf 16' lang='lat' dir='ltr'><strong>rituwsruccijnﬁc&#39;taDi‘ana—ac.</strong></span> 
     </span>
    </p>
   </div>
   <div class='ocr_carea' id='block_1_13' title="bbox 2358 888 3281 969">
    <p class='ocr_par' dir='ltr' id='par_1_13' title="bbox 2358 888 3281 969">
     <span class='ocr_line' id='line_1_14' title="bbox 2358 888 3281 969; baseline 0.02 -30"><span class='ocrx_word' id='word_1_92' title='bbox 2358 888 2546 955; x_wconf 90' lang='lat' dir='ltr'><strong>(0vid.,</strong></span> <span class='ocrx_word' id='word_1_93' title='bbox 2573 892 2607 941; x_wconf 89' lang='grc' dir='ltr'><strong>Ι.</strong></span> <span class='ocrx_word' id='word_1_94' title='bbox 2630 908 2660 944; x_wconf 84' lang='lat' dir='ltr'><strong>x</strong></span> <span class='ocrx_word' id='word_1_95' title='bbox 2694 898 3036 966; x_wconf 76' lang='lat' dir='ltr'><strong>Metamorph.,</strong></span> <span class='ocrx_word' id='word_1_96' title='bbox 3056 902 3154 955; x_wconf 86' lang='lat' dir='ltr'><strong>fab.</strong></span> <span class='ocrx_word' id='word_1_97' title='bbox 3178 906 3281 969; x_wconf 78' lang='grc'><strong>12.)</strong></span> 
     </span>
    </p>
   </div>
   <div class='ocr_carea' id='block_1_14' title="bbox 163 966 2314 1063">
    <p class='ocr_par' dir='ltr' id='par_1_14' title="bbox 163 966 2314 1063">
     <span class='ocr_line' id='line_1_15' title="bbox 163 966 2314 1063; baseline 0.019 -48"><span class='ocrx_word' id='word_1_98' title='bbox 163 970 351 1019; x_wconf 77' lang='lat' dir='ltr'><strong>essem</strong></span> <span class='ocrx_word' id='word_1_99' title='bbox 379 966 453 1021; x_wconf 90' lang='lat' dir='ltr'><strong>ob</strong></span> <span class='ocrx_word' id='word_1_100' title='bbox 470 974 695 1035; x_wconf 74' lang='lat' dir='ltr'><strong>aetatem,</strong></span> <span class='ocrx_word' id='word_1_101' title='bbox 728 972 873 1027; x_wconf 90' lang='lat' dir='ltr'><strong>unde</strong></span> <span class='ocrx_word' id='word_1_102' title='bbox 903 976 1064 1032; x_wconf 89' lang='lat' dir='ltr'><strong>etiam</strong></span> <span class='ocrx_word' id='word_1_103' title='bbox 1089 977 1287 1035; x_wconf 78' lang='lat' dir='ltr'><strong>factum</strong></span> <span class='ocrx_word' id='word_1_104' title='bbox 1314 992 1414 1051; x_wconf 89' lang='lat' dir='ltr'><strong>est,</strong></span> <span class='ocrx_word' id='word_1_105' title='bbox 1441 997 1496 1040; x_wconf 91' lang='lat' dir='ltr'><strong>ut</strong></span> <span class='ocrx_word' id='word_1_106' title='bbox 1524 988 1766 1059; x_wconf 80' lang='lat' dir='ltr'><strong>plerique</strong></span> <span class='ocrx_word' id='word_1_107' title='bbox 1868 989 1936 1044; x_wconf 84' lang='lat' dir='ltr'><strong>Et</strong></span> <span class='ocrx_word' id='word_1_108' title='bbox 1963 996 2147 1047; x_wconf 77' lang='lat' dir='ltr'><strong>rurSus</strong></span> <span class='ocrx_word' id='word_1_109' title='bbox 2169 995 2314 1063; x_wconf 82' lang='lat' dir='ltr'><strong>alibi,</strong></span> 
     </span>
    </p>
   </div>
   <div class='ocr_carea' id='block_1_15' title="bbox 186 1058 1761 1153">
    <p class='ocr_par' dir='ltr' id='par_1_15' title="bbox 186 1058 1761 1153">
     <span class='ocr_line' id='line_1_16' title="bbox 186 1058 1761 1153; baseline 0.017 -40"><span class='ocrx_word' id='word_1_110' title='bbox 186 1058 310 1113; x_wconf 84' lang='lat' dir='ltr'><strong>mihi</strong></span> <span class='ocrx_word' id='word_1_111' title='bbox 334 1060 610 1130; x_wconf 82' lang='lat' dir='ltr'><strong>compedes</strong></span> <span class='ocrx_word' id='word_1_112' title='bbox 641 1077 766 1120; x_wconf 88' lang='lat' dir='ltr'><strong>esse</strong></span> <span class='ocrx_word' id='word_1_113' title='bbox 815 1066 1093 1136; x_wconf 82' lang='lat' dir='ltr'><strong>ﬁnxerint,</strong></span> <span class='ocrx_word' id='word_1_114' title='bbox 1137 1084 1191 1131; x_wconf 77' lang='grc' dir='ltr'><strong>τὸ</strong></span> <span class='ocrx_word' id='word_1_115' title='bbox 1213 1086 1300 1145; x_wconf 74' lang='grc' dir='ltr'><strong>μὲν</strong></span> <span class='ocrx_word' id='word_1_116' title='bbox 1336 1085 1444 1134; x_wconf 73' lang='grc' dir='ltr'><strong>ὅλον</strong></span> <span class='ocrx_word' id='word_1_117' title='bbox 1485 1091 1627 1153; x_wconf 67' lang='grc' dir='ltr'><strong>’γέρων</strong></span> <span class='ocrx_word' id='word_1_118' title='bbox 1670 1058 1761 1149; x_wconf 63' lang='lat'><strong>.53.,</strong></span> 
     </span>
    </p>
   </div>
   <div class='ocr_carea' id='block_1_16' title="bbox 195 1156 1759 1245">
    <p class='ocr_par' dir='ltr' id='par_1_16' title="bbox 195 1156 1759 1245">
     <span class='ocr_line' id='line_1_17' title="bbox 195 1156 1759 1245; baseline 0.02 -45"><span class='ocrx_word' id='word_1_119' title='bbox 195 1156 269 1206; x_wconf 70' lang='lat' dir='ltr'><strong>ui</strong></span> <span class='ocrx_word' id='word_1_120' title='bbox 304 1157 529 1223; x_wconf 53' lang='lat' dir='ltr'><strong>mea-1,3;</strong></span> <span class='ocrx_word' id='word_1_121' title='bbox 553 1160 632 1219; x_wconf 70' lang='grc' dir='ltr'><strong>ὧν,</strong></span> <span class='ocrx_word' id='word_1_122' title='bbox 660 1159 737 1210; x_wconf 77' lang='grc' dir='ltr'><strong>διὸ</strong></span> <span class='ocrx_word' id='word_1_123' title='bbox 761 1162 848 1213; x_wconf 74' lang='grc' dir='ltr'><strong>καὶ</strong></span> <span class='ocrx_word' id='word_1_124' title='bbox 874 1168 1179 1224; x_wconf 67' lang='grc' dir='ltr'><strong>πεσιδήσ9οιί</strong></span> <span class='ocrx_word' id='word_1_125' title='bbox 1199 1192 1259 1236; x_wconf 79' lang='grc' dir='ltr'><strong>με</strong></span> <span class='ocrx_word' id='word_1_126' title='bbox 1282 1178 1324 1224; x_wconf 75' lang='grc' dir='ltr'><strong>οἱ</strong></span> <span class='ocrx_word' id='word_1_127' title='bbox 1356 1174 1519 1228; x_wconf 75' lang='grc' dir='ltr'><strong>πολλοὶ</strong></span> <span class='ocrx_word' id='word_1_128' title='bbox 1542 1182 1759 1245; x_wconf 64' lang='grc' dir='ltr'><strong>εἴκασαν,</strong></span> 
     </span>
    </p>
   </div>
   <div class='ocr_carea' id='block_1_17' title="bbox 190 1243 1761 1331">
    <p class='ocr_par' dir='ltr' id='par_1_17' title="bbox 190 1243 1761 1331">
     <span class='ocr_line' id='line_1_18' title="bbox 190 1243 1761 1331; baseline 0.018 -34"><span class='ocrx_word' id='word_1_129' title='bbox 190 1243 347 1312; x_wconf 79' lang='lat' dir='ltr'><strong>impar</strong></span> <span class='ocrx_word' id='word_1_130' title='bbox 368 1259 512 1299; x_wconf 83' lang='lat' dir='ltr'><strong>eram</strong></span> <span class='ocrx_word' id='word_1_131' title='bbox 533 1246 739 1305; x_wconf 87' lang='lat' dir='ltr'><strong>viribus</strong></span> <span class='ocrx_word' id='word_1_132' title='bbox 764 1251 830 1305; x_wconf 89' lang='lat' dir='ltr'><strong>ad</strong></span> <span class='ocrx_word' id='word_1_133' title='bbox 872 1262 979 1309; x_wconf 89' lang='lat' dir='ltr'><strong>tam</strong></span> <span class='ocrx_word' id='word_1_134' title='bbox 1018 1258 1183 1312; x_wconf 85' lang='lat' dir='ltr'><strong>multa</strong></span> <span class='ocrx_word' id='word_1_135' title='bbox 1212 1259 1374 1331; x_wconf 88' lang='lat' dir='ltr'><strong>hujus</strong></span> <span class='ocrx_word' id='word_1_136' title='bbox 1418 1267 1591 1322; x_wconf 82' lang='lat' dir='ltr'><strong>aetatis</strong></span> <span class='ocrx_word' id='word_1_137' title='bbox 1632 1243 1761 1325; x_wconf 40' lang='lat' dir='ltr'><strong>facis</strong></span> 
     </span>
    </p>
   </div>
   <div class='ocr_carea' id='block_1_18' title="bbox 182 1336 1757 1420">
    <p class='ocr_par' dir='ltr' id='par_1_18' title="bbox 182 1336 1757 1420">
     <span class='ocr_line' id='line_1_19' title="bbox 182 1336 1757 1420; baseline 0.019 -32"><span class='ocrx_word' id='word_1_138' title='bbox 182 1348 294 1389; x_wconf 74' lang='lat' dir='ltr'><strong>nota</strong></span> <span class='ocrx_word' id='word_1_139' title='bbox 321 1336 712 1405; x_wconf 87' lang='lat' dir='ltr'><strong>punienda.....</strong></span> <span class='ocrx_word' id='word_1_140' title='bbox 736 1342 921 1415; x_wconf 84' lang='lat' dir='ltr'><strong>Itaque</strong></span> <span class='ocrx_word' id='word_1_141' title='bbox 947 1348 1077 1403; x_wconf 91' lang='lat' dir='ltr'><strong>mihi</strong></span> <span class='ocrx_word' id='word_1_142' title='bbox 1103 1353 1413 1420; x_wconf 68' lang='lat' dir='ltr'><strong>consulens,</strong></span> <span class='ocrx_word' id='word_1_143' title='bbox 1440 1356 1558 1413; x_wconf 87' lang='lat' dir='ltr'><strong>Jovi</strong></span> <span class='ocrx_word' id='word_1_144' title='bbox 1581 1360 1757 1418; x_wconf 91' lang='lat' dir='ltr'><strong>locum</strong></span> 
     </span>
    </p>
   </div>
   <div class='ocr_carea' id='block_1_19' title="bbox 173 1424 1758 1510">
    <p class='ocr_par' dir='ltr' id='par_1_19' title="bbox 173 1424 1758 1510">
     <span class='ocr_line' id='line_1_20' title="bbox 173 1424 1758 1510; baseline 0.019 -31"><span class='ocrx_word' id='word_1_145' title='bbox 173 1424 301 1481; x_wconf 84' lang='lat' dir='ltr'><strong>dedi.</strong></span> <span class='ocrx_word' id='word_1_146' title='bbox 342 1446 364 1479; x_wconf 78' lang='grc' dir='ltr'><strong><em>ι</em></strong></span> <span class='ocrx_word' id='word_1_147' title='bbox 396 1428 553 1484; x_wconf 81' lang='lat' dir='ltr'><strong>Alias</strong></span> <span class='ocrx_word' id='word_1_148' title='bbox 578 1432 794 1489; x_wconf 86' lang='lat' dir='ltr'><strong>tandem</strong></span> <span class='ocrx_word' id='word_1_149' title='bbox 830 1450 930 1492; x_wconf 90' lang='lat' dir='ltr'><strong>cur</strong></span> <span class='ocrx_word' id='word_1_150' title='bbox 954 1454 983 1491; x_wconf 89' lang='lat' dir='ltr'><strong>a</strong></span> <span class='ocrx_word' id='word_1_151' title='bbox 1010 1439 1141 1496; x_wconf 84' lang='lat' dir='ltr'><strong>Jove</strong></span> <span class='ocrx_word' id='word_1_152' title='bbox 1180 1445 1352 1501; x_wconf 89' lang='lat' dir='ltr'><strong>victus</strong></span> <span class='ocrx_word' id='word_1_153' title='bbox 1384 1447 1544 1505; x_wconf 81' lang='lat' dir='ltr'><strong>fuerit</strong></span> <span class='ocrx_word' id='word_1_154' title='bbox 1568 1467 1758 1510; x_wconf 80' lang='lat' dir='ltr'><strong>causas</strong></span> 
     </span>
    </p>
   </div>
   <div class='ocr_carea' id='block_1_20' title="bbox 168 1514 1753 1607">
    <p class='ocr_par' dir='ltr' id='par_1_20' title="bbox 168 1514 1753 1607">
     <span class='ocr_line' id='line_1_21' title="bbox 168 1514 1753 1607; baseline 0.019 -36"><span class='ocrx_word' id='word_1_155' title='bbox 168 1514 346 1573; x_wconf 83' lang='lat' dir='ltr'><strong>Cicero</strong></span> <span class='ocrx_word' id='word_1_156' title='bbox 391 1530 450 1575; x_wconf 88' lang='lat' dir='ltr'><strong>et</strong></span> <span class='ocrx_word' id='word_1_157' title='bbox 496 1521 803 1582; x_wconf 72' lang='lat' dir='ltr'><strong>Macrobius</strong></span> <span class='ocrx_word' id='word_1_158' title='bbox 849 1529 1081 1588; x_wconf 77' lang='lat' dir='ltr'><strong>afferunt</strong></span> <span class='ocrx_word' id='word_1_159' title='bbox 1154 1535 1414 1607; x_wconf 84' lang='lat' dir='ltr'><strong>(Lucian.</strong></span> <span class='ocrx_word' id='word_1_160' title='bbox 1480 1543 1753 1603; x_wconf 87' lang='lat' dir='ltr'><strong>Saturttal.</strong></span> 
     </span>
    </p>
   </div>
   <div class='ocr_carea' id='block_1_21' title="bbox 159 1611 1755 1693">
    <p class='ocr_par' dir='ltr' id='par_1_21' title="bbox 159 1611 1755 1693">
     <span class='ocr_line' id='line_1_22' title="bbox 159 1611 1755 1693; baseline 0.021 -32"><span class='ocrx_word' id='word_1_161' title='bbox 159 1626 277 1681; x_wconf 75' lang='lat' dir='ltr'><strong>pag.</strong></span> <span class='ocrx_word' id='word_1_162' title='bbox 327 1611 471 1667; x_wconf 70' lang='lat' dir='ltr'><strong>i022</strong></span> <span class='ocrx_word' id='word_1_163' title='bbox 515 1624 567 1669; x_wconf 86' lang='lat' dir='ltr'><strong>et</strong></span> <span class='ocrx_word' id='word_1_164' title='bbox 616 1633 722 1688; x_wconf 86' lang='lat' dir='ltr'><strong>seq.</strong></span> <span class='ocrx_word' id='word_1_165' title='bbox 774 1617 939 1677; x_wconf 83' lang='lat' dir='ltr'><strong>Cicer.</strong></span> <span class='ocrx_word' id='word_1_166' title='bbox 1002 1625 1100 1680; x_wconf 91' lang='lat' dir='ltr'><strong>loc.</strong></span> <span class='ocrx_word' id='word_1_167' title='bbox 1171 1629 1258 1683; x_wconf 89' lang='lat' dir='ltr'><strong>cit.</strong></span> <span class='ocrx_word' id='word_1_168' title='bbox 1312 1630 1544 1689; x_wconf 81' lang='lat' dir='ltr'><strong>Macrob.</strong></span> <span class='ocrx_word' id='word_1_169' title='bbox 1603 1638 1689 1693; x_wconf 85' lang='lat' dir='ltr'><strong>lib.</strong></span> <span class='ocrx_word' id='word_1_170' title='bbox 1737 1655 1755 1693; x_wconf 85' lang='grc' dir='ltr'><em>ι</em></span> 
     </span>
    </p>
   </div>
   <div class='ocr_carea' id='block_1_22' title="bbox 157 1701 690 1779">
    <p class='ocr_par' dir='ltr' id='par_1_22' title="bbox 157 1701 690 1779">
     <span class='ocr_line' id='line_1_23' title="bbox 157 1701 690 1779; baseline 0.009 -23"><span class='ocrx_word' id='word_1_171' title='bbox 157 1701 425 1759; x_wconf 73' lang='lat' dir='ltr'><strong>Saturnal.</strong></span> <span class='ocrx_word' id='word_1_172' title='bbox 456 1722 575 1778; x_wconf 84' lang='lat' dir='ltr'><strong>cap.</strong></span> <span class='ocrx_word' id='word_1_173' title='bbox 610 1708 690 1779; x_wconf 88' lang='grc'><strong>8).</strong></span> 
     </span>
    </p>
   </div>
   <div class='ocr_carea' id='block_1_23' title="bbox 1961 1103 3055 1173">
    <p class='ocr_par' dir='ltr' id='par_1_23' title="bbox 1961 1103 3055 1173">
     <span class='ocr_line' id='line_1_24' title="bbox 1961 1103 3055 1173; baseline 0.018 -21"><span class='ocrx_word' id='word_1_174' title='bbox 1961 1103 2094 1173; x_wconf 73' lang='lat' dir='ltr'><strong>Talia</strong></span> <span class='ocrx_word' id='word_1_175' title='bbox 2119 1107 2390 1171; x_wconf 87' lang='lat' dir='ltr'><strong>pinguntur</strong></span> <span class='ocrx_word' id='word_1_176' title='bbox 2413 1114 2675 1165; x_wconf 67' lang='lat' dir='ltr'><strong>succinctae</strong></span> <span class='ocrx_word' id='word_1_177' title='bbox 2698 1130 2841 1168; x_wconf 82' lang='lat' dir='ltr'><strong>crura</strong></span> <span class='ocrx_word' id='word_1_178' title='bbox 2864 1118 3055 1173; x_wconf 68' lang='lat' dir='ltr'><strong>Dianae.</strong></span> 
     </span>
    </p>
   </div>
   <div class='ocr_carea' id='block_1_24' title="bbox 2024 1164 3057 1244">
    <p class='ocr_par' dir='ltr' id='par_1_24' title="bbox 2024 1164 3057 1244">
     <span class='ocr_line' id='line_1_25' title="bbox 2024 1164 3057 1244; baseline 0.019 -29"><span class='ocrx_word' id='word_1_179' title='bbox 2024 1164 2143 1217; x_wconf 79' lang='lat' dir='ltr'><strong>Cum</strong></span> <span class='ocrx_word' id='word_1_180' title='bbox 2171 1164 2397 1234; x_wconf 71' lang='lat' dir='ltr'><strong>séqnitnr</strong></span> <span class='ocrx_word' id='word_1_181' title='bbox 2416 1173 2573 1226; x_wconf 81' lang='lat' dir='ltr'><strong>fortes</strong></span> <span class='ocrx_word' id='word_1_182' title='bbox 2588 1164 3057 1244; x_wconf 56' lang='lat' dir='ltr'><strong>fortibFiﬁsEiéﬁi‘s&quot;.</strong></span> 
     </span>
    </p>
   </div>
   <div class='ocr_carea' id='block_1_25' title="bbox 2631 1258 3308 1337">
    <p class='ocr_par' dir='ltr' id='par_1_25' title="bbox 2631 1258 3308 1337">
     <span class='ocr_line' id='line_1_26' title="bbox 2631 1258 3308 1337; baseline 0.018 -28"><span class='ocrx_word' id='word_1_183' title='bbox 2631 1258 2764 1322; x_wconf 89' lang='lat' dir='ltr'><strong>(Lib.</strong></span> <span class='ocrx_word' id='word_1_184' title='bbox 2786 1276 2812 1312; x_wconf 94' lang='lat' dir='ltr'><strong>v</strong></span> <span class='ocrx_word' id='word_1_185' title='bbox 2834 1267 2999 1317; x_wconf 77' lang='lat' dir='ltr'><strong>Amor.</strong></span> <span class='ocrx_word' id='word_1_186' title='bbox 3020 1266 3178 1337; x_wconf 85' lang='lat' dir='ltr'><strong>Eleg.,</strong></span> <span class='ocrx_word' id='word_1_187' title='bbox 3203 1270 3308 1337; x_wconf 75' lang='lat'><strong>22.)</strong></span> 
     </span>
    </p>
   </div>
   <div class='ocr_carea' id='block_1_26' title="bbox 1862 1347 3459 1436">
    <p class='ocr_par' dir='ltr' id='par_1_26' title="bbox 1862 1347 3459 1436">
     <span class='ocr_line' id='line_1_27' title="bbox 1862 1347 3459 1436; baseline 0.019 -35"><span class='ocrx_word' id='word_1_188' title='bbox 1862 1347 2006 1404; x_wconf 89' lang='lat' dir='ltr'><strong>Nihil</strong></span> <span class='ocrx_word' id='word_1_189' title='bbox 2060 1367 2282 1411; x_wconf 88' lang='lat' dir='ltr'><strong>necesse</strong></span> <span class='ocrx_word' id='word_1_190' title='bbox 2336 1366 2419 1414; x_wconf 89' lang='lat' dir='ltr'><strong>est</strong></span> <span class='ocrx_word' id='word_1_191' title='bbox 2458 1360 2561 1415; x_wconf 89' lang='lat' dir='ltr'><strong>alia</strong></span> <span class='ocrx_word' id='word_1_192' title='bbox 2617 1362 2857 1433; x_wconf 89' lang='lat' dir='ltr'><strong>ejusdem</strong></span> <span class='ocrx_word' id='word_1_193' title='bbox 2913 1368 3122 1436; x_wconf 87' lang='lat' dir='ltr'><strong>Ovidii,</strong></span> <span class='ocrx_word' id='word_1_194' title='bbox 3184 1373 3459 1432; x_wconf 83' lang='lat' dir='ltr'><strong>Prudentii</strong></span> 
     </span>
    </p>
   </div>
   <div class='ocr_carea' id='block_1_27' title="bbox 1868 1440 3455 1537">
    <p class='ocr_par' dir='ltr' id='par_1_27' title="bbox 1868 1440 3455 1537">
     <span class='ocr_line' id='line_1_28' title="bbox 1868 1440 3455 1537; baseline 0.02 -43"><span class='ocrx_word' id='word_1_195' title='bbox 1868 1440 2036 1512; x_wconf 80' lang='lat' dir='ltr'><strong>(epist.</strong></span> <span class='ocrx_word' id='word_1_196' title='bbox 2069 1462 2144 1511; x_wconf 84' lang='lat' dir='ltr'><strong>tv,</strong></span> <span class='ocrx_word' id='word_1_197' title='bbox 2168 1450 2343 1519; x_wconf 85' lang='lat' dir='ltr'><strong>hgntn.</strong></span> <span class='ocrx_word' id='word_1_198' title='bbox 2375 1453 2429 1506; x_wconf 82' lang='lat' dir='ltr'><strong>in</strong></span> <span class='ocrx_word' id='word_1_199' title='bbox 2452 1453 2600 1509; x_wconf 83' lang='lat' dir='ltr'><strong>Rom.</strong></span> <span class='ocrx_word' id='word_1_200' title='bbox 2632 1471 2679 1511; x_wconf 83' lang='grc' dir='ltr'><strong>υ.</strong></span> <span class='ocrx_word' id='word_1_201' title='bbox 2721 1458 2850 1531; x_wconf 76' lang='grc'>257)</span> <span class='ocrx_word' id='word_1_202' title='bbox 2870 1502 2884 1527; x_wconf 94' lang='grc'>,</span> <span class='ocrx_word' id='word_1_203' title='bbox 2942 1462 3314 1537; x_wconf 90' lang='lat' dir='ltr'><strong>aliorumque,</strong></span> <span class='ocrx_word' id='word_1_204' title='bbox 3355 1483 3455 1525; x_wconf 88' lang='lat' dir='ltr'><strong>seu</strong></span> 
     </span>
    </p>
   </div>
   <div class='ocr_carea' id='block_1_28' title="bbox 1860 1536 3457 1618">
    <p class='ocr_par' dir='ltr' id='par_1_28' title="bbox 1860 1536 3457 1618">
     <span class='ocr_line' id='line_1_29' title="bbox 1860 1536 3457 1618; baseline 0.021 -33"><span class='ocrx_word' id='word_1_205' title='bbox 1860 1536 2136 1604; x_wconf 87' lang='lat' dir='ltr'><strong>carmina,</strong></span> <span class='ocrx_word' id='word_1_206' title='bbox 2179 1554 2275 1595; x_wconf 90' lang='lat' dir='ltr'><strong>seu</strong></span> <span class='ocrx_word' id='word_1_207' title='bbox 2304 1543 2609 1602; x_wconf 88' lang='lat' dir='ltr'><strong>testimonia</strong></span> <span class='ocrx_word' id='word_1_208' title='bbox 2656 1548 2723 1604; x_wconf 91' lang='lat' dir='ltr'><strong>de</strong></span> <span class='ocrx_word' id='word_1_209' title='bbox 2764 1567 2823 1607; x_wconf 89' lang='lat' dir='ltr'><strong>re</strong></span> <span class='ocrx_word' id='word_1_210' title='bbox 2874 1553 3005 1609; x_wconf 88' lang='lat' dir='ltr'><strong>satis</strong></span> <span class='ocrx_word' id='word_1_211' title='bbox 3049 1536 3302 1615; x_wconf 85' lang='lat' dir='ltr'><strong>omnibus</strong></span> <span class='ocrx_word' id='word_1_212' title='bbox 3331 1569 3457 1618; x_wconf 85' lang='lat' dir='ltr'><strong>nota</strong></span> 
     </span>
    </p>
   </div>
   <div class='ocr_carea' id='block_1_29' title="bbox 1859 1627 2031 1682">
    <p class='ocr_par' dir='ltr' id='par_1_29' title="bbox 1859 1627 2031 1682">
     <span class='ocr_line' id='line_1_30' title="bbox 1859 1627 2031 1682; baseline 0.012 -2"><span class='ocrx_word' id='word_1_213' title='bbox 1859 1627 2031 1682; x_wconf 90' lang='lat' dir='ltr'><strong>citari.</strong></span> 
     </span>
    </p>
   </div>
   <div class='ocr_carea' id='block_1_30' title="bbox 1928 1720 3455 1814">
    <p class='ocr_par' dir='ltr' id='par_1_30' title="bbox 1928 1720 3455 1814">
     <span class='ocr_line' id='line_1_31' title="bbox 1928 1720 3455 1814; baseline 0.02 -41"><span class='ocrx_word' id='word_1_214' title='bbox 1928 1720 2261 1787; x_wconf 80' lang='lat' dir='ltr'><strong>Quibusdam</strong></span> <span class='ocrx_word' id='word_1_215' title='bbox 2309 1743 2438 1785; x_wconf 87' lang='lat' dir='ltr'><strong>vero</strong></span> <span class='ocrx_word' id='word_1_216' title='bbox 2486 1742 2734 1805; x_wconf 88' lang='lat' dir='ltr'><strong>corrupta</strong></span> <span class='ocrx_word' id='word_1_217' title='bbox 2775 1737 3029 1795; x_wconf 89' lang='lat' dir='ltr'><strong>videntur</strong></span> <span class='ocrx_word' id='word_1_218' title='bbox 3081 1745 3356 1814; x_wconf 82' lang='lat' dir='ltr'><strong>sequentia</strong></span> <span class='ocrx_word' id='word_1_219' title='bbox 3400 1746 3455 1803; x_wconf 91' lang='lat' dir='ltr'><strong>in</strong></span> 
     </span>
    </p>
   </div>
   <div class='ocr_carea' id='block_1_31' title="bbox 243 1795 3459 1904">
    <p class='ocr_par' dir='ltr' id='par_1_31' title="bbox 243 1795 3459 1904">
     <span class='ocr_line' id='line_1_32' title="bbox 243 1795 3459 1904; baseline 0.018 -68"><span class='ocrx_word' id='word_1_220' title='bbox 243 1795 370 1851; x_wconf 68' lang='lat' dir='ltr'><strong>Tum</strong></span> <span class='ocrx_word' id='word_1_221' title='bbox 414 1808 593 1867; x_wconf 54' lang='lat' dir='ltr'><strong>pom“</strong></span> <span class='ocrx_word' id='word_1_222' title='bbox 632 1800 933 1862; x_wconf 67' lang='lat' dir='ltr'><strong>Minucius;</strong></span> <span class='ocrx_word' id='word_1_223' title='bbox 964 1826 984 1859; x_wconf 68' lang='grc' dir='ltr'><strong><em>ε</em></strong></span> <span class='ocrx_word' id='word_1_224' title='bbox 1027 1810 1194 1867; x_wconf 70' lang='lat' dir='ltr'><strong>Janus</strong></span> <span class='ocrx_word' id='word_1_225' title='bbox 1223 1829 1353 1872; x_wconf 66' lang='grc' dir='ltr'><strong>νει-ο</strong></span> <span class='ocrx_word' id='word_1_226' title='bbox 1378 1816 1585 1877; x_wconf 65' lang='grc' dir='ltr'><strong>[ωηερε</strong></span> <span class='ocrx_word' id='word_1_227' title='bbox 1615 1823 1750 1881; x_wconf 63' lang='lat' dir='ltr'><strong>duas</strong></span> <span class='ocrx_word' id='word_1_228' title='bbox 1777 1826 1826 1886; x_wconf 80' lang='grc' dir='ltr'><strong><em>Β</em></strong></span> <span class='ocrx_word' id='word_1_229' title='bbox 1855 1810 2042 1867; x_wconf 90' lang='lat' dir='ltr'><strong>codice</strong></span> <span class='ocrx_word' id='word_1_230' title='bbox 2082 1828 2268 1873; x_wconf 85' lang='lat' dir='ltr'><strong>nostro</strong></span> <span class='ocrx_word' id='word_1_231' title='bbox 2295 1823 2662 1894; x_wconf 87' lang='lat' dir='ltr'><strong>manuscripto</strong></span> <span class='ocrx_word' id='word_1_232' title='bbox 2688 1829 2850 1883; x_wconf 88' lang='lat' dir='ltr'><strong>verba</strong></span> <span class='ocrx_word' id='word_1_233' title='bbox 2886 1848 2898 1883; x_wconf 93' lang='lat'>:</span> <span class='ocrx_word' id='word_1_234' title='bbox 2931 1851 2950 1883; x_wconf 75' lang='grc' dir='ltr'>ι</span> <span class='ocrx_word' id='word_1_235' title='bbox 2991 1833 3254 1904; x_wconf 87' lang='lat' dir='ltr'><strong>Ephesia,</strong></span> <span class='ocrx_word' id='word_1_236' title='bbox 3287 1853 3459 1894; x_wconf 87' lang='lat' dir='ltr'><strong>mam-</strong></span> 
     </span>
    </p>
   </div>
   <div class='ocr_carea' id='block_1_32' title="bbox 146 1893 1744 1987">
    <p class='ocr_par' dir='ltr' id='par_1_32' title="bbox 146 1893 1744 1987">
     <span class='ocr_line' id='line_1_33' title="bbox 146 1893 1744 1987; baseline 0.019 -46"><span class='ocrx_word' id='word_1_237' title='bbox 146 1900 352 1957; x_wconf 72' lang='lat' dir='ltr'><strong>gesnit,</strong></span> <span class='ocrx_word' id='word_1_238' title='bbox 376 1893 523 1961; x_wconf 84' lang='lat' dir='ltr'><strong>quasi</strong></span> <span class='ocrx_word' id='word_1_239' title='bbox 584 1903 644 1949; x_wconf 91' lang='lat' dir='ltr'><strong>ut</strong></span> <span class='ocrx_word' id='word_1_240' title='bbox 681 1911 903 1955; x_wconf 90' lang='lat' dir='ltr'><strong>aversus</strong></span> <span class='ocrx_word' id='word_1_241' title='bbox 950 1902 1181 1959; x_wconf 86' lang='lat' dir='ltr'><strong>incedat.</strong></span> <span class='ocrx_word' id='word_1_242' title='bbox 1221 1927 1240 1959; x_wconf 76' lang='grc' dir='ltr'><strong><em>ι</em></strong></span> <span class='ocrx_word' id='word_1_243' title='bbox 1285 1908 1602 1969; x_wconf 60' lang='lat' dir='ltr'><strong>Athena-um</strong></span> <span class='ocrx_word' id='word_1_244' title='bbox 1632 1917 1744 1987; x_wconf 88' lang='lat' dir='ltr'><strong>(lib.</strong></span> 
     </span>
    </p>
   </div>
   <div class='ocr_carea' id='block_1_33' title="bbox 141 1980 1747 2072">
    <p class='ocr_par' dir='ltr' id='par_1_33' title="bbox 141 1980 1747 2072">
     <span class='ocr_line' id='line_1_34' title="bbox 141 1980 1747 2072; baseline 0.019 -39"><span class='ocrx_word' id='word_1_245' title='bbox 141 1994 236 2034; x_wconf 72' lang='lat' dir='ltr'><strong>xv</strong></span> <span class='ocrx_word' id='word_1_246' title='bbox 260 1980 597 2055; x_wconf 77' lang='lat' dir='ltr'><strong>Dcipttosoplt.</strong></span> <span class='ocrx_word' id='word_1_247' title='bbox 614 2005 670 2058; x_wconf 87' lang='lat' dir='ltr'><strong>p.</strong></span> <span class='ocrx_word' id='word_1_248' title='bbox 702 1988 835 2060; x_wconf 71' lang='grc'><strong>592)</strong></span> <span class='ocrx_word' id='word_1_249' title='bbox 856 1993 999 2047; x_wconf 90' lang='lat' dir='ltr'><strong>enim</strong></span> <span class='ocrx_word' id='word_1_250' title='bbox 1025 1996 1269 2067; x_wconf 87' lang='lat' dir='ltr'><strong>aliusque</strong></span> <span class='ocrx_word' id='word_1_251' title='bbox 1296 2017 1454 2069; x_wconf 86' lang='lat' dir='ltr'><strong>quam</strong></span> <span class='ocrx_word' id='word_1_252' title='bbox 1487 1980 1747 2072; x_wconf 83' lang='lat' dir='ltr'><strong>plurimos</strong></span> 
     </span>
    </p>
   </div>
   <div class='ocr_carea' id='block_1_34' title="bbox 142 2076 1742 2155">
    <p class='ocr_par' dir='ltr' id='par_1_34' title="bbox 142 2076 1742 2155">
     <span class='ocr_line' id='line_1_35' title="bbox 142 2076 1742 2155; baseline 0.017 -28"><span class='ocrx_word' id='word_1_253' title='bbox 142 2081 232 2128; x_wconf 79' lang='grc' dir='ltr'><strong>ιιι</strong></span> <span class='ocrx_word' id='word_1_254' title='bbox 246 2076 725 2147; x_wconf 65' lang='lat' dir='ltr'><strong>praetermittamus,</strong></span> <span class='ocrx_word' id='word_1_255' title='bbox 750 2080 931 2139; x_wconf 86' lang='lat' dir='ltr'><strong>Ovidii</strong></span> <span class='ocrx_word' id='word_1_256' title='bbox 962 2085 1030 2141; x_wconf 88' lang='lat' dir='ltr'><strong>de</strong></span> <span class='ocrx_word' id='word_1_257' title='bbox 1052 2088 1143 2142; x_wconf 83' lang='lat' dir='ltr'><strong>illo</strong></span> <span class='ocrx_word' id='word_1_258' title='bbox 1166 2089 1282 2147; x_wconf 67' lang='lat' dir='ltr'><strong>haec</strong></span> <span class='ocrx_word' id='word_1_259' title='bbox 1309 2102 1435 2149; x_wconf 89' lang='lat' dir='ltr'><strong>sunt</strong></span> <span class='ocrx_word' id='word_1_260' title='bbox 1463 2097 1700 2152; x_wconf 87' lang='lat' dir='ltr'><strong>carmina</strong></span> <span class='ocrx_word' id='word_1_261' title='bbox 1727 2117 1742 2155; x_wconf 90' lang='lat'><strong>:</strong></span> 
     </span>
    </p>
   </div>
   <div class='ocr_carea' id='block_1_35' title="bbox 284 2190 1314 2288">
    <p class='ocr_par' dir='ltr' id='par_1_35' title="bbox 284 2190 1314 2288">
     <span class='ocr_line' id='line_1_36' title="bbox 284 2190 1314 2288; baseline 0.015 -28"><span class='ocrx_word' id='word_1_262' title='bbox 284 2209 597 2288; x_wconf 47' lang='lat' dir='ltr'><strong>Jagqbiceps</strong></span> <span class='ocrx_word' id='word_1_263' title='bbox 619 2217 738 2288; x_wconf 71' lang='lat' dir='ltr'><strong>anni</strong></span> <span class='ocrx_word' id='word_1_264' title='bbox 750 2190 900 2288; x_wconf 78' lang='lat' dir='ltr'><strong>tacite</strong></span> <span class='ocrx_word' id='word_1_265' title='bbox 924 2219 1140 2272; x_wconf 87' lang='lat' dir='ltr'><strong>labentis</strong></span> <span class='ocrx_word' id='word_1_266' title='bbox 1154 2226 1314 2288; x_wconf 80' lang='lat' dir='ltr'><strong>origo,</strong></span> 
     </span>
    </p>
   </div>
   <div class='ocr_carea' id='block_1_36' title="bbox 337 2273 1309 2348">
    <p class='ocr_par' dir='ltr' id='par_1_36' title="bbox 337 2273 1309 2348">
     <span class='ocr_line' id='line_1_37' title="bbox 337 2273 1309 2348; baseline 0.013 -24"><span class='ocrx_word' id='word_1_267' title='bbox 337 2273 553 2326; x_wconf 79' lang='lat' dir='ltr'><strong>Solusdé</strong></span> <span class='ocrx_word' id='word_1_268' title='bbox 572 2279 770 2340; x_wconf 85' lang='lat' dir='ltr'><strong>superis</strong></span> <span class='ocrx_word' id='word_1_269' title='bbox 784 2283 869 2342; x_wconf 87' lang='lat' dir='ltr'><strong>qui</strong></span> <span class='ocrx_word' id='word_1_270' title='bbox 892 2288 972 2332; x_wconf 87' lang='lat' dir='ltr'><strong>tua</strong></span> <span class='ocrx_word' id='word_1_271' title='bbox 989 2291 1131 2348; x_wconf 85' lang='lat' dir='ltr'><strong>terga</strong></span> <span class='ocrx_word' id='word_1_272' title='bbox 1152 2273 1309 2337; x_wconf 59' lang='lat' dir='ltr'><strong>vides:</strong></span> 
     </span>
    </p>
   </div>
   <div class='ocr_carea' id='block_1_37' title="bbox 283 2373 1616 2468">
    <p class='ocr_par' dir='ltr' id='par_1_37' title="bbox 283 2373 1616 2468">
     <span class='ocr_line' id='line_1_38' title="bbox 283 2373 1616 2468; baseline 0.015 -23"><span class='ocrx_word' id='word_1_273' title='bbox 283 2373 431 2468; x_wconf 58' lang='lat' dir='ltr'><strong>Daem</strong></span> <span class='ocrx_word' id='word_1_274' title='bbox 445 2373 627 2468; x_wconf 64' lang='lat' dir='ltr'><strong>tamen</strong></span> <span class='ocrx_word' id='word_1_275' title='bbox 652 2377 931 2468; x_wconf 57' lang='lat' dir='ltr'><strong>essedeum</strong></span> <span class='ocrx_word' id='word_1_276' title='bbox 947 2379 1008 2456; x_wconf 57' lang='grc' dir='ltr'><strong>ἰθ</strong></span> <span class='ocrx_word' id='word_1_277' title='bbox 1027 2382 1184 2458; x_wconf 71' lang='lat' dir='ltr'><strong>dicam</strong></span> <span class='ocrx_word' id='word_1_278' title='bbox 1199 2387 1327 2463; x_wconf 36' lang='lat' dir='ltr'><strong>itane</strong></span> <span class='ocrx_word' id='word_1_279' title='bbox 1353 2390 1574 2468; x_wconf 65' lang='lat' dir='ltr'><strong>biformis</strong></span> <span class='ocrx_word' id='word_1_280' title='bbox 1592 2418 1616 2465; x_wconf 86' lang='lat'>?</span> 
     </span>
    </p>
   </div>
   <div class='ocr_carea' id='block_1_38' title="bbox 335 2459 1489 2527">
    <p class='ocr_par' dir='ltr' id='par_1_38' title="bbox 335 2459 1489 2527">
     <span class='ocr_line' id='line_1_39' title="bbox 335 2459 1489 2527; baseline 0.015 -17"><span class='ocrx_word' id='word_1_281' title='bbox 335 2459 452 2511; x_wconf 81' lang='lat' dir='ltr'><strong>Nam</strong></span> <span class='ocrx_word' id='word_1_282' title='bbox 472 2462 567 2512; x_wconf 83' lang='lat' dir='ltr'><strong>tibi</strong></span> <span class='ocrx_word' id='word_1_283' title='bbox 591 2477 678 2527; x_wconf 84' lang='lat' dir='ltr'><strong>par</strong></span> <span class='ocrx_word' id='word_1_284' title='bbox 693 2466 882 2515; x_wconf 89' lang='lat' dir='ltr'><strong>nullum</strong></span> <span class='ocrx_word' id='word_1_285' title='bbox 908 2467 1096 2519; x_wconf 75' lang='lat' dir='ltr'><strong>Graecia</strong></span> <span class='ocrx_word' id='word_1_286' title='bbox 1116 2459 1489 2527; x_wconf 60' lang='grc' dir='ltr'><strong>ηυωέῆἶιιῖἱὶἑὶζ</strong></span> 
     </span>
    </p>
   </div>
   <div class='ocr_carea' id='block_1_39' title="bbox 642 2547 1443 2626">
    <p class='ocr_par' dir='ltr' id='par_1_39' title="bbox 642 2547 1443 2626">
     <span class='ocr_line' id='line_1_40' title="bbox 642 2547 1443 2626; baseline 0.014 -26"><span class='ocrx_word' id='word_1_287' title='bbox 642 2547 831 2612; x_wconf 88' lang='lat' dir='ltr'><strong>(Ovid.,</strong></span> <span class='ocrx_word' id='word_1_288' title='bbox 856 2551 929 2603; x_wconf 70' lang='lat'><strong>1.:</strong></span> <span class='ocrx_word' id='word_1_289' title='bbox 959 2554 1233 2621; x_wconf 75' lang='lat' dir='ltr'><strong>Fast.,§4,</strong></span> <span class='ocrx_word' id='word_1_290' title='bbox 1271 2572 1314 2609; x_wconf 87' lang='grc' dir='ltr'><strong>υ.</strong></span> <span class='ocrx_word' id='word_1_291' title='bbox 1340 2560 1443 2626; x_wconf 80' lang='lat'><strong>65.)</strong></span> 
     </span>
    </p>
   </div>
   <div class='ocr_carea' id='block_1_40' title="bbox 120 2696 1731 2788">
    <p class='ocr_par' dir='ltr' id='par_1_40' title="bbox 120 2696 1731 2788">
     <span class='ocr_line' id='line_1_41' title="bbox 120 2696 1731 2788; baseline 0.016 -38"><span class='ocrx_word' id='word_1_292' title='bbox 120 2696 266 2752; x_wconf 79' lang='lat' dir='ltr'><strong>Cur</strong></span> <span class='ocrx_word' id='word_1_293' title='bbox 304 2707 474 2756; x_wconf 87' lang='lat' dir='ltr'><strong>autem</strong></span> <span class='ocrx_word' id='word_1_294' title='bbox 533 2701 820 2760; x_wconf 79' lang='lat' dir='ltr'><strong>bifrontem</strong></span> <span class='ocrx_word' id='word_1_295' title='bbox 872 2721 995 2763; x_wconf 87' lang='lat' dir='ltr'><strong>eum</strong></span> <span class='ocrx_word' id='word_1_296' title='bbox 1048 2710 1315 2781; x_wconf 84' lang='lat' dir='ltr'><strong>dixerint,</strong></span> <span class='ocrx_word' id='word_1_297' title='bbox 1365 2717 1410 2770; x_wconf 92' lang='lat' dir='ltr'><strong>si</strong></span> <span class='ocrx_word' id='word_1_298' title='bbox 1460 2718 1731 2788; x_wconf 90' lang='lat' dir='ltr'><strong>postules,</strong></span> 
     </span>
    </p>
   </div>
   <div class='ocr_carea' id='block_1_41' title="bbox 118 2788 1733 2879">
    <p class='ocr_par' dir='ltr' id='par_1_41' title="bbox 118 2788 1733 2879">
     <span class='ocr_line' id='line_1_42' title="bbox 118 2788 1733 2879; baseline 0.016 -36"><span class='ocrx_word' id='word_1_299' title='bbox 118 2788 386 2848; x_wconf 51' lang='lat' dir='ltr'><strong>diversas</strong></span> <span class='ocrx_word' id='word_1_300' title='bbox 411 2793 504 2848; x_wconf 88' lang='lat' dir='ltr'><strong>tibi</strong></span> <span class='ocrx_word' id='word_1_301' title='bbox 532 2797 770 2853; x_wconf 86' lang='lat' dir='ltr'><strong>rationes</strong></span> <span class='ocrx_word' id='word_1_302' title='bbox 793 2799 1020 2856; x_wconf 87' lang='lat' dir='ltr'><strong>reddent</strong></span> <span class='ocrx_word' id='word_1_303' title='bbox 1042 2803 1382 2871; x_wconf 83' lang='lat' dir='ltr'><strong>Plutarchus,</strong></span> <span class='ocrx_word' id='word_1_304' title='bbox 1414 2808 1733 2879; x_wconf 80' lang='lat' dir='ltr'><strong>Macrobius,</strong></span> 
     </span>
    </p>
   </div>
   <div class='ocr_carea' id='block_1_42' title="bbox 115 2880 1730 2976">
    <p class='ocr_par' dir='ltr' id='par_1_42' title="bbox 115 2880 1730 2976">
     <span class='ocr_line' id='line_1_43' title="bbox 115 2880 1730 2976; baseline 0.016 -42"><span class='ocrx_word' id='word_1_305' title='bbox 115 2880 461 2952; x_wconf 63' lang='lat' dir='ltr'><strong>Cyprianus,</strong></span> <span class='ocrx_word' id='word_1_306' title='bbox 491 2896 547 2942; x_wconf 91' lang='lat' dir='ltr'><strong>et</strong></span> <span class='ocrx_word' id='word_1_307' title='bbox 578 2888 799 2946; x_wconf 80' lang='lat' dir='ltr'><strong>Vossius</strong></span> <span class='ocrx_word' id='word_1_308' title='bbox 823 2891 1116 2964; x_wconf 80' lang='lat' dir='ltr'><strong>(Plutarch.</strong></span> <span class='ocrx_word' id='word_1_309' title='bbox 1140 2909 1320 2969; x_wconf 63' lang='lat' dir='ltr'><strong>quaest.</strong></span> <span class='ocrx_word' id='word_1_310' title='bbox 1355 2899 1576 2958; x_wconf 84' lang='lat' dir='ltr'><strong>Roman.</strong></span> <span class='ocrx_word' id='word_1_311' title='bbox 1610 2922 1730 2976; x_wconf 85' lang='lat' dir='ltr'><strong>pag.</strong></span> 
     </span>
    </p>
   </div>
   <div class='ocr_carea' id='block_1_43' title="bbox 112 2974 1732 3065">
    <p class='ocr_par' dir='ltr' id='par_1_43' title="bbox 112 2974 1732 3065">
     <span class='ocr_line' id='line_1_44' title="bbox 112 2974 1732 3065; baseline 0.015 -39"><span class='ocrx_word' id='word_1_312' title='bbox 112 2974 273 3037; x_wconf 71' lang='lat'><strong>279;</strong></span> <span class='ocrx_word' id='word_1_313' title='bbox 304 2976 532 3033; x_wconf 68' lang='lat' dir='ltr'><strong>Macrob.</strong></span> <span class='ocrx_word' id='word_1_314' title='bbox 576 2981 666 3035; x_wconf 88' lang='lat' dir='ltr'><strong>lib.</strong></span> <span class='ocrx_word' id='word_1_315' title='bbox 715 2999 732 3036; x_wconf 86' lang='grc' dir='ltr'>ι</span> <span class='ocrx_word' id='word_1_316' title='bbox 773 2983 1047 3041; x_wconf 85' lang='lat' dir='ltr'><strong>Saturnal.</strong></span> <span class='ocrx_word' id='word_1_317' title='bbox 1089 3005 1205 3060; x_wconf 85' lang='lat' dir='ltr'><strong>cap.</strong></span> <span class='ocrx_word' id='word_1_318' title='bbox 1241 2992 1271 3045; x_wconf 91' lang='lat'><strong>7</strong></span> <span class='ocrx_word' id='word_1_319' title='bbox 1304 3003 1350 3046; x_wconf 88' lang='lat' dir='ltr'><strong>et</strong></span> <span class='ocrx_word' id='word_1_320' title='bbox 1394 2993 1450 3058; x_wconf 90' lang='lat'><strong>9;</strong></span> <span class='ocrx_word' id='word_1_321' title='bbox 1484 2974 1732 3065; x_wconf 76' lang='lat' dir='ltr'><strong>Cyprian.</strong></span> 
     </span>
    </p>
   </div>
   <div class='ocr_carea' id='block_1_44' title="bbox 113 3066 1735 3158">
    <p class='ocr_par' dir='ltr' id='par_1_44' title="bbox 113 3066 1735 3158">
     <span class='ocr_line' id='line_1_45' title="bbox 113 3066 1735 3158; baseline 0.015 -40"><span class='ocrx_word' id='word_1_322' title='bbox 113 3066 237 3119; x_wconf 70' lang='lat' dir='ltr'><strong>lib.</strong></span> <span class='ocrx_word' id='word_1_323' title='bbox 274 3068 334 3122; x_wconf 87' lang='lat' dir='ltr'><strong>de</strong></span> <span class='ocrx_word' id='word_1_324' title='bbox 359 3071 482 3125; x_wconf 85' lang='lat' dir='ltr'><strong>idol.</strong></span> <span class='ocrx_word' id='word_1_325' title='bbox 519 3069 692 3127; x_wconf 85' lang='lat' dir='ltr'><strong>Vanit.</strong></span> <span class='ocrx_word' id='word_1_326' title='bbox 730 3092 850 3147; x_wconf 85' lang='lat' dir='ltr'><strong>pag.</strong></span> <span class='ocrx_word' id='word_1_327' title='bbox 886 3078 974 3143; x_wconf 64' lang='grc' dir='ltr'><strong>ης</strong></span> <span class='ocrx_word' id='word_1_328' title='bbox 1020 3078 1167 3137; x_wconf 82' lang='lat' dir='ltr'><strong>Voss.</strong></span> <span class='ocrx_word' id='word_1_329' title='bbox 1197 3082 1282 3136; x_wconf 85' lang='lat' dir='ltr'><strong>lib.</strong></span> <span class='ocrx_word' id='word_1_330' title='bbox 1318 3100 1333 3137; x_wconf 91' lang='lat' dir='ltr'><strong>t</strong></span> <span class='ocrx_word' id='word_1_331' title='bbox 1384 3085 1449 3138; x_wconf 86' lang='lat' dir='ltr'><strong>de</strong></span> <span class='ocrx_word' id='word_1_332' title='bbox 1490 3072 1637 3158; x_wconf 76' lang='lat' dir='ltr'><strong>orig.</strong></span> <span class='ocrx_word' id='word_1_333' title='bbox 1687 3098 1735 3143; x_wconf 85' lang='lat' dir='ltr'><strong>et</strong></span> 
     </span>
    </p>
   </div>
   <div class='ocr_carea' id='block_1_45' title="bbox 110 3161 1803 3274">
    <p class='ocr_par' dir='ltr' id='par_1_45' title="bbox 110 3161 1803 3274">
     <span class='ocr_line' id='line_1_46' title="bbox 110 3161 1803 3274; baseline 0.017 -65"><span class='ocrx_word' id='word_1_334' title='bbox 110 3174 314 3230; x_wconf 68' lang='lat' dir='ltr'><strong>pur-agr.</strong></span> <span class='ocrx_word' id='word_1_335' title='bbox 352 3161 501 3228; x_wconf 86' lang='lat' dir='ltr'><strong>idol.,</strong></span> <span class='ocrx_word' id='word_1_336' title='bbox 533 3179 651 3235; x_wconf 86' lang='lat' dir='ltr'><strong>cap.</strong></span> <span class='ocrx_word' id='word_1_337' title='bbox 684 3166 770 3235; x_wconf 78' lang='grc'><strong>18,</strong></span> <span class='ocrx_word' id='word_1_338' title='bbox 803 3186 927 3241; x_wconf 86' lang='lat' dir='ltr'><strong>pag.</strong></span> <span class='ocrx_word' id='word_1_339' title='bbox 959 3171 1021 3227; x_wconf 78' lang='grc'><strong>71</strong></span> <span class='ocrx_word' id='word_1_340' title='bbox 1056 3184 1104 3229; x_wconf 86' lang='lat' dir='ltr'><strong>et</strong></span> <span class='ocrx_word' id='word_1_341' title='bbox 1132 3174 1321 3246; x_wconf 56' lang='grc' dir='ltr'><strong>δείνῳ),</strong></span> <span class='ocrx_word' id='word_1_342' title='bbox 1353 3176 1596 3250; x_wconf 83' lang='lat' dir='ltr'><strong>Denique</strong></span> <span class='ocrx_word' id='word_1_343' title='bbox 1648 3181 1731 3236; x_wconf 87' lang='lat' dir='ltr'><strong>his</strong></span> <span class='ocrx_word' id='word_1_344' title='bbox 1757 3211 1803 3274; x_wconf 65' lang='grc' dir='ltr'>Ο</span> 
     </span>
    </p>
   </div>
   <div class='ocr_carea' id='block_1_46' title="bbox 109 3250 1729 3344">
    <p class='ocr_par' dir='ltr' id='par_1_46' title="bbox 109 3250 1729 3344">
     <span class='ocr_line' id='line_1_47' title="bbox 109 3250 1729 3344; baseline 0.016 -41"><span class='ocrx_word' id='word_1_345' title='bbox 109 3250 447 3320; x_wconf 74' lang='lat' dir='ltr'><strong>adjiciemus</strong></span> <span class='ocrx_word' id='word_1_346' title='bbox 491 3254 633 3310; x_wconf 87' lang='lat' dir='ltr'><strong>hunc</strong></span> <span class='ocrx_word' id='word_1_347' title='bbox 680 3257 902 3329; x_wconf 84' lang='lat' dir='ltr'><strong>Jauum,</strong></span> <span class='ocrx_word' id='word_1_348' title='bbox 956 3263 1144 3319; x_wconf 90' lang='lat' dir='ltr'><strong>eodem</strong></span> <span class='ocrx_word' id='word_1_349' title='bbox 1206 3266 1512 3337; x_wconf 84' lang='lat' dir='ltr'><strong>Macrobio,</strong></span> <span class='ocrx_word' id='word_1_350' title='bbox 1566 3282 1729 3344; x_wconf 88' lang='lat' dir='ltr'><strong>atque</strong></span> 
     </span>
    </p>
   </div>
   <div class='ocr_carea' id='block_1_47' title="bbox 101 3342 1722 3429">
    <p class='ocr_par' dir='ltr' id='par_1_47' title="bbox 101 3342 1722 3429">
     <span class='ocr_line' id='line_1_48' title="bbox 101 3342 1722 3429; baseline 0.014 -31"><span class='ocrx_word' id='word_1_351' title='bbox 101 3353 153 3398; x_wconf 87' lang='lat' dir='ltr'><strong>et</strong></span> <span class='ocrx_word' id='word_1_352' title='bbox 170 3342 296 3398; x_wconf 83' lang='lat' dir='ltr'><strong>iam</strong></span> <span class='ocrx_word' id='word_1_353' title='bbox 323 3348 617 3415; x_wconf 74' lang='lat' dir='ltr'><strong>Augustino</strong></span> <span class='ocrx_word' id='word_1_354' title='bbox 646 3353 892 3420; x_wconf 90' lang='lat' dir='ltr'><strong>testibus,</strong></span> <span class='ocrx_word' id='word_1_355' title='bbox 923 3370 1029 3410; x_wconf 91' lang='lat' dir='ltr'><strong>non</strong></span> <span class='ocrx_word' id='word_1_356' title='bbox 1060 3358 1238 3412; x_wconf 87' lang='lat' dir='ltr'><strong>solum</strong></span> <span class='ocrx_word' id='word_1_357' title='bbox 1280 3359 1593 3429; x_wconf 81' lang='lat' dir='ltr'><strong>bifrontem,</strong></span> <span class='ocrx_word' id='word_1_358' title='bbox 1626 3342 1722 3421; x_wconf 81' lang='lat' dir='ltr'><strong>sed</strong></span> 
     </span>
    </p>
   </div>
   <div class='ocr_carea' id='block_1_48' title="bbox 104 3436 1727 3517">
    <p class='ocr_par' dir='ltr' id='par_1_48' title="bbox 104 3436 1727 3517">
     <span class='ocr_line' id='line_1_49' title="bbox 104 3436 1727 3517; baseline 0.015 -28"><span class='ocrx_word' id='word_1_359' title='bbox 104 3436 299 3492; x_wconf 71' lang='lat' dir='ltr'><strong>eLiam</strong></span> <span class='ocrx_word' id='word_1_360' title='bbox 325 3439 769 3507; x_wconf 83' lang='lat' dir='ltr'><strong>quatrit‘rontem.</strong></span> <span class='ocrx_word' id='word_1_361' title='bbox 817 3455 867 3499; x_wconf 89' lang='lat' dir='ltr'><strong>et</strong></span> <span class='ocrx_word' id='word_1_362' title='bbox 918 3449 1328 3517; x_wconf 85' lang='lat' dir='ltr'><strong>quatrit‘ormem</strong></span> <span class='ocrx_word' id='word_1_363' title='bbox 1382 3454 1450 3508; x_wconf 90' lang='lat' dir='ltr'><strong>ab</strong></span> <span class='ocrx_word' id='word_1_364' title='bbox 1496 3456 1727 3513; x_wconf 88' lang='lat' dir='ltr'><strong>etlmicis</strong></span> 
     </span>
    </p>
   </div>
   <div class='ocr_carea' id='block_1_49' title="bbox 102 3527 1722 3620">
    <p class='ocr_par' dir='ltr' id='par_1_49' title="bbox 102 3527 1722 3620">
     <span class='ocr_line' id='line_1_50' title="bbox 102 3527 1722 3620; baseline 0.014 -40"><span class='ocrx_word' id='word_1_365' title='bbox 102 3527 410 3594; x_wconf 61' lang='lat' dir='ltr'><strong>praedicari</strong></span> <span class='ocrx_word' id='word_1_366' title='bbox 463 3531 732 3601; x_wconf 70' lang='lat' dir='ltr'><strong>(Macrob.</strong></span> <span class='ocrx_word' id='word_1_367' title='bbox 784 3535 872 3590; x_wconf 86' lang='lat' dir='ltr'><strong>lib.</strong></span> <span class='ocrx_word' id='word_1_368' title='bbox 924 3553 940 3592; x_wconf 88' lang='grc' dir='ltr'><strong><em>ι</em></strong></span> <span class='ocrx_word' id='word_1_369' title='bbox 992 3538 1173 3595; x_wconf 90' lang='lat' dir='ltr'><strong>Satur.</strong></span> <span class='ocrx_word' id='word_1_370' title='bbox 1227 3558 1346 3611; x_wconf 90' lang='lat' dir='ltr'><strong>cap.</strong></span> <span class='ocrx_word' id='word_1_371' title='bbox 1409 3542 1463 3600; x_wconf 91' lang='lat'><strong>9.</strong></span> <span class='ocrx_word' id='word_1_372' title='bbox 1506 3547 1722 3620; x_wconf 84' lang='lat' dir='ltr'><strong>August.</strong></span> 
     </span>
    </p>
   </div>
   <div class='ocr_carea' id='block_1_50' title="bbox 104 3617 1724 3708">
    <p class='ocr_par' dir='ltr' id='par_1_50' title="bbox 104 3617 1724 3708">
     <span class='ocr_line' id='line_1_51' title="bbox 104 3617 1724 3708; baseline 0.017 -39"><span class='ocrx_word' id='word_1_373' title='bbox 104 3617 328 3674; x_wconf 69' lang='lat' dir='ltr'><strong>b5.vn</strong></span> <span class='ocrx_word' id='word_1_374' title='bbox 375 3619 438 3675; x_wconf 84' lang='lat' dir='ltr'><strong>de</strong></span> <span class='ocrx_word' id='word_1_375' title='bbox 460 3620 614 3678; x_wconf 80' lang='lat' dir='ltr'><strong>Civit.</strong></span> <span class='ocrx_word' id='word_1_376' title='bbox 644 3641 759 3694; x_wconf 85' lang='lat' dir='ltr'><strong>cap.</strong></span> <span class='ocrx_word' id='word_1_377' title='bbox 805 3626 887 3701; x_wconf 74' lang='grc'><strong>4).</strong></span> <span class='ocrx_word' id='word_1_378' title='bbox 914 3628 1046 3698; x_wconf 83' lang='lat' dir='ltr'><strong>Quis</strong></span> <span class='ocrx_word' id='word_1_379' title='bbox 1091 3647 1223 3704; x_wconf 89' lang='lat' dir='ltr'><strong>ergo</strong></span> <span class='ocrx_word' id='word_1_380' title='bbox 1270 3650 1374 3690; x_wconf 91' lang='lat' dir='ltr'><strong>non</strong></span> <span class='ocrx_word' id='word_1_381' title='bbox 1423 3617 1724 3708; x_wconf 78' lang='lat' dir='ltr'><strong>deplorabit</strong></span> 
     </span>
    </p>
   </div>
   <div class='ocr_carea' id='block_1_51' title="bbox 104 3710 1721 3802">
    <p class='ocr_par' dir='ltr' id='par_1_51' title="bbox 104 3710 1721 3802">
     <span class='ocr_line' id='line_1_52' title="bbox 104 3710 1721 3802; baseline 0.017 -37"><span class='ocrx_word' id='word_1_382' title='bbox 104 3710 448 3771; x_wconf 78' lang='lat' dir='ltr'><strong>horrendam</strong></span> <span class='ocrx_word' id='word_1_383' title='bbox 488 3718 635 3774; x_wconf 89' lang='lat' dir='ltr'><strong>illam</strong></span> <span class='ocrx_word' id='word_1_384' title='bbox 664 3719 1003 3779; x_wconf 88' lang='lat' dir='ltr'><strong>ethnicorum</strong></span> <span class='ocrx_word' id='word_1_385' title='bbox 1027 3728 1348 3795; x_wconf 62' lang='lat' dir='ltr'><strong>caecitatem,</strong></span> <span class='ocrx_word' id='word_1_386' title='bbox 1377 3732 1466 3802; x_wconf 90' lang='lat' dir='ltr'><strong>qui</strong></span> <span class='ocrx_word' id='word_1_387' title='bbox 1494 3749 1591 3788; x_wconf 89' lang='lat' dir='ltr'><strong>nos</strong></span> <span class='ocrx_word' id='word_1_388' title='bbox 1615 3751 1721 3792; x_wconf 89' lang='lat' dir='ltr'><strong>non</strong></span> 
     </span>
    </p>
   </div>
   <div class='ocr_carea' id='block_1_52' title="bbox 113 3806 1722 3889">
    <p class='ocr_par' dir='ltr' id='par_1_52' title="bbox 113 3806 1722 3889">
     <span class='ocr_line' id='line_1_53' title="bbox 113 3806 1722 3889; baseline 0.016 -30"><span class='ocrx_word' id='word_1_389' title='bbox 113 3815 229 3861; x_wconf 76' lang='lat' dir='ltr'><strong>tam</strong></span> <span class='ocrx_word' id='word_1_390' title='bbox 280 3806 566 3878; x_wconf 87' lang='lat' dir='ltr'><strong>homines,</strong></span> <span class='ocrx_word' id='word_1_391' title='bbox 617 3829 777 3885; x_wconf 89' lang='lat' dir='ltr'><strong>quam</strong></span> <span class='ocrx_word' id='word_1_392' title='bbox 807 3815 1084 3874; x_wconf 91' lang='lat' dir='ltr'><strong>hominum</strong></span> <span class='ocrx_word' id='word_1_393' title='bbox 1131 3830 1372 3878; x_wconf 87' lang='lat' dir='ltr'><strong>monstra</strong></span> <span class='ocrx_word' id='word_1_394' title='bbox 1399 3866 1412 3889; x_wconf 90' lang='lat'><strong>,</strong></span> <span class='ocrx_word' id='word_1_395' title='bbox 1443 3824 1575 3882; x_wconf 87' lang='lat' dir='ltr'><strong>deos</strong></span> <span class='ocrx_word' id='word_1_396' title='bbox 1602 3843 1722 3885; x_wconf 82' lang='lat' dir='ltr'><strong>esse</strong></span> 
     </span>
    </p>
   </div>
   <div class='ocr_carea' id='block_1_53' title="bbox 116 3898 1720 3975">
    <p class='ocr_par' dir='ltr' id='par_1_53' title="bbox 116 3898 1720 3975">
     <span class='ocr_line' id='line_1_54' title="bbox 116 3898 1720 3975; baseline 0.015 -24"><span class='ocrx_word' id='word_1_397' title='bbox 116 3898 541 3968; x_wconf 81' lang='lat' dir='ltr'><strong>arbitrabantur,</strong></span> <span class='ocrx_word' id='word_1_398' title='bbox 599 3905 787 3975; x_wconf 88' lang='lat' dir='ltr'><strong>eisque</strong></span> <span class='ocrx_word' id='word_1_399' title='bbox 838 3908 1050 3965; x_wconf 88' lang='lat' dir='ltr'><strong>divinos</strong></span> <span class='ocrx_word' id='word_1_400' title='bbox 1096 3912 1331 3969; x_wconf 86' lang='lat' dir='ltr'><strong>honores</strong></span> <span class='ocrx_word' id='word_1_401' title='bbox 1384 3917 1720 3974; x_wconf 76' lang='lat' dir='ltr'><strong>reddebant?</strong></span> 
     </span>
    </p>
   </div>
   <div class='ocr_carea' id='block_1_54' title="bbox 119 3986 1718 4077">
    <p class='ocr_par' dir='ltr' id='par_1_54' title="bbox 119 3986 1718 4077">
     <span class='ocr_line' id='line_1_55' title="bbox 119 3986 1718 4077; baseline 0.016 -34"><span class='ocrx_word' id='word_1_402' title='bbox 119 3986 241 4045; x_wconf 80' lang='lat' dir='ltr'><strong>Non</strong></span> <span class='ocrx_word' id='word_1_403' title='bbox 272 3991 348 4046; x_wconf 88' lang='lat' dir='ltr'><strong>ibi</strong></span> <span class='ocrx_word' id='word_1_404' title='bbox 368 4003 544 4049; x_wconf 85' lang='lat' dir='ltr'><strong>tamen</strong></span> <span class='ocrx_word' id='word_1_405' title='bbox 595 3997 745 4053; x_wconf 87' lang='lat' dir='ltr'><strong>stetit</strong></span> <span class='ocrx_word' id='word_1_406' title='bbox 781 4000 966 4056; x_wconf 89' lang='lat' dir='ltr'><strong>insana</strong></span> <span class='ocrx_word' id='word_1_407' title='bbox 999 4003 1212 4059; x_wconf 86' lang='lat' dir='ltr'><strong>illorum</strong></span> <span class='ocrx_word' id='word_1_408' title='bbox 1244 4010 1572 4077; x_wconf 86' lang='lat' dir='ltr'><strong>superstitio.</strong></span> <span class='ocrx_word' id='word_1_409' title='bbox 1610 4012 1718 4068; x_wconf 83' lang='lat' dir='ltr'><strong>Sed</strong></span> 
     </span>
    </p>
   </div>
   <div class='ocr_carea' id='block_1_55' title="bbox 125 4080 1714 4159">
    <p class='ocr_par' dir='ltr' id='par_1_55' title="bbox 125 4080 1714 4159">
     <span class='ocr_line' id='line_1_56' title="bbox 125 4080 1714 4159; baseline 0.016 -26"><span class='ocrx_word' id='word_1_410' title='bbox 125 4080 318 4147; x_wconf 81' lang='lat' dir='ltr'><strong>plures</strong></span> <span class='ocrx_word' id='word_1_411' title='bbox 339 4084 510 4142; x_wconf 88' lang='lat' dir='ltr'><strong>adhuc</strong></span> <span class='ocrx_word' id='word_1_412' title='bbox 539 4102 648 4143; x_wconf 90' lang='lat' dir='ltr'><strong>non</strong></span> <span class='ocrx_word' id='word_1_413' title='bbox 693 4089 870 4145; x_wconf 89' lang='lat' dir='ltr'><strong>minus</strong></span> <span class='ocrx_word' id='word_1_414' title='bbox 912 4092 1141 4152; x_wconf 82' lang='lat' dir='ltr'><strong>infames</strong></span> <span class='ocrx_word' id='word_1_415' title='bbox 1197 4097 1446 4155; x_wconf 89' lang='lat' dir='ltr'><strong>colebant</strong></span> <span class='ocrx_word' id='word_1_416' title='bbox 1487 4104 1714 4159; x_wconf 88' lang='lat' dir='ltr'><strong>aliorum</strong></span> 
     </span>
    </p>
   </div>
   <div class='ocr_carea' id='block_1_56' title="bbox 126 4169 1715 4258">
    <p class='ocr_par' dir='ltr' id='par_1_56' title="bbox 126 4169 1715 4258">
     <span class='ocr_line' id='line_1_57' title="bbox 126 4169 1715 4258; baseline 0.016 -31"><span class='ocrx_word' id='word_1_417' title='bbox 126 4169 355 4230; x_wconf 75' lang='lat' dir='ltr'><strong>deorum</strong></span> <span class='ocrx_word' id='word_1_418' title='bbox 396 4178 608 4249; x_wconf 78' lang='lat' dir='ltr'><strong>ﬁguras,</strong></span> <span class='ocrx_word' id='word_1_419' title='bbox 654 4197 776 4252; x_wconf 72' lang='lat' dir='ltr'><strong>qum</strong></span> <span class='ocrx_word' id='word_1_420' title='bbox 818 4184 1032 4254; x_wconf 89' lang='lat' dir='ltr'><strong>quidem</strong></span> <span class='ocrx_word' id='word_1_421' title='bbox 1063 4190 1335 4258; x_wconf 86' lang='lat' dir='ltr'><strong>quomodo</strong></span> <span class='ocrx_word' id='word_1_422' title='bbox 1388 4193 1457 4248; x_wconf 88' lang='lat' dir='ltr'><strong>ab</strong></span> <span class='ocrx_word' id='word_1_423' title='bbox 1496 4207 1715 4252; x_wconf 88' lang='lat' dir='ltr'><strong>auctore</strong></span> 
     </span>
    </p>
   </div>
   <div class='ocr_carea' id='block_1_57' title="bbox 132 4273 1713 4358">
    <p class='ocr_par' dir='ltr' id='par_1_57' title="bbox 132 4273 1713 4358">
     <span class='ocr_line' id='line_1_58' title="bbox 132 4273 1713 4358; baseline 0.016 -37"><span class='ocrx_word' id='word_1_424' title='bbox 132 4279 327 4324; x_wconf 82' lang='lat' dir='ltr'><strong>nostro</strong></span> <span class='ocrx_word' id='word_1_425' title='bbox 351 4273 674 4343; x_wconf 78' lang='lat' dir='ltr'><strong>explicentur</strong></span> <span class='ocrx_word' id='word_1_426' title='bbox 719 4284 774 4331; x_wconf 88' lang='lat' dir='ltr'><strong>et</strong></span> <span class='ocrx_word' id='word_1_427' title='bbox 801 4277 1179 4350; x_wconf 81' lang='lat' dir='ltr'><strong>explodantur,</strong></span> <span class='ocrx_word' id='word_1_428' title='bbox 1226 4282 1335 4354; x_wconf 89' lang='lat' dir='ltr'><strong>jam</strong></span> <span class='ocrx_word' id='word_1_429' title='bbox 1390 4285 1713 4358; x_wconf 83' lang='lat' dir='ltr'><strong>investigan-</strong></span> 
     </span>
    </p>
   </div>
   <div class='ocr_carea' id='block_1_58' title="bbox 139 4355 400 4417">
    <p class='ocr_par' dir='ltr' id='par_1_58' title="bbox 139 4355 400 4417">
     <span class='ocr_line' id='line_1_59' title="bbox 139 4355 400 4417; baseline 0.027 -6"><span class='ocrx_word' id='word_1_430' title='bbox 139 4355 285 4412; x_wconf 75' lang='lat' dir='ltr'><strong>dum</strong></span> <span class='ocrx_word' id='word_1_431' title='bbox 306 4370 400 4417; x_wconf 83' lang='lat' dir='ltr'><strong>est.</strong></span> 
     </span>
    </p>
   </div>
   <div class='ocr_carea' id='block_1_59' title="bbox 710 4506 1099 4567">
    <p class='ocr_par' dir='ltr' id='par_1_59' title="bbox 710 4506 1099 4567">
     <span class='ocr_line' id='line_1_60' title="bbox 710 4506 1099 4567; baseline 0.005 -5"><span class='ocrx_word' id='word_1_432' title='bbox 710 4506 1003 4567; x_wconf 76' lang='grc' dir='ltr'><strong>Αιιτιευιυε</strong></span> <span class='ocrx_word' id='word_1_433' title='bbox 1042 4526 1099 4566; x_wconf 83' lang='lat' dir='ltr'><strong>it.</strong></span> 
     </span>
    </p>
   </div>
   <div class='ocr_carea' id='block_1_60' title="bbox 132 4632 1711 4713">
    <p class='ocr_par' dir='ltr' id='par_1_60' title="bbox 132 4632 1711 4713">
     <span class='ocr_line' id='line_1_61' title="bbox 132 4632 1711 4713; baseline 0.006 -11"><span class='ocrx_word' id='word_1_434' title='bbox 132 4632 349 4702; x_wconf 73' lang='grc' dir='ltr'><strong>Ωιιαηια</strong></span> <span class='ocrx_word' id='word_1_435' title='bbox 380 4641 616 4701; x_wconf 79' lang='lat' dir='ltr'><strong>dementia</strong></span> <span class='ocrx_word' id='word_1_436' title='bbox 662 4647 730 4701; x_wconf 90' lang='lat' dir='ltr'><strong>ab</strong></span> <span class='ocrx_word' id='word_1_437' title='bbox 759 4648 972 4705; x_wconf 77' lang='lat' dir='ltr'><strong>ethnicis</strong></span> <span class='ocrx_word' id='word_1_438' title='bbox 997 4650 1267 4709; x_wconf 85' lang='lat' dir='ltr'><strong>decantata</strong></span> <span class='ocrx_word' id='word_1_439' title='bbox 1290 4655 1356 4710; x_wconf 87' lang='lat' dir='ltr'><strong>sit</strong></span> <span class='ocrx_word' id='word_1_440' title='bbox 1388 4654 1559 4709; x_wconf 86' lang='lat' dir='ltr'><strong>Diana</strong></span> <span class='ocrx_word' id='word_1_441' title='bbox 1607 4655 1711 4713; x_wconf 87' lang='lat' dir='ltr'><strong>alte</strong></span> 
     </span>
    </p>
   </div>
   <div class='ocr_carea' id='block_1_61' title="bbox 203 4735 1708 4820">
    <p class='ocr_par' dir='ltr' id='par_1_61' title="bbox 203 4735 1708 4820">
     <span class='ocr_line' id='line_1_62' title="bbox 203 4735 1708 4820; baseline 0.013 -35"><span class='ocrx_word' id='word_1_442' title='bbox 203 4735 469 4805; x_wconf 68' lang='lat' dir='ltr'><strong>succincta,</strong></span> <span class='ocrx_word' id='word_1_443' title='bbox 523 4741 786 4807; x_wconf 74' lang='lat' dir='ltr'><strong>venatrix,</strong></span> <span class='ocrx_word' id='word_1_444' title='bbox 841 4747 1075 4800; x_wconf 83' lang='lat' dir='ltr'><strong>mammis</strong></span> <span class='ocrx_word' id='word_1_445' title='bbox 1124 4750 1296 4803; x_wconf 86' lang='lat' dir='ltr'><strong>multis</strong></span> <span class='ocrx_word' id='word_1_446' title='bbox 1345 4750 1599 4820; x_wconf 79' lang='lat' dir='ltr'><strong>Ephesia,</strong></span> <span class='ocrx_word' id='word_1_447' title='bbox 1649 4768 1708 4805; x_wconf 88' lang='lat' dir='ltr'><strong>ac</strong></span> 
     </span>
    </p>
   </div>
   <div class='ocr_carea' id='block_1_62' title="bbox 208 4821 1708 4911">
    <p class='ocr_par' dir='ltr' id='par_1_62' title="bbox 208 4821 1708 4911">
     <span class='ocr_line' id='line_1_63' title="bbox 208 4821 1708 4911; baseline 0.014 -35"><span class='ocrx_word' id='word_1_448' title='bbox 208 4821 363 4881; x_wconf 71' lang='lat' dir='ltr'><strong>Triuia</strong></span> <span class='ocrx_word' id='word_1_449' title='bbox 403 4831 546 4886; x_wconf 79' lang='lat' dir='ltr'><strong>trinis</strong></span> <span class='ocrx_word' id='word_1_450' title='bbox 587 4832 863 4904; x_wconf 78' lang='lat' dir='ltr'><strong>capitibus,</strong></span> <span class='ocrx_word' id='word_1_451' title='bbox 904 4837 1171 4909; x_wconf 74' lang='lat' dir='ltr'><strong>multisque</strong></span> <span class='ocrx_word' id='word_1_452' title='bbox 1208 4841 1478 4906; x_wconf 84' lang='lat' dir='ltr'><strong>manibus;</strong></span> <span class='ocrx_word' id='word_1_453' title='bbox 1505 4841 1708 4911; x_wconf 83' lang='lat' dir='ltr'><strong>Jupiter</strong></span> 
     </span>
    </p>
   </div>
   <div class='ocr_carea' id='block_1_63' title="bbox 204 4918 1706 4989">
    <p class='ocr_par' dir='ltr' id='par_1_63' title="bbox 204 4918 1706 4989">
     <span class='ocr_line' id='line_1_64' title="bbox 204 4918 1706 4989; baseline 0.014 -21"><span class='ocrx_word' id='word_1_454' title='bbox 204 4918 340 4972; x_wconf 79' lang='lat' dir='ltr'><strong>modo</strong></span> <span class='ocrx_word' id='word_1_455' title='bbox 386 4922 626 4979; x_wconf 83' lang='lat' dir='ltr'><strong>barbatus</strong></span> <span class='ocrx_word' id='word_1_456' title='bbox 645 4966 659 4986; x_wconf 87' lang='lat'><strong>,</strong></span> <span class='ocrx_word' id='word_1_457' title='bbox 691 4926 842 4979; x_wconf 85' lang='lat' dir='ltr'><strong>modo</strong></span> <span class='ocrx_word' id='word_1_458' title='bbox 882 4927 1116 4983; x_wconf 83' lang='lat' dir='ltr'><strong>imberbis</strong></span> <span class='ocrx_word' id='word_1_459' title='bbox 1142 4946 1161 4983; x_wconf 89' lang='lat'><strong><em>:</em></strong></span> <span class='ocrx_word' id='word_1_460' title='bbox 1191 4923 1409 4986; x_wconf 84' lang='lat' dir='ltr'><strong>Ammon</strong></span> <span class='ocrx_word' id='word_1_461' title='bbox 1439 4949 1553 4987; x_wconf 88' lang='lat' dir='ltr'><strong>cum</strong></span> <span class='ocrx_word' id='word_1_462' title='bbox 1591 4951 1706 4989; x_wconf 84' lang='lat' dir='ltr'><strong>cor-</strong></span> 
     </span>
    </p>
   </div>
   <div class='ocr_carea' id='block_1_64' title="bbox 204 5009 1709 5092">
    <p class='ocr_par' dir='ltr' id='par_1_64' title="bbox 204 5009 1709 5092">
     <span class='ocr_line' id='line_1_65' title="bbox 204 5009 1709 5092; baseline 0.014 -31"><span class='ocrx_word' id='word_1_463' title='bbox 204 5009 372 5080; x_wconf 75' lang='lat' dir='ltr'><strong>nibus,</strong></span> <span class='ocrx_word' id='word_1_464' title='bbox 400 5013 721 5086; x_wconf 84' lang='lat' dir='ltr'><strong>Capitolinus</strong></span> <span class='ocrx_word' id='word_1_465' title='bbox 763 5019 983 5090; x_wconf 80' lang='lat' dir='ltr'><strong>fulmina</strong></span> <span class='ocrx_word' id='word_1_466' title='bbox 1028 5038 1224 5092; x_wconf 73' lang='lat' dir='ltr'><strong>gerens,</strong></span> <span class='ocrx_word' id='word_1_467' title='bbox 1255 5024 1479 5080; x_wconf 85' lang='lat' dir='ltr'><strong>Latiaris</strong></span> <span class='ocrx_word' id='word_1_468' title='bbox 1532 5043 1709 5084; x_wconf 86' lang='lat' dir='ltr'><strong>cruore</strong></span> 
     </span>
    </p>
   </div>
   <div class='ocr_carea' id='block_1_65' title="bbox 203 5104 1699 5188">
    <p class='ocr_par' dir='ltr' id='par_1_65' title="bbox 203 5104 1699 5188">
     <span class='ocr_line' id='line_1_66' title="bbox 203 5104 1699 5188; baseline 0.012 -31"><span class='ocrx_word' id='word_1_469' title='bbox 203 5104 436 5173; x_wconf 74' lang='lat' dir='ltr'><strong>perfusus,</strong></span> <span class='ocrx_word' id='word_1_470' title='bbox 463 5105 732 5164; x_wconf 82' lang='lat' dir='ltr'><strong>Feretrius</strong></span> <span class='ocrx_word' id='word_1_471' title='bbox 758 5126 859 5165; x_wconf 85' lang='lat' dir='ltr'><strong>non</strong></span> <span class='ocrx_word' id='word_1_472' title='bbox 884 5111 1090 5167; x_wconf 86' lang='lat' dir='ltr'><strong>auditus</strong></span> <span class='ocrx_word' id='word_1_473' title='bbox 1112 5153 1128 5179; x_wconf 90' lang='lat'><strong>,</strong></span> <span class='ocrx_word' id='word_1_474' title='bbox 1160 5118 1308 5186; x_wconf 70' lang='lat' dir='ltr'><strong>cujus</strong></span> <span class='ocrx_word' id='word_1_475' title='bbox 1343 5126 1414 5171; x_wconf 90' lang='lat' dir='ltr'><strong>tot</strong></span> <span class='ocrx_word' id='word_1_476' title='bbox 1443 5129 1667 5174; x_wconf 84' lang='lat' dir='ltr'><strong>monstra</strong></span> <span class='ocrx_word' id='word_1_477' title='bbox 1685 5162 1699 5188; x_wconf 94' lang='lat'><strong>,</strong></span> 
     </span>
    </p>
   </div>
   <div class='ocr_carea' id='block_1_66' title="bbox 205 5198 540 5258">
    <p class='ocr_par' dir='ltr' id='par_1_66' title="bbox 205 5198 540 5258">
     <span class='ocr_line' id='line_1_67' title="bbox 205 5198 540 5258; baseline 0.03 -14"><span class='ocrx_word' id='word_1_478' title='bbox 205 5203 305 5258; x_wconf 70' lang='lat' dir='ltr'><strong>quot</strong></span> <span class='ocrx_word' id='word_1_479' title='bbox 319 5198 540 5254; x_wconf 82' lang='lat' dir='ltr'><strong>nomina.</strong></span> 
     </span>
    </p>
   </div>
   <div class='ocr_carea' id='block_1_67' title="bbox 205 5327 1701 5411">
    <p class='ocr_par' dir='ltr' id='par_1_67' title="bbox 205 5327 1701 5411">
     <span class='ocr_line' id='line_1_68' title="bbox 205 5327 1701 5411; baseline 0.011 -26"><span class='ocrx_word' id='word_1_480' title='bbox 205 5327 566 5405; x_wconf 76' lang='lat' dir='ltr'><strong>Argumentum</strong></span> <span class='ocrx_word' id='word_1_481' title='bbox 608 5353 767 5394; x_wconf 86' lang='lat' dir='ltr'><strong>suum</strong></span> <span class='ocrx_word' id='word_1_482' title='bbox 798 5342 1140 5411; x_wconf 86' lang='lat' dir='ltr'><strong>prosequitur</strong></span> <span class='ocrx_word' id='word_1_483' title='bbox 1168 5342 1463 5411; x_wconf 82' lang='lat' dir='ltr'><strong>Minucius,</strong></span> <span class='ocrx_word' id='word_1_484' title='bbox 1514 5361 1577 5402; x_wconf 90' lang='lat' dir='ltr'><strong>ac</strong></span> <span class='ocrx_word' id='word_1_485' title='bbox 1606 5347 1701 5402; x_wconf 89' lang='lat' dir='ltr'><strong>tri-</strong></span> 
     </span>
    </p>
   </div>
   <div class='ocr_carea' id='block_1_68' title="bbox 113 5414 1696 5509">
    <p class='ocr_par' dir='ltr' id='par_1_68' title="bbox 113 5414 1696 5509">
     <span class='ocr_line' id='line_1_69' title="bbox 113 5414 1696 5509; baseline 0.007 -25"><span class='ocrx_word' id='word_1_486' title='bbox 113 5414 301 5484; x_wconf 62' lang='lat' dir='ltr'><strong>Plicem</strong></span> <span class='ocrx_word' id='word_1_487' title='bbox 352 5432 582 5503; x_wconf 76' lang='lat' dir='ltr'><strong>exagitat</strong></span> <span class='ocrx_word' id='word_1_488' title='bbox 639 5429 824 5486; x_wconf 79' lang='lat' dir='ltr'><strong>Diana:</strong></span> <span class='ocrx_word' id='word_1_489' title='bbox 872 5432 1098 5488; x_wconf 83' lang='lat' dir='ltr'><strong>formam</strong></span> <span class='ocrx_word' id='word_1_490' title='bbox 1132 5451 1145 5488; x_wconf 89' lang='lat'><strong>:</strong></span> <span class='ocrx_word' id='word_1_491' title='bbox 1177 5454 1195 5487; x_wconf 79' lang='grc' dir='ltr'>ι</span> <span class='ocrx_word' id='word_1_492' title='bbox 1231 5436 1431 5505; x_wconf 86' lang='lat' dir='ltr'><strong>Diana,</strong></span> <span class='ocrx_word' id='word_1_493' title='bbox 1493 5439 1696 5509; x_wconf 89' lang='lat' dir='ltr'><strong>inquit,</strong></span> 
     </span>
    </p>
   </div>
   <div class='ocr_carea' id='block_1_69' title="bbox 102 5506 1696 5602">
    <p class='ocr_par' dir='ltr' id='par_1_69' title="bbox 102 5506 1696 5602">
     <span class='ocr_line' id='line_1_70' title="bbox 102 5506 1696 5602; baseline 0.009 -27"><span class='ocrx_word' id='word_1_494' title='bbox 102 5506 222 5565; x_wconf 65' lang='grc'><strong>³1³6</strong></span> <span class='ocrx_word' id='word_1_495' title='bbox 243 5523 528 5593; x_wconf 88' lang='lat' dir='ltr'><strong>succincta,</strong></span> <span class='ocrx_word' id='word_1_496' title='bbox 575 5526 845 5593; x_wconf 80' lang='lat' dir='ltr'><strong>venatrix,</strong></span> <span class='ocrx_word' id='word_1_497' title='bbox 877 5536 930 5582; x_wconf 91' lang='lat' dir='ltr'><strong>et</strong></span> <span class='ocrx_word' id='word_1_498' title='bbox 954 5527 1187 5599; x_wconf 88' lang='lat' dir='ltr'><strong>Ephesia</strong></span> <span class='ocrx_word' id='word_1_499' title='bbox 1221 5533 1468 5588; x_wconf 91' lang='lat' dir='ltr'><strong>mammis</strong></span> <span class='ocrx_word' id='word_1_500' title='bbox 1496 5535 1696 5602; x_wconf 88' lang='lat' dir='ltr'><strong>multis,</strong></span> 
     </span>
    </p>
   </div>
   <div class='ocr_carea' id='block_1_70' title="bbox 91 5601 1698 5692">
    <p class='ocr_par' dir='ltr' id='par_1_70' title="bbox 91 5601 1698 5692">
     <span class='ocr_line' id='line_1_71' title="bbox 91 5601 1698 5692; baseline 0.006 -21"><span class='ocrx_word' id='word_1_501' title='bbox 91 5601 158 5692; x_wconf 63' lang='grc' dir='ltr'><strong><em>εξ</em></strong></span> <span class='ocrx_word' id='word_1_502' title='bbox 183 5611 427 5673; x_wconf 65' lang='lat' dir='ltr'><strong>uberibus</strong></span> <span class='ocrx_word' id='word_1_503' title='bbox 457 5616 671 5690; x_wconf 80' lang='lat' dir='ltr'><strong>(codex</strong></span> <span class='ocrx_word' id='word_1_504' title='bbox 709 5636 729 5670; x_wconf 75' lang='grc' dir='ltr'>ι</span> <span class='ocrx_word' id='word_1_505' title='bbox 765 5619 978 5674; x_wconf 90' lang='lat' dir='ltr'><strong>veribus</strong></span> <span class='ocrx_word' id='word_1_506' title='bbox 1014 5640 1031 5673; x_wconf 70' lang='grc' dir='ltr'>ι</span> <span class='ocrx_word' id='word_1_507' title='bbox 1065 5622 1378 5692; x_wconf 69' lang='lat' dir='ltr'><strong>)exstrucna</strong></span> <span class='ocrx_word' id='word_1_508' title='bbox 1399 5665 1413 5689; x_wconf 94' lang='lat'><strong>,</strong></span> <span class='ocrx_word' id='word_1_509' title='bbox 1447 5634 1501 5681; x_wconf 92' lang='lat' dir='ltr'><strong>ct</strong></span> <span class='ocrx_word' id='word_1_510' title='bbox 1545 5626 1698 5681; x_wconf 85' lang='lat' dir='ltr'><strong>trivia</strong></span> 
     </span>
    </p>
   </div>
   <div class='ocr_carea' id='block_1_71' title="bbox 66 5684 1695 5782">
    <p class='ocr_par' dir='ltr' id='par_1_71' title="bbox 66 5684 1695 5782">
     <span class='ocr_line' id='line_1_72' title="bbox 66 5684 1695 5782; baseline 0.007 -19"><span class='ocrx_word' id='word_1_511' title='bbox 66 5684 246 5768; x_wconf 48' lang='lat' dir='ltr'><strong>&quot;his</strong></span> <span class='ocrx_word' id='word_1_512' title='bbox 266 5684 541 5782; x_wconf 78' lang='lat' dir='ltr'><strong>capitibus</strong></span> <span class='ocrx_word' id='word_1_513' title='bbox 562 5751 578 5775; x_wconf 92' lang='lat'><strong>,</strong></span> <span class='ocrx_word' id='word_1_514' title='bbox 611 5710 797 5766; x_wconf 89' lang='lat' dir='ltr'><strong>multis</strong></span> <span class='ocrx_word' id='word_1_515' title='bbox 823 5712 1071 5768; x_wconf 86' lang='lat' dir='ltr'><strong>manibus</strong></span> <span class='ocrx_word' id='word_1_516' title='bbox 1098 5714 1371 5772; x_wconf 76' lang='lat' dir='ltr'><strong>horrifica.</strong></span> <span class='ocrx_word' id='word_1_517' title='bbox 1414 5736 1432 5769; x_wconf 73' lang='grc' dir='ltr'><strong><em>ι</em></strong></span> <span class='ocrx_word' id='word_1_518' title='bbox 1470 5717 1695 5774; x_wconf 86' lang='lat' dir='ltr'><strong>Dianam</strong></span> 
     </span>
    </p>
   </div>
   <div class='ocr_carea' id='block_1_72' title="bbox 47 5788 1694 5875">
    <p class='ocr_par' dir='ltr' id='par_1_72' title="bbox 47 5788 1694 5875">
     <span class='ocr_line' id='line_1_73' title="bbox 47 5788 1694 5875; baseline 0.004 -11"><span class='ocrx_word' id='word_1_519' title='bbox 47 5788 421 5865; x_wconf 54' lang='lat' dir='ltr'><strong>&quot;matricem</strong></span> <span class='ocrx_word' id='word_1_520' title='bbox 473 5805 645 5864; x_wconf 80' lang='lat' dir='ltr'><strong>luisse</strong></span> <span class='ocrx_word' id='word_1_521' title='bbox 689 5804 815 5875; x_wconf 89' lang='lat' dir='ltr'><strong>quis</strong></span> <span class='ocrx_word' id='word_1_522' title='bbox 873 5808 1084 5865; x_wconf 86' lang='lat' dir='ltr'><strong>nescit?</strong></span> <span class='ocrx_word' id='word_1_523' title='bbox 1133 5808 1281 5872; x_wconf 80' lang='lat' dir='ltr'><strong>Illius</strong></span> <span class='ocrx_word' id='word_1_524' title='bbox 1327 5822 1506 5871; x_wconf 87' lang='lat' dir='ltr'><strong>autem</strong></span> <span class='ocrx_word' id='word_1_525' title='bbox 1553 5811 1694 5870; x_wconf 89' lang='lat' dir='ltr'><strong>haud</strong></span> 
     </span>
    </p>
   </div>
   <div class='ocr_carea' id='block_1_73' title="bbox 1853 1903 3453 1985">
    <p class='ocr_par' dir='ltr' id='par_1_73' title="bbox 1853 1903 3453 1985">
     <span class='ocr_line' id='line_1_74' title="bbox 1853 1903 3453 1985; baseline 0.019 -30"><span class='ocrx_word' id='word_1_526' title='bbox 1853 1903 1956 1957; x_wconf 89' lang='lat' dir='ltr'><strong>mis</strong></span> <span class='ocrx_word' id='word_1_527' title='bbox 1981 1908 2165 1961; x_wconf 89' lang='lat' dir='ltr'><strong>multis</strong></span> <span class='ocrx_word' id='word_1_528' title='bbox 2205 1920 2260 1965; x_wconf 88' lang='lat' dir='ltr'><strong>et</strong></span> <span class='ocrx_word' id='word_1_529' title='bbox 2301 1913 2518 1968; x_wconf 91' lang='lat' dir='ltr'><strong>veribus</strong></span> <span class='ocrx_word' id='word_1_530' title='bbox 2546 1926 2839 1975; x_wconf 85' lang='lat' dir='ltr'><strong>exstructa.</strong></span> <span class='ocrx_word' id='word_1_531' title='bbox 2885 1941 2904 1974; x_wconf 75' lang='grc' dir='ltr'><strong><em>ι</em></strong></span> <span class='ocrx_word' id='word_1_532' title='bbox 2941 1923 2998 1978; x_wconf 89' lang='lat' dir='ltr'><strong>In</strong></span> <span class='ocrx_word' id='word_1_533' title='bbox 3026 1927 3262 1982; x_wconf 90' lang='lat' dir='ltr'><strong>animum</strong></span> <span class='ocrx_word' id='word_1_534' title='bbox 3308 1929 3453 1985; x_wconf 90' lang='lat' dir='ltr'><strong>enim</strong></span> 
     </span>
    </p>
   </div>
   <div class='ocr_carea' id='block_1_74' title="bbox 1852 2001 3446 2090">
    <p class='ocr_par' dir='ltr' id='par_1_74' title="bbox 1852 2001 3446 2090">
     <span class='ocr_line' id='line_1_75' title="bbox 1852 2001 3446 2090; baseline 0.017 -41"><span class='ocrx_word' id='word_1_535' title='bbox 1852 2011 1979 2051; x_wconf 89' lang='lat' dir='ltr'><strong>vero</strong></span> <span class='ocrx_word' id='word_1_536' title='bbox 2003 2013 2160 2054; x_wconf 89' lang='lat' dir='ltr'><strong>suum</strong></span> <span class='ocrx_word' id='word_1_537' title='bbox 2188 2001 2443 2061; x_wconf 87' lang='lat' dir='ltr'><strong>inducere</strong></span> <span class='ocrx_word' id='word_1_538' title='bbox 2488 2008 2707 2076; x_wconf 88' lang='lat' dir='ltr'><strong>quidam</strong></span> <span class='ocrx_word' id='word_1_539' title='bbox 2738 2028 2842 2066; x_wconf 91' lang='lat' dir='ltr'><strong>non</strong></span> <span class='ocrx_word' id='word_1_540' title='bbox 2874 2025 3170 2084; x_wconf 90' lang='lat' dir='ltr'><strong>potuerunt</strong></span> <span class='ocrx_word' id='word_1_541' title='bbox 3197 2019 3446 2090; x_wconf 84' lang='lat' dir='ltr'><strong>Dianam,</strong></span> 
     </span>
    </p>
   </div>
   <div class='ocr_carea' id='block_1_75' title="bbox 1850 2093 3453 2171">
    <p class='ocr_par' dir='ltr' id='par_1_75' title="bbox 1850 2093 3453 2171">
     <span class='ocr_line' id='line_1_76' title="bbox 1850 2093 3453 2171; baseline 0.017 -29"><span class='ocrx_word' id='word_1_542' title='bbox 1850 2097 2058 2159; x_wconf 88' lang='lat' dir='ltr'><strong>utpote</strong></span> <span class='ocrx_word' id='word_1_543' title='bbox 2080 2093 2339 2165; x_wconf 84' lang='lat' dir='ltr'><strong>virginem</strong></span> <span class='ocrx_word' id='word_1_544' title='bbox 2360 2139 2376 2164; x_wconf 93' lang='lat'><strong>,</strong></span> <span class='ocrx_word' id='word_1_545' title='bbox 2410 2097 2594 2168; x_wconf 88' lang='lat' dir='ltr'><strong>plures</strong></span> <span class='ocrx_word' id='word_1_546' title='bbox 2624 2103 2877 2162; x_wconf 80' lang='lat' dir='ltr'><strong>habuisse</strong></span> <span class='ocrx_word' id='word_1_547' title='bbox 2922 2124 3204 2167; x_wconf 90' lang='lat' dir='ltr'><strong>mammas.</strong></span> <span class='ocrx_word' id='word_1_548' title='bbox 3252 2113 3453 2171; x_wconf 89' lang='lat' dir='ltr'><strong>Putant</strong></span> 
     </span>
    </p>
   </div>
   <div class='ocr_carea' id='block_1_76' title="bbox 1846 2180 3449 2273">
    <p class='ocr_par' dir='ltr' id='par_1_76' title="bbox 1846 2180 3449 2273">
     <span class='ocr_line' id='line_1_77' title="bbox 1846 2180 3449 2273; baseline 0.019 -39"><span class='ocrx_word' id='word_1_549' title='bbox 1846 2180 2028 2250; x_wconf 88' lang='lat' dir='ltr'><strong>itaque</strong></span> <span class='ocrx_word' id='word_1_550' title='bbox 2056 2185 2360 2244; x_wconf 86' lang='lat' dir='ltr'><strong>addendam</strong></span> <span class='ocrx_word' id='word_1_551' title='bbox 2391 2206 2513 2248; x_wconf 91' lang='lat' dir='ltr'><strong>esse</strong></span> <span class='ocrx_word' id='word_1_552' title='bbox 2539 2209 2750 2261; x_wconf 84' lang='lat' dir='ltr'><strong>vocem,</strong></span> <span class='ocrx_word' id='word_1_553' title='bbox 2784 2216 2804 2251; x_wconf 74' lang='grc' dir='ltr'>ι</span> <span class='ocrx_word' id='word_1_554' title='bbox 2840 2198 3025 2266; x_wconf 88' lang='lat' dir='ltr'><strong>Ceres,</strong></span> <span class='ocrx_word' id='word_1_555' title='bbox 3058 2223 3077 2256; x_wconf 73' lang='grc' dir='ltr'><strong><em>ι</em></strong></span> <span class='ocrx_word' id='word_1_556' title='bbox 3114 2220 3232 2273; x_wconf 65' lang='lat' dir='ltr'><strong>quae</strong></span> <span class='ocrx_word' id='word_1_557' title='bbox 3276 2223 3449 2265; x_wconf 91' lang='lat' dir='ltr'><strong>mam-</strong></span> 
     </span>
    </p>
   </div>
   <div class='ocr_carea' id='block_1_77' title="bbox 1846 2277 3446 2370">
    <p class='ocr_par' dir='ltr' id='par_1_77' title="bbox 1846 2277 3446 2370">
     <span class='ocr_line' id='line_1_78' title="bbox 1846 2277 3446 2370; baseline 0.018 -44"><span class='ocrx_word' id='word_1_558' title='bbox 1846 2287 1996 2328; x_wconf 87' lang='lat' dir='ltr'><strong>mosa</strong></span> <span class='ocrx_word' id='word_1_559' title='bbox 2020 2277 2332 2335; x_wconf 85' lang='lat' dir='ltr'><strong>vocabatur.</strong></span> <span class='ocrx_word' id='word_1_560' title='bbox 2370 2282 2472 2338; x_wconf 79' lang='lat' dir='ltr'><strong>Alii</strong></span> <span class='ocrx_word' id='word_1_561' title='bbox 2517 2297 2698 2341; x_wconf 89' lang='lat' dir='ltr'><strong>autem</strong></span> <span class='ocrx_word' id='word_1_562' title='bbox 2744 2304 2842 2360; x_wconf 90' lang='lat' dir='ltr'><strong>pro</strong></span> <span class='ocrx_word' id='word_1_563' title='bbox 2876 2291 2897 2344; x_wconf 68' lang='grc' dir='ltr'><strong>ἱ</strong></span> <span class='ocrx_word' id='word_1_564' title='bbox 2932 2294 3171 2363; x_wconf 90' lang='lat' dir='ltr'><strong>veribus,</strong></span> <span class='ocrx_word' id='word_1_565' title='bbox 3207 2316 3227 2349; x_wconf 74' lang='grc' dir='ltr'><strong><em>ι</em></strong></span> <span class='ocrx_word' id='word_1_566' title='bbox 3263 2298 3446 2370; x_wconf 88' lang='lat' dir='ltr'><strong>legen-</strong></span> 
     </span>
    </p>
   </div>
   <div class='ocr_carea' id='block_1_78' title="bbox 1845 2364 3447 2449">
    <p class='ocr_par' dir='ltr' id='par_1_78' title="bbox 1845 2364 3447 2449">
     <span class='ocr_line' id='line_1_79' title="bbox 1845 2364 3447 2449; baseline 0.019 -32"><span class='ocrx_word' id='word_1_567' title='bbox 1845 2364 1971 2419; x_wconf 87' lang='lat' dir='ltr'><strong>dum</strong></span> <span class='ocrx_word' id='word_1_568' title='bbox 2001 2379 2279 2426; x_wconf 89' lang='lat' dir='ltr'><strong>autumant.</strong></span> <span class='ocrx_word' id='word_1_569' title='bbox 2314 2392 2333 2425; x_wconf 72' lang='grc' dir='ltr'>ι</span> <span class='ocrx_word' id='word_1_570' title='bbox 2370 2374 2652 2445; x_wconf 86' lang='lat' dir='ltr'><strong>uberibus,</strong></span> <span class='ocrx_word' id='word_1_571' title='bbox 2692 2400 2711 2432; x_wconf 79' lang='grc' dir='ltr'><strong><em>ι</em></strong></span> <span class='ocrx_word' id='word_1_572' title='bbox 2745 2391 2836 2437; x_wconf 90' lang='lat' dir='ltr'><strong>aut</strong></span> <span class='ocrx_word' id='word_1_573' title='bbox 2887 2402 2907 2434; x_wconf 69' lang='grc' dir='ltr'><strong><em>ι</em></strong></span> <span class='ocrx_word' id='word_1_574' title='bbox 2947 2387 3245 2444; x_wconf 87' lang='lat' dir='ltr'><strong>tuberibus.</strong></span> <span class='ocrx_word' id='word_1_575' title='bbox 3287 2364 3447 2449; x_wconf 43' lang='lat' dir='ltr'><strong>{Sed</strong></span> 
     </span>
    </p>
   </div>
   <div class='ocr_carea' id='block_1_79' title="bbox 1844 2454 3447 2551">
    <p class='ocr_par' dir='ltr' id='par_1_79' title="bbox 1844 2454 3447 2551">
     <span class='ocr_line' id='line_1_80' title="bbox 1844 2454 3447 2551; baseline 0.021 -42"><span class='ocrx_word' id='word_1_576' title='bbox 1844 2454 2131 2515; x_wconf 68' lang='lat' dir='ltr'><strong>levissimas</strong></span> <span class='ocrx_word' id='word_1_577' title='bbox 2178 2464 2263 2518; x_wconf 85' lang='lat' dir='ltr'><strong>vel</strong></span> <span class='ocrx_word' id='word_1_578' title='bbox 2306 2466 2480 2533; x_wconf 87' lang='lat' dir='ltr'><strong>potius</strong></span> <span class='ocrx_word' id='word_1_579' title='bbox 2505 2468 2653 2525; x_wconf 67' lang='lat' dir='ltr'><strong>falsae</strong></span> <span class='ocrx_word' id='word_1_580' title='bbox 2692 2484 2816 2528; x_wconf 90' lang='lat' dir='ltr'><strong>sunt</strong></span> <span class='ocrx_word' id='word_1_581' title='bbox 2847 2475 2929 2530; x_wconf 74' lang='lat' dir='ltr'><strong>ha:</strong></span> <span class='ocrx_word' id='word_1_582' title='bbox 2955 2479 3315 2551; x_wconf 68' lang='lat' dir='ltr'><strong>conjectum,</strong></span> <span class='ocrx_word' id='word_1_583' title='bbox 3346 2500 3447 2541; x_wconf 91' lang='lat' dir='ltr'><strong>nec</strong></span> 
     </span>
    </p>
   </div>
   <div class='ocr_carea' id='block_1_80' title="bbox 1843 2551 3442 2648">
    <p class='ocr_par' dir='ltr' id='par_1_80' title="bbox 1843 2551 3442 2648">
     <span class='ocr_line' id='line_1_81' title="bbox 1843 2551 3442 2648; baseline 0.018 -47"><span class='ocrx_word' id='word_1_584' title='bbox 1843 2551 2096 2606; x_wconf 89' lang='lat' dir='ltr'><strong>mutanda</strong></span> <span class='ocrx_word' id='word_1_585' title='bbox 2143 2564 2227 2608; x_wconf 90' lang='lat' dir='ltr'><strong>est</strong></span> <span class='ocrx_word' id='word_1_586' title='bbox 2272 2559 2472 2613; x_wconf 85' lang='lat' dir='ltr'><strong>veteris</strong></span> <span class='ocrx_word' id='word_1_587' title='bbox 2521 2562 2722 2617; x_wconf 88' lang='lat' dir='ltr'><strong>codicis</strong></span> <span class='ocrx_word' id='word_1_588' title='bbox 2762 2568 2930 2622; x_wconf 74' lang='lat' dir='ltr'><strong>nostri</strong></span> <span class='ocrx_word' id='word_1_589' title='bbox 2967 2570 3143 2626; x_wconf 88' lang='lat' dir='ltr'><strong>lectio.</strong></span> <span class='ocrx_word' id='word_1_590' title='bbox 3174 2573 3442 2648; x_wconf 82' lang='lat' dir='ltr'><strong>Hierony-</strong></span> 
     </span>
    </p>
   </div>
   <div class='ocr_carea' id='block_1_81' title="bbox 1842 2645 3428 2734">
    <p class='ocr_par' dir='ltr' id='par_1_81' title="bbox 1842 2645 3428 2734">
     <span class='ocr_line' id='line_1_82' title="bbox 1842 2645 3428 2734; baseline 0.019 -40"><span class='ocrx_word' id='word_1_591' title='bbox 1842 2656 1962 2695; x_wconf 87' lang='lat' dir='ltr'><strong>mus</strong></span> <span class='ocrx_word' id='word_1_592' title='bbox 1987 2645 2249 2714; x_wconf 84' lang='lat' dir='ltr'><strong>siquidem</strong></span> <span class='ocrx_word' id='word_1_593' title='bbox 2274 2648 2325 2703; x_wconf 90' lang='lat' dir='ltr'><strong>in</strong></span> <span class='ocrx_word' id='word_1_594' title='bbox 2353 2664 2453 2706; x_wconf 91' lang='lat' dir='ltr'><strong>suo</strong></span> <span class='ocrx_word' id='word_1_595' title='bbox 2479 2652 2528 2706; x_wconf 92' lang='lat' dir='ltr'><strong>iu</strong></span> <span class='ocrx_word' id='word_1_596' title='bbox 2564 2652 2715 2709; x_wconf 86' lang='lat' dir='ltr'><strong>Pauli</strong></span> <span class='ocrx_word' id='word_1_597' title='bbox 2738 2657 2804 2710; x_wconf 89' lang='lat' dir='ltr'><strong>ad</strong></span> <span class='ocrx_word' id='word_1_598' title='bbox 2836 2657 3104 2728; x_wconf 87' lang='lat' dir='ltr'><strong>Ephesios</strong></span> <span class='ocrx_word' id='word_1_599' title='bbox 3130 2645 3428 2734; x_wconf 82' lang='lat' dir='ltr'><strong>Epistulam</strong></span> 
     </span>
    </p>
   </div>
   <div class='ocr_carea' id='block_1_82' title="bbox 1841 2740 3443 2816">
    <p class='ocr_par' dir='ltr' id='par_1_82' title="bbox 1841 2740 3443 2816">
     <span class='ocr_line' id='line_1_83' title="bbox 1841 2740 3443 2816; baseline 0.017 -27"><span class='ocrx_word' id='word_1_600' title='bbox 1841 2740 2226 2792; x_wconf 85' lang='lat' dir='ltr'><strong>commentario</strong></span> <span class='ocrx_word' id='word_1_601' title='bbox 2278 2740 2391 2796; x_wconf 79' lang='lat' dir='ltr'><strong>haec</strong></span> <span class='ocrx_word' id='word_1_602' title='bbox 2429 2743 2497 2798; x_wconf 90' lang='lat' dir='ltr'><strong>de</strong></span> <span class='ocrx_word' id='word_1_603' title='bbox 2543 2753 2769 2815; x_wconf 91' lang='lat' dir='ltr'><strong>utraque</strong></span> <span class='ocrx_word' id='word_1_604' title='bbox 2820 2750 3008 2816; x_wconf 89' lang='lat' dir='ltr'><strong>Diana,</strong></span> <span class='ocrx_word' id='word_1_605' title='bbox 3054 2762 3111 2809; x_wconf 89' lang='lat' dir='ltr'><strong>et</strong></span> <span class='ocrx_word' id='word_1_606' title='bbox 3166 2758 3274 2813; x_wconf 87' lang='lat' dir='ltr'><strong>alte</strong></span> <span class='ocrx_word' id='word_1_607' title='bbox 3320 2774 3443 2816; x_wconf 86' lang='lat' dir='ltr'><strong>suc-</strong></span> 
     </span>
    </p>
   </div>
   <div class='ocr_carea' id='block_1_83' title="bbox 1840 2818 3444 2922">
    <p class='ocr_par' dir='ltr' id='par_1_83' title="bbox 1840 2818 3444 2922">
     <span class='ocr_line' id='line_1_84' title="bbox 1840 2818 3444 2922; baseline 0.015 -38"><span class='ocrx_word' id='word_1_608' title='bbox 1840 2829 2045 2898; x_wconf 87' lang='lat' dir='ltr'><strong>cincta,</strong></span> <span class='ocrx_word' id='word_1_609' title='bbox 2078 2818 2455 2891; x_wconf 29' lang='lat' dir='ltr'><strong>et&#39;mammosa</strong></span> <span class='ocrx_word' id='word_1_610' title='bbox 2489 2838 2747 2896; x_wconf 87' lang='lat' dir='ltr'><strong>tradidit:</strong></span> <span class='ocrx_word' id='word_1_611' title='bbox 2782 2861 2801 2893; x_wconf 76' lang='grc' dir='ltr'>ι</span> <span class='ocrx_word' id='word_1_612' title='bbox 2838 2841 3122 2903; x_wconf 87' lang='lat' dir='ltr'><strong>Scribebat</strong></span> <span class='ocrx_word' id='word_1_613' title='bbox 3163 2850 3229 2904; x_wconf 89' lang='lat' dir='ltr'><strong>ad</strong></span> <span class='ocrx_word' id='word_1_614' title='bbox 3263 2850 3444 2922; x_wconf 67' lang='lat' dir='ltr'><strong>Ephe-</strong></span> 
     </span>
    </p>
   </div>
   <div class='ocr_carea' id='block_1_84' title="bbox 1839 2923 3441 3014">
    <p class='ocr_par' dir='ltr' id='par_1_84' title="bbox 1839 2923 3441 3014">
     <span class='ocr_line' id='line_1_85' title="bbox 1839 2923 3441 3014; baseline 0.014 -38"><span class='ocrx_word' id='word_1_615' title='bbox 1839 2923 1949 2977; x_wconf 87' lang='lat' dir='ltr'><strong>sios</strong></span> <span class='ocrx_word' id='word_1_616' title='bbox 1979 2924 2198 2980; x_wconf 89' lang='lat' dir='ltr'><strong>Dianam</strong></span> <span class='ocrx_word' id='word_1_617' title='bbox 2226 2927 2501 2994; x_wconf 86' lang='lat' dir='ltr'><strong>colentes,</strong></span> <span class='ocrx_word' id='word_1_618' title='bbox 2555 2947 2659 2986; x_wconf 91' lang='lat' dir='ltr'><strong>non</strong></span> <span class='ocrx_word' id='word_1_619' title='bbox 2719 2933 2859 2990; x_wconf 88' lang='lat' dir='ltr'><strong>hanc</strong></span> <span class='ocrx_word' id='word_1_620' title='bbox 2902 2940 3263 3007; x_wconf 88' lang='lat' dir='ltr'><strong>venatricem,</strong></span> <span class='ocrx_word' id='word_1_621' title='bbox 3319 2957 3441 3014; x_wconf 73' lang='lat' dir='ltr'><strong>qua:</strong></span> 
     </span>
    </p>
   </div>
   <div class='ocr_carea' id='block_1_85' title="bbox 1838 3024 3441 3092">
    <p class='ocr_par' dir='ltr' id='par_1_85' title="bbox 1838 3024 3441 3092">
     <span class='ocr_line' id='line_1_86' title="bbox 1838 3024 3441 3092; baseline 0.014 -23"><span class='ocrx_word' id='word_1_622' title='bbox 1838 3030 2020 3071; x_wconf 89' lang='lat' dir='ltr'><strong>arcum</strong></span> <span class='ocrx_word' id='word_1_623' title='bbox 2053 3027 2218 3086; x_wconf 89' lang='lat' dir='ltr'><strong>tenet,</strong></span> <span class='ocrx_word' id='word_1_624' title='bbox 2254 3029 2308 3075; x_wconf 91' lang='lat' dir='ltr'><strong>et</strong></span> <span class='ocrx_word' id='word_1_625' title='bbox 2338 3024 2609 3079; x_wconf 85' lang='lat' dir='ltr'><strong>succincta</strong></span> <span class='ocrx_word' id='word_1_626' title='bbox 2642 3034 2760 3092; x_wconf 89' lang='lat' dir='ltr'><strong>est,</strong></span> <span class='ocrx_word' id='word_1_627' title='bbox 2812 3029 2905 3083; x_wconf 88' lang='lat' dir='ltr'><strong>sed</strong></span> <span class='ocrx_word' id='word_1_628' title='bbox 2938 3030 3082 3085; x_wconf 83' lang='lat' dir='ltr'><strong>illam</strong></span> <span class='ocrx_word' id='word_1_629' title='bbox 3114 3034 3441 3091; x_wconf 89' lang='lat' dir='ltr'><strong>multimam-</strong></span> 
     </span>
    </p>
   </div>
   <div class='ocr_carea' id='block_1_86' title="bbox 1837 3110 3439 3190">
    <p class='ocr_par' dir='ltr' id='par_1_86' title="bbox 1837 3110 3439 3190">
     <span class='ocr_line' id='line_1_87' title="bbox 1837 3110 3439 3190; baseline 0.014 -27"><span class='ocrx_word' id='word_1_630' title='bbox 1837 3110 2017 3177; x_wconf 88' lang='lat' dir='ltr'><strong>miam,</strong></span> <span class='ocrx_word' id='word_1_631' title='bbox 2050 3128 2209 3183; x_wconf 87' lang='lat' dir='ltr'><strong>quam</strong></span> <span class='ocrx_word' id='word_1_632' title='bbox 2238 3113 2411 3170; x_wconf 59' lang='lat' dir='ltr'><strong>Grieci</strong></span> <span class='ocrx_word' id='word_1_633' title='bbox 2454 3120 2762 3187; x_wconf 76' lang='grc' dir='ltr'><strong>πολύμαστον</strong></span> <span class='ocrx_word' id='word_1_634' title='bbox 2796 3133 3028 3190; x_wconf 86' lang='lat' dir='ltr'><strong>vocant;</strong></span> <span class='ocrx_word' id='word_1_635' title='bbox 3057 3128 3345 3183; x_wconf 78' lang='lat' dir='ltr'><strong>utSt-ilicet</strong></span> <span class='ocrx_word' id='word_1_636' title='bbox 3371 3145 3439 3186; x_wconf 80' lang='lat' dir='ltr'><strong>ex</strong></span> 
     </span>
    </p>
   </div>
   <div class='ocr_carea' id='block_1_87' title="bbox 1836 3201 3434 3277">
    <p class='ocr_par' dir='ltr' id='par_1_87' title="bbox 1836 3201 3434 3277">
     <span class='ocr_line' id='line_1_88' title="bbox 1836 3201 3434 3277; baseline 0.014 -23"><span class='ocrx_word' id='word_1_637' title='bbox 1836 3201 1949 3270; x_wconf 89' lang='lat' dir='ltr'><strong>ipsa</strong></span> <span class='ocrx_word' id='word_1_638' title='bbox 1980 3218 2195 3274; x_wconf 90' lang='lat' dir='ltr'><strong>quoque</strong></span> <span class='ocrx_word' id='word_1_639' title='bbox 2223 3205 2405 3277; x_wconf 83' lang='lat' dir='ltr'><strong>etﬁgie</strong></span> <span class='ocrx_word' id='word_1_640' title='bbox 2447 3211 2803 3268; x_wconf 85' lang='lat' dir='ltr'><strong>mentirentur</strong></span> <span class='ocrx_word' id='word_1_641' title='bbox 2849 3216 3091 3271; x_wconf 89' lang='lat' dir='ltr'><strong>omnium</strong></span> <span class='ocrx_word' id='word_1_642' title='bbox 3143 3218 3434 3277; x_wconf 85' lang='lat' dir='ltr'><strong>bestiarum</strong></span> 
     </span>
    </p>
   </div>
   <div class='ocr_carea' id='block_1_88' title="bbox 1835 3294 3437 3381">
    <p class='ocr_par' dir='ltr' id='par_1_88' title="bbox 1835 3294 3437 3381">
     <span class='ocr_line' id='line_1_89' title="bbox 1835 3294 3437 3381; baseline 0.014 -34"><span class='ocrx_word' id='word_1_643' title='bbox 1835 3300 1889 3347; x_wconf 87' lang='lat' dir='ltr'><strong>et</strong></span> <span class='ocrx_word' id='word_1_644' title='bbox 1928 3294 2222 3349; x_wconf 83' lang='lat' dir='ltr'><strong>viventium</strong></span> <span class='ocrx_word' id='word_1_645' title='bbox 2273 3312 2397 3353; x_wconf 89' lang='lat' dir='ltr'><strong>esse</strong></span> <span class='ocrx_word' id='word_1_646' title='bbox 2444 3309 2689 3357; x_wconf 89' lang='lat' dir='ltr'><strong>naturam</strong></span> <span class='ocrx_word' id='word_1_647' title='bbox 2725 3322 2745 3356; x_wconf 71' lang='grc' dir='ltr'><strong><em>ι</em></strong></span> <span class='ocrx_word' id='word_1_648' title='bbox 2779 3303 3108 3380; x_wconf 83' lang='lat' dir='ltr'><strong>(Hierougm.</strong></span> <span class='ocrx_word' id='word_1_649' title='bbox 3144 3327 3334 3381; x_wconf 82' lang='lat' dir='ltr'><strong>praeut.</strong></span> <span class='ocrx_word' id='word_1_650' title='bbox 3367 3314 3437 3369; x_wconf 85' lang='lat' dir='ltr'><strong>ad</strong></span> 
     </span>
    </p>
   </div>
   <div class='ocr_carea' id='block_1_89' title="bbox 1832 3382 2550 3464">
    <p class='ocr_par' dir='ltr' id='par_1_89' title="bbox 1832 3382 2550 3464">
     <span class='ocr_line' id='line_1_90' title="bbox 1832 3382 2550 3464; baseline 0.015 -28"><span class='ocrx_word' id='word_1_651' title='bbox 1832 3382 2002 3453; x_wconf 80' lang='lat' dir='ltr'><strong>Epist.</strong></span> <span class='ocrx_word' id='word_1_652' title='bbox 2042 3386 2197 3442; x_wconf 83' lang='lat' dir='ltr'><strong>Pauli</strong></span> <span class='ocrx_word' id='word_1_653' title='bbox 2222 3392 2291 3443; x_wconf 85' lang='lat' dir='ltr'><strong>ad</strong></span> <span class='ocrx_word' id='word_1_654' title='bbox 2316 3390 2550 3464; x_wconf 83' lang='lat' dir='ltr'><strong>Epltes.).</strong></span> 
     </span>
    </p>
   </div>
   <div class='ocr_carea' id='block_1_90' title="bbox 1903 3477 3430 3564">
    <p class='ocr_par' dir='ltr' id='par_1_90' title="bbox 1903 3477 3430 3564">
     <span class='ocr_line' id='line_1_91' title="bbox 1903 3477 3430 3564; baseline 0.016 -32"><span class='ocrx_word' id='word_1_655' title='bbox 1903 3477 2086 3548; x_wconf 87' lang='lat' dir='ltr'><strong>Neque</strong></span> <span class='ocrx_word' id='word_1_656' title='bbox 2110 3497 2300 3551; x_wconf 85' lang='lat' dir='ltr'><strong>urgeas</strong></span> <span class='ocrx_word' id='word_1_657' title='bbox 2329 3483 2717 3558; x_wconf 83' lang='lat' dir='ltr'><strong>Hieronymum</strong></span> <span class='ocrx_word' id='word_1_658' title='bbox 2748 3489 2820 3546; x_wconf 91' lang='lat' dir='ltr'><strong>ibi</strong></span> <span class='ocrx_word' id='word_1_659' title='bbox 2847 3494 3000 3564; x_wconf 86' lang='lat' dir='ltr'><strong>sequi</strong></span> <span class='ocrx_word' id='word_1_660' title='bbox 3025 3506 3295 3553; x_wconf 87' lang='lat' dir='ltr'><strong>errantem</strong></span> <span class='ocrx_word' id='word_1_661' title='bbox 3327 3499 3430 3556; x_wconf 85' lang='lat' dir='ltr'><strong>Mi-</strong></span> 
     </span>
    </p>
   </div>
   <div class='ocr_carea' id='block_1_91' title="bbox 1829 3569 3432 3659">
    <p class='ocr_par' dir='ltr' id='par_1_91' title="bbox 1829 3569 3432 3659">
     <span class='ocr_line' id='line_1_92' title="bbox 1829 3569 3432 3659; baseline 0.017 -38"><span class='ocrx_word' id='word_1_662' title='bbox 1829 3569 2044 3624; x_wconf 90' lang='lat' dir='ltr'><strong>nucium</strong></span> <span class='ocrx_word' id='word_1_663' title='bbox 2073 3582 2337 3637; x_wconf 87' lang='lat' dir='ltr'><strong>nostrum.</strong></span> <span class='ocrx_word' id='word_1_664' title='bbox 2368 3585 2532 3647; x_wconf 88' lang='lat' dir='ltr'><strong>atque</strong></span> <span class='ocrx_word' id='word_1_665' title='bbox 2562 3583 2615 3633; x_wconf 90' lang='lat' dir='ltr'><strong>in</strong></span> <span class='ocrx_word' id='word_1_666' title='bbox 2639 3583 2891 3637; x_wconf 90' lang='lat' dir='ltr'><strong>eumdem</strong></span> <span class='ocrx_word' id='word_1_667' title='bbox 2919 3585 3207 3659; x_wconf 79' lang='lat' dir='ltr'><strong>impegisse</strong></span> <span class='ocrx_word' id='word_1_668' title='bbox 3228 3590 3432 3651; x_wconf 83' lang='lat' dir='ltr'><strong>erroris</strong></span> 
     </span>
    </p>
   </div>
   <div class='ocr_carea' id='block_1_92' title="bbox 1828 3664 3428 3757">
    <p class='ocr_par' dir='ltr' id='par_1_92' title="bbox 1828 3664 3428 3757">
     <span class='ocr_line' id='line_1_93' title="bbox 1828 3664 3428 3757; baseline 0.019 -42"><span class='ocrx_word' id='word_1_669' title='bbox 1828 3664 2127 3731; x_wconf 84' lang='lat' dir='ltr'><strong>scapulum.</strong></span> <span class='ocrx_word' id='word_1_670' title='bbox 2188 3667 2405 3724; x_wconf 88' lang='lat' dir='ltr'><strong>Certum</strong></span> <span class='ocrx_word' id='word_1_671' title='bbox 2473 3674 2672 3744; x_wconf 85' lang='lat' dir='ltr'><strong>quippe</strong></span> <span class='ocrx_word' id='word_1_672' title='bbox 2729 3685 2807 3731; x_wconf 82' lang='lat' dir='ltr'><strong>est</strong></span> <span class='ocrx_word' id='word_1_673' title='bbox 2878 3692 3126 3738; x_wconf 90' lang='lat' dir='ltr'><strong>neutrum</strong></span> <span class='ocrx_word' id='word_1_674' title='bbox 3171 3701 3428 3757; x_wconf 87' lang='lat' dir='ltr'><strong>errasse;</strong></span> 
     </span>
    </p>
   </div>
   <div class='ocr_carea' id='block_1_93' title="bbox 1827 3757 3429 3841">
    <p class='ocr_par' dir='ltr' id='par_1_93' title="bbox 1827 3757 3429 3841">
     <span class='ocr_line' id='line_1_94' title="bbox 1827 3757 3429 3841; baseline 0.018 -34"><span class='ocrx_word' id='word_1_675' title='bbox 1827 3757 2258 3827; x_wconf 81' lang='lat' dir='ltr'><strong>quandoquidem</strong></span> <span class='ocrx_word' id='word_1_676' title='bbox 2308 3772 2522 3818; x_wconf 89' lang='lat' dir='ltr'><strong>constat</strong></span> <span class='ocrx_word' id='word_1_677' title='bbox 2577 3765 2802 3823; x_wconf 88' lang='lat' dir='ltr'><strong>Dianam</strong></span> <span class='ocrx_word' id='word_1_678' title='bbox 2844 3770 3134 3841; x_wconf 74' lang='lat' dir='ltr'><strong>Ephesium</strong></span> <span class='ocrx_word' id='word_1_679' title='bbox 3165 3792 3195 3830; x_wconf 91' lang='lat' dir='ltr'><strong>a</strong></span> <span class='ocrx_word' id='word_1_680' title='bbox 3243 3780 3429 3836; x_wconf 88' lang='lat' dir='ltr'><strong>multis</strong></span> 
     </span>
    </p>
   </div>
   <div class='ocr_carea' id='block_1_94' title="bbox 1826 3851 3429 3936">
    <p class='ocr_par' dir='ltr' id='par_1_94' title="bbox 1826 3851 3429 3936">
     <span class='ocr_line' id='line_1_95' title="bbox 1826 3851 3429 3936; baseline 0.017 -37"><span class='ocrx_word' id='word_1_681' title='bbox 1826 3851 2139 3917; x_wconf 88' lang='lat' dir='ltr'><strong>memorari,</strong></span> <span class='ocrx_word' id='word_1_682' title='bbox 2165 3852 2319 3923; x_wconf 91' lang='lat' dir='ltr'><strong>cujus</strong></span> <span class='ocrx_word' id='word_1_683' title='bbox 2345 3855 2762 3914; x_wconf 89' lang='lat' dir='ltr'><strong>celeberrimum</strong></span> <span class='ocrx_word' id='word_1_684' title='bbox 2795 3863 2937 3931; x_wconf 90' lang='lat' dir='ltr'><strong>apud</strong></span> <span class='ocrx_word' id='word_1_685' title='bbox 2983 3865 3247 3936; x_wconf 80' lang='lat' dir='ltr'><strong>Ephesios</strong></span> <span class='ocrx_word' id='word_1_686' title='bbox 3295 3881 3429 3925; x_wconf 88' lang='lat' dir='ltr'><strong>lem-</strong></span> 
     </span>
    </p>
   </div>
   <div class='ocr_carea' id='block_1_95' title="bbox 1824 3939 3427 4029">
    <p class='ocr_par' dir='ltr' id='par_1_95' title="bbox 1824 3939 3427 4029">
     <span class='ocr_line' id='line_1_96' title="bbox 1824 3939 3427 4029; baseline 0.016 -38"><span class='ocrx_word' id='word_1_687' title='bbox 1824 3939 1971 4007; x_wconf 86' lang='lat' dir='ltr'><strong>plum</strong></span> <span class='ocrx_word' id='word_1_688' title='bbox 2005 3942 2167 4000; x_wconf 82' lang='lat' dir='ltr'><strong>luisse</strong></span> <span class='ocrx_word' id='word_1_689' title='bbox 2191 3946 2369 4001; x_wconf 85' lang='lat' dir='ltr'><strong>nullus</strong></span> <span class='ocrx_word' id='word_1_690' title='bbox 2397 3948 2628 4019; x_wconf 88' lang='lat' dir='ltr'><strong>ignorat.</strong></span> <span class='ocrx_word' id='word_1_691' title='bbox 2662 3953 2824 4023; x_wconf 86' lang='lat' dir='ltr'><strong>Atqui</strong></span> <span class='ocrx_word' id='word_1_692' title='bbox 2850 3954 2969 4024; x_wconf 88' lang='lat' dir='ltr'><strong>ejus</strong></span> <span class='ocrx_word' id='word_1_693' title='bbox 3008 3958 3214 4029; x_wconf 77' lang='lat' dir='ltr'><strong>efﬁgies</strong></span> <span class='ocrx_word' id='word_1_694' title='bbox 3243 3960 3427 4017; x_wconf 88' lang='lat' dir='ltr'><strong>multis</strong></span> 
     </span>
    </p>
   </div>
   <div class='ocr_carea' id='block_1_96' title="bbox 1823 4039 3421 4117">
    <p class='ocr_par' dir='ltr' id='par_1_96' title="bbox 1823 4039 3421 4117">
     <span class='ocr_line' id='line_1_97' title="bbox 1823 4039 3421 4117; baseline 0.014 -32"><span class='ocrx_word' id='word_1_695' title='bbox 1823 4045 1943 4086; x_wconf 90' lang='lat' dir='ltr'><strong>cum</strong></span> <span class='ocrx_word' id='word_1_696' title='bbox 2001 4039 2245 4093; x_wconf 90' lang='lat' dir='ltr'><strong>mammis</strong></span> <span class='ocrx_word' id='word_1_697' title='bbox 2293 4039 2402 4094; x_wconf 92' lang='lat' dir='ltr'><strong>illic</strong></span> <span class='ocrx_word' id='word_1_698' title='bbox 2454 4045 2967 4113; x_wconf 65' lang='lat' dir='ltr'><strong>repraesentabatur,</strong></span> <span class='ocrx_word' id='word_1_699' title='bbox 3026 4047 3102 4102; x_wconf 87' lang='lat' dir='ltr'><strong>uti</strong></span> <span class='ocrx_word' id='word_1_700' title='bbox 3150 4058 3298 4117; x_wconf 85' lang='lat' dir='ltr'><strong>patet</strong></span> <span class='ocrx_word' id='word_1_701' title='bbox 3351 4065 3421 4106; x_wconf 83' lang='lat' dir='ltr'><strong>ex</strong></span> 
     </span>
    </p>
   </div>
   <div class='ocr_carea' id='block_1_97' title="bbox 1818 4125 3423 4210">
    <p class='ocr_par' dir='ltr' id='par_1_97' title="bbox 1818 4125 3423 4210">
     <span class='ocr_line' id='line_1_98' title="bbox 1818 4125 3423 4210; baseline 0.014 -33"><span class='ocrx_word' id='word_1_702' title='bbox 1818 4125 1982 4179; x_wconf 85' lang='lat' dir='ltr'><strong>variis</strong></span> <span class='ocrx_word' id='word_1_703' title='bbox 2012 4126 2152 4183; x_wconf 91' lang='lat' dir='ltr'><strong>illius</strong></span> <span class='ocrx_word' id='word_1_704' title='bbox 2193 4130 2493 4186; x_wconf 89' lang='lat' dir='ltr'><strong>simulacris</strong></span> <span class='ocrx_word' id='word_1_705' title='bbox 2531 4142 2584 4187; x_wconf 90' lang='lat' dir='ltr'><strong>et</strong></span> <span class='ocrx_word' id='word_1_706' title='bbox 2629 4134 2949 4205; x_wconf 87' lang='lat' dir='ltr'><strong>imaginibus</strong></span> <span class='ocrx_word' id='word_1_707' title='bbox 2984 4179 2998 4204; x_wconf 96' lang='lat'><strong>,</strong></span> <span class='ocrx_word' id='word_1_708' title='bbox 3048 4154 3169 4210; x_wconf 64' lang='lat' dir='ltr'><strong>quas</strong></span> <span class='ocrx_word' id='word_1_709' title='bbox 3218 4157 3247 4195; x_wconf 90' lang='lat' dir='ltr'><strong>a</strong></span> <span class='ocrx_word' id='word_1_710' title='bbox 3299 4142 3423 4198; x_wconf 89' lang='lat' dir='ltr'><strong>Fri-</strong></span> 
     </span>
    </p>
   </div>
   <div class='ocr_carea' id='block_1_98' title="bbox 1819 4215 3421 4302">
    <p class='ocr_par' dir='ltr' id='par_1_98' title="bbox 1819 4215 3421 4302">
     <span class='ocr_line' id='line_1_99' title="bbox 1819 4215 3421 4302; baseline 0.013 -32"><span class='ocrx_word' id='word_1_711' title='bbox 1819 4215 2006 4272; x_wconf 89' lang='lat' dir='ltr'><strong>derico</strong></span> <span class='ocrx_word' id='word_1_712' title='bbox 2038 4217 2302 4274; x_wconf 88' lang='lat' dir='ltr'><strong>Ubaldiuo</strong></span> <span class='ocrx_word' id='word_1_713' title='bbox 2334 4224 2384 4276; x_wconf 92' lang='lat' dir='ltr'><strong>in</strong></span> <span class='ocrx_word' id='word_1_714' title='bbox 2415 4238 2517 4278; x_wconf 91' lang='lat' dir='ltr'><strong>suo</strong></span> <span class='ocrx_word' id='word_1_715' title='bbox 2546 4225 2613 4279; x_wconf 92' lang='lat' dir='ltr'><strong>de</strong></span> <span class='ocrx_word' id='word_1_716' title='bbox 2642 4226 2937 4296; x_wconf 85' lang='lat' dir='ltr'><strong>symbolica</strong></span> <span class='ocrx_word' id='word_1_717' title='bbox 2967 4230 3147 4288; x_wconf 71' lang='lat' dir='ltr'><strong>Diana:</strong></span> <span class='ocrx_word' id='word_1_718' title='bbox 3172 4233 3421 4302; x_wconf 73' lang='lat' dir='ltr'><strong>Ephesiae</strong></span> 
     </span>
    </p>
   </div>
   <div class='ocr_carea' id='block_1_99' title="bbox 1818 4311 3413 4392">
    <p class='ocr_par' dir='ltr' id='par_1_99' title="bbox 1818 4311 3413 4392">
     <span class='ocr_line' id='line_1_100' title="bbox 1818 4311 3413 4392; baseline 0.014 -30"><span class='ocrx_word' id='word_1_719' title='bbox 1818 4318 1992 4364; x_wconf 89' lang='lat' dir='ltr'><strong>statua</strong></span> <span class='ocrx_word' id='word_1_720' title='bbox 2024 4311 2267 4380; x_wconf 79' lang='lat' dir='ltr'><strong>exposita</strong></span> <span class='ocrx_word' id='word_1_721' title='bbox 2288 4320 2541 4379; x_wconf 84' lang='lat' dir='ltr'><strong>tractatu,</strong></span> <span class='ocrx_word' id='word_1_722' title='bbox 2569 4315 2891 4373; x_wconf 81' lang='lat' dir='ltr'><strong>exhibentur</strong></span> <span class='ocrx_word' id='word_1_723' title='bbox 2916 4318 3089 4391; x_wconf 86' lang='lat' dir='ltr'><strong>(Tant.</strong></span> <span class='ocrx_word' id='word_1_724' title='bbox 3118 4339 3215 4392; x_wconf 80' lang='lat' dir='ltr'><strong>vit,</strong></span> <span class='ocrx_word' id='word_1_725' title='bbox 3247 4324 3413 4384; x_wconf 74' lang='lat' dir='ltr'><strong>erc.</strong></span> 
     </span>
    </p>
   </div>
   <div class='ocr_carea' id='block_1_100' title="bbox 1817 4404 2398 4477">
    <p class='ocr_par' dir='ltr' id='par_1_100' title="bbox 1817 4404 2398 4477">
     <span class='ocr_line' id='line_1_101' title="bbox 1817 4404 2398 4477; baseline 0.007 -19"><span class='ocrx_word' id='word_1_726' title='bbox 1817 4404 2065 4476; x_wconf 80' lang='lat' dir='ltr'><strong>Antiquit.</strong></span> <span class='ocrx_word' id='word_1_727' title='bbox 2099 4423 2215 4477; x_wconf 85' lang='lat' dir='ltr'><strong>pag.</strong></span> <span class='ocrx_word' id='word_1_728' title='bbox 2246 4405 2398 4477; x_wconf 73' lang='grc'>564).</span> 
     </span>
    </p>
   </div>
   <div class='ocr_carea' id='block_1_101' title="bbox 1890 4498 3418 4575">
    <p class='ocr_par' dir='ltr' id='par_1_101' title="bbox 1890 4498 3418 4575">
     <span class='ocr_line' id='line_1_102' title="bbox 1890 4498 3418 4575; baseline 0.013 -22"><span class='ocrx_word' id='word_1_729' title='bbox 1890 4498 2001 4555; x_wconf 86' lang='lat' dir='ltr'><strong>Nec</strong></span> <span class='ocrx_word' id='word_1_730' title='bbox 2023 4500 2199 4554; x_wconf 88' lang='lat' dir='ltr'><strong>minus</strong></span> <span class='ocrx_word' id='word_1_731' title='bbox 2226 4508 2439 4556; x_wconf 87' lang='lat' dir='ltr'><strong>constat</strong></span> <span class='ocrx_word' id='word_1_732' title='bbox 2468 4500 2566 4559; x_wconf 88' lang='lat' dir='ltr'><strong>has</strong></span> <span class='ocrx_word' id='word_1_733' title='bbox 2598 4503 2813 4575; x_wconf 65' lang='lat' dir='ltr'><strong>Dianae,</strong></span> <span class='ocrx_word' id='word_1_734' title='bbox 2857 4507 2995 4564; x_wconf 90' lang='lat' dir='ltr'><strong>sicut</strong></span> <span class='ocrx_word' id='word_1_735' title='bbox 3025 4519 3079 4567; x_wconf 89' lang='lat' dir='ltr'><strong>et</strong></span> <span class='ocrx_word' id='word_1_736' title='bbox 3111 4512 3248 4570; x_wconf 85' lang='lat' dir='ltr'><strong>alias</strong></span> <span class='ocrx_word' id='word_1_737' title='bbox 3285 4514 3418 4572; x_wconf 89' lang='lat' dir='ltr'><strong>deo-</strong></span> 
     </span>
    </p>
   </div>
   <div class='ocr_carea' id='block_1_102' title="bbox 1732 4595 3415 4667">
    <p class='ocr_par' dir='ltr' id='par_1_102' title="bbox 1732 4595 3415 4667">
     <span class='ocr_line' id='line_1_103' title="bbox 1732 4595 3415 4667; baseline 0.012 -21"><span class='ocrx_word' id='word_1_738' title='bbox 1732 4602 1788 4663; x_wconf 79' lang='lat' dir='ltr'><strong>D</strong></span> <span class='ocrx_word' id='word_1_739' title='bbox 1814 4608 1930 4648; x_wconf 90' lang='lat' dir='ltr'><strong>rum</strong></span> <span class='ocrx_word' id='word_1_740' title='bbox 1954 4601 2158 4648; x_wconf 88' lang='lat' dir='ltr'><strong>statuas</strong></span> <span class='ocrx_word' id='word_1_741' title='bbox 2182 4595 2348 4649; x_wconf 90' lang='lat' dir='ltr'><strong>rectis</strong></span> <span class='ocrx_word' id='word_1_742' title='bbox 2395 4609 2457 4650; x_wconf 93' lang='lat' dir='ltr'><strong>ac</strong></span> <span class='ocrx_word' id='word_1_743' title='bbox 2503 4600 2827 4656; x_wconf 85' lang='lat' dir='ltr'><strong>transversis</strong></span> <span class='ocrx_word' id='word_1_744' title='bbox 2869 4612 3198 4663; x_wconf 83' lang='lat' dir='ltr'><strong>sustentatas</strong></span> <span class='ocrx_word' id='word_1_745' title='bbox 3246 4608 3415 4667; x_wconf 79' lang='lat' dir='ltr'><strong>fuisse</strong></span> 
     </span>
    </p>
   </div>
   <div class='ocr_carea' id='block_1_103' title="bbox 1815 4687 3411 4774">
    <p class='ocr_par' dir='ltr' id='par_1_103' title="bbox 1815 4687 3411 4774">
     <span class='ocr_line' id='line_1_104' title="bbox 1815 4687 3411 4774; baseline 0.012 -34"><span class='ocrx_word' id='word_1_746' title='bbox 1815 4687 2081 4752; x_wconf 90' lang='lat' dir='ltr'><strong>verubus,</strong></span> <span class='ocrx_word' id='word_1_747' title='bbox 2127 4704 2245 4759; x_wconf 66' lang='lat' dir='ltr'><strong>quae</strong></span> <span class='ocrx_word' id='word_1_748' title='bbox 2290 4690 2686 4757; x_wconf 87' lang='lat' dir='ltr'><strong>sustentacula,</strong></span> <span class='ocrx_word' id='word_1_749' title='bbox 2740 4702 2795 4749; x_wconf 90' lang='lat' dir='ltr'><strong>et</strong></span> <span class='ocrx_word' id='word_1_750' title='bbox 2835 4694 3041 4767; x_wconf 82' lang='lat' dir='ltr'><strong>fulcra,</strong></span> <span class='ocrx_word' id='word_1_751' title='bbox 3095 4714 3191 4756; x_wconf 87' lang='lat' dir='ltr'><strong>seu</strong></span> <span class='ocrx_word' id='word_1_752' title='bbox 3245 4703 3411 4774; x_wconf 76' lang='lat' dir='ltr'><strong>virga:</strong></span> 
     </span>
    </p>
   </div>
   <div class='ocr_carea' id='block_1_104' title="bbox 1813 4780 3411 4861">
    <p class='ocr_par' dir='ltr' id='par_1_104' title="bbox 1813 4780 3411 4861">
     <span class='ocr_line' id='line_1_105' title="bbox 1813 4780 3411 4861; baseline 0.01 -26"><span class='ocrx_word' id='word_1_753' title='bbox 1813 4780 2004 4836; x_wconf 66' lang='lat' dir='ltr'><strong>ferrem</strong></span> <span class='ocrx_word' id='word_1_754' title='bbox 2056 4791 2227 4837; x_wconf 87' lang='lat' dir='ltr'><strong>erant.</strong></span> <span class='ocrx_word' id='word_1_755' title='bbox 2277 4780 2412 4838; x_wconf 82' lang='lat' dir='ltr'><strong>Nam</strong></span> <span class='ocrx_word' id='word_1_756' title='bbox 2466 4782 2519 4838; x_wconf 89' lang='lat' dir='ltr'><strong>id</strong></span> <span class='ocrx_word' id='word_1_757' title='bbox 2577 4784 2935 4846; x_wconf 88' lang='lat' dir='ltr'><strong>disertissime</strong></span> <span class='ocrx_word' id='word_1_758' title='bbox 2989 4792 3184 4861; x_wconf 88' lang='lat' dir='ltr'><strong>prohat</strong></span> <span class='ocrx_word' id='word_1_759' title='bbox 3236 4794 3411 4851; x_wconf 86' lang='lat' dir='ltr'><strong>Lucas</strong></span> 
     </span>
    </p>
   </div>
   <div class='ocr_carea' id='block_1_105' title="bbox 1814 4873 3407 4942">
    <p class='ocr_par' dir='ltr' id='par_1_105' title="bbox 1814 4873 3407 4942">
     <span class='ocr_line' id='line_1_106' title="bbox 1814 4873 3407 4942; baseline 0.009 -15"><span class='ocrx_word' id='word_1_760' title='bbox 1814 4873 2143 4937; x_wconf 87' lang='lat' dir='ltr'><strong>llolstenius,</strong></span> <span class='ocrx_word' id='word_1_761' title='bbox 2173 4876 2224 4929; x_wconf 91' lang='lat' dir='ltr'><strong>in</strong></span> <span class='ocrx_word' id='word_1_762' title='bbox 2253 4888 2349 4930; x_wconf 90' lang='lat' dir='ltr'><strong>sua</strong></span> <span class='ocrx_word' id='word_1_763' title='bbox 2391 4875 2455 4932; x_wconf 92' lang='lat' dir='ltr'><strong>ad</strong></span> <span class='ocrx_word' id='word_1_764' title='bbox 2484 4876 2830 4935; x_wconf 86' lang='lat' dir='ltr'><strong>Franciscum</strong></span> <span class='ocrx_word' id='word_1_765' title='bbox 2882 4879 3224 4939; x_wconf 85' lang='lat' dir='ltr'><strong>Cardinalem</strong></span> <span class='ocrx_word' id='word_1_766' title='bbox 3273 4886 3407 4942; x_wconf 88' lang='lat' dir='ltr'><strong>Bar-</strong></span> 
     </span>
    </p>
   </div>
   <div class='ocr_carea' id='block_1_106' title="bbox 1810 4965 3408 5044">
    <p class='ocr_par' dir='ltr' id='par_1_106' title="bbox 1810 4965 3408 5044">
     <span class='ocr_line' id='line_1_107' title="bbox 1810 4965 3408 5044; baseline 0.009 -24"><span class='ocrx_word' id='word_1_767' title='bbox 1810 4965 2059 5023; x_wconf 88' lang='lat' dir='ltr'><strong>berinum</strong></span> <span class='ocrx_word' id='word_1_768' title='bbox 2082 4970 2340 5039; x_wconf 87' lang='lat' dir='ltr'><strong>epistola,</strong></span> <span class='ocrx_word' id='word_1_769' title='bbox 2380 4988 2398 5022; x_wconf 75' lang='grc' dir='ltr'>ι</span> <span class='ocrx_word' id='word_1_770' title='bbox 2433 4969 2501 5025; x_wconf 89' lang='lat' dir='ltr'><strong>de</strong></span> <span class='ocrx_word' id='word_1_771' title='bbox 2526 4971 2706 5026; x_wconf 79' lang='lat' dir='ltr'><strong>tuleris</strong></span> <span class='ocrx_word' id='word_1_772' title='bbox 2738 4973 2923 5029; x_wconf 68' lang='lat' dir='ltr'><strong>Diana:</strong></span> <span class='ocrx_word' id='word_1_773' title='bbox 2953 4973 3198 5044; x_wconf 82' lang='lat' dir='ltr'><strong>Ephesiae</strong></span> <span class='ocrx_word' id='word_1_774' title='bbox 3242 4978 3408 5035; x_wconf 84' lang='lat' dir='ltr'><strong>simu-</strong></span> 
     </span>
    </p>
   </div>
   <div class='ocr_carea' id='block_1_107' title="bbox 1809 5056 3406 5141">
    <p class='ocr_par' dir='ltr' id='par_1_107' title="bbox 1809 5056 3406 5141">
     <span class='ocr_line' id='line_1_108' title="bbox 1809 5056 3406 5141; baseline 0.012 -30"><span class='ocrx_word' id='word_1_775' title='bbox 1809 5056 1955 5113; x_wconf 88' lang='lat' dir='ltr'><strong>lacro</strong></span> <span class='ocrx_word' id='word_1_776' title='bbox 1976 5064 2237 5129; x_wconf 78' lang='lat' dir='ltr'><strong>appositis</strong></span> <span class='ocrx_word' id='word_1_777' title='bbox 2266 5083 2285 5116; x_wconf 75' lang='grc' dir='ltr'><strong><em>ι</em></strong></span> <span class='ocrx_word' id='word_1_778' title='bbox 2317 5063 2479 5133; x_wconf 77' lang='lat' dir='ltr'><strong>(Ibid.</strong></span> <span class='ocrx_word' id='word_1_779' title='bbox 2515 5081 2631 5134; x_wconf 83' lang='lat' dir='ltr'><strong>pag.</strong></span> <span class='ocrx_word' id='word_1_780' title='bbox 2663 5065 2815 5136; x_wconf 80' lang='grc'>596).</span> <span class='ocrx_word' id='word_1_781' title='bbox 2842 5066 2919 5122; x_wconf 86' lang='lat' dir='ltr'><strong>Ibi</strong></span> <span class='ocrx_word' id='word_1_782' title='bbox 2940 5078 3118 5125; x_wconf 88' lang='lat' dir='ltr'><strong>autem</strong></span> <span class='ocrx_word' id='word_1_783' title='bbox 3146 5073 3406 5141; x_wconf 89' lang='lat' dir='ltr'><strong>quasdam</strong></span> 
     </span>
    </p>
   </div>
   <div class='ocr_carea' id='block_1_108' title="bbox 1807 5151 3404 5234">
    <p class='ocr_par' dir='ltr' id='par_1_108' title="bbox 1807 5151 3404 5234">
     <span class='ocr_line' id='line_1_109' title="bbox 1807 5151 3404 5234; baseline 0.01 -27"><span class='ocrx_word' id='word_1_784' title='bbox 1807 5151 2051 5221; x_wconf 87' lang='lat' dir='ltr'><strong>ejusdem</strong></span> <span class='ocrx_word' id='word_1_785' title='bbox 2084 5154 2263 5209; x_wconf 82' lang='lat' dir='ltr'><strong>Dianae</strong></span> <span class='ocrx_word' id='word_1_786' title='bbox 2290 5170 2412 5211; x_wconf 92' lang='lat' dir='ltr'><strong>cum</strong></span> <span class='ocrx_word' id='word_1_787' title='bbox 2441 5157 2553 5211; x_wconf 86' lang='lat' dir='ltr'><strong>suis</strong></span> <span class='ocrx_word' id='word_1_788' title='bbox 2595 5157 2815 5234; x_wconf 76' lang='lat' dir='ltr'><strong>tuleris,</strong></span> <span class='ocrx_word' id='word_1_789' title='bbox 2846 5160 3192 5234; x_wconf 84' lang='lat' dir='ltr'><strong>pluribusque</strong></span> <span class='ocrx_word' id='word_1_790' title='bbox 3235 5181 3404 5223; x_wconf 86' lang='lat' dir='ltr'><strong>mam-</strong></span> 
     </span>
    </p>
   </div>
   <div class='ocr_carea' id='block_1_109' title="bbox 1805 5244 3400 5324">
    <p class='ocr_par' dir='ltr' id='par_1_109' title="bbox 1805 5244 3400 5324">
     <span class='ocr_line' id='line_1_110' title="bbox 1805 5244 3400 5324; baseline 0.011 -27"><span class='ocrx_word' id='word_1_791' title='bbox 1805 5247 1908 5298; x_wconf 90' lang='lat' dir='ltr'><strong>mis</strong></span> <span class='ocrx_word' id='word_1_792' title='bbox 1958 5244 2251 5317; x_wconf 88' lang='lat' dir='ltr'><strong>imagines,</strong></span> <span class='ocrx_word' id='word_1_793' title='bbox 2304 5247 2357 5301; x_wconf 91' lang='lat' dir='ltr'><strong>in</strong></span> <span class='ocrx_word' id='word_1_794' title='bbox 2413 5250 2829 5307; x_wconf 88' lang='lat' dir='ltr'><strong>numismatibus</strong></span> <span class='ocrx_word' id='word_1_795' title='bbox 2880 5254 3118 5324; x_wconf 89' lang='lat' dir='ltr'><strong>sculptas</strong></span> <span class='ocrx_word' id='word_1_796' title='bbox 3162 5256 3400 5314; x_wconf 74' lang='lat' dir='ltr'><strong>exhibet.</strong></span> 
     </span>
    </p>
   </div>
   <div class='ocr_carea' id='block_1_110' title="bbox 1803 5336 3402 5416">
    <p class='ocr_par' dir='ltr' id='par_1_110' title="bbox 1803 5336 3402 5416">
     <span class='ocr_line' id='line_1_111' title="bbox 1803 5336 3402 5416; baseline 0.011 -24"><span class='ocrx_word' id='word_1_797' title='bbox 1803 5336 1883 5393; x_wconf 83' lang='lat' dir='ltr'><strong>Ex</strong></span> <span class='ocrx_word' id='word_1_798' title='bbox 1937 5338 2022 5395; x_wconf 92' lang='lat' dir='ltr'><strong>his</strong></span> <span class='ocrx_word' id='word_1_799' title='bbox 2068 5357 2197 5411; x_wconf 88' lang='lat' dir='ltr'><strong>ergo</strong></span> <span class='ocrx_word' id='word_1_800' title='bbox 2242 5341 2519 5399; x_wconf 89' lang='lat' dir='ltr'><strong>evidenter</strong></span> <span class='ocrx_word' id='word_1_801' title='bbox 2569 5344 2837 5416; x_wconf 79' lang='lat' dir='ltr'><strong>colligitur</strong></span> <span class='ocrx_word' id='word_1_802' title='bbox 2910 5356 3113 5405; x_wconf 82' lang='lat' dir='ltr'><strong>textum</strong></span> <span class='ocrx_word' id='word_1_803' title='bbox 3162 5354 3402 5409; x_wconf 87' lang='lat' dir='ltr'><strong>auctoris</strong></span> 
     </span>
    </p>
   </div>
   <div class='ocr_carea' id='block_1_111' title="bbox 1806 5432 3404 5505">
    <p class='ocr_par' dir='ltr' id='par_1_111' title="bbox 1806 5432 3404 5505">
     <span class='ocr_line' id='line_1_112' title="bbox 1806 5432 3404 5505; baseline 0.011 -20"><span class='ocrx_word' id='word_1_804' title='bbox 1806 5432 2000 5498; x_wconf 88' lang='lat' dir='ltr'><strong>nostri,</strong></span> <span class='ocrx_word' id='word_1_805' title='bbox 2032 5441 2085 5487; x_wconf 89' lang='lat' dir='ltr'><strong>et</strong></span> <span class='ocrx_word' id='word_1_806' title='bbox 2108 5432 2419 5505; x_wconf 85' lang='lat' dir='ltr'><strong>Hieronymi</strong></span> <span class='ocrx_word' id='word_1_807' title='bbox 2444 5436 2812 5492; x_wconf 81' lang='lat' dir='ltr'><strong>testimonium</strong></span> <span class='ocrx_word' id='word_1_808' title='bbox 2837 5453 2867 5493; x_wconf 91' lang='lat' dir='ltr'><strong>a</strong></span> <span class='ocrx_word' id='word_1_809' title='bbox 2895 5442 3169 5500; x_wconf 88' lang='lat' dir='ltr'><strong>nonnullis</strong></span> <span class='ocrx_word' id='word_1_810' title='bbox 3209 5444 3404 5503; x_wconf 88' lang='lat' dir='ltr'><strong>imme-</strong></span> 
     </span>
    </p>
   </div>
   <div class='ocr_carea' id='block_1_112' title="bbox 1803 5522 2137 5579">
    <p class='ocr_par' dir='ltr' id='par_1_112' title="bbox 1803 5522 2137 5579">
     <span class='ocr_line' id='line_1_113' title="bbox 1803 5522 2137 5579; baseline 0 -1"><span class='ocrx_word' id='word_1_811' title='bbox 1803 5522 1911 5578; x_wconf 91' lang='lat' dir='ltr'><strong>rito</strong></span> <span class='ocrx_word' id='word_1_812' title='bbox 1934 5524 2137 5579; x_wconf 78' lang='lat' dir='ltr'><strong>vexari.</strong></span> 
     </span>
    </p>
   </div>
   <div class='ocr_carea' id='block_1_113' title="bbox 1876 5615 3401 5695">
    <p class='ocr_par' dir='ltr' id='par_1_113' title="bbox 1876 5615 3401 5695">
     <span class='ocr_line' id='line_1_114' title="bbox 1876 5615 3401 5695; baseline 0.012 -26"><span class='ocrx_word' id='word_1_813' title='bbox 1876 5615 2098 5671; x_wconf 87' lang='lat' dir='ltr'><strong>Dianam</strong></span> <span class='ocrx_word' id='word_1_814' title='bbox 2140 5632 2300 5687; x_wconf 91' lang='lat' dir='ltr'><strong>porro</strong></span> <span class='ocrx_word' id='word_1_815' title='bbox 2354 5618 2620 5687; x_wconf 87' lang='lat' dir='ltr'><strong>Triviam,</strong></span> <span class='ocrx_word' id='word_1_816' title='bbox 2680 5623 2834 5679; x_wconf 88' lang='lat' dir='ltr'><strong>trinis</strong></span> <span class='ocrx_word' id='word_1_817' title='bbox 2884 5626 3169 5695; x_wconf 87' lang='lat' dir='ltr'><strong>capitibus,</strong></span> <span class='ocrx_word' id='word_1_818' title='bbox 3217 5637 3277 5685; x_wconf 92' lang='lat' dir='ltr'><strong>ut</strong></span> <span class='ocrx_word' id='word_1_819' title='bbox 3326 5631 3401 5689; x_wconf 87' lang='lat' dir='ltr'><strong>ait</strong></span> 
     </span>
    </p>
   </div>
   <div class='ocr_carea' id='block_1_114' title="bbox 1800 5704 3321 5790">
    <p class='ocr_par' dir='ltr' id='par_1_114' title="bbox 1800 5704 3321 5790">
     <span class='ocr_line' id='line_1_115' title="bbox 1800 5704 3321 5790; baseline 0.011 -29"><span class='ocrx_word' id='word_1_820' title='bbox 1800 5704 2085 5775; x_wconf 82' lang='lat' dir='ltr'><strong>Minucius,</strong></span> <span class='ocrx_word' id='word_1_821' title='bbox 2118 5709 2439 5774; x_wconf 75' lang='lat' dir='ltr'><strong>horriﬁcam,</strong></span> <span class='ocrx_word' id='word_1_822' title='bbox 2466 5711 2550 5767; x_wconf 89' lang='lat' dir='ltr'><strong>his</strong></span> <span class='ocrx_word' id='word_1_823' title='bbox 2579 5713 2827 5772; x_wconf 90' lang='lat' dir='ltr'><strong>versibus</strong></span> <span class='ocrx_word' id='word_1_824' title='bbox 2851 5717 2999 5772; x_wconf 88' lang='lat' dir='ltr'><strong>canit</strong></span> <span class='ocrx_word' id='word_1_825' title='bbox 3030 5718 3278 5790; x_wconf 84' lang='lat' dir='ltr'><strong>Virgilius</strong></span> <span class='ocrx_word' id='word_1_826' title='bbox 3309 5740 3321 5777; x_wconf 92' lang='lat'><strong>:</strong></span> 
     </span>
    </p>
   </div>
   <div class='ocr_carea' id='block_1_115' title="bbox 1861 5820 3272 5906">
    <p class='ocr_par' dir='ltr' id='par_1_115' title="bbox 1861 5820 3272 5906">
     <span class='ocr_line' id='line_1_116' title="bbox 1861 5820 3272 5906; baseline 0.011 -34"><span class='ocrx_word' id='word_1_827' title='bbox 1861 5820 2163 5875; x_wconf 84' lang='lat' dir='ltr'><strong>Tercentum</strong></span> <span class='ocrx_word' id='word_1_828' title='bbox 2176 5825 2313 5877; x_wconf 90' lang='lat' dir='ltr'><strong>tonat</strong></span> <span class='ocrx_word' id='word_1_829' title='bbox 2333 5836 2422 5878; x_wconf 88' lang='lat' dir='ltr'><strong>ore</strong></span> <span class='ocrx_word' id='word_1_830' title='bbox 2445 5825 2587 5890; x_wconf 84' lang='lat' dir='ltr'><strong>deos,</strong></span> <span class='ocrx_word' id='word_1_831' title='bbox 2613 5827 2972 5899; x_wconf 85' lang='lat' dir='ltr'><strong>ereabumque,</strong></span> <span class='ocrx_word' id='word_1_832' title='bbox 2995 5830 3272 5906; x_wconf 81' lang='lat' dir='ltr'><strong>chaosque,</strong></span> 
     </span>
    </p>
   </div>
  </div>
