3824 6282
374 290 481 351 579
1628 276 1718 337 DE
1755 272 2011 340 MINUCII
2045 266 2343 333 OCTAVIO

439 407 892 471 Tergemioamque
911 398 1168 459 Hecatem,
1194 398 1285 447 tria
1296 397 1498 460 virginis
1513 406 1598 445 ora
1620 392 1810 443 Dianae.
1997 393 2046 455 Α
2074 390 2180 445 duo
2209 385 2477 457 ejusmodi
2507 383 2656 440 Jovis
2676 381 2963 438 simulacra
2981 382 3131 452 juxta
3156 376 3362 451 Pelopis
3387 386 3606 454 templum

789 481 1009 547 (Virgil.,
1038 480 1075 529 l.
1098 492 1145 529 tv
1160 476 1380 538 xEneid.,
1397 490 1440 528 υ.
1462 476 1557 527 518
1581 473 1785 538 θι511.)

2134 501 2145 537 i
2198 481 2346 537 Eleis
2400 479 2568 550 posita
2599 488 2897 544 memorat,
2926 491 3154 547 quorum
3187 490 3362 540 unum,
3397 493 3415 527 ι
3442 476 3612 548 Jupiter

383 595 529 662 Quos
575 594 627 647 in
672 603 857 647 versus
908 588 1162 643 observat
1212 583 1433 640 Servius
1478 596 1599 637 eam
1653 584 1757 635 nan
1810 575 1975 635 modo
2078 583 2164 631 est
2191 573 2460 645 impuber,
2493 577 2575 628 et:
2602 579 2709 640 ἔχειν
2733 577 2913 642 μνεια,
2953 568 3094 626 inter
3120 568 3610 640 Smieythidona.....

390 689 637 751 Dianam,
687 682 781 738 sed
835 680 1093 736 Lucinam
1149 691 1363 749 quoque
1388 690 1453 739 et,
1483 673 1735 734 Hecatem
1765 686 1975 726 nuncu-
2081 667 2362 724 Paululum
2405 667 2529 719 hinc
2561 673 2705 719 recta
2736 663 3037 734 progressis
3064 661 3210 716 aliud
3253 670 3334 716 est
3372 660 3502 716 Jovis
3540 664 3618 718 im-

385 780 532 848 pari,
583 791 645 831 ac
692 783 911 845 propter
948 772 1220 841 triplicem
1261 774 1614 837 potestatem,
1645 762 1771 832 tingi
1804 758 1977 829 tripli-
2084 760 2302 832 puberis
2344 760 2596 828 signum:
2627 755 2943 812 dedicarunt
2991 755 3179 811 Eleitte
3219 751 3464 827 (Pansam
3506 755 3619 811 lim

386 847 501 926 cem
544 883 608 923 ac
649 866 981 930 triformem,
1032 872 1192 933 atque
1236 859 1437 917 ideirco
1491 855 1687 925 templa
1732 853 1873 908 illius
1926 851 1982 905 in
2085 852 2314 907 Eliacor.
2347 868 2465 923 pag.
2497 851 2647 920 175).
2673 849 2790 904 Huc
2815 848 3025 904 accedit
3052 856 3111 904 et
3136 847 3301 914 Naso,
3355 863 3383 901 a
3422 864 3516 918 quo
3551 848 3621 904 Ju-

389 960 560 1017 triviis
589 958 753 1014 fuisse
782 973 847 1012 co
872 966 1108 1011 .structa.
1155 953 1326 1008 Varro
1365 959 1542 1004 autem
1573 962 1641 1004 ex
1668 945 1844 1002 Ennio
1869 943 1984 998 ani—
2086 946 2224 1015 piter
2239 943 2455 1013 juvenis
2482 942 2554 997 ita
2578 941 2903 997 describitur
2933 957 2948 995 :

390 1053 677 1108 madvertit
734 1051 879 1105 illam
918 1047 1094 1104 vocari
1135 1045 1397 1106 Triviam,
1441 1040 1523 1096 vel
1574 1039 1696 1111 quia
1729 1038 1782 1093 in
1827 1035 1984 1090 trivio
2180 1055 2445 1117 ,ιηραεηι
2469 1052 2947 1117 δυνθρίεδυνεηηρξ
2969 1051 3137 1114 aspice
3167 1049 3368 1111 νηιωςς

929 1090 1094 1104 πυ...
1454 1090 1523 1096 η-
1580 1090 1663 1111 τ--
2180 1090 2203 1104 ,
2278 1090 2367 1105 ,Ν
2393 1090 2445 1102 ν,
2492 1090 2668 1102 mw”
2724 1090 2947 1102 “mum
2969 1090 3022 1101 π
3061 1090 3137 1101 ην
3179 1090 3334 1101 mm

390 1145 607 1214 ponitur
640 1141 754 1196 fere
782 1142 833 1195 in
862 1137 1073 1209 oppidis
1102 1135 1313 1207 graecis,
1357 1132 1440 1188 vel
1461 1131 1585 1203 quia
1615 1130 1739 1184 luna
1765 1127 1983 1194 dicitur,
2214 1090 2424 1180 “Rspice
2449 1090 2635 1167 deinde
2653 1090 2844 1176 ιίιὶιιυε»
2870 1090 3075 1165 ευιωὶιῖλ
3092 1113 3225 1165 nulla
3243 1090 3403 1164 leuet.

391 1198 510 1304 quae
540 1237 591 1288 in
622 1232 764 1288 coelo
792 1198 970 1286 tribus
1003 1198 1184 1282 viis'in
1208 1198 1547 1280 altitudinem
1568 1263 1583 1288 ,
1613 1218 1948 1274 latitudinem
1968 1257 1985 1284 ,
2740 1199 2926 1264 (Ονίάον
2948 1198 2984 1249 1-
3004 1214 3054 1251 ul
3073 1201 3213 1266 Fas,
3238 1199 3337 1264 §6,
3353 1211 3401 1251 υ.
3421 1199 3537 1263 4³η

391 1337 447 1383 et
472 1325 862 1397 longitudinem
920 1331 1170 1379 movetur
1211 1318 1393 1392 (Varr.
1428 1316 1515 1372 tib.
1550 1331 1600 1369 vr
1629 1314 1692 1367 de
1715 1311 1868 1383 Ling.
1896 1311 1987 1367 tat.
2095 1311 2339 1367 Postbznc
2389 1308 2651 1366 Minucius
2692 1307 2827 1363 alias
2869 1316 3115 1363 recenset
3160 1305 3413 1362 ridiculus
3437 1306 3631 1377 ejusdem

394 1436 514 1492 pag.
546 1418 660 1490 7t).
689 1416 926 1472 Primam
958 1412 1099 1471 haud
1128 1410 1291 1468 dubie
1311 1418 1534 1480 propter
1560 1405 1827 1462 rationem
1854 1401 1993 1459 dixit
2098 1402 2248 1458 Jovis
2298 1401 2535 1473 ﬁguras,
2583 1414 2718 1472 quas
2764 1400 3013 1456 venerari
3064 1398 3316 1455 ethnicos
3366 1414 3466 1454 non
3510 1401 3635 1469 pude-

395 1509 657 1565 Ovidius:
2097 1496 2189 1550 bat
2221 1512 2234 1549 :
2272 1513 2291 1546 ι
2328 1494 2462 1548 Cum
2517 1495 2781 1560 Ammon,
2840 1492 3043 1563 inquit,
3090 1492 3323 1558 dicitur,
3368 1492 3512 1547 habet
3547 1508 3639 1548 cor-

2098 1600 2236 1653 nua,
2293 1594 2349 1640 et
2402 1600 2523 1642 cum
2586 1583 2951 1654 Capitolinus,
3003 1593 3130 1639 tunc
3199 1584 3341 1654 gerit
3387 1582 3590 1639 fulmina.
3623 1602 3640 1635 ι

2101 1680 2172 1732 At
2223 1676 2413 1731 Cicero
2465 1686 2621 1730 antea
2669 1675 2920 1730 dixerat:
2961 1694 2980 1726 ‹
3011 1684 3064 1730 et
3107 1674 3328 1746 quidem
3383 1675 3478 1729 alia
3523 1675 3643 1746 (spe-

472 1790 642 1857 Quam
690 1803 824 1843 sane
870 1786 941 1841 ob
983 1798 1199 1841 causam
1252 1781 1321 1837 ab
1359 1781 1450 1835 illo
1489 1789 1709 1833 vocatur
1738 1795 1758 1829 ι
1792 1776 1996 1844 triceps
2025 1798 2073 1857 Β
2101 1770 2234 1841 cies)
2286 1767 2442 1823 nobis
2477 1765 2787 1837 Capitolini,
2844 1768 2944 1822 alia
2986 1766 3133 1821 Afris
3168 1766 3445 1822 Ammonis
3480 1766 3640 1821 lovis:

402 1882 627 1946 licente,
657 1900 676 1933 ι
714 1890 771 1937 et
799 1880 866 1935 ah
910 1879 1165 1944 Horatio,
1202 1885 1259 1933 et
1283 1874 1403 1931 aliis
1429 1892 1449 1926 ι
1486 1873 1617 1929 Diva
1654 1869 1934 1926 triformis.
1970 1886 1992 1920 ι
2102 1863 2286 1930 (Cicer.
2334 1860 2422 1915 lib.
2482 1877 2499 1917 ι
2545 1864 2609 1915 de
2662 1859 2858 1915 Natur.
2900 1860 3045 1916 deor.
3088 1875 3210 1930 pag.
3259 1859 3390 1916 207.
3425 1859 3511 1915 lin.
3555 1858 3647 1929 25).

406 1973 621 2029 Vidcsis
660 1972 964 2043 Orpheum,
999 1969 1353 2034 Pausaniam,
1381 1976 1575 2033 etquae
1601 1979 1669 2020 ex
1697 1959 2000 2032 Porphyrio
2101 1952 2209 2009 Cur
2249 1968 2382 2012 vero
2421 1952 2633 2022 Jupiter
2688 1955 2918 2009 Ammon
2968 1967 3169 2008 cornua
3222 1952 3421 2008 habere
3461 1950 3652 2006 estima-

404 2064 671 2122 Eusebius
702 2041 902 2129 retulit,
926 2076 989 2117 ac
1009 2062 1054 2115 si
1078 2059 1213 2116 velis
1240 2058 1401 2113 etiam
1436 2054 1787 2113 Prudentium
1817 2049 1995 2122 (Ovid.
2105 2046 2292 2111 batur,
2333 2043 2418 2099 his
2486 2043 2788 2101 Herodotus
2828 2043 3079 2099 edisserit
3129 2043 3313 2099 verbis
3344 2063 3359 2097 :
3403 2062 3423 2094 ι
3454 2041 3652 2097 Thebani

407 2161 496 2215 lib.
524 2158 705 2215 lFast.
753 2156 803 2229 §.
835 2157 889 2221 5,
921 2168 965 2211 et
996 2154 1086 2209 tib.
1116 2168 1188 2207 vti
1218 2151 1525 2218 Metamorp.
1560 2150 1664 2219 fab.
1716 2148 1783 2210 ὃς
1812 2143 2000 2200 Horat.
2103 2148 2156 2192 et
2210 2137 2532 2207 quicumque
2584 2145 2802 2207 propter
2850 2136 2971 2191 illos
3012 2135 3207 2192 ovibus
3270 2144 3511 2207 parcunt,
3551 2149 3653 2189 cum

407 2255 572 2318 [αλιι.
611 2251 723 2309 Ode
746 2227 861 2315 ἐὴ
896 2248 1065 2319 Urplt.
1103 2245 1303 2316 Argon.
1327 2252 1374 2297 et
1405 2252 1517 2299 voto
1558 2241 1627 2297 ad
1662 2238 1829 2295 Hm
1874 2247 1999 2292 tota.
2104 2231 2173 2284 ab
2218 2230 2477 2297 Hercule,
2534 2244 2759 2289 cernere
2802 2245 2927 2286 eum
2986 2231 3231 2297 volente,
3285 2231 3433 2285 cerui
3485 2227 3653 2292 nollet,

409 2347 616 2403 ,erc.
644 2354 781 2417 μασι,
811 2360 930 2415 μσς,
962 2341 1068 2399 494,
1104 2348 1150 2394 et
1178 2337 1281 2395 501
1312 2352 1328 2402 ;
1359 2334 1593 2393 Pauca.
1624 2333 1719 2388 lib.
1774 2346 1833 2396 tt,
1879 2345 2004 2400 pag.
2106 2323 2322 2379 tandem
2372 2333 2653 2389 exoratus,
2700 2324 2805 2379 hoc
2856 2331 3196 2379 commentus
3251 2323 3353 2389 sit;
3406 2331 3477 2389 nt,
3504 2336 3659 2391 ampu-

411 2439 522 2503 τᾶς
777 2414 944 2495 lib.”
969 2431 1210 2501 Prapar.
1240 2428 1441 2498 Evang.
1467 2442 1582 2499 cap.
1615 2424 1709 2492 25,
1733 2439 1854 2494 pag.
1878 2420 2004 2486 £74;
2109 2426 2220 2472 tato
2267 2417 2455 2475 arietis
2494 2419 2704 2488 capite,
2760 2418 3008 2488 pelleque
3052 2418 3241 2474 villosa
3264 2459 3280 2484 ,
3330 2433 3486 2489 quam
3509 2416 3552 2471 ei
3586 2414 3659 2470 de-

413 2531 669 2589 Prudent.
694 2531 782 2585 lib.
815 2528 911 2582 tiu
942 2526 1206 2597 Symmac.
1266 2522 1295 2595 §
1357 2518 1503 2592 176).
2111 2519 2381 2575 traxerat,
2441 2509 2626 2567 induta
2662 2510 2797 2575 sibi,
2838 2511 2912 2565 ita
2952 2523 3073 2565 sese
3102 2509 3321 2565 Herculi
3371 2508 3657 2571 ostenderet,

488 2624 606 2680 Non
643 2623 838 2679 mirum
872 2620 1054 2689 itaque
1080 2616 1128 2671 si
1160 2613 1420 2679 triformis
1447 2625 1572 2667 cum
1600 2608 1780 2673 luerit,
1828 2604 2009 2676 plures
2110 2613 2165 2659 et
2206 2603 2275 2658 ob
2332 2602 2383 2656 id
2420 2602 2706 2673 IEgyptios
2747 2603 3045 2657 instituisse
3069 2601 3218 2657 Jovis
3258 2601 3587 2655 simulacrum
3606 2598 3662 2653 ia-

414 2731 630 2788 quoque
672 2728 869 2769 manus
908 2709 1164 2767 habuisse
1214 2706 1581 2777 perhibeatur.
1630 2703 1698 2757 Et
1733 2709 1882 2757 certe
1911 2697 2009 2751 lti-

3512 268 3605 326 580

520 1620 617 1672 Ora
636 1620 775 1669 vides
796 1617 1017 1668 Hecates
1038 1617 1089 1665 in
1111 1620 1219 1664 tres
1240 1610 1500 1675 vergentia
1523 1610 1702 1675 formas
1728 1622 1743 1669 ;

586 1682 769 1733 Servet
791 1690 845 1731 ut
869 1682 918 1729 in
945 1687 1113 1730 ternas
1133 1678 1342 1738 compita
1367 1674 1630 1725 sectaivias

2111 2712 2234 2753 cere
2281 2697 2501 2752 arietina
2558 2696 2721 2763 faeie,
2758 2699 2856 2751 ἀπὸ
2885 2702 3057 2753 τούτου
3094 2698 3449 2766 κρισωρὸαωπσν
3472 2693 3665 2760 τῶγαλμα
3768 2716 3769 2725 π

415 2810 610 2880 giltius
639 2806 693 2862 in
736 2806 879 2861 hunc
906 2802 1124 2863 Minucii
1167 2801 1343 2858 locum
1390 2798 1707 2854 testiﬁcatur
1750 2808 1812 2849 se
1850 2792 2011 2846 talem

417 2905 472 2957 in
501 2908 825 2956 nomismate
852 2911 997 2952 aereo
1020 2894 1163 2964 apud
1205 2891 1402 2949 Johan.
1435 2888 1727 2957 Baptistam
1780 2884 2013 2939 ultinum

420 2994 637 3049 vidisse.
673 2990 775 3049 Adi
800 2990 1010 3054 adhuc,
1038 2987 1086 3042 si
1115 2984 1282 3048 velis,
1322 2980 1546 3039 Caelium
1577 2974 2009 3045 Bhodinginum,

422 3086 703 3150 Vossium,
734 3081 1078 3141 Verderium,
1108 3073 1418 3136 Giraldum,
1459 3078 1516 3125 et
1537 3067 1672 3123 alios
1710 3067 1778 3123 de
1824 3063 2012 3123 eadem

2111 2794 2196 2843 τοῦ
2223 2796 2333 2848 Aio;
2373 2793 2601 2853 ποιοῦσι,
2644 2794 2699 2841 et
2744 2787 2813 2840 ab
2860 2784 3127 2858 Egyptiis
3189 2784 3500 2840 Ammonios
3538 2797 3665 2837 acce-

2114 2881 2290 2950 pisse,
2337 2880 2429 2951 qui
2483 2887 2610 2934 sunt
2638 2878 3048 2951 Egyptiorum,
3080 2888 3241 2947 atque
3264 2877 3563 2948 ZEthiopum
3598 2890 3667 2931 co-

2116 2973 2260 3037 loni,
2313 2982 2369 3028 et
2421 2973 2656 3042 linguam
2716 2973 2857 3027 inter
2900 2980 3159 3041 utrosque
3215 2980 3546 3040 usurpantes.
3590 2966 3669 3035 Qui

2116 3066 2279 3121 etiam
2329 3065 2461 3119 mihi
2513 3065 2766 3118 videntur
2806 3063 2927 3118 ideo
2966 3078 3025 3118 se
3072 3063 3392 3117 Ammonios
3433 3061 3670 3132 cognomi-

423 3179 588 3235 Diana
614 3178 951 3247 disputantes
1003 3168 1257 3244 (Rhedig.
1307 3163 1397 3220 lib.
1432 3178 1507 3219 xx
1536 3162 1712 3230 Antig.
1743 3160 1859 3215 lect.
1890 3173 2008 3226 cap.
2040 3181 2086 3244 ο
2119 3172 2309 3223 nasse,
2365 3156 2507 3227 quod
2535 3155 2776 3229 Egyplii
2803 3155 2992 3211 Jovem
3018 3157 3344 3210 Ammonem
3382 3155 3624 3227 appellent
3654 3170 3669 3201 ι

421 3273 477 3329 6.
515 3270 725 3324 Vossius
749 3267 837 3323 lib.
874 3281 910 3321 tt
935 3265 998 3321 de
1028 3261 1176 3332 Orig.
1206 3268 1251 3314 et
1283 3271 1455 3327 propr.
1483 3253 1744 3310 idolotatr.
1774 3268 1889 3319 cap.
1918 3250 2013 3318 25,

425 3381 544 3433 pag.
576 3361 684 3415 216
724 3371 771 3413 et
811 3356 998 3427 καφ).
1022 3353 1178 3410 Tales
1206 3366 1334 3420 ergo
1362 3349 1493 3406 deos
1521 3348 1640 3419 quis
1686 3360 1809 3403 cum
1837 3342 2015 3401 Minu-

425 3457 509 3510 cio
537 3462 724 3509 nostro
746 3466 852 3509 non
874 3448 1068 3514 rideat,
1100 3461 1166 3501 ac
1190 3441 1522 3503 detestetur?

498 3546 610 3602 Nec
650 3544 836 3601 leviori
873 3544 979 3598 ictu
1007 3539 1266 3599 Ethnicos
1287 3536 1376 3591 ille
1404 3533 1546 3599 ferit,
1578 3531 1669 3602 qui
1693 3528 1871 3585 varios
1897 3539 2021 3583 esse

428 3641 776 3698 venditabant
815 3637 966 3693 Jovis
1006 3634 1206 3700 vultus,
1248 3629 1523 3699 iaciesque
1567 3626 1827 3681 diversas.
1880 3619 2020 3689 Quid

429 3737 574 3792 enim
610 3752 629 3785 ι
669 3734 805 3804 ipse,
856 3729 1160 3801 inquiebat,
1205 3724 1414 3794 Jupiter
1444 3721 1660 3777 vester?
1711 3717 1869 3774 Modo
1915 3716 2020 3771 im-

429 3828 612 3886 berbis
665 3828 937 3893 statuitur,
1000 3820 1161 3878 modo
1216 3816 1469 3874 barbatus
1524 3814 1748 3869 locatur.
1797 3830 1816 3863 ι
1864 3807 2022 3864 Prius

429 3938 558 3978 vero
584 3919 737 3978 Cotta
765 3917 903 3991 apud
948 3914 1273 3972 Ciceronem
1316 3909 1396 3965 sic
1438 3904 1662 3976 urgebat
1710 3902 1973 3958 Velleium
2005 3915 2020 3953 :

436 4035 455 4069 ε
494 4015 599 4071 [sto
627 4011 791 4070 modo
816 4010 998 4067 dicere
1014 4005 1198 4062 licebit
1222 4001 1410 4059 Jovem
1438 4011 1650 4067 semper
1666 3995 1946 4051 barbatum
1996 4009 2018 4043 ι

431 4106 561 4178 (Cic.
591 4108 683 4162 lib.
717 4122 735 4161 t
773 4105 836 4161 de
860 4101 1053 4158 Natur.
1084 4099 1229 4153 deor.
1273 4112 1392 4166 pag.
1437 4091 1564 4158 207,
1617 4091 1712 4144 lin.
1761 4084 1878 4178 26),.
1918 4083 2027 4141 Sed

430 4177 698 4256 Lucianus
726 4197 861 4269 petit
885 4195 1102 4251 ubinam
1126 4186 1328 4246 ethnici
1356 4188 1497 4241 hunc
1530 4182 1810 4238 barbatum
1837 4177 2028 4234 Jovem

431 4294 664 4349 viderint
689 4289 933 4364 (Lucina.
958 4286 1023 4342 de
1040 4283 1280 4353 Sacri/io.
1306 4296 1426 4353 pag.
1458 4275 1623 4347 185)?
1651 4274 1710 4331 Si
1738 4284 1794 4333 tu
1810 4285 2029 4343 quoque

432 4387 486 4443 id
516 4386 775 4458 postules,
802 4379 1149 4453 respondebit
1177 4374 1502 4432 Prudentius
1527 4388 1542 4425 :

619 4500 715 4551 Ars
735 4499 1034 4551 seminandis
1056 4495 1230 4545 eﬂieax
1254 4490 1526 4549 erroribus,

616 4550 829 4615 Barbam
845 4562 1093 4624 rigentem
1115 4558 1233 4606 dum
1253 4554 1391 4605 Jovis
1409 4550 1761 4614 circumplicat.

706 4645 988 4710 (Prudent.,
1012 4643 1074 4696 de
1096 4645 1297 4694 Roman.
1325 4640 1560 4704 Martyr.,
1582 4648 1629 4686 υ.
1647 4633 1783 4698 245.)

437 4777 484 4835 Α
507 4773 735 4847 Virgilio
765 4783 941 4830 tamen
972 4772 1160 4827 Anxur
1189 4765 1386 4823 dicitur
1417 4782 1430 4818 :

559 4885 1094 4952 Circieumquejugum,
1116 4883 1263 4947 queis
1285 4878 1485 4943 Jupiter
1507 4876 1743 4928 Anxurus
1759 4875 1892 4926 arvis

560 4953 821 5005 Praesidet.

922 5009 1142 5078 (Virgil.,
1165 5008 1202 5058 1.
1230 5021 1295 5058 vn
1321 5002 1531 5064 Αῑηείάη
1556 5015 1601 5053 υ.
1627 5000 1768 5067 799.)

439 5125 644 5183 Nomen
675 5132 855 5183 autem
902 5136 1075 5176 anxur
1125 5118 1266 5173 idem
1319 5129 1383 5170 ac
1428 5111 1687 5169 imberbis
1733 5107 2033 5180 signiﬁcat,

439 5216 894 5292 quemadmodum
945 5200 1170 5275 Servius
1206 5208 1260 5264 in
1291 5208 1393 5264 hos
1450 5203 1657 5275 Virgilii
1706 5217 1893 5257 versus
1941 5214 2041 5255 nos

441 5312 719 5371 admonuit
744 5328 758 5365 :
791 5329 811 5362 ι
836 5308 992 5367 Circa
1036 5309 1202 5370 hunc,
1233 5304 1426 5374 inquit,
1452 5310 1685 5357 tractum
1707 5293 2040 5366 Campaniae,

441 5408 719 5463 colebatur
774 5418 907 5475 puer
972 5400 1215 5470 Jupiter,
1266 5397 1359 5466 qui
1420 5394 1679 5451 Anxurus
1723 5388 2039 5452 dicebatur,

441 5500 593 5570 quasi
623 5507 731 5553 ἄνευ
761 5506 925 5568 ευρᾶς,
956 5493 1009 5549 id
1040 5502 1144 5557 est,
1193 5491 1309 5545 sine
1338 5485 1620 5551 novacula,
1651 5483 1777 5554 quia
1817 5480 2040 5536 barbam

443 5607 733 5662 numquam
790 5590 1046 5652 rasisset,
1087 5603 1106 5637 ι
1151 5592 1373 5652 eratque
1422 5575 1705 5635 imberbis.
1758 5573 1942 5643 Neque
1982 5572 2039 5626 in

442 5683 536 5739 illo
564 5692 769 5739 tantum
791 5679 1100 5750 Campaniae
1133 5684 1328 5739 tractu,
1374 5673 1472 5729 sed
1513 5668 1641 5727 alibi
1666 5683 1879 5740 quoque
1937 5666 2038 5723 hac

440 5774 663 5850 juvenili
685 5772 857 5829 forma
884 5766 1396 5849 reprmsentabatur.
1434 5762 1729 5819 Pausanias
1759 5759 2038 5817 enimvero

2122 3253 2422 3325 (Herodot.
2470 3251 2560 3306 Jb.
2617 3267 2676 3316 ιι,
2726 3250 2755 3324 ς
2805 3249 2941 3322 49.).
3006 3248 3134 3304 Inde
3184 3247 3432 3318 profecto
3479 3263 3507 3302 a
3552 3246 3673 3301 Grae-

2119 3346 2198 3400 cis
2249 3348 2577 3416 κερατεφόρος,
2621 3352 2677 3399 et
2719 3358 2750 3397 a
2790 3343 3027 3399 Luciano
3076 3343 3474 3412 κριοπρόσωπσς,
3519 3355 3547 3394 a
3585 3336 3673 3392 Ma-

2121 3436 2338 3504 crobio,
2384 3445 2438 3491 ct
2493 3435 2759 3502 Arnobio,
2806 3452 2827 3486 ι
2860 3432 3100 3489 arietinis
3151 3435 3437 3500 cornibus,
3468 3453 3486 3486 ι
3547 3441 3675 3501 atque

2121 3544 2152 3583 a
2209 3529 2384 3599 poetis
2436 3526 2629 3583 Ovidio
2670 3526 2965 3581 Claudiano
3017 3526 3246 3596 aliisque
3291 3527 3533 3599 corniger
3574 3523 3678 3579 Am-

2123 3634 2249 3676 mon
2304 3630 2529 3675 vocatur
2581 3618 2820 3691 (Lucian.
2867 3618 2932 3672 de
2959 3618 3199 3688 Sacriﬁc.
3235 3634 3360 3691 pag.
3418 3617 3532 3674 l86.
3579 3614 3677 3670 Ha-

2125 3714 2265 3768 orob.
2309 3712 2400 3767 lib.
2430 3728 2447 3766 ι
2476 3711 2751 3768 Saturnal.
2799 3725 2919 3783 cap.
2981 3709 3074 3765 21.
3124 3711 3319 3766 Arnob.
3363 3710 3446 3764 tib.
3487 3724 3536 3763 vr
3578 3706 3679 3761 adv.

2128 3808 2276 3864 Geni.
2310 3824 2429 3879 pag.
2460 3804 2615 3878 197).

2200 3901 2276 3956 De
2330 3900 2521 3956 eodem
2548 3914 2712 3970 porro
2740 3900 3003 3955 Ammone
3023 3940 3038 3965 ,
3068 3910 3235 3969 atque
3260 3897 3404 3954 etiam
3429 3894 3493 3951 de
3537 3890 3687 3964 Capi-

2128 3994 2327 4062 tolino,
2383 3994 2499 4049 hmc
2545 3994 2771 4064 legimus
2826 3991 3027 4047 Lucani
3074 3992 3347 4047 carmina:

2193 4129 2406 4203 Ventum
2430 4135 2538 4178 erat
2558 4126 2617 4177 ad
2636 4125 2890 4191 templum,
2913 4124 3112 4190 Lybicis
3133 4123 3520 4235 quod
3534 4130 3663 4175 um

2195 4193 2365 4235 [ncnlll
2384 4190 2686 4235 Grammates
2702 4189 2901 4235 habent.
2926 4194 3020 4235 stat
3034 4199 3269 4235 εοιιιιιτει·
3292 4203 3304 4235 ι
3327 4183 3389 4235 hc

2192 4193 2366 4242 Inculti
2384 4190 2686 4241 Grammates
2702 4183 2901 4244 habent,
2926 4183 3020 4237 st'at
3034 4183 3269 4248 corniger
3292 4183 3389 4235 illic

2191 4255 2484 4319 Jupiter,_ut
2505 4258 2795 4319 memorant,
2812 4251 2900 4300 sed
2912 4264 3019 4319 non
3037 4248 3317 4319 ut__fulm_ina
3334 4249 3526 4299 vibrat.

2194 4311 2293 4367 Aut
2306 4314 2476 4366 similis
2500 4324 2683 4374 nostro,
2703 4311 2793 4364 sed
2811 4314 2950 4363 tortis
2971 4312 3202 4362 cornibus
3217 4311 3446 4362 Ammon.

2971 4392 3179 4457 (Lucan.
3202 4394 3241 4444 l.
3274 4408 3346 4456 ιι,
3374 4408 3420 4444 r.
3438 4391 3559 4455 517.)

2137 4528 2593 4601 Frequentissima
2651 4527 2799 4583 Jovis
2865 4523 3151 4596 Capitolini
3229 4524 3372 4594 apud
3433 4523 3598 4578 varios
3645 4524 3690 4572 et

2137 4626 2371 4681 maxime
2436 4622 2695 4678 Romana:
2753 4618 2990 4675 historiae
3033 4619 3329 4689 scriptores
3376 4616 3583 4673 mentio.
3633 4612 3697 4666 Eo

2140 4730 2316 4775 autem
2370 4718 2587 4774 nomine
2624 4722 2960 4785 nuncupatus
3004 4722 3122 4778 est,
3182 4713 3308 4782 quia
3355 4712 3489 4767 :edes
3525 4708 3699 4778 ejuset

2141 4815 2318 4883 imago
2361 4811 2413 4865 in
2465 4808 2731 4879 Capitolio
2770 4806 3031 4863 collocata
3074 4804 3196 4860 fuit.
3245 4805 3393 4861 Illius
3436 4802 3701 4859 meminere

2141 4904 2296 4959 Titus
2338 4902 2554 4963 Livius.
2601 4900 2889 4956 Suetonius
2909 4939 2923 4963 ,
2960 4898 3091 4952 Dion
3122 4899 3362 4964 Cassius,
3390 4893 3698 4953 Plutarchus.

2143 4998 2388 5061 Plinius,
2448 4996 2692 5051 Valerius
2757 4992 3043 5047 Maximus.
3096 4991 3339 5062 Denique
3383 4989 3701 5046 simulacrum

2143 5090 2260 5158 ejus
2298 5089 2488 5145 visitur
2529 5088 2583 5143 in
2616 5093 2931 5160 pervetusto
2956 5084 3279 5139 numismate
3325 5082 3558 5137 Aurelia:
3600 5076 3704 5145 Qui‘

2144 5185 2275 5239 rinze
2324 5184 2584 5248 Vestalis,
2655 5182 2710 5236 in
2757 5194 2863 5250 quo
2912 5178 3064 5233 sedet
3114 5191 3354 5246 superne
3399 5175 3571 5230 nudus
3618 5182 3707 5224 me—

2144 5282 2232 5338 dia
2281 5277 2526 5349 corporis
2567 5283 2741 5346 parte,
2797 5270 3008 5327 inferne
3049 5270 3310 5333 amictus,
3362 5269 3580 5323 dextera
3627 5259 3708 5314 iul-

2146 5394 2299 5443 men,
2338 5374 2556 5430 sinistra
2597 5379 2867 5441 sceptrum
2915 5380 3140 5438 gerens,
3179 5379 3243 5419 ac
3273 5360 3709 5429 circumscriptum

2146 5485 2340 5527 nomen
2384 5466 2544 5521 habet
2577 5482 2588 5518 :
2620 5463 2750 5534 Jap.
2810 5459 2933 5530 Opt.
2993 5457 3143 5514 Max.
3190 5456 3507 5529 Capitolinus
3570 5447 3707 5523 (Lit.

2145 5562 2234 5621 lib.
2278 5580 2338 5629 ιι,
2372 5559 2400 5633 §
2440 5558 2531 5626 21;
2568 5556 2786 5613 Sueton.
2818 5554 2908 5608 tib.
2939 5569 3007 5618 ιι,
3036 5566 3159 5623 pag.
3188 5551 3317 5616 ὂψ
3348 5549 3495 5607 Cass.
3531 5547 3618 5603 lib.
3644 5552 3711 5597 ut

2145 5659 2298 5715 Rom.
2364 5654 2484 5710 hist.
2534 5667 2655 5723 pag.
2715 5648 2820 5706 598
2866 5655 2912 5700 ει
2962 5660 3128 5715 seqq.;
3170 5642 3443 5700 Plutarch.
3508 5642 3559 5695 in
3618 5633 3716 5686 Vita

2144 5751 2403 5809 Publicol.
2430 5764 2551 5821 pag.
2600 5744 2723 5811 104;
2768 5740 2915 5797 Plin.
2963 5740 3051 5796 lib.
3110 5753 3170 5793 ιιι
3228 5736 3370 5795 Hist.
3413 5745 3584 5791 natur.
3612 5740 3717 5796 cap.
