3818 6282
223 349 300 407 ὅθί
1584 334 1739 397 Ι)ΙῦΒὶ

1897 339 2057 397 ιτιο.

3352 355 3459 418 582

220 467 249 521 2
285 471 326 518 ει
366 461 416 523 8,
459 472 577 529 pag.
625 457 717 519 9|,
772 465 829 513 et
879 456 1027 522 tas;
1064 455 1240 512 Valer.
1295 457 1385 511 tib.
1432 473 1489 524 ι,
1535 471 1656 528 cap.
1702 459 1758 520 Ξ,
1789 455 1997 516 Atium
2060 456 2228 527 spolia
2279 458 2463 528 Marti,
2517 469 2610 519 aut
2658 464 2910 535 Quirino,
2962 481 3069 541 non
3122 468 3239 526 Jovi
3290 473 3453 530 Fere-

227 558 249 631 §
281 557 339 622 3;
365 551 616 622 Lcscalop.
662 553 718 605 in
768 550 857 605 lib.
914 567 932 607 ι
975 550 1086 607 Cic.
1118 552 1181 606 de
1212 549 1403 606 Natur.
1432 552 1573 608 deor.
1608 551 1637 624 §
1670 553 1759 610 83.

225 666 317 724 pag.
350 647 482 719 iis).

283 743 448 814 Duplex
485 739 656 795 adhuc
699 739 910 810 Jupiter
955 741 1022 797 ab
1061 750 1282 797 auclore
1328 749 1515 797 nostro
1558 755 1762 798 memo-

234 847 384 894 ratur:
427 852 443 885 ι
480 831 724 897 Latiaris,
788 832 1000 903 inquit,
1052 848 1246 888 cruore
1296 833 1670 903 perfunditur;
1733 853 1754 887 ι

240 931 339 1001 quia
379 926 591 981 nimirum
640 923 897 979 humana:
954 923 1177 990 hostire,
1246 926 1324 979 uti
1375 923 1755 993 ostendimus,

245 1023 309 1079 illi
347 1017 747 1075 immolabantur:
786 1034 808 1067 ι
848 1015 914 1070 Et
966 1015 1239 1072 Feretrius
1295 1030 1401 1071 non
1458 1014 1696 1071 auditur.
1731 1034 1750 1068 ι

248 1116 392 1170 Refert
422 1106 702 1165 Plutarchus
745 1109 921 1162 varias
947 1107 1104 1178 hujus
1141 1107 1472 1178 cognominis
1498 1108 1755 1175 rationes,

244 1218 394 1275 easque
438 1202 509 1255 bis
554 1200 775 1268 exponit
826 1199 1007 1255 verbis
1055 1218 1067 1253 :
1110 1208 1351 1271 Φερέτριος
1395 1207 1517 1265 ζὼς,
1561 1206 1618 1263 ὧς
1669 1209 1756 1268 μὲν

236 1306 319 1351 imi
338 1294 472 1363 pair,
492 1296 585 1346 ἀπὸ
611 1300 696 1346 τοῦ
717 1298 1114 1362 pepigi-prominet)
1139 1302 1390 1363 τροπαίου,
1420 1298 1543 1346 κατὰ
1566 1302 1654 1352 τήν
1677 1296 1756 1343 ἆλ-

226 1390 357 1450 lum!
378 1394 567 1456 γλῶσσαν
589 1392 662 1439 ἔτι
693 1388 877 1437 πολλὴν
899 1393 1004 1440 τοτὲ
1027 1392 1421 1452 συμμεμιγμένην
1452 1397 1510 1456 τῇ
1534 1389 1749 1439 larium.

220 1488 269 1540 Ως
292 1481 332 1530 δᾶ
346 1483 498 1547 inp“,
523 1485 627 1535 Δίος
651 1481 753 1530 in:
794 1486 824 1536 ἠ
847 1486 1149 1546 προσωνυμία
1191 1482 1648 1546 κεραυνοϐολοῦντος,
1696 1483 1752 1531 τὸ

216 1574 287 1641 γὰρ
302 1573 485 1632 rbitratu,
510 1579 682 1639 φερίρε,
736 1575 779 1621 οἱ
810 1572 1028 1636 Ρωμαῖοι
1057 1574 1302 1622 καλοῦσιν·
1334 1572 1474 1621 ἄλλοι
1522 1572 1570 1622 δὲ
1618 1572 1753 1638 παρὰ

212 1675 281 1717 ταῖν
302 1669 374 1718 τοῦ
391 1667 585 1729 πολέμου
614 1669 801 1727 πληγὴ
823 1667 1055 1728 γεγονέναι
1085 1667 1293 1729 τοΰνομα.
1321 1668 1525 1731 λέγουσι·
1558 1666 1639 1715 καὶ
1660 1667 1751 1731 γὰρ

211 1762 275 1809 νῦν
297 1761 335 1810 ἓν
356 1758 441 1817 ταῖς
464 1758 646 1821 μάχης
666 1758 781 1807 ὃτθν
807 1756 1015 1806 διώκωσι
1041 1761 1147 1816 τοὺς
1177 1760 1452 1821 πολεμίους,
1487 1762 1655 1807 πυκνὸν
1693 1760 1748 1809 τὸ

1869 547 1972 602 trio
2024 548 2241 606 deferri.
2305 553 2508 611 Deinde
2555 572 2684 612 vero
2731 561 2858 629 quid
2906 562 3209 631 signiﬁcare
3281 576 3457 635 potest

1867 640 2088 696 verbum
2123 660 2143 694 ι
2182 659 2287 698 non
2316 646 2550 703 auditur.
2588 667 2609 701 ι
2639 649 2903 722 Numquid
2945 654 3242 712 Feretrium
3266 657 3453 715 Jovem

1863 747 1986 789 esse
2032 738 2285 792 mutum?
2329 741 2399 794 At
2454 757 2631 798 nonne
2665 745 2824 799 etiam
2881 756 3060 803 mutus
3106 755 3303 819 pariter
3339 761 3456 808 erat

1861 824 2070 896 Jupiter
2123 828 2398 887 Latiaris?
2447 833 2549 888 Alii
2612 847 2787 892 tamen
2859 841 3114 908 scriptum
3165 843 3217 895 in
3269 843 3455 899 codice

1862 927 2049 973 nostro
2101 925 2502 995 manuscripto,
2534 944 2554 977 ι
2589 942 2696 981 non
2763 929 3000 998 auditur,
3041 952 3061 983 ι
3115 935 3452 991 retinendum

1862 1022 2084 1065 censent
2109 1053 2123 1078 ,
2156 1023 2317 1084 atque
2344 1015 2656 1072 adverbium
2691 1036 2710 1069 ι
2740 1034 2846 1074 non
2882 1040 2901 1073 ι
2937 1022 3009 1077 ibi
3033 1025 3169 1078 sumi
3199 1040 3298 1097 pro
3320 1041 3453 1083 voce

1865 1120 1885 1154 ι
1921 1118 2115 1159 nomen
2154 1123 2175 1157 ι
2227 1107 2457 1163 Perinde
2507 1124 2571 1164 ac
2613 1112 2658 1164 si
2706 1111 2967 1169 Minucius
2994 1116 3254 1184 dixisset,
3284 1118 3448 1175 Ferc-

1858 1197 1947 1250 trii
2000 1212 2198 1255 nomen
2266 1200 2423 1272 cujus
2484 1203 2693 1260 nullum
2749 1217 2866 1262 erat
2911 1209 3289 1279 simulacrum,
3336 1228 3452 1270 am-

1858 1289 1999 1359 plius
2034 1308 2054 1341 ι
2083 1306 2192 1346 non
2245 1293 2483 1352 auditur.
2523 1315 2543 1348 ›
2594 1296 2922 1365 Quibusdam
2968 1313 3148 1358 autem
3187 1307 3451 1375 exemplis

1858 1381 1910 1435 id
1959 1384 2189 1453 probare
2244 1389 2521 1455 nituntur,
2598 1393 2691 1446 sed
2743 1408 2864 1463 quae
2934 1409 3040 1450 non
3094 1397 3271 1468 magni
3324 1410 3452 1455 sunt

1858 1479 2139 1529 momenti.
2173 1477 2309 1544 Quid
2340 1494 2467 1549 ergo
2487 1520 2503 1547 ,
2535 1482 2579 1536 si
2627 1483 2742 1538 haec
2789 1485 2947 1540 verba
2978 1504 2997 1537 ι
3035 1501 3140 1542 non
3166 1489 3398 1557 auditur,
3424 1511 3443 1544 ι

1855 1580 1955 1622 suo
2001 1569 2183 1623 nativo
2229 1586 2391 1627 sensu
2451 1574 2715 1643 accipias,
2762 1591 2861 1647 pro
2897 1580 3246 1650 relinquitur,
3297 1598 3449 1652 sper-

1853 1660 2029 1727 nitur,
2074 1665 2478 1719 contemnitur?
2522 1664 2715 1722 Nonne
2771 1669 2903 1724 satis
2951 1681 3135 1740 aperta
3189 1674 3449 1747 claraque

1852 1754 1955 1808 erit
2004 1754 2216 1811 Minucii
2269 1762 2566 1827 sententia,
2610 1760 2800 1818 Jovem
2847 1764 3118 1821 Latiarem
3148 1781 3247 1823 suo
3275 1770 3447 1826 adhuc

201 1858 309 1920 ρὲρι,
336 1854 543 1903 τουτέστιν
588 1855 735 1913 πᾶιε,
784 1863 1101 1918 «grypas-tv
1149 1853 1396 1908 ἀλλήλοις.
1459 1865 1478 1897 t
1533 1846 1739 1916 Jupiter

1897 1864 2092 1919 rmpore
2130 1865 2323 1908 cruore
2378 1855 2667 1923 perfundi,
2724 1858 2819 1914 sed
2879 1876 2984 1916 non
3014 1863 3241 1932 amplius
3274 1866 3447 1922 audiri

202 1940 431 1998 Feretrius
458 1950 676 1997 vocatur
705 1955 736 1996 a
765 1949 999 2011 tropzeo,
1017 1940 1161 2013 quod
1191 1939 1392 1996 feretro
1409 1940 1738 2010 gestabatur,

203 2033 392 2090 deducto
411 2031 621 2087 nomine
643 2047 672 2086 a
700 2046 873 2102 graeca
904 2033 1112 2103 lingua,
1136 2047 1256 2102 qua:
1298 2033 1500 2102 passim
1534 2046 1743 2086 sermo-

199 2128 242 2181 ni
275 2127 420 2180 latino
462 2133 580 2180 erat
627 2125 789 2180 etiam
832 2125 1077 2181 contusa.
1127 2124 1234 2180 Alii
1292 2138 1589 2194 cOgnomen
1619 2140 1741 2181 esse

192 2218 482 2275 lulminantis
520 2218 828 2286 afﬁrmant,
860 2235 889 2273 a
922 2218 1169 2274 feriendo
1194 2217 1417 2273 dictum.
1462 2216 1600 2272 Sunt
1648 2218 1739 2288 qui

184 2311 438 2367 deductum
473 2312 655 2366 volunt
699 2313 767 2368 ab
806 2312 1035 2374 ictibus,
1086 2311 1176 2381 qui
1228 2311 1281 2365 in
1327 2310 1472 2366 bello
1500 2310 1739 2367 inferuu-

177 2417 262 2460 tur.
306 2404 433 2459 Nam
482 2420 626 2460 nunc
660 2406 823 2460 etiam
877 2406 930 2458 in
980 2404 1352 2469 conﬂictibus,
1401 2419 1523 2459 cum
1564 2404 1738 2459 hosti-

167 2496 251 2552 bus
292 2497 488 2551 instant
537 2496 606 2551 ad
652 2496 1210 2563 feriendum,crebro
1282 2497 1635 2552 adhortantur
1678 2511 1740 2553 se

156 2598 332 2645 mutuo
365 2609 384 2642 ι
436 2588 733 2660 (Plutarch.
793 2590 847 2643 in
910 2588 1027 2643 Vita
1083 2587 1333 2656 Marcelli,
1393 2607 1512 2662 pag.
1582 2591 1733 2662 502).

149 2678 308 2735 Addit
338 2678 691 2751 quorumdam
738 2695 858 2735 esse
883 2681 1191 2751 opinionem
1234 2681 1458 2736 Numam
1484 2682 1732 2752 jussisse,

142 2786 199 2828 ut
246 2774 418 2843 prima
467 2783 526 2830 et
560 2774 741 2845 Opima
782 2775 955 2846 spolia
1002 2774 1122 2831 Jovi
1171 2773 1418 2832 Feretrio
1447 2790 1734 2831 consecra-

134 2877 343 2922 rentur.
478 2862 483 2865 ’

207 2958 488 3014 Testatum
531 2968 710 3016 autem
756 2959 913 3016 Titus
958 2961 1138 3016 Livius
1184 2961 1310 3018 facit
1359 2964 1460 3017 hoc
1530 2977 1733 3033 cogno-

124 3065 256 3107 men
304 3054 383 3108 illi
434 3052 620 3109 datum
671 3070 700 3108 a
745 3054 1013 3119 Romulo,
1063 3055 1153 3125 qui
1203 3056 1342 3110 victo
1395 3063 1452 3109 et
1478 3055 1736 3110 obtrunc-

120 3157 249 3203 cato
297 3147 550 3214 Acrone,
606 3149 961 3204 Caeniensium
1018 3164 1174 3218 rege,
1225 3150 1394 3221 spolia
1452 3151 1618 3217 ejusr
1654 3147 1734 3203 fa-

1848 1938 2197 1996 Feretrium?
2249 1944 2521 2000 Caeterum
2559 1949 2674 2003 sive
2732 1950 2878 2021 legas
2911 1971 2930 2004 (
2968 1954 3184 2009 auditur
3209 1998 3225 2023 ,
3265 1976 3284 2009 ι
3334 1961 3446 2014 sive

1852 2047 1871 2079 ι
1924 2031 2103 2087 aditur
2125 2075 2140 2098 ,
2190 2052 2212 2087 ι
2246 2051 2347 2090 nec
2377 2040 2605 2095 multum
2643 2040 2855 2097 diversa
2886 2059 3074 2100 eorum
3104 2049 3442 2119 signiﬁcatio,

1845 2138 1945 2180 nec
1971 2140 2000 2179 a
2031 2126 2246 2183 Minucii
2280 2141 2461 2187 mente
2486 2133 2643 2188 valde
2685 2134 2857 2191 aliena
2889 2137 3174 2195 videbitur.

1916 2216 2156 2288 Denique
2190 2237 2209 2271 ι
2241 2228 2339 2287 ιοι,
2373 2222 2544 2292 inquit
2568 2223 2743 2280 adhuc
2762 2225 3051 2296 Minucius,
3086 2229 3236 2288 Jovis
3263 2250 3446 2291 mons-

1844 2317 1955 2374 tra,
2006 2321 2134 2380 quot
2173 2312 2413 2368 nomina.
2470 2333 2490 2367 »
2523 2315 2593 2369 Et
2646 2316 2769 2372 ideo
2821 2331 2972 2376 certe
3016 2321 3350 2396 Theophilus
3386 2331 3439 2385 in

1843 2415 1941 2454 suo
1976 2401 2043 2455 ad
2090 2403 2415 2475 Autolycum
2468 2406 2641 2462 libro:
2681 2427 2699 2460 ι
2734 2408 2833 2477 Te,
2862 2412 3075 2484 aiebat,
3106 2417 3442 2493 interrogare

1842 2491 2010 2557 lubet,
2053 2508 2086 2547 ο
2118 2493 2301 2563 homo,
2345 2508 2554 2568 etquot
2606 2501 2821 2558 tandem
2870 2506 3207 2565 inveniantur
3256 2491 3439 2572 Joves.

1840 2591 1951 2646 Ζεὺς
1970 2594 2056 2651 μὶν
2079 2591 2172 2657 γὰρ
2191 2594 2236 2641 ἓν
2252 2597 2459 2658 πρώτοις
2487 2601 2883 2665 προσαγορεύεται
2907 2588 3177 2669 ὀλύμπιος,
3219 2609 3301 2658 xit}
3330 2615 3441 2672 Ζεὺς

1840 2682 2124 2747 Λιττιᾶριος,
2158 2684 2240 2732 καὶ
2264 2688 2375 2743 Ζεὺς
2398 2690 2631 2751 Kac-mos,
2660 2693 2742 2739 καὶ
2763 2694 2874 2749 Ζεὺς
2903 2688 3179 2765 Κεραύνιος,
3210 2701 3292 2751 καὶ
3329 2709 3440 2764 Ζεὺς

1840 2774 2124 2840 “ponii-up,
2144 2782 2228 2824 uol
2246 2779 2358 2834 Ζεὺς
2381 2779 2659 2843 Πὰν-λύκιος.
2684 2786 2765 2831 καὶ
2788 2787 2900 2842 Ζεὺς
2926 2788 3203 2853 Πολιοῦχος,
3227 2793 3308 2842 καὶ
3328 2799 3438 2855 Ζεὺς

1840 2867 2151 2923 Καπετωλιος
2191 2882 2202 2917 :
2239 2863 2449 2935 Jupiter
2501 2870 2729 2936 primum
2777 2873 3087 2944 Olympius,
3117 2880 3311 2936 deinde
3339 2883 3439 2938 La-

1841 2950 2021 3020 tiaris,
2064 2954 2311 3022 Cassius,
2360 2955 2728 3028 Fulminator,
2786 2962 3087 3035 PrOpater,
3168 2971 3434 3044 Pervigil,

1837 3044 2054 3101 urbium
2104 3047 2404 3117 Defensor,
2447 3049 2805 3122 Capitolinus.
2863 3055 2930 3111 Et
2957 3059 3175 3129 quidem
3205 3063 3432 3137 Jupiter,

1838 3138 2061 3195 Saturni
2113 3142 2294 3210 ﬁlius,
2325 3144 2662 3201 Cretensium
2715 3164 2813 3204 rex
2843 3192 2857 3216 ,
2905 3152 2959 3207 in
2987 3154 3146 3211 Creta
3194 3164 3435 3230 sepultus

114 3235 338 3294 hricato
376 3240 444 3295 ad
474 3240 527 3295 id
572 3249 701 3311 apto
744 3239 972 3306 ferculo,
1012 3260 1031 3292 ι
1080 3240 1216 3296 Livii
1251 3242 1363 3311 ipsa
1390 3250 1515 3296 sunt
1544 3241 1729 3309 verba,
1759 3237 1805 3301 C
1839 3239 1922 3285 εει
1961 3250 1981 3282 ’
2013 3233 2035 3304 (
2067 3230 2337 3305 Τθεεθρίιίί·
2391 3236 2482 3292 ίίθο
2525 3253 2559 3292 ιι
2599 3239 2668 3292 ad
2696 3240 2970 3314 Autolych-
3011 3261 3131 3318 pag.
3177 3248 3291 3323 76).
3321 3255 3438 3310 (ἐω-

118 3348 155 3382 ς
186 3347 391 3402 gerens
417 3334 474 3387 in
496 3332 819 3405 Capitolium
845 3334 1124 3401 ascendit;
1176 3336 1356 3407 ibique
1402 3352 1463 3391 ea
1519 3351 1637 3391 cum
1666 3336 1732 3391 ad

103 3439 391 3496 quercum
422 3427 728 3498 pastoribus
758 3443 966 3484 sacram
994 3427 1337 3498 deposuisset
1362 3468 1376 3493 ,
1427 3429 1583 3483 simul
1610 3444 1730 3484 cum

98 3517 272 3575 dono
304 3520 613 3590 designavit
664 3522 864 3591 templo
916 3521 1062 3577 Jovis
1115 3521 1270 3590 ﬁnes,
1324 3536 1734 3593 cognomenque

85 3612 330 3668 addidit
392 3616 550 3669 Deo:
609 3612 814 3684 Jupiter
873 3614 1116 3681 Feretri,
1173 3614 1378 3685 inquit,
1452 3614 1568 3671 haec
1638 3616 1729 3671 tibi

79 3704 301 3760 victor
354 3704 620 3761 Romulus
648 3722 743 3761 rex
788 3708 934 3778 regia
965 3723 1111 3762 arma
1155 3706 1308 3772 fero,
1360 3708 1731 3780 templumque

80 3796 194 3852 iis
242 3799 593 3869 regionibus,
648 3814 783 3870 quas
830 3799 993 3854 modo
1044 3801 1225 3854 animo
1274 3809 1504 3855 metatus
1555 3815 1674 3856 sum
1709 3841 1727 3869 ,

90 3887 325 3944 dedico
371 3890 553 3946 sedem
587 3891 786 3961 opimis
832 3892 1053 3962 Spoliis,
1086 3907 1206 3962 qum
1224 3892 1441 3965 regibus
1468 3892 1726 3949 ducibus-

124 3995 245 4048 que
290 3982 524 4037 hostium
563 3983 752 4049 caesis,
810 3998 896 4039 me
944 3992 1217 4039 auctorem
1256 3994 1573 4054 sequentes,
1604 4000 1727 4055 pos-

162 4074 248 4127 teri
272 4074 441 4130 ferent
475 4094 495 4127 ›
525 4073 658 4147 (Liv.
692 4074 784 4131 tib.
819 4090 857 4139 ι,
909 4074 937 4146 §
980 4075 1046 4131 10
1069 4074 1113 4147 ).
1145 4075 1401 4130 Eamdem
1446 4074 1725 4131 historiam

163 4170 410 4224 memoria:
450 4172 894 4229 commendarunt
936 4189 1039 4227 non
1091 4174 1262 4227 solum
1299 4172 1585 4243 Dionysius
1625 4171 1726 4226 lla-

172 4252 533 4331 licamassteus,
589 4264 725 4319 Dion
778 4262 1030 4331 Cassius,
1080 4263 1303 4330 Florus,
1339 4262 1564 4317 Messala
1587 4260 1723 4317 Cor-

181 4347 334 4415 vinus,
366 4354 540 4425 aliique
590 4353 806 4428 (Diony.
843 4353 967 4408 Hal.
1002 4354 1088 4408 lib.
1138 4370 1196 4418 II,
1249 4368 1371 4423 pag.
1417 4352 1555 4419 182;
1585 4351 1725 4407 Dion

186 4436 313 4496 Cass.
354 4444 559 4502 [ὓλην
610 4446 754 4502 Hist.
788 4447 938 4502 Rom.
978 4464 1099 4519 pag.
1135 4448 1265 4514 2'“;
1312 4445 1523 4514 Florus,
1559 4446 1646 4501 tib.
1682 4462 1721 4514 ι,

174 4544 282 4603 cap.
318 4537 367 4601 l;
392 4538 524 4596 Heu.
563 4541 719 4598 Coro.
753 4542 840 4595 lib.
872 4543 935 4597 de
980 4543 1197 4613 August.
1240 4559 1386 4614 prog.
1418 4558 1538 4614 pag.
1567 4540 1719 4614 551).

158 4623 232 4679 At
246 4628 351 4697 jam
390 4630 566 4689 citatus
591 4649 622 4689 a
681 4634 837 4690 nobis
879 4635 1106 4705 ipsemet
1146 4636 1307 4691 etiam
1361 4635 1716 4700 Plutarchus,
1743 4624 1798 4687 D

152 4732 327 4787 aperte
367 4725 623 4798 signiﬁcat
660 4728 786 4783 inde
829 4743 1079 4784 manasse
1132 4744 1373 4795 morem,
1429 4736 1488 4783 ut
1544 4730 1724 4798 opima

146 4820 428 4877 occisorum
471 4825 671 4880 ducum
722 4825 892 4895 spolia
954 4826 1127 4881 eidem
1169 4826 1288 4882 Jovi
1335 4825 1577 4882 Feretrio
1616 4827 1725 4883 fer-

136 4920 323 4967 rentur
372 4914 667 4987 (Plutarch.
720 4916 773 4970 in
827 4915 943 4970 Vita
1001 4916 1230 4972 Romuli.
1277 4933 1396 4989 pag.
1438 4917 1554 4990 27).
1587 4918 1726 4975 Hinc

133 5000 299 5059 etiam
332 5005 640 5078 Propertius
665 5008 891 5064 canebat
918 5028 932 5063 :

236 5172 247 5184 .
299 5174 323 5204 .
387 5176 399 5188 .
472 5181 482 5191 .
556 5181 567 5192 .
638 5180 651 5190 .
719 5177 731 5191 .
802 5178 813 5189 .
881 5140 1035 5193 t‘ausa
1069 5142 1281 5204 Feretri,

291 5199 446 5252 Omne
474 5205 605 5267 quod
630 5204 905 5267 certo-dux
933 5204 1048 5254 ferit
1072 5218 1193 5255 ense
1208 5199 1403 5256 ducem.

232 5258 459 5329 Segme
474 5258 601 5317 victa
624 5268 728 5316 suis
749 5266 969 5316 humeris
991 5269 1093 5316 hac
1113 5281 1246 5316 arma
1261 5268 1506 5329 ferebant,

290 5325 621 5380 HiucFeretri
641 5330 786 5380 ducta
808 5337 886 5380 est
903 5342 987 5379 ara
1010 5331 1226 5393 superba
1248 5330 1403 5381 Jovis.

992 5411 1244 5476 (PrOport.
1268 5412 1303 5463 l.
1329 5414 1421 5476 ιν.)

120 5530 352 5599 Quidam
389 5554 521 5596 vero
550 5541 603 5596 in
653 5540 758 5597 hoc
801 5540 1016 5596 Minucii
1045 5549 1212 5608 textu,
1249 5558 1270 5594 ι
1309 5540 1585 5599 Feretrius
1606 5556 1717 5597 non

129 5626 358 5700 auditur,
395 5655 415 5687 ι
460 5644 780 5705 corruptum
811 5649 936 5691 esse
963 5644 1152 5706 putant
1198 5636 1444 5692 ultimum
1492 5636 1715 5693 verbum

131 5739 167 5775 ι
234 5724 438 5795 auditur,
469 5746 489 5780 ι
550 5744 615 5785 ac
668 5728 998 5799 legendum:
1033 5729 1230 5784 aditur.
1264 5748 1283 5783 ι
1342 5728 1515 5786 Numa
1571 5730 1715 5786 enim

124 5811 418 5885 Pompilius
464 5827 591 5891 post
644 5818 859 5875 Romuli
911 5827 1142 5875 mortem
1179 5819 1338 5890 jussit
1384 5822 1565 5893 opima
1591 5821 1716 5880 hos-

1838 3332 1984 3380 teros
2045 3336 2223 3382 autem
2273 3328 2437 3386 Joves
2489 3331 2635 3388 nulla
2685 3336 2960 3406 sepultura
3027 3340 3217 3413 dignos
3271 3345 3434 3404 fuisse

1837 3418 2146 3473 arbitratur.

1910 3510 2082 3566 Porro
2132 3522 2310 3569 autem
2373 3515 2441 3571 de
2488 3516 2694 3576 inﬁnita
2761 3525 3147 3594 propemodum
3193 3528 3429 3601 illorum,

1834 3618 1973 3675 quos
2020 3613 2292 3663 trecentos
2341 3609 2559 3680 quidam
2620 3615 2926 3686 ﬁngebant,
2980 3618 3189 3676 Jovium
3276 3626 3427 3682 turba

1833 3707 1888 3749 et
1933 3696 2313 3767 multitudine,
2359 3710 2451 3755 aut
2498 3711 2556 3758 ut
2598 3714 2745 3762 recte
2817 3718 3005 3765 auctor
3052 3724 3235 3770 noster
3272 3718 3425 3785 dixit,

1832 3791 2089 3844 monstris
2156 3800 2212 3846 et
2281 3795 2544 3862 portentis
2601 3797 2801 3855 videsis
2858 3801 3055 3858 Litium
3117 3806 3426 3879 Giraldum,

1831 3892 1895 3971 ac
1923 3880 1969 3935 si
1996 3880 2144 3937 lubet
2162 3893 2217 3938 et
2251 3896 2403 3941 vacat
2427 3928 2442 3953 ,
2476 3902 2598 3958 qua:
2627 3890 2757 3946 alibi
2785 3892 3176 3964 disputavimus
3195 3897 3426 3971 (Girald.

1830 3969 1969 4025 Hist.
2024 3972 2165 4028 deor.
2196 3976 2419 4048 Syntag.
2446 3977 2504 4046 2,
2533 3996 2655 4052 pag.
2688 3983 2759 4036 72
2784 3994 2833 4038 et
2878 4001 3017 4057 seqq.
3060 3969 3253 4043 Tom.t
3320 3990 3428 4064 Αρ-

1828 4075 1997 4133 parat.
2032 4064 2121 4120 tib.
2146 4083 2226 4135 tu,
2263 4069 2448 4125 dissert
2495 4071 2547 4139 1,
2591 4087 2712 4144 cap.
2745 4075 2801 4143 9,
2849 4092 2969 4148 pag.
3027 4077 3178 4150 752).

2413 4201 2705 4244 ARTICULUS
2744 4206 2822 4245 III.

1827 4290 2123 4364 Exponitur
2149 4296 2293 4352 aliud
2321 4300 2548 4369 ejusdem
2588 4306 2833 4360 momenti
2856 4320 3214 4379 argumentum
3238 4355 3253 4381 ,
3284 4321 3423 4388 quod

1900 4386 2210 4459 deprompsit
2268 4388 2528 4447 Minucius
2575 4411 2640 4450 ea:
2691 4396 2950 4470 indignis,
3015 4414 3063 4458 et
3121 4386 3426 4478 turpissimis

1899 4480 2108 4534 deorum
2135 4483 2304 4554 factis,
2337 4484 2516 4555 quibus
2540 4489 2799 4559 ferebatur
2838 4492 3063 4565 Erigone
3108 4500 3285 4572 (aqum
3311 4523 3425 4563 sus-

1896 4588 2076 4643 pensa,
2101 4573 2282 4629 Castor
2305 4586 2352 4632 et
2381 4576 2575 4635 Pollux
2594 4582 2803 4639 alternis
2828 4603 2888 4643 ac
2917 4593 3204 4663 morientes,
3238 4596 3428 4657 discu-

1897 4665 2066 4811 tHapius
2111 4667 2330 4737 fulmine
2361 4687 2652 4745 percussus,
2708 4677 2884 4737 (Eleis
2924 4682 3123 4755 ignibus
3174 4704 3426 4753 crematur

1957 4758 2168 4811 ercules.

1957 4758 2168 4814 ercules.

1904 4892 1989 4948 Ab
2033 4893 2442 4955 absurdissimis
2483 4902 2750 4975 planeque
2797 4906 3037 4965 ridiculis
3060 4911 3281 4969 deorum
3314 4914 3424 4973 lor—

1828 4987 1933 5079 niis
1976 4991 2170 5044 transit
2224 4990 2484 5050 Minucius
2526 4996 2593 5051 ad
2632 5000 2937 5069 turpissima
2983 5005 3315 5079 nefandaque
3359 5011 3423 5066 il-

1829 5078 2003 5133 lorum
2050 5078 2322 5152 facinora,
2374 5086 2568 5155 quibus
2620 5089 2740 5144 illos
2777 5106 2884 5146 non
2942 5095 3104 5150 modo
3149 5078 3377 5156 deorum
3404 5144 3419 5170 ,

1823 5169 1921 5224 sed
1986 5170 2263 5228 hominum
2319 5177 2480 5230 etiam
2548 5179 2755 5235 ratione
2799 5183 3143 5251 praeditorum
3200 5169 3420 5248 nomine

1822 5279 2047 5334 prorsus
2101 5266 2348 5338 indignos
2405 5283 2528 5326 esse
2591 5272 2995 5335 evidentissime
3064 5281 3417 5343 demonstrat.

1823 5357 1906 5411 Ad
1950 5357 2005 5412 id
2049 5368 2231 5414 autem
2279 5361 2611 5430 probandum
2661 5366 2813 5435 plura
2853 5385 2919 5424 ex
2976 5373 3043 5427 iis
3109 5377 3418 5448 singillatim

1822 5459 2104 5519 recenset,
2152 5467 2384 5525 eumque
2424 5455 2478 5510 in
2520 5455 2655 5523 hac,
2698 5462 3148 5530 quemadmodum
3180 5468 3233 5525 in
3259 5484 3419 5545 supe-

1820 5545 1949 5602 riori
1995 5550 2495 5617 argumentatione,
2532 5565 2840 5623 sequemur.

1893 5637 1974 5692 Ab
2005 5637 2236 5708 Erigone
2275 5649 2454 5696 autem
2518 5642 2731 5700 dicendi
2762 5648 2925 5703 sumit
2950 5649 3158 5708 initium
3188 5673 3202 5711 :
3237 5675 3256 5707 ι
3286 5657 3417 5726 Qum

1819 5741 2077 5800 suspensa
2132 5769 2147 5794 ,
2194 5730 2336 5785 sicut
2392 5730 2484 5787 ille
2525 5733 2618 5802 ait,
2665 5735 2732 5792 de
2779 5736 2975 5809 laqueo
3011 5752 3121 5810 est;
3176 5755 3233 5800 ut
3262 5749 3417 5820 virgo

1788 5824 1961 5919 'iuter
2005 5832 2148 5881 astra
2199 5824 2364 5896 ignita
2414 5827 2502 5883 sit.
2542 5847 2561 5879 ι
2614 5829 2824 5903 Duplex
2853 5849 2985 5892 vero
3033 5847 3116 5894 est
3172 5839 3417 5914 Scripto~
