3824 6282
417 327 524 382 585
1697 322 1788 378 DE
1826 322 1991 382 MINU

2125 321 2304 382 OCTA
2313 325 2346 379 ι’
2357 326 2423 380 10
3571 327 3650 382 581

413 453 534 494 rum
579 437 914 495 ethnicorum
967 437 1036 493 de
1087 436 1178 492 illa
1231 435 1465 508 Erigone
1517 437 1719 506 Opinio,
1753 454 1846 494 seu
1891 453 2002 508 po—
2030 444 2079 503 Α
2111 441 2277 494 ternis
2321 440 2498 510 itaque
2550 435 2742 492 diebus
2788 437 2972 491 vivere
3025 433 3153 490 dicti
3199 433 3474 500 sunt,vcl,
3503 445 3553 490 ut
3595 441 3653 492 ait

416 531 523 586 tius
579 532 774 586 fabula.
825 533 871 585 A
916 530 1236 600 quibusdam
1278 531 1422 586 enim
1476 530 1671 585 dicitur
1713 531 1818 585 filia
1876 531 2008 585 Icari
2114 531 2346 596 Plinius,
2387 548 2405 580 ι
2444 529 2670 584 alternis
2714 528 2904 582 diebus
2952 526 3192 582 viventes
3247 527 3649 597 morientesque»

415 624 786 688 Atheniensis,
843 638 1001 692 quem
1046 638 1170 678 cum
1215 623 1400 678 rustici
1430 623 1714 677 temulenti
1781 622 2009 677 occidis-
2114 623 2132 695 (
2171 621 2310 678 Plin.
2346 624 2432 678 lib.
2477 639 2515 678 ιι
2563 621 2754 676 Natur.
2789 620 2927 675 Hist.
2957 636 3075 692 cap.
3112 621 3166 687 7,
3201 636 3318 692 pag.
3353 620 3512 691 145).
3551 622 3654 676 Eant

412 725 556 782 sent,
603 716 690 770 illa
743 724 981 786 paterna:
1027 717 1172 772 necis
1217 732 1248 770 a
1302 731 1435 770 cane
1465 715 1756 784 admonita,
1790 717 2009 786 visoque
2111 726 2291 772 autem
2343 717 2395 772 in
2457 732 2574 771 rem
2623 716 2884 773 habemus
2932 717 3124 772 citatos
3188 715 3258 770 ab
3315 715 3529 786 Origene
3578 715 3656 772 bos

411 809 554 863 illius
611 807 892 875 cadavere,
940 808 1132 879 laqueo
1180 824 1239 864 se
1271 808 1582 880 ,suSpendit.
1622 809 1750 864 Post
1779 819 2006 864 mortem
2113 810 2330 868 llomeri
2383 826 2607 867 versus:

413 916 543 957 vero
588 903 700 971 ipsa
751 899 920 972 virgo,
950 916 1013 955 ac
1056 902 1208 957 canis
1245 903 1478 957 monitor
1531 917 1628 958 suo
1685 903 1902 958 nomine
1921 916 2008 958 sc-

411 994 534 1050 dem
589 993 729 1048 inter
766 1003 908 1048 astra
957 993 1156 1049 habere
1221 994 1511 1064 tinguuntur.

485 1084 816 1140 Fabulantur
858 1085 945 1139 alii
987 1085 1273 1155 Erigonetn
1319 1086 1482 1141 fuisse
1513 1084 1743 1158 Egysti,
1777 1094 1831 1141 et
1882 1086 2006 1157 Cly-

413 1185 724 1234 temnestra:
773 1176 958 1243 ﬁliam,
989 1191 1108 1246 quae
1139 1186 1196 1231 ut
1233 1175 1476 1232 OreStem
1501 1185 1798 1242 acclisaret,
1841 1176 2007 1233 Athe-

411 1287 510 1327 nas
559 1286 683 1326 eum
729 1269 980 1341 Tyndaro
1029 1285 1130 1325 avo
1180 1285 1278 1325 suo
1331 1270 1570 1340 profecta
1637 1272 1726 1326 ubi
1763 1270 1832 1326 de
1864 1272 2006 1326 illius

411 1362 746 1418 absolutione
815 1363 1014 1418 certior
1080 1362 1218 1418 facta
1247 1372 1368 1431 est,
1420 1362 1612 1433 laqueo
1684 1364 1844 1417 vitam
1905 1363 2005 1418 sibi

413 1457 632 1512 ademit.

485 1547 748 1603 Minucius
796 1561 927 1603 vero
985 1547 1156 1619 magis
1206 1556 1479 1619 spectasse
1517 1546 1731 1602 videtur
1775 1547 1842 1602 ad
1896 1547 2006 1616 pri-

409 1657 552 1698 mam
612 1641 941 1712 opinionem,
980 1657 1082 1712 qua
1139 1641 1426 1712 Erigonem
1499 1656 1794 1710 cauemque
1856 1641 2004 1695 illum

408 1736 552 1791 inter
582 1743 722 1789 astra
755 1733 965 1789 censeri
1009 1734 1316 1805 garriebant
1337 1775 1353 1802 ,
1384 1733 1838 1805 quemadmodum
1884 1733 2004 1787 Sta-

410 1829 516 1885 tius
560 1837 868 1884 cantaverat
893 1843 907 1880 :
2034 1840 2083 1900 Β

2362 995 2502 1043 [illan
2525 1006 2588 1053 μὶν
2612 1002 2760 1050 (eam,
2783 1005 3007 1055 ίτιριςμιροι,
3029 1001 3162 1042 mou
3187 999 3222 1041 δ’
3246 997 3336 1042 «ὅτι

2361 1072 2550 1113 Τιτνᾶσιν,
2569 1069 2675 1116 τιμὴν
2699 1064 2741 1106 δί
2762 1068 2980 1118 λιλόηασιν
2998 1063 3067 1105 ἶσα
3091 1067 3218 1105 οιοῖσι.

2118 1245 2136 1278 ι
2170 1225 2447 1281 Interdum
2470 1224 2684 1296 quidem
2715 1226 2900 1281 vivunt
2926 1225 3147 1281 alternis
3177 1224 3388 1289 diebus,
3414 1224 3660 1281 interdum-

2111 1332 2216 1386 que
2246 1332 2430 1372 rursus
2455 1318 2789 1383 moriuntur,
2827 1317 3086 1373 honorem
3115 1325 3294 1372 autem
3327 1317 3498 1372 sortiti
3521 1334 3661 1387 aequa-

2112 1408 2217 1463 lem
2274 1408 2377 1463 diis
2415 1429 2433 1460 ι
2471 1409 2489 1476 (
2523 1408 2757 1480 0rigen.,
2809 1411 2848 1463 Ι.
2905 1426 2962 1464 ιιι
3009 1420 3173 1464 contr.
3224 1408 3398 1474 Cels.,
3450 1427 3497 1478 ρ.
3550 1410 3659 1474 123ς

2110 1500 2350 1567 Ηοηιει·.,
2374 1499 2588 1572 0dyss.,
2623 1511 2661 1556 t.
2690 1518 2768 1561 XI,
2797 1517 2846 1554 υ.
2875 1503 2976 1558 ’551
3013 1513 3058 1556 et
3083 1502 3252 1574 seqq).
3283 1501 3456 1558 lndea
3482 1501 3662 1557 Tatiano

2110 1603 2232 1666 post
2279 1593 2526 1649 eumdem
2586 1593 2880 1650 Homerum
2932 1604 3193 1650 vocantur
3225 1599 3522 1666 ὶτιρὸμμεροι
3559 1599 3664 1648 aii:-

2111 1713 2272 1759 κουροι
2303 1687 2460 1760 (Tati.
2513 1687 2658 1742 Orat.
2694 1697 2828 1742 cont.
2879 1687 3044 1742 ϐιαιο.
3097 1703 3216 1760 pag.
3249 1689 3358 1744 150
3383 1689 3417 1758 ).
3449 1688 3662 1758 Denique,

2109 1790 2169 1836 ut
2193 1781 2326 1836 alios
2349 1779 2655 1851 complures
2684 1779 2995 1836 omittamus
3015 1822 3032 1848 ,
3063 1779 3134 1835 de
3154 1780 3221 1836 iis
3241 1781 3385 1836 canit
3413 1779 3662 1851 Virgilius:

2297 1955 2351 2020 Si
2372 1955 2575 2020 fratrem
2600 1954 2774 2005 Pollux
2799 1957 2994 2006 alterna
3017 1962 3178 2008 morte
3203 1957 3436 2020 redemit,

2295 2018 2458 2081 Itque,
2483 2019 2712 2082 reditque
2738 2020 2865 2068 viam
2887 2022 3057 2070 toties.

2701 2101 2918 2166 (Virgil.,
2943 2103 2977 2154 Ι.
3005 2118 3050 2155 vt
3072 2103 3285 2168 Δεηείάη
3304 2118 3351 2154 υ.
3378 2104 3495 2168 121.)

568 2063 597 2090 .A
654 2063 670 2078 .
740 2065 751 2076 .
792 2061 835 2090 ί.
902 2027 1012 2076 Vim
1035 2028 1209 2088 emptis
1237 2028 1495 2090 indulgent
1534 2033 1683 2088 astra,
1711 2039 1941 2090 meaeque

563 2088 764 2141 Aﬁstifer
788 2089 1029 2150 Erigones
1053 2099 1245 2153 spumat
1262 2088 1412 2140 canis.

990 2172 1158 2235 (Slat.,
1177 2173 1212 2223 Ι.
1234 2189 1279 2222 tv
1312 2170 1568 2235 Thebaid,
1591 2187 1637 2223 υ.
1656 2174 1790 2238 558.)

2112 2276 2218 2333 Sed
2272 2275 2324 2332 id
2367 2276 2617 2332 omnibus
2673 2291 2986 2348 persuasum
3027 2293 3136 2334 non
3183 2278 3356 2336 fuisse
3406 2279 3526 2336 alibi
3548 2279 3674 2336 vidc-

412 2359 572 2419 Plura
611 2364 654 2416 si
696 2360 991 2427 desideres,
1072 2359 1374 2426 Nounium,
1425 2361 1700 2427 Servium,
1766 2362 2007 2432 aliosque
2112 2369 2306 2425 bimus.

417 2457 569 2513 adire
599 2457 724 2511 licet
757 2455 959 2528 (Noun.
992 2455 1081 2510 lib.
1114 2471 1258 2511 ιιιγιι
1309 2455 1501 2526 Diony.
1560 2472 1611 2510 v.
1642 2456 1768 2518 600,
1796 2467 1842 2510 et
1867 2473 2002 2526 seqq.

413 2551 563 2606 Serv.
591 2550 644 2603 in
674 2548 760 2603 lib.
805 2565 842 2601 ιι
893 2547 1079 2619 Georg.
1138 2546 1321 2620 Virgil.
1372 2565 1420 2600 υ.
1463 2547 1610 2618 388).
1643 2548 2004 2616 Quamobrem

413 2641 667 2697 Tatianus
714 2639 944 2695 ethnicis
985 2640 1295 2709 objeccrat:
1344 2647 1480 2695 Κύων
1520 2647 1544 2695 ὁ
1573 2657 1656 2702 τῆς
1698 2636 1918 2713 ,ἶριγὸνης
1963 2649 2008 2696 εν

411 2739 590 2806 οὐρανῷ
620 2738 876 2798 δείκνυται,
915 2751 933 2783 ι
990 2731 1153 2786 Canis
1209 2732 1465 2803 Erigones
1527 2735 1580 2786 in
1637 2733 1776 2788 casio
1826 2743 2006 2788 osten-

410 2828 557 2884 ditur
593 2845 610 2878 ι
650 2825 882 2898 (Tatiat.
920 2824 1067 2880 Orat.
1119 2835 1254 2880 cont.
1304 2825 1472 2880 erc.
1520 2839 1639 2895 pag.
1678 2825 1824 2893 M9).
1914 2901 1918 2905 λ

483 2921 783 2976 Observare
819 2934 982 2990 porro
1031 2921 1116 2975 hic
1155 2921 1309 2989 juvat
1354 2920 1406 2972 in
1453 2928 1640 2972 nostro
1683 2934 1784 2972 ms.
1818 2919 2007 2974 codice

412 3014 572 3084 legit,
609 3031 628 3064 ι
681 3025 738 3067 ιιι
767 3015 819 3066 iu
873 3022 1016 3067 astra
1073 3013 1249 3082 ignata
1278 3013 1346 3065 sit
1382 3029 1400 3062 ι
1458 3009 1808 3080 proculdubio
1846 3011 2008 3066 libra-

413 3108 480 3164 rii
510 3107 683 3178 lapsu.
707 3105 1049 3176 QuaprOpter
1082 3107 1133 3158 in
1157 3102 1317 3159 editis
1352 3103 1608 3170 scriptum
1654 3111 1738 3157 est
1790 3123 1808 3155 ‹
1844 3105 2006 3175 ignita

2185 2461 2388 2516 Dehinc
2435 2475 2567 2516 vero
2611 2460 2896 2530 Minucius,
2953 2473 3116 2534 atque
3153 2465 3315 2520 etiam
3347 2466 3557 2521 totidem
3580 2480 3669 2521 ver-

2112 2553 2194 2608 bis
2239 2553 2571 2624 Cyprianus:
2605 2571 2623 2604 ι
2682 2552 3030 2625 Ᾱῐεοιιιειρὶιιε
3082 2556 3229 2610 utin
3277 2557 3443 2612 Deum
3497 2567 3668 2626 surgat,

2112 2644 2427 2702 fulminatur
2457 2664 2477 2698 ι
2515 2645 2532 2717 (
2567 2645 2814 2716 Cyprian.
2842 2647 2930 2700 lib.
2963 2649 3027 2701 de
3057 2647 3196 2703 Idol.
3239 2647 3412 2703 Vanit.
3442 2664 3557 2720 pag.
3585 2649 3670 2718 11).

2112 2740 2244 2808 Quis
2311 2739 2412 2794 iste
2458 2738 2548 2805 sit,
2583 2742 2626 2793 si
2667 2754 2696 2792 a
2727 2739 2987 2795 Cicerone
3015 2741 3346 2811 postulabis,
3397 2758 3672 2811 responsum

2111 2835 2180 2886 ab
2228 2846 2293 2886 eo
2331 2832 2601 2900 accipies:
2641 2849 2660 2881 ι
2711 2830 3056 2902 ᾸΕεοιιΙιιιιίιιε
3117 2835 3424 2902 secundus,
3494 2832 3672 2890 secundi

2113 2923 2363 2979 Mercurii
2395 2923 2560 2978 frater
2590 2941 2603 2977 :
2637 2924 2682 2978 is
2722 2922 2946 2980 fulmine
2997 2940 3287 2994 percussus
3311 2968 3326 2991 ,
3374 2927 3562 2981 dicitur
3603 2926 3676 2979 hu-

2114 3027 2288 3070 matus
2327 3030 2449 3071 esse
2469 3014 2767 3086 Cynosuris
2797 3036 2816 3070 ι
2838 3015 3024 3089 (Cicer.
3055 3018 3142 3072 lib.
3176 3033 3236 3073 ιιι
3265 3018 3330 3072 de
3357 3016 3540 3072 Natur.
3563 3018 3674 3072 deor.

2113 3122 2233 3177 pag.
2265 3105 2412 3176 948).

412 3203 502 3268 sit,
552 3221 571 3254 ι
619 3201 671 3256 id
733 3209 853 3266 est,
909 3209 968 3252 ut
1008 3197 1240 3267 Erigone
1293 3196 1433 3250 inter
1482 3205 1627 3250 astra
1687 3197 1840 3266 ignea
1893 3198 2081 3292 col—C
2184 3197 2294 3252 Cur
2343 3207 2522 3252 autem
2571 3198 2796 3254 fulmine
2837 3214 3124 3270 percussus
3166 3200 3359 3268 fuerit,
3417 3203 3463 3257 si
3501 3216 3674 3257 rursum

412 3297 704 3351 locaretur.
755 3291 865 3346 Nec
911 3290 1071 3359 plane
1127 3287 1418 3356 rejicienda
1473 3287 1587 3342 inec
1661 3289 2006 3356 emendatio,
2047 3287 2081 3292 “
2115 3289 2440 3356 scisciteris,
2500 3291 2792 3360 respondet
2841 3293 3106 3348 Diodorus
3174 3293 3442 3349 Siculus:
3497 3312 3513 3344 ι
3545 3293 3674 3347 ΡΙυιο

413 3401 534 3456 quae
583 3383 762 3438 citatis
813 3381 970 3436 Statii
1027 3389 1082 3435 et
1134 3379 1342 3434 Tatiani
1411 3379 1588 3434 verbis
1640 3378 1782 3435 haud
1831 3381 2010 3451 inepte
2116 3383 2394 3451 querelam
2427 3381 2497 3438 de
2527 3381 2879 3454 IEsculapio,
2909 3385 3049 3455 quod
3080 3385 3334 3441 videlicet
3358 3387 3674 3443 medicatione

414 3477 644 3532 stabiliri
694 3483 887 3544 potest.
937 3473 1210 3529 Gronovio
1254 3482 1430 3528 tamen
1473 3489 1578 3528 non
1623 3475 1858 3544 placuit,
1890 3489 2009 3530 cor-
2115 3475 2234 3544 ejus
2266 3483 2601 3530 mortuorum
2629 3491 2886 3531 numerus
2907 3477 3137 3532 subinde
3160 3478 3516 3544 decresceret,
3559 3475 3673 3546 apud

415 3570 623 3641 rigique
649 3569 838 3623 maluit
873 3587 892 3620 ι
923 3567 1126 3640 signata
1150 3567 1240 3638 sit,
1265 3587 1282 3620 ι
1317 3567 1368 3623 id
1396 3580 1479 3623 est
1509 3568 1700 3623 locata.
1728 3568 1832 3623 Sed
1866 3570 2012 3636 prius
2116 3565 2304 3622 Jovem
2359 3567 2586 3621 instituit
2613 3609 2628 3636 ,
2678 3582 2913 3638 euntque
2950 3568 3019 3623 de
3049 3568 3313 3624 diminuta
3341 3571 3486 3642 regni
3512 3567 3674 3623 inferni

417 3660 703 3718 ostendere
748 3658 979 3714 debebat
1031 3659 1247 3714 ubinam
1295 3658 1556 3714 Minucius
1612 3663 1712 3714 hoc
1758 3659 2011 3728 loquendi
2116 3659 2350 3730 potentia
2377 3661 2663 3714 accusavit.
2719 3659 2832 3714 lloc
2864 3662 3030 3716 iratus
3079 3661 3294 3731 Jupiter
3326 3663 3552 3718 fulminis
3587 3661 3676 3715 ictu

417 3754 581 3810 modo
627 3761 822 3808 utatur.
877 3751 1139 3806 Cancrum
1212 3765 1564 3822 quarcumque
1630 3751 1699 3805 sit
1779 3753 2009 3822 genuina

416 3848 562 3905 illius
591 3847 770 3906 lectio.
801 3846 1140 3915 apertissime
1185 3845 1449 3915 signiﬁcat
1477 3844 1764 3899 absurdam
1791 3847 2013 3902 omnino

417 3956 538 3998 esse
585 3939 864 4012 gentilium
912 3938 980 3992 de
1023 3936 1125 3992 diis
1180 3940 1290 3992 suis
1349 3936 1688 4008 opinionem,
1754 3937 1842 4007 qui
1896 3939 2014 3992 Eri-

417 4050 612 4108 gonem
660 4043 1005 4104 posteaquam
1049 4033 1242 4102 laqueo
1277 4029 1440 4085 vitam
1486 4031 1698 4097 tinivit,
1749 4041 1805 4087 et
1833 4031 2011 4100 deam,

417 4143 473 4188 et
518 4131 657 4186 inter
695 4137 836 4182 astra
896 4126 1123 4197 positam
1166 4125 1310 4180 serio
1367 4124 1751 4195 praedicabant.

485 4225 614 4280 Post
641 4223 756 4277 hate
790 4220 1082 4282 Minucius,
1119 4229 1172 4274 et
1199 4229 1478 4289 sequester
1526 4217 1642 4288 ejus
1675 4217 2012 4288 Cyprianus:

425 4335 444 4369 ι
489 4317 745 4374 Casrores
769 4360 783 4384 ,
823 4336 842 4369 ι
873 4315 978 4372 hoc
1025 4323 1107 4370 est
1129 4357 1143 4381 ,
1173 4313 1363 4370 Castor
1388 4322 1442 4368 et
1493 4313 1677 4368 Pollux
1698 4354 1712 4375 ,
1744 4331 1762 4364 ι
1797 4313 2016 4368 alternis

418 4409 744 4476 moriuntur,
779 4416 836 4462 ut
862 4408 1042 4463 vivant
1072 4426 1091 4459 ι
1117 4406 1382 4476 (Cyprian.
1415 4405 1503 4459 lib.
1548 4405 1612 4458 de
1636 4403 1774 4459 Idnl.
1839 4404 2012 4459 Vanit.
2120 4407 2323 4480 lytum,
2367 4421 2609 4462 novercae
2639 4421 2751 4460 sua:
2791 4416 2908 4462 arte
2937 4408 3220 4476 occisum,
3263 4407 3332 4463 ad
3372 4419 3526 4463 vitam
3552 4419 3679 4460 revo-

420 4517 542 4574 pag.
596 4500 732 4570 11).
788 4500 918 4567 Qua:
968 4499 1183 4568 quidem
1237 4498 1393 4568 paulo
1443 4497 1660 4552 uberius
1707 4513 1736 4552 a
1790 4497 2019 4553 Laclan—
2125 4500 2329 4556 caverit
2371 4497 2588 4568 (Virgil.
2651 4499 2737 4552 lib.
2795 4515 2867 4552 vn
2920 4498 3138 4554 zEneid.
3207 4516 3254 4554 υ.
3309 4501 3414 4556 765
3467 4510 3512 4554 et
3553 4495 3682 4566 seqq).

421 4597 498 4653 tio
544 4596 623 4651 sic
672 4602 1050 4662 exponuntur:
1098 4611 1116 4644 ι
1153 4592 1346 4648 Castor
1387 4600 1443 4648 et
1469 4591 1655 4646 Pollux
1706 4591 1833 4647 dum
1887 4593 2016 4649 alie-
2046 4618 2099 4678 Β
2130 4593 2330 4648 Eadem
2359 4593 2493 4646 dixit
2524 4591 3072 4648 Pindaruslaudatus
3099 4611 3126 4646 a
3153 4593 3513 4662 Tertulliano,
3539 4595 3686 4648 Arno-

421 4704 522 4747 nas
575 4701 801 4759 sponsas
848 4687 1088 4756 rapiunt,
1139 4700 1258 4741 esse
1308 4685 1505 4754 gemini
1557 4685 1855 4741 desierunt.
1885 4685 2018 4740 Nam
2127 4688 2251 4753 bio,
2306 4687 2668 4757 Athenagora,
2723 4685 2814 4755 qui
2876 4687 3169 4742 secundum
3211 4698 3404 4745 testem
3435 4684 3688 4742 Hesiodum

425 4783 616 4841 dolore
656 4781 868 4852 injuria:
892 4780 1194 4835 concitatus
1239 4779 1358 4833 Idas
1386 4779 1614 4833 alterum
1645 4779 2022 4846 gladintrans-
2127 4780 2338 4843 accivit,
2399 4794 2428 4833 a
2476 4793 2584 4848 quo
2629 4787 2806 4832 tamen
2862 4777 3152 4833 hominisa
3182 4780 3414 4835 mortuis
3476 4773 3693 4834 excitatis

422 4875 759 4940 verberavit,
788 4885 842 4929 et
857 4873 1074 4929 eosdem
1098 4881 1270 4942 poeta:
1295 4872 1522 4926 alternis
1564 4871 1776 4936 vivere,
1799 4871 2020 4925 alternis
2127 4889 2324 4929 nomen
2356 4873 2610 4927 recitatur
2635 4870 2968 4940 (Tertullian.
2991 4872 3262 4944 Apologet.
3293 4889 3413 4944 cap.
3449 4875 3532 4930 lt.
3558 4881 3600 4924 et
3618 4870 3686 4926 lib.

420 4971 558 5028 mori
592 4976 812 5024 narrant
841 4985 861 5020 ι
896 4967 914 5036 (
946 4965 1184 5020 Lactant.
1223 4964 1309 5019 lib.
1352 4981 1388 5019 ι.
1421 4979 1540 5034 cap.
1593 4963 1682 5029 10,
1716 4978 1830 5033 pag.
1868 4964 2015 5033 150).
2127 4983 2164 5022 ιι
2194 4966 2260 5020 ad
2290 4963 2505 5019 Nation.
2532 4978 2653 5032 cap.
2689 4963 2794 5027 id;
2828 4964 3016 5018 Arnob.
3049 4965 3136 5018 lib.
3172 4981 3245 5030 tv,
3271 4981 3394 5036 pag.
3423 4966 3544 5030 MS;
3567 4963 3693 5017 Athe-

420 5061 722 5133 Fingebant
769 5058 914 5116 enim
951 5056 1230 5113 Castorem
1267 5066 1323 5113 et
1353 5057 1656 5118 Pollucem.
1716 5055 1940 5112 Plitebes
1965 5065 2021 5112 et
2126 5078 2244 5131 nag.
2280 5059 2457 5128 Legat.
2504 5073 2595 5127 pro
2622 5055 2898 5112 Christian.
2953 5074 3074 5129 pag.
3103 5060 3204 5124 33;
3238 5058 3459 5114 Pindar,
3507 5058 3606 5112 Ode
3631 5057 3689 5122 3).

423 5154 643 5212 Talaitze
670 5153 898 5208 liliarunt
924 5150 1561 5222 Leucippi,qtneLynceo
1581 5159 1636 5206 et
1660 5149 1761 5203 Idae
1787 5150 2018 5220 despou-
2127 5153 2346 5222 Legesis
2429 5160 2686 5220 przeterea
2752 5150 3075 5216 Lucianum,
3147 5154 3470 5223 Origeuem,
3545 5154 3692 5207 Arno-

422 5256 557 5304 satte
605 5246 846 5312 fuerant,
902 5259 1087 5300 amore
1129 5253 1332 5314 captos.
1390 5243 1749 5310 Quamobrem
1773 5241 1962 5298 Castor
1989 5261 2018 5299 a
2129 5244 2296 5308 bium,
2325 5241 2682 5304 Lactantintn,
2716 5241 3140 5309 Tlteuduretum,
3161 5259 3224 5299 ac
3247 5246 3288 5298 si
3315 5261 3481 5316 grave
3506 5260 3601 5299 nun
3622 5244 3691 5302 sit,

424 5339 672 5412 Lynceo,
720 5346 780 5393 ut
828 5336 1043 5408 quidam
1081 5345 1380 5402 autumant,
1429 5338 1513 5392 vel
1565 5337 1632 5392 ab
1678 5336 1805 5401 lda,
1855 5337 1940 5391 vel
1989 5351 2020 5391 a
2129 5353 2249 5407 qua:
2278 5335 2488 5390 anobis
2516 5336 2566 5388 in
2597 5335 3299 5403 superioritumoannotata
3332 5348 3460 5394 sunt
3484 5336 3691 5410 (Lucina.
3768 5337 3769 5412 ξ

424 5431 726 5502 Meleagro,
779 5429 864 5486 vel
913 5444 942 5484 a
985 5429 1256 5496 Policine,
1316 5437 1374 5482 ut
1403 5428 1515 5482 alii
1565 5428 1887 5497 epinantur,
1938 5431 2021 5482 in-
2124 5427 2267 5484 Dial.
2296 5427 2438 5482 deor.
2468 5441 2587 5497 pag.
2614 5427 2704 5482 78.
2739 5427 2885 5498 Orig.
2908 5430 2995 5483 lib.
3022 5445 3077 5484 ιιι
3102 5441 3236 5484 cont.
3287 5432 3422 5486 Cels.
3453 5447 3570 5502 pag.
3599 5427 3692 5489 iis;

425 5526 681 5582 terfectus
711 5532 812 5580 est.
863 5523 1052 5579 Pollux
1105 5537 1233 5580 vero
1270 5538 1300 5578 a
1341 5522 1474 5579 Jove
1519 5533 1670 5594 patre
1697 5538 1794 5578 suo
1846 5523 2020 5594 petiit,
2125 5521 2314 5577 Arnob.
2347 5521 2434 5575 lib.
2464 5535 2540 5586 tv,
2572 5535 2690 5592 pag.
2733 5521 2869 5586 M5;
2904 5521 3134 5576 Lactant.
3187 5524 3276 5577 lib.
3309 5540 3324 5577 ι
3370 5523 3546 5578 lnstit.
3596 5535 3688 5586 cap.

429 5626 489 5674 ut
529 5615 806 5672 Castorem
861 5615 1263 5670 immortalitate
1319 5614 1563 5670 donaret.
1620 5614 1725 5670 Sed
1769 5614 1819 5669 id
1854 5615 2024 5684 impe-
2128 5621 2217 5684 17,
2252 5633 2370 5688 pag.
2386 5616 2477 5678 8i;
2505 5614 2806 5670 Theodoret.
2832 5617 2994 5672 Serm.
3032 5617 3086 5681 8,
3106 5617 3170 5670 de
3197 5617 3420 5688 Martyr.
3452 5611 3691 5687 pag.

429 5717 572 5763 trare
620 5722 740 5762 cum
770 5723 876 5762 non
912 5705 1204 5775 potuisset,
1233 5706 1464 5761 obtinuit
1510 5715 1568 5761 ut
1607 5707 2025 5764 immortalitatis
2132 5708 2275 5764 Tom.
2314 5725 2329 5763 ι
2359 5709 2554 5777 Appar.
2591 5707 2678 5762 lib.
2711 5723 2791 5773 ιιι,
2825 5707 3091 5763 Dissertat.
3118 5724 3156 5773 ι,
3190 5723 3309 5776 cap.
3335 5707 3495 5774 9,art.
3525 5710 3573 5760 1.
3597 5715 3690 5773 pas-

432 5797 712 5865 dimidium
761 5796 887 5864 uni,
914 5805 970 5852 et
1016 5797 1170 5854 alteri
1209 5796 1489 5856 dimidium
1517 5797 1903 5868 impertiretur.
1932 5800 2025 5858 Al-
2130 5801 2279 5874 751).
2313 5800 2479 5858 Recte
2506 5800 2685 5872 igitur,
2719 5800 3282 5870 Plato,Tertullianus,
3305 5809 3362 5859 et
3388 5795 3695 5859 Lactantius.

2115 3755 2482 3823 [Esculapium
2537 3755 2764 3810 necavit.
2806 3761 3194 3826 Πιριξυνοιντσι,
3233 3764 3318 3811 καὶ
3360 3765 3674 3829 κεραυνώσαντα

2115 3837 2384 3910 Ᾰσιιληπιόν
2430 3853 2700 3920 θιαφθιῖραι
2736 3868 2755 3900 1
2790 3849 3032 3918 (Diodor.
3063 3851 3233 3906 Sicut.
3265 3853 3347 3906 lib.
3378 3868 3427 3905 li’
3454 3850 3668 3902 Βίόίίοιίι.

2117 3959 2237 4016 pag.
2267 3943 2430 4015 190).
2476 3945 2544 3998 At
2579 3943 2732 3998 Plato
2757 3944 2940 3998 scribit
2960 3944 3110 3999 illum
3139 3946 3264 4002 ideo
3287 3944 3488 4000 fulmine
3509 3945 3678 4007 ictum,

2118 4038 2239 4108 quia
2266 4036 2487 4091 avaritia
2517 4051 2758 4107 auroque
2788 4049 3078 4107 corruptus
3098 4079 3112 4104 ,
3143 4055 3164 4088 ‹
3194 4037 3498 4110 opulentum
3517 4049 3679 4106 quem-

2119 4129 2241 4184 dam
2293 4129 2464 4184 virum
2512 4128 2698 4188 lethali
2738 4129 2930 4184 morbo
2969 4130 3344 4197 laborantem,
3395 4140 3449 4186 et
3484 4130 3676 4183 animam

2124 4234 2370 4294 agentem
2399 4223 2671 4278 curaverit
2697 4241 2716 4275 ι
2745 4220 2944 4294 (Plato.
2978 4223 3066 4277 lib.
3098 4239 3156 4279 ιιι
3181 4225 3246 4278 de
3274 4225 3470 4295 Repub.
3499 4234 3596 4276 tom.
3626 4235 3674 4273 ιι.

2122 4329 2241 4385 pag.
2273 4312 2422 4384 408).
2495 4314 2600 4368 Aut
2627 4311 2784 4368 sicuti
2809 4313 3060 4384 Virgilius
3092 4315 3328 4370 cecinit:
3360 4315 3491 4384 Quia
3513 4313 3677 4382 Hippo-
