3818 6282
153 322 255 379 585

1565 333 2028 395 DlSSERTATIO.

3338 364 3447 421 586

150 440 218 492 nti
245 453 345 493 suo
403 439 531 496 loco
573 441 895 506 videbimus,
935 442 1064 499 inde
1103 457 1225 500 cum
1281 452 1500 503 auctore
1564 457 1821 511 nostroA
1852 467 1969 507 rum
2000 454 2144 523 paria
2197 459 2517 529 composuit,
2569 463 2825 521 saueiavit
2876 465 3163 536 Venerem,
3218 472 3438 532 Martem

148 534 480 588 concludunt
527 533 903 603 Eseulapium
954 534 1060 589 diei
1107 551 1212 591 non
1240 552 1398 608 posse
1428 539 1523 595 Dei
1551 541 1741 596 lilium.

206 624 344 691 Quid
380 626 539 695 plura
563 627 588 678 ?
628 645 647 677 ι
682 626 958 694 Hercules,
995 646 1015 679 ι
1059 630 1292 685 auctoris
1321 631 1497 687 adhuc
1554 634 1745 702 nostri,

141 718 473 791 totidemque
496 719 753 792 Cypriani
781 721 941 776 verba
960 731 1103 790 sunt,
1136 741 1155 775 ι
1187 733 1244 777 ιιι
1266 724 1534 781 hominem
1562 737 1741 794 exuat,

142 807 322 867 Oeteis
342 812 470 883 (ms.
498 812 632 883 Reg.
663 811 927 880 Heuueia,
964 813 1060 870 sed
1091 816 1254 887 male)
1285 817 1496 888 ignibus
1520 834 1744 877 concre-

149 914 347 961 matur.
387 925 408 959 ι
451 906 558 962 Res
604 915 750 971 tota,
803 923 899 964 seu
938 910 1055 965 hme
1091 908 1267 966 fabula
1316 926 1345 966 a
1401 910 1631 968 Diodoro
1660 914 1744 969 Si-

160 1001 321 1068 culo,
374 1017 527 1074 quem
574 1000 799 1057 Servius
843 1003 1117 1073 sequitur,
1176 1004 1318 1061 hunc
1388 1016 1635 1061 narratur
1685 1008 1740 1063 in

165 1096 399 1151 modum.
443 1095 726 1165 Postquam
773 1095 1030 1152 Hercules
1081 1080 1398 1163 interulam,
1439 1098 1741 1169 aDejanira

170 1187 358 1260 pbiltno
380 1188 651 1255 Centauri,
675 1187 743 1243 ad
762 1188 1052 1259 perniciem
1076 1201 1408 1262 comparato,
1428 1205 1739 1261 perunctum

172 1282 432 1347 induisset,
493 1281 548 1336 in
578 1281 874 1346 exitialem,
922 1283 1006 1337 vel
1057 1293 1114 1338 ut
1143 1294 1325 1340 narrat
1354 1286 1650 1349 Arnobius,
1687 1288 1738 1342 in

169 1375 465 1432 comitialem
504 1377 754 1431 morbum
801 1378 981 1432 statim
1032 1378 1238 1433 incidit.
1301 1380 1502 1435 Dehine
1554 1382 1742 1436 morbo

169 1471 583 1542 ingravescente,
615 1479 671 1524 et
707 1469 855 1526 omni
904 1472 1287 1541 recuperandae
1312 1462 1497 1529 salutis
1526 1488 1621 1544 spe
1646 1474 1740 1530 ab-

158 1563 311 1633 jecta,
360 1577 579 1633 pyram,
630 1573 688 1618 ut
736 1563 991 1635 Delphico
1034 1566 1256 1620 oraculo
1315 1565 1735 1637 obtemperaret,

166 1654 473 1710 conscendit.
502 1654 637 1711 Huic
663 1656 838 1726 ignem
866 1655 1094 1727 subjecit
1122 1657 1473 1723 Philoctetes,
1505 1675 1737 1731 moxque

165 1746 452 1805 fulminibus
497 1757 636 1805 tacta
691 1750 744 1805 in
790 1749 1001 1805 eineres
1039 1765 1161 1805 cum
1192 1750 1441 1807 Herculis
1506 1768 1735 1823 corpore

1852 544 2041 605 vinxit.
2081 548 2395 613 vulneravit,
2430 551 2644 624 fugavit.
2696 555 2884 614 Jovem
2930 572 3108 617 narrat
3145 581 3174 618 a
3224 567 3444 623 Briareo

1852 633 2155 703 liberatum,
2184 655 2253 695 ne
2275 656 2303 693 a
2326 642 2428 697 diis
2457 646 2667 701 eieteris
2697 646 2969 719 ligaretur,
3002 665 3055 707 et
3075 652 3443 727 Sarpedonem

1851 722 2037 793 ﬁlium,
2061 732 2310 798 quoniam
2338 736 2499 789 morti
2545 752 2651 793 non
2690 750 2899 809 poterat
2943 722 3445 815 eripere,vcruentis

1848 816 2107 875 itnbribtts
2146 824 2381 892 ﬂevisse,
2425 838 2480 884 et
2511 828 2628 884 loro
2650 830 2877 890 Veneris
2914 837 3170 907 illectum,
3214 842 3447 914 ﬂagrau-

1848 911 1952 965 tius
1984 928 2143 983 quam
2171 917 2223 971 in
2274 919 2546 977 adulteras
2595 924 2789 990 soleat,
2843 943 2964 984 cum
3013 932 3222 991 lunone
3278 911 3445 994 uxore

1846 1006 2223 1065 concumbere.
2251 1030 2269 1062 ι
2307 1013 2503 1069 Eadem
2535 1017 2710 1086 plane,
2732 1019 2825 1075 sed
2860 1022 2978 1077 aliis
3005 1027 3183 1082 verbis
3211 1031 3447 1101 scripse-

1846 1105 1930 1150 rat
1957 1096 2320 1157 Tertullianus
2348 1121 2363 1157 :
2393 1124 2411 1156 ι
2446 1106 2552 1162 Sed
2580 1124 2874 1168 conversus
2896 1114 2962 1168 ad
2986 1116 3189 1175 litteras
3216 1096 3442 1191 vestras,

1846 1189 2039 1259 quibus
2084 1191 2449 1252 informamini
2478 1200 2544 1254 ad
2582 1204 2945 1276 prudentiam,
2976 1219 3030 1265 et
3057 1212 3296 1269 liberalia
3326 1189 3447 1271 orli-

1845 1280 1950 1380 eia,
1980 1295 2178 1352 quanta
2216 1286 2430 1344 invenio
2474 1291 2745 1350 ludibria?
2788 1298 2926 1356 Deos
2953 1303 3090 1360 inter
3118 1322 3177 1362 se
3229 1320 3436 1380 propter

1845 1370 2109 1444 Trojanos
2137 1386 2192 1433 et
2216 1380 2467 1447 Achivos,
2500 1396 2557 1440 ut
2584 1388 2942 1458 gladiatorum
2983 1398 3147 1465 paria,
3189 1370 3445 1474 congres-

1845 1477 1934 1519 sos
1960 1465 2326 1540 depugnasse:
2357 1473 2615 1532 Venerem
2637 1480 2867 1540 humana
2895 1489 3084 1557 sagitta
3115 1465 3402 1550 sauciatam
3429 1516 3445 1563 ;

1842 1555 2066 1614 Martem
2086 1562 2344 1620 tredecim
2367 1570 2642 1627 mensibus
2670 1573 2722 1628 in
2749 1555 2978 1632 vinculis
2995 1597 3130 1649 pene
3155 1599 3446 1658 consump—

1846 1659 1986 1718 tum;
2018 1657 2207 1711 Jovem
2234 1674 2303 1714 ne
2327 1661 2573 1718 eamdem
2603 1667 2707 1720 vim
2731 1683 2759 1720 a
2805 1674 3015 1726 caeteris
3053 1676 3321 1732 caelitibus
3355 1657 3450 1735 ex-

1841 1742 2133 1813 periretur,
2191 1766 2352 1821 opera
2420 1755 2698 1825 cujusdam
2741 1742 2965 1816 monstri
3022 1765 3341 1836 liberatum;
3396 1783 3453 1827 et

165 1841 370 1897 redacta
405 1848 503 1895 est.
535 1839 730 1896 Postea
758 1855 889 1896 vero
909 1856 1031 1896 cum
1059 1856 1182 1897 ossa
1230 1842 1370 1898 illius
1403 1843 1601 1900 frustm
1652 1846 1737 1903 ιο.
1769 1856 1817 1915 Β
1847 1851 1990 1893 nunc
2015 1839 2230 1896 ﬂentem
2259 1844 2584 1917 Sarpedonis
2606 1866 2810 1916 casum,
2842 1871 2981 1911 nunc
2998 1857 3142 1915 foede
3170 1862 3451 1920 subantem

163 1934 282 1989 laus
312 1934 708 2004 conquisivisset
732 1976 748 2000 ,
805 1934 942 1989 fama
990 1935 1297 2006 percrebuit
1336 1936 1486 1992 illum
1514 1938 1580 1993 ad
1609 1939 1741 1996 deos

164 2026 481 2081 convolasse.
510 2027 844 2098 Augustinus
872 2043 1000 2084 vero
1030 2028 1228 2084 indicat
1255 2029 1364 2095 ubi,
1390 2038 1443 2084 et
1470 2046 1578 2101 quo
1606 2041 1740 2088 lent-

169 2134 295 2189 pore
330 2119 376 2174 id
426 2118 646 2185 factum,
693 2131 746 2175 et
782 2121 902 2190 quis
946 2121 1038 2176 ille
1085 2121 1340 2178 Hercules
1388 2122 1568 2179 fuerit.
1602 2124 1739 2181 Tum

170 2211 292 2267 inde
333 2220 383 2266 et
427 2212 490 2267 ad
540 2214 779 2269 auctoris
825 2213 992 2268 nostri
1040 2223 1274 2270 mentem
1326 2217 1607 2286 apposite,
1666 2218 1737 2274 ita

164 2314 593 2377 argumentatur:
639 2325 658 2358 ι
691 2307 972 2374 Quomodo
1002 2324 1145 2365 nunc
1199 2310 1414 2380 quidem
1465 2320 1578 2375 est,
1630 2326 1737 2367 non

166 2399 320 2454 video
336 2413 434 2469 quo
463 2412 620 2470 pacto
646 2401 734 2455 ille
777 2400 1068 2467 Hercules,
1120 2402 1204 2456 cui
1236 2402 1287 2456 in
1339 2414 1518 2458 monte
1557 2405 1739 2460 Oetaeo

160 2494 332 2548 allatae
364 2492 631 2562 lampades
661 2492 905 2562 fuerunt,
960 2505 1017 2549 ut
1060 2497 1137 2550 ait
1204 2496 1387 2565 Aeius,
1420 2497 1471 2551 in
1521 2497 1737 2553 domum

163 2595 404 2641 aeternam
454 2585 650 2655 patris,
682 2584 862 2647 lovis.
905 2603 971 2642 ex
1002 2588 1095 2642 illo
1133 2587 1329 2644 ardore
1354 2590 1675 2657 pervenerit.
1714 2608 1733 2641 ι

159 2680 336 2735 Διιίεἱε
357 2679 622 2746 Ovidium,
651 2679 746 2735 lib.
780 2696 833 2735 ιχ
862 2680 1215 2751 bletamorpb.
1249 2680 1424 2736 fabula
1452 2683 1506 2745 '5;
1530 2681 1740 2751 Sepho-

156 2774 298 2830 clem
321 2774 366 2829 in
397 2772 716 2840 Trachiniis,
746 2782 878 2828 tom.
914 2789 951 2830 ιι
1004 2774 1154 2830 Poet.
1179 2773 1380 2841 Graec;
1423 2775 1738 2831 Ciceronem

153 2868 260 2924 lib.
314 2885 347 2924 tt
401 2869 688 2925 Tusculan.
750 2884 865 2939 pag.
914 2870 1053 2934 138;
1112 2868 1373 2926 Senecam
1411 2868 1463 2923 in
1509 2868 1740 2925 Hercule

155 2961 361 3029 Oetaeo;
417 2963 687 3020 Iustinum
730 2962 1036 3035 Martyrem,
1084 2960 1313 3033 Apolog.
1357 2977 1412 3028 ι,
1460 2975 1579 3031 pag.
1638 2960 1738 3026 76;

158 3056 564 3128 Athenagoram,
584 3056 769 3127 Legat.
796 3071 892 3127 pro
917 3055 1203 3110 Christian.
1234 3069 1350 3127 pag.
1383 3054 1473 3121 53;
1492 3052 1742 3109 Theodo-

158 3162 339 3219 retum,
362 3151 538 3208 Serm.
556 3150 693 3216 5,de
708 3150 1053 3221 Angel.,pag.
1080 3149 1207 3209 510.
1225 3159 1281 3205 et
1305 3150 1471 3204 l'usius
1489 3147 1735 3205 Sermon.

156 3243 187 3299 8
234 3244 299 3301 de
349 3244 597 3317 Hartyr.,
624 3258 745 3315 pag.
778 3244 847 3299 59
861 3245 903 3308 ί,
935 3252 991 3297 et
1011 3258 1187 3313 seqq.;
1220 3241 1553 3297 Lactantinm
1585 3240 1675 3296 lib.
1720 3255 1738 3294 ι
1766 3248 1810 3311 C

149 3338 371 3395 lostitut.
395 3339 778 3410 divin.,cap.9;
800 3346 957 3408 atque
975 3335 1238 3407 Hyginum
1259 3333 1733 3403 etApollodorum,

142 3432 234 3503 qui
275 3431 341 3487 de
362 3431 447 3487 bis
473 3432 703 3501 aliisque
747 3429 1058 3485 memoratis
1086 3425 1367 3499 gentilium
1395 3423 1737 3494 opinionibus

135 3528 288 3599 plura
322 3527 530 3599 scripto
585 3524 939 3582 tradiderunt.

739 3652 1031 3694 ARTICULUS
1056 3653 1128 3693 ιν.

124 3759 231 3817 Car
258 3777 321 3816 ac
347 3757 606 3829 quomodo
625 3755 880 3812 Minucius
901 3757 1131 3810 ostendat
1151 3757 1312 3827 falsos
1332 3769 1438 3810 esse
1458 3751 1735 3808 Gentilium

195 3857 343 3920 deos,
378 3850 619 3908 lectitatis
642 3849 707 3904 ab
734 3848 964 3903 omnibus
992 3851 1060 3903 ad
1083 3851 1194 3904 vita:
1215 3862 1510 3911 morumque
1533 3844 1733 3899 inuitu—

195 3952 391 4005 tionem
449 3946 594 4002 libris
647 3942 874 4010 Homeri,
931 3943 1111 4013 quibus
1167 3942 1504 3996 decantantur
1564 3936 1732 3992 Venus

193 4045 455 4108 sauciata,
513 4039 659 4094 Mars
711 4039 908 4093 vinctus
954 4045 1000 4091 et
1047 4035 1371 4100 vulneratus;
1415 4030 1623 4099 Jupiter
1699 4046 1731 4083 a

196 4138 415 4194 Briareo
459 4134 725 4199 liberatus,
777 4129 1127 4204 Sarpedonem
1171 4126 1383 4196 deﬂens,
1438 4124 1734 4194 illectusque

206 4231 418 4287 Veneria
444 4230 580 4293 loro,
614 4225 861 4282 Hercules
888 4232 1107 4279 stercora
1147 4235 1375 4291 egerem,
1416 4216 1612 4272 Admeti
1643 4231 1731 4285 pe—

205 4344 299 4382 cus
328 4340 538 4396 pascens
574 4321 781 4392 Apollo,
816 4318 1087 4389 Neptunus
1110 4329 1284 4368 muros
1312 4310 1543 4381 reﬁciens
1592 4306 1729 4362 Lao-

214 4419 477 4483 medontia,
523 4416 722 4488 fuluten
760 4411 904 4467 Iovis
941 4427 1057 4465 cum
1094 4405 1283 4463 xEnea.’
1319 4403 1473 4458 armis
1509 4399 1731 4472 fabrica-

215 4523 352 4578 tum,
380 4510 545 4567 Martis
607 4507 915 4575 Venerisque
961 4500 1288 4563 adulterium,
1328 4493 1649 4565 Ganymedes
1698 4506 1731 4544 α

206 4602 345 4656 Jove
381 4608 566 4669 raptus,
595 4611 658 4650 ac
681 4609 834 4665 quam
861 4589 1036 4646 merito
1070 4585 1380 4650 Homerua_a
1412 4580 1630 4636 Platone
1667 4593 1731 4632 ea:

200 4695 405 4750 civitate
430 4708 524 4747 sua
542 4691 730 4762 eiectus
758 4686 842 4742 sit.

196 4830 464 4901 Deplorat
503 4823 766 4884 Minucius
814 4820 1066 4876 miseram
1110 4827 1328 4886 prorsus
1355 4820 1411 4866 et
1462 4808 1729 4864 infelicem

106 4928 471 4988 ethnicorum
514 4921 904 4985 conditionem,
944 4914 1036 4985 qui
1071 4911 1242 4967 aniles
1270 4908 1337 4964 de
1363 4905 1465 4963 diis
1506 4905 1618 4960 suis
1654 4901 1732 4956 l‘a-

102 5023 279 5082 bulas
306 5036 340 5075 a
368 5017 681 5091 parentibus
703 5011 901 5077 edocti,
937 5023 1077 5081 pene
1106 5021 1228 5063 cum
1273 5004 1410 5059 lacte
1452 5006 1729 5058 suxerant.

103 5117 268 5185 Quin
291 5114 454 5171 etiam
480 5108 800 5183 grandiores
826 5103 973 5167 facti,
1024 5120 1043 5154 ι
1083 5099 1215 5170 ipsis
1245 5097 1437 5198 studiis
1483 5093 1731 5198 et-

102 5210 315 5283 plinis,
348 5227 369 5260 ι
399 5220 495 5262 eas
525 5210 801 5275 poetarum
844 5212 908 5253 ae
949 5195 1285 5268 potissimum
1333 5185 1733 5283 Homerididi-

119 5278 323 5360 cel-ant
346 5297 699 5356 carminibus.
741 5292 799 5347 In
828 5291 895 5347 iis
921 5289 1065 5346 enim
1104 5300 1224 5357 quae
1245 5280 1481 5355 jucunda
1511 5280 1614 5335 sibi
1647 5278 1732 5332 vi-

117 5395 419 5458 debantur,
445 5404 652 5446 venena
695 5384 959 5448 bibentes,
990 5377 1206 5441 auditis
1244 5374 1468 5431 deorum
1513 5384 1734 5427 suorum

120 5486 367 5558 ﬂagitiis,
419 5495 602 5538 mores
649 5492 777 5533 suos
826 5478 1202 5543 corruperunt.
1250 5464 1387 5565 Quid
1624 5475 1732 5565 rion

116 5556 404 5641 fecissent,
424 5574 705 5631 audientes
728 5569 1018 5624 Homerum
1044 5563 1221 5621 illum.
1252 5568 1312 5614 ut
1340 5558 1415 5613 ait
1443 5556 1731 5619 Minucius,

120 5693 138 5726 ι
175 5672 474 5745 inclytum,
542 5666 835 5728 laudatum,
900 5666 1235 5721 coronatura,
1272 5675 1291 5706 ι
1350 5652 1417 5708 ab
1485 5649 1735 5705 omnibus

108 5768 365 5843 populis,
393 5765 488 5837 qui
521 5784 540 5816 ι
568 5762 710 5819 bello
735 5757 931 5814 Troico
953 5755 1113 5851 deos,
1139 5752 1240 5807 etsi
1274 5748 1428 5851 ludos
1451 5745 1623 5851 “facit,

106 5836 246 5924 men
294 5862 347 5919 in
382 5836 665 5916 hominum
693 5852 855 5908 rebus
890 5858 947 5906 et
991 5846 1200 5903 actibus
1220 5839 1476 5899 miscuit?
1519 5836 1616 5895 Hic
1646 5849 1739 5893 eo-

621 5948 902 6013 Ρηιιοι..
947 5939 1061 6009 1H.

1750 4645 1807 4706 D

1847 1929 1898 1982 in
1927 1945 2191 2000 sororem,
2223 1938 2323 1992 sub
2348 1947 2865 2003 commemoratione
2894 1968 2999 2004 non
3028 1954 3098 2007 ita
3127 1955 3449 2014 dilectarunt

1837 2019 2161 2122 jampridem
2219 2031 2511 2088 amicarum
2566 2055 2586 2087 ι
2622 2037 2853 2106 (Tertul.
2886 2040 3129 2116 Apolog.,
3178 2062 3295 2118 cap.
3334 2050 3449 2122 lii).

1840 2112 2050 2187 Integra
2079 2120 2289 2177 Minucii
2312 2127 2478 2180 nostri
2511 2143 2573 2182 ac
2601 2128 2915 2187 Tertulliani
2942 2112 3071 2191 loca'
3106 2139 3268 2195 simul
3301 2112 3446 2198 retu-

1846 2204 2045 2275 limus;
2071 2220 2180 2266 tum
2202 2215 2325 2284 quia
2365 2217 2468 2273 sibi
2511 2219 2739 2278 invicem
2769 2228 3149 2284 mutuolueem
3177 2231 3444 2303 aﬂ‘erunt;

1846 2304 1958 2352 tum
1990 2303 2112 2370 quia
2142 2304 2278 2361 adeo
2316 2309 2514 2365 similia
2547 2322 2693 2380 sunt,
2724 2324 2781 2370 ut
2811 2332 2905 2373 sua
2952 2318 3215 2377 Minucius
3240 2339 3271 2379 a
3319 2326 3450 2382 Ter-

1845 2390 2066 2446 tulliano
2088 2406 2360 2454 mutuatus
2390 2401 2646 2458 videatur.

1914 2482 2044 2550 Qua:
2065 2497 2242 2543 autem
2271 2487 2635 2551 Tertullianus
2665 2512 2732 2552 ex
2751 2500 3087 2559 ethnicorum
3118 2506 3312 2564 litteris
3350 2527 3447 2581 ge-

1845 2577 2098 2633 neraliter
2129 2588 2355 2648 tantum,
2414 2587 2527 2642 haec
2577 2589 2836 2648 Minucius
2881 2606 3064 2653 noster
3100 2617 3169 2656 ex
3214 2577 3447 2661 Homero

1843 2669 2161 2742 deprompta
2190 2689 2310 2730 esse
2336 2676 2591 2735 declarat.
2626 2685 2798 2754 Atque
2819 2684 2947 2742 hinc
2972 2689 3318 2762 intelligimus
3352 2711 3447 2752 cur

1845 2761 1944 2831 illi,
1974 2763 2169 2835 aliique
2189 2767 2499 2826 ebristianae
2527 2775 2803 2844 religionis
2826 2779 3137 2837 defenSores
3152 2761 3324 2843 hasce
3354 2789 3449 2844 ab-

1844 2854 2207 2924 surdissimas,
2234 2859 2428 2932 vixQue
2473 2865 2564 2920 ulli
2602 2881 2747 2922 sana:
2768 2876 2965 2928 mentis
2992 2874 3194 2931 homini
3215 2880 3450 2938 credibi-

1844 2944 1923 3002 les
1951 2946 2179 3016 labulas,
2207 2950 2438 3009 ethnicis
2477 2957 2724 3012 omnibus
2752 2960 2819 3015 ad
2874 2962 3033 3020 falsas
3076 2966 3284 3025 illorum
3323 2972 3449 3028 reli-

1843 3040 2029 3110 giones
2058 3042 2411 3101 destruendas
2432 3048 2751 3118 objecerint.
2779 3053 2948 3109 Tanto
2977 3060 3117 3112 ισιιίιιι
3152 3061 3204 3115 iu
3243 3062 3449 3122 honore

1844 3131 1985 3201 apud
2009 3132 2127 3189 illos
2152 3145 2268 3191 erat
2310 3135 2592 3206 Homerus,
2623 3152 2679 3196 ut
2700 3160 2897 3214 pueros
2937 3146 3214 3206 decantata
3254 3155 3323 3209 ab
3355 3156 3448 3211 illo

1845 3224 2068 3280 deorum
2098 3226 2325 3282 ludibria
2377 3229 2655 3301 docerent,
2690 3236 2884 3307 aliique
2929 3238 3071 3295 illius
3116 3244 3448 3305 carminibus

1848 3334 1867 3367 ι
1905 3318 1971 3372 ad
1996 3319 2355 3390 prudentiam,
2394 3343 2412 3373 ι
2468 3336 2524 3379 ut
2550 3327 2623 3381 ait
2650 3327 3029 3399 Tertullianus,
3069 3353 3087 3385 ι
3116 3346 3168 3390 et
3205 3337 3447 3396 liberalia

1838 3412 2014 3468 ol‘ticia
2058 3433 2077 3466 ι
2140 3414 2579 3475 informarentar.
2635 3421 2820 3494 Itaque
2868 3424 2951 3480 bis
2990 3441 3017 3480 a
3072 3430 3241 3498 prima
3286 3444 3446 3491 mtatc

1838 3503 2048 3571 imbuti,
2080 3514 2354 3580 tantoque,
2383 3512 2459 3565 uti
2492 3513 2767 3583 putabant,
2819 3516 2936 3573 viro
2982 3518 3139 3576 ﬁdem
3183 3524 3445 3598 derogare

1838 3596 1989 3652 nel'as
2009 3598 2286 3671 ducentes,
2313 3602 2467 3665 facile
2492 3606 2840 3663 crediderunt
2858 3611 2992 3667 tales
3009 3629 3130 3670 esse
3154 3616 3286 3674 deos
3304 3596 3443 3677 suos

1834 3692 2020 3762 quales
2061 3693 2130 3750 ab
2165 3710 2231 3752 eo
2274 3706 2328 3752 et
2363 3697 2481 3753 aliis
2530 3702 2703 3770 poetis
2748 3702 2876 3771 lieti,
2923 3705 2976 3761 in
3024 3708 3246 3766 theatris
3290 3723 3441 3783 post-

1836 3785 2089 3852 modum,
2133 3802 2197 3843 ac
2223 3790 2516 3874 mysteriis,
2561 3801 2619 3847 ut
2648 3792 2783 3848 infra
2824 3799 3188 3867 ostendemus,
3232 3807 3444 3874 publice

1836 3880 2380 3948 reprazsentabantur.
2410 3882 2771 3951 Quamobrem
2812 3907 2830 3939 ι
2887 3889 2990 3956 Itis,
3034 3895 3111 3947 ait
3151 3895 3439 3959 Minucius.

1834 3981 1994 4043 atque
2020 3973 2329 4044 bujnsmodi
2356 3976 2648 4047 ﬁgmentis,
2675 3989 2731 4035 et
2767 3983 3061 4040 mendaciis
3106 3986 3441 4048 dulcioribus

1834 4078 2247 4136 corrumpuntur
2294 4069 2505 4139 ingenia
2549 4086 2857 4141 puerorum,
2906 4086 2960 4130 et
3014 4077 3201 4133 iisdem
3242 4080 3437 4142 fabulis

1835 4154 2242 4227 inhrerentibus,
2274 4161 2341 4215 ad
2373 4177 2541 4232 usque
2567 4180 2793 4219 summa:
2821 4170 2995 4222 mtatis
3036 4171 3199 4227 robur
3236 4189 3437 4234 conse.

1834 4260 2080 4317 nescunt,
2112 4266 2233 4305 eum
2262 4252 2334 4306 sit
2366 4253 2564 4309 veritas
2603 4254 2780 4320 obvia,
2814 4258 2908 4313 sed
2949 4262 3364 4329 requirentibus.
3406 4290 3427 4323 ι

1834 4341 1916 4396 Ad
1956 4343 2072 4398 haec
2098 4357 2227 4398 vero
2272 4344 2481 4398 tametsi
2516 4344 2798 4409 Homerus,
2844 4348 3040 4419 aliique
3094 4365 3266 4422 poetae
3323 4369 3431 4417 tam

1835 4432 2063 4489 nefanda
2088 4435 2369 4506 turpiaque
2407 4434 2474 4490 de
2518 4436 2622 4491 diis
2651 4437 2888 4494 carmina
2923 4440 3166 4512 fecerint,
3214 4448 3313 4521 ipsi
3347 4463 3433 4509 ta-

1833 4542 1980 4594 men,
2005 4526 2147 4582 sicut
2174 4528 2249 4581 ait
2270 4527 2621 4598 Augustinus,
2644 4528 2981 4588 ethnicorum
3015 4535 3251 4610 theologi
3280 4543 3432 4599 diee—

1833 4619 2027 4676 bantur
2057 4620 2383 4692 (Augustin.,
2418 4620 2509 4676 lib.
2544 4637 2693 4690 xvut,
2724 4623 2789 4678 de
2813 4622 2989 4692 Cirin,
3032 4643 3152 4701 cap.
3184 4633 3273 4697 M,
3306 4651 3429 4709 pag.

1832 4711 1986 4784 498).
2020 4711 2134 4768 Non
2160 4714 2352 4768 ntiruut
2394 4714 2572 4786 igitur,
2611 4716 2655 4771 si
2682 4716 2943 4775 Minucius
2980 4734 3184 4793 noster,
3225 4729 3426 4800 aliique

1833 4807 2180 4863 vetustissimi
2214 4807 2471 4864 Ecclesiae
2514 4808 2699 4866 Patres
2748 4812 2886 4869 hanc
2935 4814 3149 4873 Homeri
3195 4833 3426 4879 cauere-

1833 4915 2063 4969 rumque
2093 4907 2370 4970 poetarum
2403 4904 2800 4969 auctoritatem,
2838 4903 2966 4959 licet
3007 4907 3246 4965 ridiculis
3292 4912 3429 4970 adeo

1833 4989 2028 5047 fabulis
2059 4991 2351 5059 fundatam,
2381 4994 2524 5048 serio
2545 4993 2847 5065 saepiusque
2877 4996 3272 5070 proﬂigaveriut
3301 5044 3314 5059 .

1906 5084 2040 5151 Quia
2079 5100 2208 5141 vero
2254 5084 2514 5139 Minucius
2536 5095 2590 5139 et
2642 5085 3003 5142 Tertullianus
3050 5089 3268 5149 Homeri
3328 5113 3428 5155 nec

1835 5178 2023 5249 libros.
2046 5194 2145 5235 nec
2173 5180 2308 5245 loca,
2348 5177 2436 5233 ubi
2464 5178 2579 5232 haec
2605 5192 2727 5247 qua:
2767 5191 3005 5245 narrant,
3053 5186 3250 5255 scripta
3286 5188 3425 5257 sint,

1834 5273 2156 5339 citaverunt,
2199 5271 2368 5326 nostri
2421 5269 2624 5325 ideirco
2672 5269 2835 5324 olticii
2884 5287 3006 5328 esse
3047 5275 3315 5343 duximus,
3364 5297 3431 5338 ea

1836 5362 2148 5434 singillatim
2178 5361 2436 5424 indicare,
2468 5360 2712 5430 aliosque
2764 5363 3063 5433 appellare,
3094 5369 3313 5437 quibus,
3360 5388 3433 5429 au

1836 5454 2085 5509 similiter
2112 5452 2416 5514 laudantur.
2448 5460 2540 5506 aut
2558 5452 2966 5509 conﬁrmantur.
3000 5456 3074 5512 De
3106 5458 3316 5517 Venere
3337 5480 3433 5520 au-

1838 5558 1945 5604 tem
2002 5548 2258 5613 sauciata,
2302 5546 2555 5601 nimirum
2593 5562 2622 5600 a
2676 5547 2950 5611 Diomede,
3000 5552 3140 5622 quod
3199 5556 3433 5625 primum

1840 5641 2101 5696 Minucius
2130 5646 2412 5695 memorat.
2444 5638 2577 5693 illud
2623 5638 2847 5708 legimus
2888 5641 2938 5696 in
2988 5647 3169 5713 quinta
3215 5648 3437 5706 Homeri

1838 5731 1990 5790 Iliad.
2020 5749 2074 5789 v.
2102 5732 2228 5799 355,
2252 5741 2305 5787 et
2328 5746 2480 5802 seqq.
2527 5731 2856 5802 citatumque
2893 5733 2989 5788 fuit
3017 5750 3045 5788 a
3074 5735 3317 5807 Platone,
3342 5741 3438 5798 lib.

1837 5846 1892 5894 ιιι
1949 5828 2201 5902 Sympos.
2253 5825 2539 5897 QumstJ,
2588 5840 2707 5899 pag.
2757 5825 2902 5892 759;
2944 5825 3198 5901 Virgilio,
3251 5832 3351 5891 lib.
3407 5852 3447 5905 ιι
