3818 6282
452 346 559 404 587

1707 336 1795 391 DE
1818 330 2077 391 MINUCII
2116 332 2418 392 OCTAVIO
3547 351 3617 411 588

450 464 666 521 1Eueid.
696 479 750 518 ν.
782 462 916 529 277;
949 458 1158 515 Iustino
1196 455 1450 527 Martyre,
1481 451 1701 509 Cohort.
1753 453 1819 507 ad
1875 451 2050 507 Graec.
2080 452 2132 513 Α
2158 468 2221 507 ex
2245 453 2355 523 jam
2391 452 2574 514 citato,
2609 459 2663 506 et
2696 450 2800 504 alio
2832 448 3100 522 Augustini
3126 450 3239 507 loco
3261 451 3343 507 lux
3366 456 3501 529 aliqua
3522 477 3619 530 pm.

451 574 573 629 pag.
606 558 662 622 5;
692 555 1049 623 Athenagora.
1083 550 1268 619 Legat.
1317 563 1413 617 pro
1449 545 1765 611 Christian.,
1806 558 1926 614 pag.
1958 542 2050 607 2|;

449 646 725 702 Clemente
776 641 1160 706 Alexandrino,
1181 638 1452 694 Admonit.
1484 635 1550 690 ad
1593 634 1792 694 Graec.,
1823 633 2052 704 pag.‘25;

448 740 763 805 Athanasio,
795 736 946 792 Orat.
980 748 1155 790 contr.
1186 732 1385 798 Grrcc.,
1419 730 1445 801 ς
1482 731 1564 797 12,
1601 744 1720 801 pag.
1767 727 1889 805 1⁵12.

522 833 596 886 De
625 828 791 885 Marte
817 829 978 884 etiam
1009 827 1189 881 vincto
1216 833 1269 879 et
1302 800 1580 879 vulnerato
1606 800 1750 892 quod
1792 800 2055 875 Minucius

447 925 707 991 narravit,
740 923 1082 980 decantatum
1114 918 1360 975 invenies
1395 917 1583 972 eadem
1627 914 1848 969 Homeri
1890 911 2055 967 Iliade

443 1037 496 1075 v.
533 1019 663 1087 583,
698 1026 751 1074 et
780 1033 933 1088 seqq.
974 1016 1043 1072 de
1071 1030 1176 1086 quo
1226 1014 1388 1070 etiam
1445 1010 1701 1067 Clemens
1750 1004 2051 1063 Alexandr.

443 1123 499 1171 et
519 1113 853 1170 Athanasius
880 1112 1059 1166 citatis
1084 1110 1239 1176 locis,
1270 1122 1334 1163 ac
1358 1106 1649 1177 Gregorius
1682 1102 2055 1157 Nazianzenus

442 1208 596 1264 Orat.
649 1207 704 1273 '5,
745 1214 918 1261 contr.
950 1203 1243 1268 Julianum,
1277 1215 1395 1271 pag.
1423 1197 1551 1266 9.58,
1579 1204 1633 1252 et
1669 1194 1819 1250 Orat.
1846 1195 1899 1262 4,
1931 1207 2050 1264 pag.

442 1300 569 1359 308.

513 1392 725 1450 Cecinit
759 1390 933 1448 adhuc
970 1388 1260 1455 Homerus,
1312 1402 1471 1457 quem
1513 1382 1776 1438 Minucius
1828 1378 2056 1434 subinde

442 1496 613 1551 notat,
644 1486 832 1544 Jovem
862 1503 891 1543 a
923 1486 1146 1541 Briareo
1173 1482 1478 1545 liberatum,
1502 1476 1667 1532 Iliade
1700 1494 1738 1539 ι,
1766 1488 1818 1527 v.
1848 1473 1975 1537 ⁸599,
2003 1480 2059 1527 et

438 1594 619 1652 seqq.;
669 1579 740 1636 de
807 1594 913 1650 quo
950 1586 1132 1648 postea
1182 1574 1426 1629 Justinus
1477 1570 1678 1640 Martyr
1721 1567 1943 1622 Cohort.
1989 1562 2056 1619 ad

438 1672 639 1739 Graec,
665 1686 784 1743 pag.
819 1673 874 1737 3;
911 1677 967 1724 et
984 1669 1202 1724 Servius
1226 1667 1278 1720 in
1307 1666 1401 1720 lib.
1431 1680 1485 1718 vt
1523 1662 1895 1736 Eneid.ppag.
1924 1657 2053 1713 415.

420 1770 421 1773 “
508 1765 715 1820 Dehinc
747 1779 876 1819 vero
907 1762 1048 1833 apud
1081 1759 1331 1817 eumdem
1376 1756 1667 1812 Homerum
1717 1750 1881 1807 Iliade
1940 1767 2050 1817 xvi,

2159 542 2283 597 ferri
2316 551 2489 614 potest
2521 542 2628 608 his,
2656 558 2776 611 quae
2804 541 2869 596 de
2895 541 3075 596 eadem
3121 543 3360 612 Apollinis
3398 551 3623 611 servitutea

2156 634 2435 690 Clemente
2466 635 2834 689 Alexandrino
2864 634 3075 703 scriptis
3119 635 3296 690 tradita
3340 637 3442 692 alibi
3475 634 3627 700 annota-

2156 728 2331 781 vimns
2360 725 2540 796 (Tom.
2576 742 2590 779 ι
2619 725 2894 796 Apparat.,
2954 724 3048 780 lib.
3094 741 3167 792 ιιι,
3196 724 3451 797 disserl.2,
3469 747 3554 804 cap.
3570 737 3627 803 11,

2157 827 2259 873 art.
2296 819 2348 881 1,
2379 834 2498 890 pag.
2536 815 2720 888 1090).

2228 910 2409 980 Pergit
2459 909 2739 976 Minucius,
2797 906 3129 981 ethnicisque
3170 912 3467 981 exprobrat:
3504 918 3630 980 «lovis

2157 1002 2360 1059 fulmen
2407 1019 2529 1059 cum
2581 1002 2771 1058 {Encas
2819 1004 2983 1058 armis
3030 1004 3080 1057 in
3127 1003 3306 1061 incude
3340 1004 3627 1069 fabricatum.»

2157 1096 2383 1152 Vulcani
2434 1096 2503 1151 de
2548 1096 2741 1152 incude
2777 1097 2962 1168 procul
3021 1097 3179 1152 dubio
3218 1097 3444 1168 IOquitur.
3490 1104 3632 1164 Atlio-

2158 1203 2340 1244 merus
2371 1196 2551 1243 narrat
2581 1187 2853 1259 quomodo
2887 1189 2939 1243 in
2968 1187 3057 1243 illa
3108 1187 3243 1243 idem
3288 1189 3529 1260 Vulcanus,
3566 1213 3631 1255 non

2159 1279 2352 1335 IEnem
2376 1279 2618 1350 quidem,
2643 1278 2739 1335 sed
2769 1278 2996 1335 Achillis
3024 1292 3171 1334 arma
3202 1278 3498 1338 fabricaverit
3516 1285 3630 1358 (Hom.

2160 1369 2321 1426 Iliad.
2368 1387 2517 1439 xvm,
2555 1386 2608 1424 ν.
2642 1371 2749 1427 454
2790 1376 2845 1427 et
2894 1370 3093 1442 seqq.).
3151 1369 3386 1442 Expende
3409 1374 3531 1444 igitur
3556 1395 3632 1437 num

2159 1477 2346 1520 auctor
2373 1475 2558 1520 noster
2578 1464 2649 1519 ibi
2682 1479 2787 1519 non
2812 1464 2985 1520 solum
3018 1465 3083 1519 ad
3113 1463 3382 1522 Homerum
3407 1474 3629 1541 respexerit,

2158 1557 2252 1613 sed
2293 1558 2455 1613 etiam
2485 1556 2551 1612 ad
2579 1556 2888 1628 Virgilium,
2939 1558 3030 1628 qui
3064 1557 3267 1627 quidem
3309 1560 3475 1615 cecinit
3509 1563 3631 1619 Vulca-

2160 1665 2286 1704 num
2316 1647 2648 1720 Cyclopibus
2706 1648 2927 1705 fulmina
2965 1649 3084 1705 Jovi
3114 1647 3478 1716 fabricantibus,
3508 1668 3633 1724 prece.

2160 1743 2324 1812 pisse,
2385 1753 2445 1801 ut
2500 1743 2564 1798 iis
2618 1742 2820 1799 relictis
2872 1759 3021 1798 arma
3067 1750 3182 1813 qtae
3238 1743 3399 1799 Venus
3454 1748 3630 1815 pascebat,

435 1873 492 1913 ν.
540 1856 666 1922 667,
708 1865 763 1912 et
816 1832 968 1926 seqq.
1013 1854 1065 1908 id
1106 1849 1366 1922 reperies,
1407 1848 1548 1918 quod
1594 1846 1660 1901 de
1700 1846 1891 1901 eodem
1922 1842 2054 1899 Jove
2085 1848 2133 1909 Β
2162 1834 2351 1892 ,λΕιιειθ
2376 1833 2968 1908 conﬁcereut(Virgil.,
2996 1834 3089 1891 lib.
3122 1851 3229 1889 V111.
3258 1832 3468 1903 zEneid.,
3502 1839 3634 1910 me,

439 1963 493 2007 et
536 1949 852 2020 Sarpedone
898 1955 1083 2003 narrat
1142 1961 1248 2000 non
1305 1944 1479 2000 solum
1533 1938 1814 2004 Minucius,
1867 1953 2053 1992 verum

438 2045 598 2100 etiam
628 2045 1019 2112 Athenagoras,
1046 2039 1233 2109 Legat.
1266 2051 1362 2108 pro
1407 2033 1699 2089 Christian.
1726 2046 1845 2101 pag.
1875 2029 1967 2093 9.1,
2002 2037 2057 2083 et

430 2136 695 2192 ‘Clemens
722 2132 1135 2197 Alexandrinus,
1186 2128 1405 2184 Cohort.
1438 2125 1505 2180 ad
1553 2122 1754 2189 Graec.;
1786 2137 1816 2176 a
1863 2121 2057 2191 quibus

440 2231 548 2287 duo
581 2228 800 2285 Homeri
826 2226 1061 2282 carmina
1095 2221 1411 2291 transcripta
1445 2227 1589 2274 sunt.

522 2322 761 2392 Denique
791 2319 857 2375 de
880 2320 997 2373 loro
1032 2333 1126 2372 seu
1155 2314 1390 2385 cingulo,
1423 2327 1529 2382 quo
1558 2309 1763 2374 Venus,
1813 2307 1952 2361 sicut
1980 2306 2057 2359 ait

450 2426 638 2472 auctor
666 2422 870 2479 noster,
904 2410 1090 2465 Jovem
1131 2406 1327 2470 illexit,
1359 2411 1665 2459 cantantem
1706 2399 1893 2455 audies
1938 2396 2051 2452 Ho-

442 2526 648 2566 merum
678 2507 828 2564 lliad.
856 2520 945 2560 xrv
966 2548 979 2572 ,
1012 2519 1065 2557 v.
1111 2501 1217 2558 201
1245 2507 1298 2555 et
1341 2513 1492 2569 seqq.
1533 2495 1825 2566 Gregorius
1874 2500 2054 2547 autem

440 2604 806 2659 Nazianzenus
835 2597 964 2654 illud
996 2597 1049 2651 in
1080 2594 1350 2660 ethnicos,
1406 2591 1563 2646 sicuti
1594 2589 1880 2655 Minucius,
1930 2602 2053 2641 ver-

442 2700 505 2754 tit
532 2697 679 2754 Orat.
711 2697 767 2760 5,
799 2693 1059 2749 adversus
1084 2689 1543 2761 Juliannm,_pag.
1583 2683 1708 2739 258.
1742 2680 1954 2736 Videsis
1985 2678 2058 2733 ibi

446 2798 601 2844 notas
629 2786 790 2850 Billii,
833 2784 923 2855 qui
953 2782 1109 2853 hujus
1148 2791 1320 2851 poelrc
1344 2778 1606 2844 carmina,
1642 2775 1714 2831 'de
1747 2774 1840 2829 illo
1873 2771 2053 2829 Vene-

441 2883 518 2938 ris
538 2881 676 2947 lnro,
705 2879 887 2934 latinis
913 2875 1162 2930 versibus
1189 2870 1443 2927 reddidit.

514 2974 629 3046 Age
653 2988 801 3039 vero,
834 2978 993 3038 atque
1018 2968 1120 3022 alia
1142 2965 1419 3021 videamus
1452 2977 1557 3016 non
1589 2960 1766 3015 minus
1792 2956 2044 3025 absurda,

443 3068 563 3123 aliis
603 3066 803 3136 pariter
831 3061 1049 3117 Homeri
1102 3050 1523 3125 versibusbaud
1555 3051 1718 3107 dubie
1757 3051 2047 3119 descripta,

441 3175 558 3230 qum
603 3155 864 3212 Minucius
896 3154 1000 3207 neu
1026 3147 1326 3217 designavit
1361 3166 1373 3200 ;
1426 3164 1444 3194 ‹
1487 3142 1765 3209 Hercules,
1803 3161 1822 3194 ι
1856 3140 2050 3211 inquit,

2160 1940 2214 1986 et
2238 1929 2422 2002 seqq.)
2436 1970 2449 1985 .

2233 2021 2303 2078 At
2329 2021 2752 2092 deprehensum,
2779 2021 2937 2078 sicitti
2971 2020 3146 2076 adlmc
3168 2019 3408 2078 Minucius
3434 2030 3564 2078 noster
3588 2024 3636 2078 io-

2160 2113 2374 2183 quitur,
2408 2115 2476 2168 ab
2505 2113 2768 2181 Vulcano,
2825 2113 3010 2169 Martis
3061 2122 3115 2167 et
3164 2111 3374 2169 Veneris
3422 2114 3636 2169 adulterium

2162 2206 2427 2262 Homerus
2452 2217 2512 2285 et
2534 2208 2757 2263 Ovidius
2779 2214 3133 2264 cantaverant
3171 2204 3396 2281 (Homer.
3426 2207 3580 2280 Odysse.
3600 2210 3635 2273 8,

2160 2315 2210 2353 v.
2246 2299 2589 2367 9.67;Ovid.,
2627 2299 2720 2355 lib.
2749 2317 2788 2356 ιι
2842 2299 2909 2355 de
2944 2301 3062 2354 Art.
3115 2299 3321 2354 amahd.
3351 2306 3453 2354 ante
3492 2298 3585 2369 litt).
3602 2299 3637 2355 Si

2160 2390 2398 2446 Luciano
2452 2400 2630 2445 autem
2672 2390 2967 2457 credimus,
3021 2391 3244 2446 saltator
3277 2389 3463 2461 quidam
3508 2404 3575 2460 per
3603 2404 3638 2445 se

2140 2484 2278 2562 _sine
2307 2484 2620 2554 strepitibus
2645 2493 2700 2540 et
2729 2484 2894 2551 tibiis,
2938 2484 3037 2539 sed
3080 2484 3218 2539 saltu
3265 2490 3439 2539 tantum
3474 2498 3520 2538 ac
3548 2493 3637 2552 gestu

2162 2577 2298 2631 illud
2335 2578 2596 2631 nefarium
2622 2578 2849 2633 deorum
2877 2578 3201 2632 adulterium
3230 2579 3459 2647 expressit
3481 2576 3634 2647 (burim

2161 2669 2229 2724 de
2258 2668 2448 2734 Saltat,
2483 2685 2603 2740 pag.
2637 2671 2785 2741 .515).
2818 2670 2949 2725 Inde
2977 2670 3146 2724 Porro
3172 2669 3399 2726 Clemens
3424 2669 3637 2724 Alexandri-

2159 2779 2259 2816 nus
2303 2761 2515 2817 dicebat
2546 2781 2559 2815 :
2590 2758 2824 2833 Appadim
2877 2763 2955 2818 ἐπ’
2977 2749 3094 2833 Aper
3121 2769 3471 2833 κατῃσχυμμενη,
3498 2759 3637 2816 «Venus

2160 2865 2387 2927 promer.
2428 2856 2649 2912 Martem
2706 2867 2790 2912 est
2839 2856 3045 2927 probro
3086 2866 3142 2911 et
3191 2855 3428 2911 dedecore
3463 2854 3634 2909 adacta.»

2161 2953 2237 3008 De
2253 2969 2319 3009 eo
2341 2952 2607 3009 Arnobius
2631 2960 2685 3008 et
2705 2953 3045 3019 Lactantius,
3070 2952 3147 3007 uti
3176 2964 3271 3006 nos
3296 2944 3413 3004 inira
3435 2948 3638 3003 notabimus

2159 3045 2354 3119 (Clem.
2383 3046 2536 3101 Alex.
2556 3046 2831 3101 Admonit.
2855 3045 2922 3100 ad
2953 3054 3108 3125 gent.
3135 3059 3253 3117 pag.
3275 3040 3359 3099 21.
3390 3042 3587 3097 Dissertat
3607 3041 3639 3092 in

2160 3140 2387 3203 Arnob.,
2405 3138 2629 3209 cap.10,
2660 3146 2763 3194 art.
2794 3139 2848 3207 1,
2872 3148 2927 3194 et
2948 3140 3003 3193 in
3026 3130 3638 3207 Lactant.,cap.31,art.l).

450 3222 475 3304 ί
513 3259 750 3305 stercora
805 3244 995 3316 egerit,
1043 3250 1095 3296 et
1125 3238 1316 3310 Apollo
1366 3234 1596 3321 Admeto
1641 3250 1804 3305 pecus
1857 3233 2060 3304 pascit,
2088 3236 2135 3299 C
2237 3231 2520 3287 Postremo
2549 3232 2691 3302 apud
2723 3231 3022 3287 Homerum
3064 3231 3271 3302 legitur,
3298 3226 3421 3299 quod
3451 3227 3502 3280 ait
3531 3222 3642 3278 lina-

445 3340 796 3399 Laomedonti
852 3351 1035 3390 nmrns
1084 3332 1360 3401 Neptunus
1389 3328 1638 3413 instituit.
1676 3347 1693 3379 ι
1726 3330 1796 3382 At
1830 3328 2047 3397 quintus
2151 3330 2266 3386 eius
2294 3348 2307 3382 :
2341 3345 2360 3380 ι
2398 3326 2453 3381 In
2486 3325 2862 3394 Ganimcdem,
2910 3325 3065 3381 Jovis
3101 3335 3352 3395 stuprum,
3375 3319 3483 3377 atrio
3514 3329 3640 3372 conse-

445 3456 475 3493 a
506 3434 739 3490 Diodoro
765 3429 949 3486 Siculo
971 3425 1283 3497 perhibetur
1312 3421 1559 3479 Herculis
1582 3418 1756 3487 labor,
1790 3436 1897 3490 quo
1935 3422 2047 3474 Au-

445 3530 547 3600 gia:
586 3524 729 3595 regis
786 3520 1055 3576 stabulum
1105 3515 1432 3572 stercoribus
1478 3513 1740 3585 purgavit.
1794 3511 2048 3567 Pluribus

450 3619 565 3673 baec
591 3612 681 3671 ille
709 3614 961 3684 explicat,
1013 3628 1115 3666 non
1161 3625 1318 3664 secus
1362 3624 1425 3663 ac
1474 3604 1787 3670 Pausanias,
1844 3604 2053 3659 Natalis

447 3712 645 3767 Comes
694 3716 748 3765 et
792 3707 883 3763 alii
930 3707 1068 3762 bene
1108 3706 1261 3760 multi
1307 3702 1571 3776 (Diodor.
1628 3702 1823 3771 Sicul.,
1874 3702 1967 3758 lib.
2001 3718 2053 3757 IV

447 3801 720 3868 Biblioth.,
769 3815 888 3871 pag.
939 3799 1065 3864 154,
1110 3808 1366 3868 ctseqq.;
1417 3796 1671 3862 Pansam,
1707 3795 1797 3850 lib.
1828 3812 1883 3862 v,
1933 3811 2051 3866 pag.

448 3899 602 3969 118).
658 3895 792 3950 Vide
820 3903 999 3948 autem
1032 3898 1208 3946 utrum
1248 3899 1437 3945 auctor
1486 3898 1668 3943 noster
1719 3887 1786 3943 ad
1838 3884 2056 3944 Homeri

446 3992 600 4048 lliad.
629 4008 684 4057 ιι,
712 4005 768 4044 v.
799 3986 926 4052 695,
955 3995 1008 4040 et
1039 4001 1190 4056 seqq.
1215 3982 1505 4039 collineare
1531 3981 1780 4036 voluerit.

520 4087 706 4156 Longe
752 4092 933 4137 autem
976 4078 1174 4135 clarius
1212 4077 1304 4131 ille
1347 4075 1544 4132 cecinit
1610 4081 1937 4129 memoratos
1990 4075 2058 4130 ab

449 4193 671 4239 auctore
714 4184 902 4233 nostro
946 4172 1276 4245 Apollinem,
1307 4169 1398 4240 qui
1446 4182 1608 4239 pecus
1639 4166 1783 4237 pavit
1811 4164 2057 4230 Admeti;

449 4285 507 4333 et
547 4273 875 4345 Neptunum,
927 4267 1018 4340 qui
1063 4265 1298 4336 Trojano
1326 4260 1676 4317 Laomedonti
1723 4275 1905 4316 muros
1930 4276 2061 4315 con-

451 4368 664 4425 struxit.
699 4364 942 4419 Primum
993 4361 1273 4415 enimvero
1319 4354 1552 4412 occurrit
1611 4352 1777 4410 Iliade
1829 4352 2061 4409 secunda

452 4476 509 4514 ν.
547 4457 654 4515 780
685 4465 740 4513 et
767 4451 1283 4526 seqq.;secundum
1308 4465 1435 4504 vero
1482 4446 1645 4503 Iliade
1672 4464 1781 4513 xxi,
1831 4463 1884 4502 v.
1933 4447 2062 4515 415,

451 4566 587 4624 quas
620 4547 911 4603 Pausanias
939 4544 1136 4599 citasse
1162 4542 1359 4612 legitur
1391 4538 1667 4612 (Pansam,
1695 4538 1788 4595 lib.
1820 4557 1912 4605 vn,
1945 4555 2062 4610 pag.

2151 3432 2377 3478 cratum.
2416 3442 2435 3476 ι
2477 3422 2544 3477 Et
2589 3431 2735 3477 certe
2788 3422 3086 3477 Pausmias
3139 3436 3153 3473 :
3200 3401 3317 3473 ἐστι
3344 3422 3385 3470 δι
3422 3408 3548 3484 ὁμήεῳ
3586 3430 3639 3464 ςε-

2157 3526 2425 3585 ποιημὲνα,
2464 3523 2523 3576 ὡς
2548 3520 2813 3586 ἁρπασθείη
2825 3539 2877 3568 τε
2898 3521 2992 3570 ὑπὸ
3017 3525 3127 3570 θεῶν
3147 3515 3399 3580 Γανυμτξδης
3418 3508 3638 3575 οἰνοχσρῖιΔιί.

2161 3629 2178 3662 ι
2218 3610 2479 3665 Homerus
2520 3609 2850 3664 carminibus
2894 3607 3175 3662 mandavit
3208 3606 3312 3661 suis
3347 3610 3548 3672 raptuma
3573 3596 3638 3650 diis

2157 3701 2542 3774 Ganymedem,
2577 3699 2692 3756 Jovi
2724 3699 2991 3768 utpocnla
3039 3698 3374 3760 ministraret,
3403 3700 3636 3763 praeorero

2158 3810 2326 3864 equos
2364 3793 2512 3859 Troi,
2540 3813 2562 3845 ι
2606 3793 2725 3864 ejus
2752 3792 2959 3847 scilicet
2994 3790 3163 3861 patri,
3198 3808 3216 3841 ι
3246 3788 3423 3845 datos:
3452 3781 3630 3853 (lim.

2159 3902 2280 3959 pag.
2308 3885 2435 3941 208.
2460 3885 2622 3941 Hom.
2657 3883 2832 3939 Illiad.
2859 3882 2954 3950 20,
2995 3898 3049 3936 v.
3079 3881 3181 3936 251
3211 3890 3265 3935 et
3304 3892 3424 3949 seqq.
3441 3883 3478 3928 et
3494 3869 3627 3942 Hymn.

2159 3984 2213 4038 in
2236 3984 2502 4038 Venerem
2537 3997 2551 4046 ;
2581 3976 2947 4044 Pausan.,lib.
2979 3992 3035 4039 v,
3062 3991 3188 4046 pag.
3217 3973 3353 4044 173).
3373 3964 3632 4026 Sedlirwml

2163 4078 2451 4146 ipsummet
2488 4071 2628 4143 apud
2659 4079 2890 4141 poetam,
2920 4069 2967 4123 si
3014 4068 3187 4133 lubet,
3225 4063 3407 4137 poteris
3429 4060 3635 4114 locoalio-

2165 4142 2246 4224 liis
2272 4168 2435 4223 citato
2457 4142 2606 4222 adire
2638 4206 2652 4228 ,
2693 4174 2747 4221 et
2766 4162 3039 4228 Ovidium,
3088 4160 3182 4216 lib.
3215 4174 3250 4213 ιι
3275 4156 3485 4215 Metam,
3506 4145 3578 4201 fab.
3597 4142 3631 4203 5;

2167 4261 2534 4323 Theocriunn,
2550 4257 2686 4329 ldyl.
2712 4254 2798 4325 12,
2826 4270 2879 4308 v.
2896 4254 2988 4318 55,
3014 4262 3071 4308 et
3084 4266 3257 4322 seqq.;
3281 4234 3630 4317 Apolloniier-

2165 4363 2383 4425 gonaut.
2415 4352 2507 4406 lib.
2529 4367 2607 4417 ιιι,
2643 4366 2697 4405 v.
2740 4348 2847 4405 114
2872 4356 2928 4404 et
2952 4361 3110 4418 seqq.
3154 4358 3217 4400 ac
3243 4340 3454 4399 Nomium
3474 4331 3632 4399 Dionis.»

2171 4447 2261 4503 lib.
2294 4464 2335 4510 ι,
2374 4462 2427 4499 ν.
2469 4442 2595 4499 ⁸516.

2243 4541 2319 4595 Ex
2344 4548 2452 4594 tota
2479 4552 2640 4608 porro
2680 4535 2769 4592 illa
2795 4529 3232 4611 auctorisnostri
3279 4515 3633 4611 argumentation.

449 4605 603 4713 2'26).
632 4638 713 4692 De
742 4644 974 4705 utroque
1004 4641 1183 4688 autem
1215 4605 1482 4701 Apolline,
1520 4638 1571 4686 et
1596 4628 1845 4699 Neptuno
1873 4605 2061 4687 ιλυόίεί-
2087 4628 2140 4691 Ι)
2166 4634 2317 4691 vides
2341 4605 2657 4703 sane-quam
2692 4630 2885 4684 merito
2926 4605 3049 4699 ipsi.
3069 4626 3318 4698 probetur
3346 4612 3541 4675 sententia
3559 4605 3635 4713 Pla-

452 4750 581 4801 nus,
606 4730 676 4787 de
703 4725 992 4786 Sacriﬁciis
1016 4741 1134 4794 pag.
1181 4722 1305 4777 188.
1341 4722 1610 4777 Arnobius
1636 4722 1730 4776 lib.
1770 4739 1821 4776 ιν
1851 4727 2064 4778 advers.

452 4828 637 4890 Geut.,
668 4838 785 4893 pag.
828 4816 953 4884 1&1;
990 4814 1298 4871 Lactantius
1327 4812 1414 4867 lib.
1453 4829 1493 4878 ι,
1540 4828 1657 4883 cap.
1711 4813 1819 4881 10;
1856 4814 2067 4870 Τοτιυι-

450 4920 627 4974 lianus
653 4913 907 4984 Apolog.,
950 4923 1069 4977 cap.
1113 4902 1201 4970 14;
1225 4900 1545 4975 Cyprianus,
1580 4904 1671 4959 lib.
1701 4904 1768 4960 de
1796 4904 2059 4962 idolorum

452 5011 705 5069 Vanitate
733 5022 848 5077 pag.
886 5000 976 5068 11;
1004 4998 1354 5071 Augustinus,
1382 4997 1473 5052 lib.
1500 5013 1559 5053 ιιι
1613 4996 1679 5054 dc
1705 4998 1891 5067 Civit.,
1940 5016 2059 5070 cap.

452 5105 521 5172 2,
553 5110 607 5157 et
634 5101 729 5155 lib.
760 5112 908 5162 xvtu,
959 5108 1080 5164 cap.
1129 5090 1234 5156 l5;
1267 5090 1491 5146 Servius
1524 5090 1574 5145 iu
1616 5089 1708 5147 lib.
1747 5109 1821 5147 ιιι.
1863 5093 2059 5165 Georg.

453 5194 660 5267 Virgilii
696 5208 752 5247 v.
774 5190 843 5256 Ξ,
878 5197 1039 5251 atque
1066 5186 1117 5240 in
1149 5183 1243 5240 lib.
1268 5201 1306 5239 ι.
1332 5182 1572 5251 κΈιιθίἀ.,
1601 5200 1653 5239 v.
1681 5185 1804 5254 55.1;
1838 5184 2061 5243 Vossius

453 5292 548 5348 lib.
582 5305 599 5344 ι
629 5284 697 5341 de
747 5283 894 5353 Orig.
932 5289 986 5336 et
1025 5293 1205 5349 progr.
1240 5276 1400 5345 Idol.,
1434 5292 1551 5344 cap.
1580 5277 1668 5342 15.
1699 5292 1820 5349 pag.
1869 5278 1937 5333 16
1963 5320 1976 5342 .
2006 5288 2063 5335 el

448 5384 545 5442 lib.
577 5398 635 5447 ιι,
696 5392 816 5447 cap.
862 5373 948 5437 12,
981 5387 1101 5442 pag.
1134 5362 1258 5426 187.
1301 5369 1376 5425 De
1408 5369 1656 5439 Apolline
1688 5369 1899 5424 tandem
1929 5369 2057 5426 Cal-

453 5470 723 5534 limachus
778 5466 890 5523 Odc
934 5464 989 5532 2,
1023 5463 1077 5518 in
1122 5461 1464 5531 Apollinem;
1521 5458 1805 5531 Euripides
1846 5464 2066 5537 prologo

450 5571 506 5626 in
536 5564 791 5625 Alcestim
817 5578 831 5623 ;
861 5557 1104 5614 Nonnius
1133 5554 1228 5608 lib.
1258 5572 1296 5610 1.
1329 5554 1551 5626 Dionys.
1575 5570 1629 5608 v.
1657 5554 1784 5621 325;
1815 5554 2057 5624 Ovidius,

450 5661 543 5720 lib.
572 5678 609 5715 ιι
631 5657 697 5714 de
719 5657 849 5712 Arte
879 5647 1115 5714 amandi,
1143 5661 1264 5716 pag.
1289 5645 1421 5713 417;
1448 5645 1843 5717 Athenagoras,
1864 5646 2053 5719 Legat.

449 5771 548 5827 pro
563 5751 871 5815 Christian.,
902 5761 1022 5819 pag.
1056 5738 1149 5808 Ὧς
1184 5738 1442 5796 Tatianus
1463 5740 1611 5797 Orat.
1639 5751 1814 5797 contr.
1848 5738 2053 5813 Graec,

453 5864 574 5922 pag.
608 5840 726 5915 150;
761 5841 1026 5901 Eusebius
1052 5838 1108 5895 in
1134 5833 1338 5892 Chron.
1368 5833 1464 5890 lib.
1516 5844 1556 5905 ι,
1599 5848 1722 5907 pag.
1759 5835 1846 5892 19.
1878 5838 2054 5908 Atque

2169 4729 2327 4793 tonis,
2358 4728 2446 4798 qui
2478 4726 2789 4790 Homerum,
2828 4721 3112 4793 inclytum,
3142 4727 3199 4774 ut
3226 4715 3444 4773 diximus,
3467 4724 3482 4757 ‹
3505 4697 3633 4798 [δυάδ-

2167 4830 2280 4875 tum
2316 4830 2370 4875 et
2399 4825 2737 4881 coronatum,
2778 4832 2797 4867 ι
2847 4791 2955 4885 quo
2993 4811 3156 4868 etiam
3200 4807 3352 4863 verbo
3390 4791 3633 4855 Τεῆυῒηιὶυδ

2165 4930 2292 4970 usus
2314 4921 2415 4979 est,
2447 4922 2665 4983 propter
2688 4909 2775 4964 illa
2793 4904 3125 4962 exsecranda
3146 4893 3526 4960 detestabiliaqae

2165 5017 2346 5063 menta
2402 5023 2432 5062 e
2464 5005 2682 5061 civitate
2727 5012 2821 5056 sua
2888 4999 3068 5070 ejecit,
3134 5002 3381 5061 tamquam
3420 4974 3634 5038 ιιοαιείωοι

2165 5102 2455 5173 impietatis
2494 5097 2827 5169 magistrum,
2874 5069 2932 5147 ut
2972 5092 3044 5145 ait
3085 5069 3525 5144 Theodoretus,vel
3544 5074 3635 5173 1³111·

2164 5211 2322 5261 quam
2349 5195 2642 5263 juventutis
2672 5197 2900 5261 pestem,
2938 5185 3074 5239 sicut
3100 5181 3345 5251 Origenes
3378 5177 3491 5227 rem
3509 5160 3634 5263 πφδ

2163 5246 2267 5344 έθά
2299 5246 2412 5357 ipse
2449 5282 2604 5341 Plato
2640 5246 2937 5351 omnesque
2982 5246 3402 5332 omnino‘ethuici
3427 5246 3635 5357 illecti}:

2164 5343 2407 5435 cantalos
2456 5379 2522 5433 ab
2579 5377 2814 5432 Homero
2849 5343 3135 5433 lelestos,
3188 5363 3403 5429 aliiﬁ‘v‘lne
3437 5343 3636 5441 om”

2166 5471 2299 5530 deos
2344 5487 2450 5527 non
2500 5486 2628 5533 una,
2661 5466 2755 5524 sed
2787 5465 2933 5522 omni
2959 5429 3169 5520 civitate
3195 5468 3254 5513 ac
3282 5461 3413 5526 parte
3428 5429 3636 5533 ωωάίεὲξ·

2160 5522 2297 5634 ea};
2339 5522 2628 5622 debebant,
2656 5522 2928 5634 (VTertull.,
2988 5555 3076 5611 lib.
3133 5566 3204 5619 ιι,
3340 5542 3441 5635 mi:

2164 5631 2465 5727 Theodor.,
2511 5624 2676 5714 serm.
2708 5655 2745 5708 2
2769 5652 2836 5710 de
2882 5646 3169 5716 Principio,
3202 5656 3312 5716 pag.
3353 5631 3456 5699 485;
3479 5624 3628 5691 ονῑιωο

2159 5755 2252 5813 lib.
2285 5769 2338 5809 ιν
2386 5762 2561 5810 contr.
2597 5747 2769 5817 Cels.,
2796 5760 2917 5819 pag.
2954 5738 3099 5812 188).
