3818 6282
153 374 251 438 589

729 496 953 556 CAPUT
982 498 1168 555 XVIII.

145 640 499 689 EXAMINATUR
526 650 736 691 CECILII
797 646 1151 691 ARGUMENTUH
1176 650 1280 701 QUO
1313 652 1602 693 GEN'I‘ILIUII
1629 651 1760 693 DEOS

215 742 520 783 EXSISTERE
549 744 619 784 ΕΟ
646 740 881 784 PROBARE
913 745 1151 797 NITITUR,
1183 746 1306 795 QUIA
1329 746 1524 786 ROIANI
1555 746 1638 788 PIO
1663 746 1760 789 ΕΟ·

219 835 329 876 ιιωι
358 835 537 877 CULTU
582 835 835 878 ηιρειιιυει
863 836 1055 877 TOTIUS
1093 837 1255 878 HUNDI
1289 838 1613 878 IERUERINT.

701 975 994 1018 Αιτιαυιυδ
1014 977 1225 1019 HUIUS.

428 1097 705 1170 Exponitur
745 1098 879 1154 illud
906 1098 1101 1155 chilii
1125 1108 1498 1172 argumentum.

257 1233 516 1291 Contendit
563 1235 814 1291 Czecilius
868 1236 1233 1293 Romanorum
1295 1237 1578 1307 imperium
1645 1236 1767 1294 ideo

192 1346 212 1380 ‹
246 1328 369 1382 ultra
412 1326 537 1382 solis
579 1328 714 1393 vias,
744 1336 800 1383 et
829 1328 996 1399 ipsius
1021 1328 1221 1385 Oceani
1270 1329 1466 1386 limites
1502 1350 1519 1382 ι
1574 1344 1771 1402 propa—

181 1430 349 1492 gatum
371 1463 385 1488 ,
417 1421 537 1492 quia
591 1434 703 1477 non
731 1421 941 1492 aliquos
968 1428 1197 1492 tantum,
1253 1419 1348 1478 sed
1379 1426 1571 1479 omnes
1613 1419 1767 1493 deos,

183 1515 523 1582 universaque
554 1514 775 1568 numina
805 1515 891 1584 pio
941 1528 1159 1583 semper
1187 1512 1333 1569 cultu
1379 1530 1443 1570 ac
1483 1531 1610 1571 vera
1640 1515 1769 1571 reli-

184 1607 338 1678 gione
354 1606 642 1661 coluerunt.
670 1604 858 1676 Neque
890 1604 941 1660 id
965 1603 1114 1661 solus
1141 1606 1227 1661 ille
1253 1604 1499 1663 Caecilius
1538 1602 1772 1664 asseruit

192 1695 583 1764 venditavitque,
612 1696 707 1751 sed
736 1697 824 1750 alii
853 1697 1018 1751 etiam
1043 1696 1287 1768 plerique
1313 1700 1503 1753 omnes
1542 1696 1767 1765 ethnici,

200 1788 631 1861 atque'impritnis
686 1787 931 1845 Valerius
979 1782 1262 1847 Maximus.
1304 1789 1431 1846 litec
1476 1789 1619 1846 enim
1660 1789 1773 1861 ipsa

1531 382 2007 445 DlSSERTATIO.

1788 504 1837 563 Α
1866 517 2054 557 verum
2085 502 2267 569 etiam,
2299 523 2317 556 t
2342 505 2502 561 castis
2521 504 2833 578 virginibus,
2855 506 3103 563 nimirum
3125 508 3453 575 Vestalibus,

3348 396 3454 453 590

1864 594 2151 665 multisque
2196 594 2489 653 honoribus
2528 613 2588 653 ac
2626 598 2929 654 nominibus
2960 602 3294 658 sacerdotum
3328 622 3375 669 ι,
3403 605 3474 659 id‘

1865 694 1966 748 est,
1984 686 2284 757 stipendiis,
2306 689 2585 757 reditibus,
2609 690 3049 760 immunitatibus,
3069 710 3131 750 ac
3148 696 3458 765 privilegiis.

1866 772 1933 832 Et
1951 778 2090 833 hunc
2118 779 2333 849 quidem
2361 770 2481 837 esse
2523 783 2757 837 auctoris
2802 785 2968 842 nostri
3002 801 3250 853 sensum,
3283 803 3312 843 a
3341 791 3462 858 qui-

1867 866 2090 925 busdam
2124 872 2341 928 minime
2369 883 2677 947 perceptum
2699 918 2714 943 ,
2746 876 3051 933 conﬁrmari
3084 889 3259 950 potest
3304 880 3462 952 Sym-

1869 961 2043 1017 maclti
2076 962 2254 1019 itidem
2275 962 2504 1034 gentilis,
2533 977 2694 1037 atque
2721 968 2985 1025 Ambrosii
3009 972 3055 1026 ei
3084 972 3464 1042 rcSpondentis

1868 1052 2206 1110 auctoritate.
2238 1053 2292 1109 In
2333 1072 2425 1110 sua
2448 1057 2723 1113 enimvero
2754 1060 3107 1131 Symmachus
3128 1063 3195 1118 ad
3228 1063 3465 1119 Valenti-

1871 1147 2087 1202 nianum
2131 1147 2510 1219 Imperatorem
2560 1151 2839 1207 Relatione
2893 1150 2974 1208 Itis
3018 1171 3138 1209 eum
3180 1155 3470 1227 compellat

1871 1239 2095 1295 verbis:
2136 1260 2153 1293 t
2180 1239 2546 1297 ilonoraverat
2572 1243 2659 1299 lex
2700 1253 2979 1314 parentum
3024 1244 3264 1303 Vestales
3306 1248 3470 1318 virgi-

1875 1349 1990 1398 nes,
2048 1347 2110 1388 ac
2149 1333 2424 1390 ministros
2463 1332 2685 1392 deorum
2726 1337 2863 1391 victu
2913 1338 3145 1405 modico,
3200 1338 3471 1410 justisque

1874 1425 2169 1498 privilegiis
2201 1448 2218 1480 ι
2259 1428 2598 1501 (Symmaclt.
2632 1430 2774 1503 apud
2805 1432 2992 1487 Ambr.
3051 1432 3223 1505 Beloc.
3275 1433 3302 1505 ς
3356 1434 3423 1488 14
3450 1476 3468 1501 ,

1875 1533 1996 1590 pag.
2030 1517 2129 1574 831
2159 1514 2203 1591 ).
2226 1515 2319 1574 Cui
2355 1516 2641 1592 reSpOndet
2662 1516 3015 1579 Ambrosius:
3044 1542 3063 1575 t
3092 1524 3473 1581 Sacerdotibus

1875 1614 1989 1669 suis
2038 1623 2094 1669 ct
2138 1613 2397 1670 ministris
2448 1626 2747 1687 queruntur
2798 1617 3053 1674 alimenta
3108 1619 3315 1690 publica
3364 1636 3476 1674 non

1876 1704 2181 1762 deberi.....
2211 1706 2379 1761 Nemo
2426 1715 2605 1763 tamen
2644 1708 2866 1764 donaria
2910 1710 3147 1766 delubris
3173 1751 3188 1776 ,
3220 1721 3272 1767 et
3301 1712 3476 1783 legata

1876 1800 2212 1872 aruspicibus
2261 1803 2545 1874 denegavit
2586 1821 2599 1857 :
2646 1803 2758 1859 sola
2803 1804 3012 1860 sublata
3059 1815 3183 1861 sunt
3234 1806 3477 1876 praedia,

205 1892 321 1941 sum
343 1883 466 1938 im“
493 1882 654 1938 verba
687 1901 698 1936 ε
734 1892 752 1934 ί
789 1880 906 1937 Νοη
956 1882 1174 1951 mimi":
1206 1883 1249 1939 Si
1293 1884 1389 1955 Ρτό
1434 1898 1501 1939 eo
1546 1881 1769 1956 imperio
1800 1898 1847 1958 B
1876 1899 2000 1969 quia
2031 1914 2136 1953 non
2164 1897 2414 1968 religiose
2455 1899 2740 1954 utebantur
2768 1898 2856 1964 iis,
2901 1915 3019 1971 qua:
3059 1900 3482 1971 religionisjurc

204 1977 417 2049 augendo
439 1974 895 2046 custodiendoque
923 1976 1170 2046 pertinax
1218 1972 1464 2055 deorum.
1492 1970 1774 2047 indulgeo.

208 2071 271 2127 tia
293 2083 479 2139 semper
505 2068 780 2133 excubuit,
810 2068 953 2139 quod
982 2072 1085 2123 tam
1116 2068 1431 2138 scrupulosa
1464 2084 1613 2133 cura,
1646 2084 1772 2139 par-

214 2164 320 2219 vula
343 2176 536 2233 quoque
563 2164 835 2216 momenta
867 2160 1144 2233 religionis
1181 2161 1491 2217 examinare
1528 2158 1774 2232 videtur;

215 2260 323 2331 quia
346 2270 615 2329 numquam
663 2266 904 2313 remotos
949 2257 1017 2313 ab
1051 2257 1394 2313 exactissimo
1424 2256 1569 2314 cultu
1609 2270 1777 2313 ctera-

218 2352 481 2407 naeniarum
502 2351 687 2407 oculos
706 2349 959 2405 habuisse
988 2360 1170 2405 neStra
1202 2351 1389 2407 civitas
1411 2348 1778 2408 existimanda

221 2452 292 2499 est
319 2461 335 2495 t
364 2441 552 2515 (Valer.
592 2440 735 2498 Max.
765 2439 1005 2513 Exempl.
1037 2442 1338 2508 memorab.,
1367 2459 1484 2514 cap.
1540 2446 1592 2510 1,
1651 2437 1679 2515 ἓ
1720 2444 1775 2511 8,

220 2535 439 2609 pag.8).
483 2536 708 2592 Tantam
751 2544 928 2593 autem
982 2536 1209 2592 Romani
1237 2550 1333 2593 sua
1389 2538 1441 2593 in
1489 2530 1619 2593 deos
1668 2537 1781 2608 pie-

223 2638 316 2687 tate
334 2630 615 2687 mercedem
643 2632 889 2703 accipere
914 2647 1023 2689 non
1069 2641 1381 2703 potuerunt,
1431 2630 1561 2704 quin
1593 2628 1648 2689 bi
1704 2633 1779 2689 dii

227 2739 381 2780 revera
405 2726 716 2792 exstiterint,
744 2741 1061 2796 summaque
1088 2722 1249 2783 fuerit
1288 2741 1478 2782 eorum
1519 2734 1779 2797 potestas.

287 2820 375 2875 Sed
400 2819 517 2890 quid
536 2820 655 2885 sibi,
688 2820 917 2891 inquies,
938 2819 1109 2875 voluit
1129 2817 1398 2886 Ctrcilius,
1418 2821 1508 2892 qul
1539 2819 1665 2876 dum
1693 2837 1786 2877 va-

230 2910 294 2966 ria
319 2912 547 2968 Romanae
589 2913 733 2968 illius
767 2911 981 2983 pietatis
1035 2906 1211 2969 ofﬁcia
1242 2913 1563 2970 insolentius
1592 2914 1786 2985 przedi-

232 3015 316 3071 eat,
340 3006 465 3062 haud
484 3007 795 3062 dubitanter
815 3015 1092 3063 asseverat
1122 3007 1339 3064 eosdem
1370 3007 1644 3067 Romanos
1678 3025 1785 3067 non

233 3097 324 3152 sola
347 3112 431 3153 sua
451 3099 676 3168 pietate,
707 3098 803 3154 sed
841 3100 1037 3155 virtute
1081 3099 1241 3155 etiam
1270 3100 1459 3157 bellica
1492 3102 1784 3158 maximum

235 3190 343 3245 illud
357 3192 418 3247 ab
437 3192 536 3247 dlis
554 3192 670 3246 suis
690 3192 1007 3263 impetrasse
1049 3192 1409 3249 beneﬁcium?
1440 3196 1511 3250 At
1550 3203 1785 3251 mentem

1878 1988 2232 2047 defenderent
2260 2009 2279 2041 ι
2312 1989 2588 2064 (Ambros.
2612 1990 2785 2061 Epist.
2821 1992 2909 2053 18,
2937 1989 2965 2063 §
2997 1990 3216 2064 15-16).

1952 2082 2219 2138 Audacter
2265 2082 2442 2139 adhuc
2475 2081 2723 2138 Caecilius
2767 2091 3099 2139 contestatur
3126 2084 3257 2139 deos
3292 2082 3480 2141 tulisse

1879 2176 2236 2231 certissimum
2268 2170 2522 2230 Romanis
2544 2176 2824 2244 auxilium,
2860 2194 2879 2229 t
2907 2176 3033 2231 dum
3063 2176 3292 2244 obsessi,
3323 2185 3380 2232 ct
3404 2179 3482 2232 ci-

1884 2276 1963 2323 tra
2004 2266 2327 2338 Capitolium
2373 2269 2536 2339 capti,
2574 2269 2758 2324 colunt
2803 2269 2955 2337 deos,
3002 2286 3138 2340 quos
3188 2272 3322 2327 alius
3367 2271 3479 2343 jam

1881 2361 2172 2432 sprevisset
2204 2361 2388 2429 iratos,
2417 2370 2471 2418 et
2507 2378 2600 2433 per
2633 2363 2905 2419 Gallorum
2952 2365 3096 2420 acies
3118 2406 3131 2429 ,
3165 2367 3479 2421 mirantium

1882 2453 2279 2525 superstitionis
2323 2454 2621 2519 audaciam,
2664 2463 2893 2525 pergunt
2923 2456 3043 2510 telis
3074 2457 3310 2513 inermes
3337 2499 3349 2523 ,
3382 2458 3482 2514 sed

1882 2543 2027 2598 cultu
2045 2543 2317 2619 religionis
2330 2546 2543 2611 armati,
2560 2542 2685 2600 dum
2708 2545 2879 2616 captis
2895 2546 3175 2604 hostilibus
3192 2551 3488 2617 montibus,

1885 2635 2059 2691 adhuc
2081 2635 2373 2692 ferociente
2403 2636 2647 2702 victoria,
2679 2639 2898 2693 numina
2922 2640 3059 2695 victa
3082 2652 3427 2697 venerantur.
3452 2662 3473 2695 ι

1886 2729 1964 2785 De
2009 2728 2313 2785 Senonibus
2342 2730 2523 2800 procul
2562 2728 2724 2784 dubio
2754 2730 3005 2797 loquitur,
3050 2734 3138 2802 qui
3175 2744 3328 2803 capta
3361 2735 3495 2791 urbe

1887 2818 2080 2886 Roma,
2112 2820 2428 2891 Capitolium
2461 2818 2797 2875 obsidebant.
2819 2820 2925 2876 Nec
2944 2810 3202 2878 dubitavit
3234 2824 3488 2897 Symma-

1886 2912 2020 2969 chus
2052 2913 2214 2968 ltebcs
2234 2912 2592 2983 obtusumque
2619 2911 2749 2966 illud
2783 2911 2945 2967 telum
2968 2913 3019 2968 in
3044 2914 3381 2972 Christianos
3404 2918 3492 2976 bis

1889 3006 2233 3077 paucioribus
2259 3004 2438 3060 verbis
2462 3002 2638 3059 adhuc
2676 3013 2926 3074 torquere
2957 3024 2971 3060 :
3000 3024 3018 3055 ι
3047 3006 3170 3062 ΗίΕο
3192 3023 3342 3064 sacra
3374 3012 3489 3064 Au-

1889 3100 2122 3155 nibalem
2151 3116 2180 3154 a
2198 3099 2488 3165 moenibus,
2508 3114 2538 3152 a
2565 3095 2830 3167 Capitolio
2858 3097 3101 3155 Senonas
3127 3103 3437 3173 repulerunt
3464 3123 3485 3155 ι

1890 3191 2223 3265 (Symmacb.
2248 3191 2418 3247 Retat.
2452 3189 2480 3261 §
2513 3189 2568 3257 9,
2604 3202 2724 3260 pag.
2755 3186 2883 3255 850,
2922 3201 2977 3246 et
3010 3192 3259 3249 Ambros.
3312 3193 3485 3265 Epist.

234 3296 521 3355 sensumque
548 3282 690 3339 Illius
712 3283 857 3339 haud
885 3294 1075 3355 magna
1100 3278 1450 3355 proculdubio
1476 3283 1791 3345 difﬁcultate
1816 3288 1862 3355 C
1896 3285 1988 3353 18,
2011 3284 2039 3356 §
2065 3286 2123 3351 4,
2152 3300 2273 3356 pag.
2301 3284 2454 3357 854).

231 3376 480 3448 intelliges,
508 3378 552 3433 si
581 3378 729 3448 prius
754 3378 1048 3434 observare
1090 3377 1229 3434 velis
1257 3396 1271 3434 :
1309 3396 1327 3432 ι
1348 3380 1405 3435 In
1434 3386 1793 3455 oppugnatio-

233 3468 362 3525 nibus
384 3490 402 3523 ι
432 3470 645 3526 urbium
664 3514 680 3537 ,
721 3469 1178 3541 quemadmodum
1212 3479 1333 3541 post
1368 3470 1617 3528 Verrium
1646 3474 1800 3530 Flac-

231 3576 333 3618 cum
351 3563 532 3619 scribit
553 3562 779 3627 Plinius,
818 3580 837 3614 t
863 3563 1080 3618 solitum
1097 3577 1127 3617 a
1145 3556 1405 3619 Romanis
1430 3565 1798 3622 sacerdotibus

223 3657 413 3711 evocari
441 3656 627 3721 deum,
650 3655 811 3725 cujus
835 3654 886 3709 in
921 3654 1085 3710 tutela
1102 3654 1357 3727 Oppidum
1380 3666 1545 3723 esset,
1574 3658 1799 3727 promit-

215 3747 341 3819 tique
379 3747 454 3803 illi
496 3747 771 3812 eumdem,
822 3757 915 3804 aut
963 3747 1281 3818 ampliorem
1324 3748 1463 3819 apud
1522 3742 1799 3807 Romanos

211 3845 415 3900 cultum.
434 3845 501 3900 Et
525 3843 740 3911 duram
766 3842 1092 3914 pergitille,t'
1112 3840 1165 3898 in
1181 3842 1493 3915 pontiﬁcum
1517 3843 1800 3915 disciplina

205 3937 254 3993 id
277 3953 488 3993 sacrum
510 3977 525 3997 .
552 3945 876 4006 constatque
905 3936 1026 3992 ideo
1052 3937 1375 3992 occultatum
1397 3979 1413 4005 ,
1446 3935 1499 3991 in
1539 3937 1691 4006 cujus
1719 3938 1799 3992 tu-

204 4030 299 4088 tela
325 4031 497 4087 Roma
527 4039 695 4097 esset,
722 4045 787 4085 ne
807 4030 898 4100 qui
928 4024 1161 4086 hostium
1185 4029 1345 4084 simili
1362 4027 1524 4085 modo
1540 4038 1758 4100 agerent
1775 4050 1794 4083 ι

205 4123 361 4194 (Plin.
403 4122 502 4178 lib.
557 4135 735 4177 xxvm
777 4119 970 4175 Natttr.
1010 4119 1150 4175 Hist.
1194 4130 1314 4193 cap.
1364 4121 1419 4189 2,
1457 4137 1577 4194 pag.
1623 4118 1727 4178 559
1756 4121 1796 4195 ).

207 4216 405 4272 Eadem
430 4220 620 4271 narrat
646 4213 970 4281 Macrobius,
1002 4212 1395 4284 formulamque
1425 4215 1663 4282 exhibet,
1697 4231 1801 4286 qua

203 4307 427 4363 Romani
452 4308 510 4362 in
533 4306 753 4363 urbium
781 4303 1149 4362 obsidionibus
1175 4307 1430 4363 tutelares
1458 4322 1644 4363 earum
1669 4305 1801 4364 deos

211 4413 455 4463 «mre,
480 4400 718 4469 ipsisque
747 4396 945 4468 templa
985 4410 1048 4454 ac
1086 4396 1244 4455 ludos
1276 4414 1471 4461 vovere
1507 4414 1802 4455 consueve-

216 4501 340 4548 rant
375 4490 616 4565 (Iacob.
669 4492 764 4548 lib.
794 4508 851 4547 ιιι
882 4490 1150 4548 Saturnal.
1186 4494 1305 4563 Cap.
1333 4492 1407 4564 9).
1438 4488 1622 4566 Itaque
1662 4495 1804 4552 hunc

212 4584 565 4658 proculdubio
593 4585 662 4641 ob
687 4582 938 4640 bellicum
963 4596 1167 4640 morem
1196 4586 1391 4640 asserit
1418 4585 1665 4643 CteCilius
1695 4572 1802 4644 Ilo-

1975 3380 2046 3435 Λι
2072 3379 2379 3436 Gronovius
2416 3388 2534 3449 post
2567 3382 2777 3453 aliquos
2805 3383 2939 3438 alios
2980 3382 3032 3435 in
3060 3382 3296 3438 auctoris
3328 3384 3502 3440 nostri

1903 3482 2071 3535 textu,
2102 3487 2166 3527 ac
2186 3481 2375 3528 contra
2405 3477 2752 3548 manuscripti
2784 3478 2950 3532 nostri
2991 3476 3192 3532 codicis
3215 3476 3371 3532 ﬁdem
3397 3493 3499 3547 pro

1909 3585 1927 3617 ι
1951 3566 2117 3621 iratos
2143 3584 2189 3631 ι,
2220 3566 2502 3637 legendum
2540 3570 2831 3636 ominatur,
2875 3589 2895 3622 ‹
2919 3571 3103 3626 iratus.
3136 3590 3156 3623 ι
3191 3570 3305 3625 Non
3354 3573 3503 3627 enim

1902 3656 2152 3726 Romani,
2167 3677 2186 3711 ι
2202 3659 2391 3730 inquit,
2403 3678 2422 3711 t
2444 3662 3027 3732 contempseruntdeos
3054 3663 3240 3732 iratos,
3260 3679 3291 3718 a
3305 3664 3503 3735 quibus

1902 3765 1964 3807 se
1988 3751 2238 3822 eaetigari
2265 3753 2585 3809 sentiebant.
2616 3754 2834 3812 Minucii
2872 3757 3050 3827 itaque
3080 3755 3223 3811 hunc
3247 3758 3503 3827 opinatur

1902 3859 2025 3902 esse
2053 3860 2270 3902 sensum
2304 3864 2318 3900 :
2371 3847 2598 3903 Romani
2626 3850 2813 3906 colunt
2840 3850 2973 3905 deos
3010 3865 3157 3915 suos,
3202 3866 3338 3919 quos
3363 3853 3503 3908 alius

1903 3936 1970 3992 iis
1996 3951 2155 4007 opem
2199 3953 2349 3993 suam
2381 3940 2699 4009 negantibus
2722 3959 2742 3992 ι
2766 3941 2951 4005 iratus,
2980 3959 2998 3991 ι
3045 3940 3156 4008 jam
3185 3941 3504 4010 sprevisset.

1904 4027 2102 4084 Verum
2119 4029 2309 4085 melior
2330 4030 2679 4100 proculdubio
2696 4032 2797 4087 erit
2817 4045 3031 4097 sensus,
3052 4032 3095 4086 si
3114 4031 3294 4102 legas:
3325 4033 3507 4099 «Quos

1904 4122 2041 4177 alius
2062 4120 2175 4192 jam
2200 4123 2494 4192 sprevisset
2523 4123 2688 4177 iratos
2715 4141 2763 4189 ι,
2786 4122 2996 4193 sibique
3019 4121 3221 4177 idcirco
3240 4123 3504 4179 auxilium

1905 4228 2014 4268 non
2061 4213 2314 4269 terentes.
2364 4212 2502 4279 Quid
2553 4228 2803 4283 namque,
2836 4213 2883 4267 si
2912 4213 2981 4268 ibi
3011 4228 3204 4269 nomen
3239 4231 3257 4265 t
3286 4215 3451 4268 iratos
3476 4234 3500 4268 ι

1906 4312 2205 4376 Opponatur
2255 4303 2396 4358 «diis
2438 4303 2705 4373 pr0pitiis,
2742 4322 2761 4356 ι
2794 4304 2864 4359 de
2912 4304 3107 4373 quibus
3156 4306 3307 4376 plura
3358 4308 3504 4379 apud

1906 4396 2236 4452 Brissonium
2277 4394 2379 4464 legi
2410 4395 2714 4465 possunt?»
2749 4394 3012 4466 (Brisson.
3047 4396 3183 4453 Iib.t
3218 4399 3287 4455 de
3316 4399 3501 4457 Form.

1906 4507 2026 4561 pag.
2061 4488 2165 4545 120
2190 4500 2246 4545 et
2275 4486 2454 4559 seqq.)
2492 4488 2623 4557 Quae
2677 4504 2838 4560 porro
2890 4487 3137 4546 Czecilius
3183 4492 3250 4547 dc
3280 4494 3500 4564 Capito-

1907 4582 1980 4636 lio
2006 4597 2036 4636 a
2062 4580 2371 4638 Senonibus
2400 4583 2651 4649 obsesso,
2698 4592 2860 4654 atque
2887 4582 3250 4641 Romanorum
3284 4587 3335 4642 in
3374 4587 3507 4642 deos

208 4686 397 4734 manus
439 4692 472 4733 ε
500 4678 606 4734 diis
657 4676 989 4733 abstinuisse
1038 4677 1202 4733 totius
1258 4678 1442 4733 mundi
1495 4679 1800 4749 imperium.
1829 4688 1883 4748 ι)
1909 4675 2167 4745 religione
2196 4685 2434 4744 enarrat,
2459 4675 2575 4730 haec
2596 4690 2627 4731 a
2650 4675 2772 4732 Tito
2802 4676 2974 4744 Livio,
3007 4676 3224 4735 Valerio
3251 4679 3504 4747 Maximo,

203 4770 490 4840 Quomodo
513 4779 697 4826 autem
726 4768 776 4823 id
801 4769 1028 4839 probare
1055 4775 1280 4824 Conatus
1311 4771 1410 4836 sit,
1438 4769 1802 4837 attendamus,

201 4865 245 4920 si
272 4862 475 4936 placet.
504 4863 771 4929 Primum,
795 4878 815 4914 ε
839 4860 967 4916 dum
982 4870 1291 4927 eXerccnt,t
1319 4863 1541 4931 inquit,t
1565 4864 1615 4917 in
1643 4862 1810 4918 armis

203 4958 465 5013 virtutem
482 4954 862 5026 religiosamt,
904 4955 1126 5009 deorum
1157 4953 1364 5010 scilicet
1403 4957 1508 5024 pia,
1553 4955 1624 5009 uti
1666 4953 1810 5011 dixi-

205 5067 347 5116 mus,
375 5050 710 5114 evocatione,
743 5046 1004 5119 factisque
1050 5046 1383 5121 solemnibus
1427 5049 1564 5102 votis
1584 5090 1599 5113 ,
1631 5049 1806 5119 preci-

206 5142 329 5209 bus,
358 5150 415 5197 et
441 5141 743 5197 sneriﬁci‘ts.
776 5138 1031 5195 Secundo
1053 5182 1067 5204 ,
1107 5152 1126 5191 ι
1155 5139 1283 5195 dum
1318 5139 1526 5205 urbem,
1560 5138 1807 5209 Romam,

211 5236 467 5290 muniunt
508 5246 788 5291 sacrorum
832 5234 1201 5305 religionibus,
1229 5253 1247 5286 ›
1308 5245 1415 5289 tam
1462 5236 1601 5300 suis,
1652 5249 1812 5303 quam

208 5328 441 5383 aliarum
470 5344 499 5381 a
524 5340 586 5384 se
605 5326 940 5384 devictarum
970 5327 1231 5398 gentium.
1261 5326 1397 5381 Nam
1421 5326 1485 5380 iis
1507 5325 1807 5394 debellatis,

211 5421 433 5477 illarum
469 5426 597 5477 cum
623 5422 775 5487 deus,
822 5422 931 5476 tum
966 5424 1181 5477 saerut’u
1205 5463 1218 5488 ,
1252 5433 1347 5476 seu
1380 5420 1555 5490 potius
1584 5419 1815 5490 proplta-

218 5530 349 5570 nam
367 5515 771 5588 uelandumque
808 5514 1008 5571 cultum
1048 5512 1276 5589 Romam
1318 5510 1686 5585 asportabaut.
1716 5510 1815 5567 At-

217 5623 328 5680 que
370 5609 614 5665 eamdem
659 5606 729 5665 ab
761 5614 983 5664 causam
1020 5606 1250 5678 subjecit
1304 5605 1555 5663 Caecilius
1586 5622 1598 5657 :
1635 5623 1653 5657 ‹
1682 5604 1818 5660 Dum

217 5702 457 5776 undique
472 5703 719 5773 hospites
748 5700 881 5757 deos
908 5710 1173 5772 quaerunt,
1207 5709 1261 5756 ct
1289 5712 1414 5755 suos
1440 5698 1659 5755 faciunt.
1687 5718 1707 5751 ›

291 5794 646 5868 Prosequitur
676 5794 799 5864 ille,
840 5794 1020 5866 aitque
1044 5794 1315 5850 “Manes
1340 5798 1448 5848 non
1472 5792 1557 5847 his
1585 5799 1819 5851 tantum-

218 5889 386 5947 modo
413 5889 517 5961 piis
547 5888 825 5959 sacrisque
845 5888 1033 5944 ritibus
1072 5887 1261 5943 urbem
1302 5898 1453 5943 suam
1483 5886 1777 5944 muttivisse
1805 5925 1820 5953 ,

1912 4768 2097 4834 Floro,
2130 4768 2361 4838 aliisque
2389 4768 2656 4838 explicata
2685 4768 2927 4825 invenies
2963 4768 3106 4841 (Liv.
3135 4771 3229 4826 lib.
3260 4787 3311 4835 v,
3345 4770 3372 4841 §
3410 4770 3503 4835 46,

1911 4870 2131 4932 etseqq.
2161 4859 2338 4917 Valer.
2363 4861 2503 4916 Max.
2531 4862 2623 4917 lib.
2651 4877 2692 4928 t,
2713 4875 2834 4931 cap.
2873 4878 2911 4927 ι,
2945 4860 2973 4933 §
3006 4862 3095 4930 10,
3129 4873 3182 4918 ct
3223 4863 3311 4928 11;
3357 4861 3507 4917 Flor.

1911 4954 2006 5011 lib.
2036 4970 2074 5021 t,
2103 4968 2225 5025 cap.
2253 4954 2355 5020 15;
2384 4953 2515 5009 ibid.
2546 4968 2665 5023 pag.
2696 4953 2813 5025 51).

1986 5047 2065 5101 Ad
2089 5050 2204 5102 haec
2227 5062 2355 5102 vero
2378 5044 2625 5102 Caecilius
2648 5044 2796 5100 aliud
2828 5045 3100 5115 religionis
3138 5046 3510 5104 Romanorum

1913 5152 2120 5197 certum
2151 5156 2270 5196 esse
2300 5148 2452 5210 putat
2477 5146 2873 5207 argumentum,
2912 5156 2930 5189 t
2959 5137 3086 5193 dum
3116 5155 3237 5194 aras
3258 5150 3515 5198 extruunt

1914 5235 2112 5305 ignotis
2143 5234 2451 5290 numinibus
2473 5243 2526 5289 et
2554 5232 2821 5287 Manibus.
2844 5252 2862 5283 ›
2915 5234 2991 5289 De
3020 5237 3205 5304 primis
3230 5235 3344 5291 bare
3386 5248 3517 5295 sunt

1918 5325 2236 5383 Tertulliani
2265 5327 2430 5381 verba
2476 5345 2488 5379 :
2538 5344 2556 5376 t
2588 5325 2808 5381 Invenio
2839 5326 2997 5396 plane
3038 5328 3232 5399 ignotis
3263 5330 3364 5385 diis
3389 5347 3511 5388 aras

1920 5420 2252 5490 prostitutas.
2298 5417 2405 5473 Sed
2441 5416 2600 5471 attica
2643 5416 2945 5474 idololatria
2987 5429 3087 5473 est.
3132 5420 3264 5475 Item
3293 5422 3517 5479 incertis

1920 5512 2045 5580 diis,
2066 5513 2159 5568 sed
2183 5510 2491 5582 supersﬁtio
2519 5510 2759 5565 Romana
2788 5518 2890 5567 est.
2922 5511 3089 5567 Porro
3114 5513 3299 5569 incerti
3322 5515 3395 5570 dii
3413 5517 3513 5571 tui-

1922 5621 2025 5662 nus
2046 5607 2179 5673 noti,
2212 5603 2470 5659 ut-miuus
2489 5602 2657 5669 certi;
2702 5612 2754 5659 et
2785 5602 3008 5674 proinde
3049 5605 3232 5674 ignoti,
3255 5608 3377 5676 quia
3408 5608 3515 5663 mi-

1924 5714 2025 5753 nus
2069 5695 2201 5753 certi
2241 5694 2489 5768 (Tertull.
2531 5694 2627 5751 lib.
2665 5705 2801 5750 cont.
2843 5695 3009 5750 Marc.
3032 5711 3151 5768 cap.
3182 5698 3260 5769 9).
3307 5699 3518 5766 Quibus

1925 5801 2103 5848 autem
2125 5789 2300 5847 verbis
2321 5789 2486 5860 ignoti
2506 5790 2579 5844 illi
2605 5789 2677 5845 dii
2697 5790 3089 5857 invocarentur,
3110 5794 3153 5848 si
3175 5794 3312 5849 scire
3327 5810 3513 5863 aveas,
3534 5779 3545 5788 ’

1928 5884 2149 5949 Gellius,
2175 5881 2496 5951 Macrobius,
2526 5896 2590 5937 ac
2614 5882 2921 5940 Brissonius
2960 5891 3012 5939 te
3042 5882 3311 5943 docebunt
3355 5885 3520 5959 (Gell.
