3824 6282
341 367 439 423 {illi
1635 339 1724 394 DE
1766 333 2022 393 MINUCII
2042 329 2338 388 OCTAVIO
3501 310 3598 368 59?.

2686 446 2980 491 ARTICULUS
3019 447 3075 487 ll.

337 481 432 534 lib.
462 495 519 542 ll,
553 474 703 530 Nocl.
736 470 888 526 Attic.
909 481 1028 537 cap.
1060 459 1404 530 9.8;Macrob.
1428 457 1521 513 lib.
1554 471 1633 519 In,
1659 451 1925 510 Saturnal.
1957 452 2008 511 Α

341 589 459 639 rap.
490 572 546 634 9;
579 566 816 622 Brisson.
845 562 941 616 lib.
978 575 1014 621 ι,
1047 559 1109 611 de
1134 553 1371 609 Formul.
1405 566 1524 622 pag.
1556 547 1705 615 1‘20).

2074 579 2304 646 luomodo
2358 576 2613 631 Minucius
2650 571 2840 627 Ctecilii
2895 567 3096 641 refellat
3135 570 3509 636 argumentum,
3550 578 3597 616 ac

412 638 689 716 Miraberis
716 654 935 708 forsitan
984 651 1036 704 in
1084 657 1317 703 mentem
1365 641 1680 714 quibusdam
1719 638 1932 694 venisse

341 755 696 812 adulteratam
718 763 839 803 esse
861 745 992 801 illud
1012 741 1212 799 Caecilii
1235 739 1474 802 verbum,
1491 746 1546 793 et
1571 755 1588 786 ι
1619 732 1879 797 Manibus,
1910 749 1928 782 ι

341 865 404 905 ac
429 863 527 918 pro
553 846 642 900 illo
671 839 1014 898 scribendum
1052 857 1069 888 ς
1093 835 1365 891 inanibus.
1390 851 1408 884 ι
1441 829 1578 886 Nihil
1598 829 1795 900 quippe
1824 841 1933 878 ma-

340 945 422 1016 gis
450 951 633 998 contra
657 937 1026 994 auctoritatem
1057 947 1158 987 ms.
1187 929 1388 984 codicis
1414 926 1576 998 regii,
1609 934 1662 979 et
1703 921 1936 977 auctoris

342 1014 576 1090 mentem
622 1030 748 1100 fingi
798 1027 986 1098 potuit.
1035 1025 1166 1092 Quis
1209 1022 1350 1076 enim
1380 1020 1478 1074 nisi
1509 1014 1826 1073 somniando
1849 1029 1938 1067 su-

341 1129 576 1198 Spicatus
602 1135 686 1180 est
710 1121 1004 1182 Caecilium,
1035 1121 1125 1188 qui
1155 1117 1224 1171 ibi
1258 1113 1457 1170 ethnici
1489 1110 1722 1165 hominis
1751 1115 1935 1163 contra

343 1220 704 1275 Christianum
735 1224 912 1286 partes
943 1212 1070 1282 agit,
1100 1210 1240 1263 serio
1263 1207 1461 1261 dixisse
1483 1220 1513 1258 a
1537 1202 1790 1257 Romanis
1816 1214 1939 1253 aras

2122 675 2430 728 demonstret
2476 669 2826 724 Romanorum
2867 661 3158 729 imperium,
3186 656 3470 726 neutiquam
3505 654 3600 708 illo-

2109 783 2223 820 rum
2250 765 2302 818 in
2331 768 2453 818 deos
2479 761 2745 832 religione,
2774 755 2862 812 sed
2883 754 3138 824 impietate
3167 761 3212 806 et
3239 749 3498 804 sceleribus
3518 765 3603 804 esse

2109 860 2400 929 fundatum,
2433 854 2730 925 nullumque
2758 851 2937 904 iisdem
2963 846 3212 902 Romanis
3240 843 3310 897 ad
3333 857 3596 913 propagan-

2113 953 2204 1006 dos
2235 951 2376 1022 regni
2397 950 2524 1018 ﬁnes
2546 944 2800 1001 auxilium
2826 941 2945 996 deos
2977 940 3172 999 tulisse,
3212 952 3304 991 nec
3341 937 3494 1005 primo
3517 934 3605 1004 qui-

2119 1045 2231 1098 dem
2262 1041 2572 1113 peregrinos,
2609 1045 2653 1090 et
2684 1035 2926 1097 advenas,
2962 1029 3184 1085 Martem
3208 1027 3502 1090 Thracium,
3529 1025 3605 1079 Ja-

2114 1155 2222 1192 vem
2251 1135 2527 1198 Creticum,
2559 1131 2816 1185 lunonem
2856 1126 3092 1194 Argivam
3111 1167 3124 1184 ,
3171 1122 3420 1185 Samium,
3447 1129 3487 1173 et
3516 1118 3607 1173 Pa:-

343 1220 704 1275 Christianum
735 1224 912 1286 partes
943 1212 1070 1282 agit,
1100 1211 1240 1263 serio
1263 1211 1461 1261 dixisse
1483 1220 1513 1258 a
1537 1211 1790 1257 Romanis
1816 1214 1939 1253 aras
2115 1245 2234 1281 nam
2292 1241 2378 1279 nec
2407 1222 2632 1277 Dianam
2662 1219 2933 1274 Tauricam
2986 1227 3074 1270 aut
3099 1214 3302 1269 “mam
3328 1211 3528 1267 Matrem

343 1301 444 1366 (li-is
478 1329 496 1363 ι
519 1307 765 1364 inanibus
795 1325 813 1357 ι
855 1304 1017 1358 fuisse
1043 1296 1379 1356 exslrttctus?
2252 1269 2268 1294 ’
2941 1260 2954 1280 ’
3533 1256 3543 1267 ’

416 1406 485 1458 At
529 1414 805 1471 quorsum,
836 1396 1100 1466 inquiunt,
1127 1391 1198 1446 ibi
1239 1410 1256 1441 ι
1282 1388 1514 1444 Manium
1546 1407 1563 1439 ›
1597 1384 1818 1445 mentio,
1851 1389 1943 1435 aut

342 1497 427 1553 cui
452 1493 705 1563 incogniti
728 1505 847 1546 esse
872 1485 1159 1558 poterant?
1201 1481 1336 1551 Quid
1362 1495 1512 1550 ergo,
1544 1479 1586 1533 si
1619 1473 1940 1543 adjectivum

351 1607 370 1639 ‹
403 1588 594 1658 ignotis
617 1605 663 1650 ι,
705 1583 773 1637 ad
809 1579 982 1635 solum
1008 1573 1399 1632 substantivum
1432 1589 1451 1621 ‹
1479 1567 1785 1624 numinibus
1810 1586 1826 1617 ›
1859 1580 1944 1618 re-

347 1680 584 1736 feratur?
611 1675 842 1731 Manium
873 1679 1050 1726 autem
1077 1668 1148 1723 ibi
1175 1665 1422 1721 Czecilius
1447 1662 1648 1717 idcirco
1676 1656 1941 1721 meminit,

346 1777 472 1848 quia
503 1772 703 1830 ethnici
728 1769 922 1838 sacpius
947 1780 1041 1820 eos
1068 1760 1409 1824 invocabant,
1441 1753 1807 1822 sacriﬁciaque
1839 1750 1946 1804 illis

347 1873 634 1928 faciebant.
684 1865 870 1935 Neque
913 1861 1073 1915 etiam
1123 1857 1258 1910 adeo
1306 1863 1481 1915 erant,
1537 1848 1690 1903 sicuti
1739 1845 1943 1908 volunt,

349 1965 598 2018 omnibus
629 1958 847 2028 cogniti.
876 1953 1008 2008 Nam
1050 1951 1158 2013 alii,
1217 1943 1668 2017 quemadmodum
1696 1939 1947 1994 observat

351 2051 591 2116 Servius,
619 2051 737 2104 illus
759 2046 1025 2107 cmlestes,
1055 2041 1145 2095 alii
1177 2039 1411 2093 infernos
1434 2035 1588 2099 deos,
1621 2032 1707 2085 alii
1729 2040 1944 2084 noctur-

350 2165 474 2214 nos,
507 2156 664 2215 atque
693 2144 831 2197 inter
857 2139 1050 2195 ccelum
1081 2144 1136 2190 et
1168 2142 1364 2187 terram
1403 2128 1581 2198 vagari
1610 2124 1943 2179 arbitraban-

354 2251 460 2295 tur.
498 2214 681 2294 Deliis
707 2235 858 2305 plura
906 2229 1155 2291 Servius,
1189 2234 1244 2280 et
1282 2223 1450 2278 Lilius
1479 2217 1744 2291 Gyraldus
1770 2214 1945 2286 (Serv.

352 2332 406 2386 in
433 2331 525 2384 lib.
555 2345 634 2393 Ill,
666 2323 881 2380 Λῐιιεὶά.
919 2321 1064 2390 Virg.
1098 2333 1216 2388 pag.
1239 2315 1376 2379 266,
1409 2310 1629 2384 Gyrald.
1672 2309 1945 2380 Syntagm.

358 2427 412 2490 '7,
443 2424 506 2478 de
535 2421 673 2476 Hist.
702 2419 843 2473 deor.
871 2432 989 2487 pag.
1019 2413 1171 2483 205).
1198 2410 1341 2466 Nihil
1367 2409 1524 2480 igitur
1556 2403 1866 2460 mutandum
1897 2403 1949 2457 in

356 2516 590 2570 auctoris
618 2512 787 2569 nostri
820 2517 967 2587 textu
994 2548 1008 2571 ,
1063 2505 1180 2560 sive
1208 2501 1450 2572 cognitos
1471 2541 1486 2566 ,
1516 2499 1629 2553 sive
1651 2495 1952 2567 incognitos

353 2609 537 2668 Manes
564 2605 781 2662 dixeris.

434 2699 669 2768 Denique
699 2691 969 2750 concludit
995 2688 1242 2746 Caecilius
1271 2703 1283 2738 :
1320 2703 1338 2736 ι
1375 2683 1466 2740 Sic
1493 2681 1652 2746 dum,
1687 2678 1953 2743 Romani,

354 2792 726 2846 universarum
773 2784 1009 2854 gentium
1055 2793 1206 2835 sacra
1232 2775 1566 2846 suscipiunt,
1598 2771 1759 2827 etiam
1790 2784 1954 2840 regna

2120 1362 2414 1418 Ridiculam
2442 1361 2807 1415 Romanorum
2832 1358 2885 1412 in
2909 1357 3038 1412 deos
3059 1371 3186 1410 suos
3209 1354 3417 1425 pietatis
3438 1353 3610 1422 jactan-

2047 1458 2174 1511 tiam
2208 1463 2354 1509 tanta
2386 1453 2645 1507 facilitate
2670 1450 2936 1505 Minucius
2959 1448 3233 1518 reprimit,
3256 1454 3446 1515 quanta
3476 1454 3611 1501 teme-

2046 1548 2204 1602 ritate
2223 1544 2570 1600 venditabant
2600 1555 2658 1596 se
2696 1539 2950 1611 singulari
2981 1537 3391 1606 eastissimoque
3426 1549 3612 1590 corum-

2047 1639 2169 1694 dein
2205 1639 2430 1694 deorum
2456 1636 2601 1692 cultu
2634 1634 2898 1690 meruisse
2928 1632 3087 1687 totius
3132 1632 3316 1686 mundi
3347 1630 3612 1698 imperium.

2047 1732 2262 1788 Nullius
2303 1732 2446 1787 enim
2497 1729 2672 1800 gentis
2715 1727 2830 1782 sive
2871 1725 2989 1795 ejus
3017 1723 3340 1794 primordia,
3373 1723 3475 1777 sive
3509 1737 3615 1793 pro.

1976 1841 2023 1900 Β
2051 1839 2271 1896 gressus
2290 1830 2522 1893 spectes,
2556 1820 2723 1889 major
2753 1817 2869 1884 fuit,
2888 1831 3045 1887 quam
3074 1816 3432 1870 Romanorum
3457 1813 3619 1882 impie-

2056 1927 2157 1971 tas.
2181 1914 2365 1971 Sciunt
2392 1928 2522 1968 sane
2545 1925 2735 1966 omnes
2756 1911 2981 1980 primam
3013 1907 3232 1962 illorum
3255 1905 3498 1978 originem
3525 1923 3615 1962 non

2051 2007 2272 2063 aliunde
2298 2006 2534 2072 ductam,
2565 2020 2724 2074 quam
2757 2019 2786 2058 a
2819 2002 3170 2074 perditorum,
3204 2000 3616 2067 facinorosorum,

2052 2102 2402 2164 incestorum,
2434 2098 2778 2164 sicariorum,
2808 2107 2862 2152 et
2889 2103 3260 2166 grassatorum
3294 2093 3614 2159 multitudine,

2054 2195 2105 2249 in
2134 2196 2338 2266 asylum
2368 2201 2712 2264 congregata,
2740 2206 2803 2246 ac
2828 2190 3119 2245 Romulum
3147 2187 3430 2259 parricidio
3447 2187 3615 2257 iecisse

2053 2288 2202 2344 urbis
2227 2303 2338 2343 sua:
2369 2286 2712 2342 fundamenta
2749 2283 2994 2356 (August.
3023 2282 3118 2337 lib.
3151 2297 3231 2348 tn,
3272 2282 3334 2336 de
3365 2280 3499 2336 Civit.
3521 2295 3620 2350 cap.

2054 2384 2107 2449 6,
2134 2399 2252 2454 pag.
2277 2381 2366 2437 62.
2397 2380 2577 2434 Livius
2598 2387 2652 2434 et
2685 2378 2818 2451 alii).
2843 2377 2964 2432 Mox
2991 2375 3078 2431 ille
3114 2394 3132 2427 ‹
3163 2375 3384 2438 alienas,
3408 2393 3425 2426 ι
3459 2375 3527 2428 ιιιὶ
3547 2374 3620 2427 lli-

2056 2474 2247 2530 nucius
2298 2473 2392 2538 ait,
2426 2491 2443 2522 ‹
2485 2470 2732 2542 Virgines
2761 2474 2877 2524 sine
2915 2483 3132 2532 more»,
3181 2466 3235 2521 id
3278 2475 3376 2532 est,
3406 2467 3513 2521 sine
3538 2466 3622 2520 ullo

2057 2567 2326 2636 exemplo,
2370 2573 2464 2619 aut
2502 2563 2645 2619 bono
2698 2576 2870 2626 more,
2906 2579 2925 2613 ‹
2953 2561 3152 2629 rapuit.
3180 2578 3198 2611 ι
3249 2559 3364 2626 Quo
3404 2557 3622 2630 loquendi

2058 2659 2219 2715 modo
2242 2658 2310 2714 ad
2347 2656 2478 2713 illud
2510 2655 2858 2725 Virgilianum
2885 2653 3074 2708 alludit
3104 2671 3118 2706 :

2418 2808 2430 2822 .
2494 2771 2557 2822 Et
2574 2776 2740 2834 raptas
2757 2772 2866 2821 sine
2891 2783 3030 2820 more
3056 2770 3292 2820 Sabinas.

359 2891 722 2940 meruerunt.»
760 2877 962 2932 Verum
989 2871 1203 2944 quidem
1231 2876 1316 2925 est
1344 2867 1588 2921 universa
1612 2863 1846 2933 gentium
1871 2876 1956 2915 sa-

361 2990 453 3029 cra
484 2991 512 3026 a
541 2971 796 3027 Romanis
822 2972 1070 3036 suscepta
1099 2963 1282 3018 fuisse.
1308 2959 1438 3014 Nam
1468 2955 1687 3012 Ovidius
1714 2953 1765 3009 id
1798 2956 1956 3008 unico

364 3069 466 3123 hoc
497 3080 652 3121 versu
684 3061 879 3118 cecinit
909 3077 921 3112 :

2575 2853 2797 2918 (Virgil.,
2820 2869 2902 2904 vm
2927 2851 3146 2915 Λευκίω,
3168 2867 3214 2904 v.
3237 2855 3374 2913 655.)

2131 2958 2266 3014 Tum
2293 2957 2487 3014 deinde
2533 2957 2795 3012 Romulus
2827 2957 3023 3012 bellum
3072 2958 3270 3019 intulit,
3306 2977 3325 3009 ι
3351 2972 3526 3013 earum
3552 2969 3623 3025 pa-

2060 3052 2322 3115 rentibus,
2355 3053 2410 3107 id
2435 3061 2540 3114 est,
2573 3052 2776 3107 soceris
2805 3051 2974 3106 suis.»
3005 3050 3136 3118 Quae
3164 3050 3380 3122 quidem
3405 3050 3550 3106 verba
3584 3048 3624 3102 iu

2063 3144 2214 3216 regio
2236 3144 2422 3199 codice
2449 3145 2716 3215 leguntur.
2761 3143 2868 3198 Cur
2911 3157 3041 3212 ergo
3069 3141 3160 3196 illa
3197 3142 3412 3212 quidam
3454 3153 3628 3214 praepo-

424 3206 618 3270 Dignus
652 3201 804 3252 Roma
821 3198 973 3257 locus,
1000 3205 1097 3257 quo
1117 3191 1256 3241 Deus
1271 3187 1429 3236 omnis
1454 3194 1552 3235 eat.

1989 3233 2033 3295 C
2066 3246 2208 3292 stere
2259 3236 2426 3292 textui
2471 3237 2668 3290 inserta
2719 3235 3034 3299 ariolentur,
3078 3250 3184 3289 non
3217 3234 3476 3289 videmus.
3502 3229 3626 3288 Adde

2065 3345 2192 3386 vero
2220 3329 2337 3385 haec
2361 3330 2670 3385 confirmari
2697 3327 2952 3400 Cypriani
2981 3327 3314 3393 testimonio,
3337 3327 3422 3396 qui
3450 3340 3505 3382 ea
3529 3338 3627 3376 om-

2063 3422 2175 3488 nia,
2209 3421 2468 3478 hactenus
2500 3428 2797 3476 memorata
2817 3460 2832 3483 ,
2862 3435 2928 3474 ex
2957 3420 3058 3473 hoc
3109 3418 3229 3488 ipso
3273 3417 3498 3473 auctoris
3536 3416 3631 3470 loco

2062 3513 2320 3570 delibavit
2349 3515 2534 3586 (Cypr.
2563 3512 2653 3567 lib.
2687 3512 2750 3566 de
2774 3511 2913 3565 ldol.
2964 3526 3081 3564 van.
3125 3525 3244 3580 pag.
3284 3508 3393 3581 16).
3413 3508 3534 3564 Cum
3555 3521 3632 3558 auo

2064 3616 2171 3662 tem
2205 3607 2321 3662 [nec
2350 3607 2564 3662 nemine
2608 3604 2938 3661 reclamante
2976 3604 3086 3658 sint
3128 3603 3456 3667 certissima,
3483 3618 3539 3656 ex
3564 3599 3630 3653 his

2063 3707 2212 3753 recte
2237 3697 2505 3753 Minucius
2546 3707 2733 3753 contra
2777 3695 3054 3752 Caecilium
3087 3695 3364 3750 concludit
3389 3693 3508 3750 nihil
3531 3705 3633 3747 esse

2065 3787 2148 3844 his
2199 3788 2562 3844 Ron‘ianormn
2618 3787 2782 3843 initiis
2842 3807 2860 3838 ι
2900 3787 3259 3858 irreligiosius
3301 3806 3346 3855 ι,
3393 3784 3626 3856 magisque

2064 3883 2386 3938 sceleratum
2410 3890 2466 3938 et
2490 3881 2735 3952 impium.

2138 3973 2316 4044 Pergit
2342 3973 2452 4039 ille,
2486 3983 2540 4029 et
2565 3973 2800 4028 ostendit
2841 3973 3114 4028 Romanos
3165 3972 3384 4036 eadem,
3417 3979 3628 4040 quaeet

2063 4074 2273 4135 perant.
2303 4065 2573 4134 impietate
2614 4065 2897 4134 imperium
2938 4079 3094 4120 suum
3143 4077 3495 4136 prepagasse,
3521 4073 3634 4130 pro-
3776 4065 3777 4136 ᾖ

2065 4156 2237 4209 ximas
2259 4155 2508 4210 videlicet
2531 4155 2776 4210 civitates
2799 4197 2812 4216 .
2854 4170 2976 4210 cum
3021 4156 3132 4210 suis
3161 4156 3374 4227 templis
3399 4163 3452 4211 et
3475 4150 3630 4207 altari-

2067 4247 2167 4302 bus
2193 4247 2490 4303 evertendo
2509 4289 2522 4312 ,
2563 4257 2749 4319 captos
2773 4247 2955 4303 hostes
2981 4248 3226 4319 cogendo
3246 4250 3358 4305 suis
3383 4245 3627 4304 sceleribus

2065 4342 2280 4406 sociari,
2317 4361 2335 4394 ε
2358 4342 2658 4413 templaque
2679 4342 2857 4398 omnia
2882 4341 2949 4398 de
2970 4343 3333 4409 manubiis,-id
3353 4353 3453 4408 est,
3469 4340 3527 4396 de
3539 4337 3632 4393 rui-
3679 4366 3683 4370 ~

361 3417 467 3474 Sed
498 3413 675 3470 dehis
713 3409 848 3462 alius
879 3403 1032 3459 nobis
1071 3399 1281 3456 dicendi
1323 3398 1473 3452 locus
1503 3395 1630 3450 erit.

440 3506 687 3562 Caecilius
720 3514 884 3572 porro
914 3496 1112 3568 aliique
1138 3493 1364 3566 gentiles
1412 3505 1480 3546 ex
1507 3489 1764 3542 hactenus
1801 3481 1959 3538 dictis

365 3601 558 3658 confici
587 3611 746 3669 posse
767 3593 1020 3664 putabant
1045 3591 1173 3645 deos
1199 3601 1326 3643 suos
1354 3599 1534 3640 revera
1566 3582 1818 3646 existere,
1837 3581 1956 3649 quia

363 3690 617 3756 Romani,
651 3687 807 3743 «dum
829 3686 1249 3746 universarum,»
1274 3679 1344 3732 uti
1366 3678 1457 3733 ille
1478 3674 1798 3747 garriebat.«
1825 3688 1956 3739 gen-

370 3790 501 3842 tium
533 3798 683 3840 sacra
705 3778 1019 3847 suscipiunt,
1049 3776 1206 3831 etiam
1234 3786 1397 3842 regna
1437 3775 1764 3824 meruerunt.
1802 3785 1819 3818 ›
1853 3765 1960 3819 Nec

370 3879 486 3952 gari
509 3887 686 3931 :mtem
730 3888 832 3928 non
861 3879 1070 3942 potest,
1116 3869 1254 3921 hanc
1291 3861 1807 3934 argumentationem
1855 3873 1960 3912 non

369 3973 576 4031 minimi
631 3968 868 4041 profecto
910 3979 1031 4020 esse
1085 3959 1371 4032 ponderis,
1417 3956 1462 4012 si
1517 3963 1660 4009 tanta
1715 3952 1959 4018 veritate,

369 4078 567 4138 quanta
622 4063 852 4118 falsitate
907 4057 1190 4112 niteretur.
1233 4051 1352 4106 Vim
1391 4049 1534 4103 illius
1584 4047 1740 4117 plane
1795 4043 1964 4099 sensit

367 4157 748 4221 Tertullianus,
770 4165 995 4222 eamque
1021 4148 1166 4203 hisce
1189 4144 1320 4199 nihil
1352 4143 1534 4212 utique
1577 4135 1962 4195 dissimulando

372 4249 652 4321 pronosuit
700 4244 877 4300 verbis
915 4258 932 4296 :
986 4259 1004 4292 ι
1052 4238 1170 4293 Νυη
1219 4236 1458 4290 omittam
1505 4229 1959 4301 congressionem,

371 4358 530 4413 quam
565 4346 818 4411 provocat
845 4336 930 4390 illa
972 4331 1318 4404 praesumptio
1344 4326 1631 4383 dicentium
1652 4365 1666 4389 ,
1695 4323 1963 4376 Romanos

375 4452 472 4506 pro
505 4435 694 4489 riterite
721 4428 1081 4500 religiositatis
1101 4421 1526 4493 diligentiss‘imm
1555 4419 1604 4472 in
1636 4423 1839 4470 tantum
1878 4427 1964 4464 sn-
2066 4432 2152 4486 nis
2178 4432 2405 4495 urbium,
2424 4451 2444 4484 ι
2477 4433 2692 4488 Minucii
2722 4435 2883 4489 verba
2901 4442 3046 4501 sum,
3079 4455 3098 4486 ί
3127 4435 3196 4490 de
3217 4436 3404 4506 spoliis
3425 4435 3616 4490 deorum

375 4469 472 4540 r-f’
505 4469 694 4539 τηυξ
1103 4469 1371 4493 movum
1407 4469 1523 4525 -_----~
1642 4469 1649 4470 ί
1814 4506 1823 4516 ,
2066 4469 2152 4486 ...ο
2179 4469 2444 4495 ...υ......,.
2477 4469 2692 4488 ,.....ι.υ,.
2728 4469 2883 4489 mm.
2901 4469 3046 4501 mu,
3079 4469 3097 4486 ,
3127 4469 3196 4490 uo
3217 4469 3404 4506 δνυω,
3425 4469 3635 4492 “ww”

369 4531 644 4585 hhmttalis
669 4525 861 4589 elatos,
880 4531 936 4574 ut
961 4520 1144 4574 orbem
1177 4523 1510 4585 occuparint,
1541 4519 1595 4564 et
1619 4508 1754 4564 adeo
1775 4506 1966 4576 dignos
2068 4522 2137 4578 de
2165 4523 2408 4580 cmdihus
2433 4525 2798 4592 sacerdotum,
2829 4525 3215 4581 construendo.
3242 4544 3262 4579 ’
3293 4524 3634 4595 Quamobmn'

373 4637 517 4684 esse,
543 4627 601 4672 ut
643 4623 838 4686 praeter
876 4620 1100 4666 cmleros
1147 4609 1384 4665 floreant,
1433 4603 1522 4672 qui
1576 4601 1677 4654 illis
1728 4597 1962 4692 offici-mn
1992 4624 2044 4683 υ
2077 4634 2096 4668 ι
2121 4617 2302 4684 toties,
2334 4636 2352 4668 ι
2390 4628 2446 4673 ιη
2474 4617 2566 4674 ille
2609 4618 2784 4673 adhuc
2813 4619 2907 4684 ait.
2941 4638 2958 4670 ι
2994 4618 3531 4692 Romanisimpiamm
3553 4621 3638 4678 es"

373 4722 571 4783 prmtcr
596 4719 819 4764 caeteros
843 4704 1041 4758 faciunt
1069 4698 1312 4770 (Tertull.
1341 4695 1558 4765 Apolog.
1587 4709 1706 4762 cap.
1722 4690 1837 4761 25).
1860 4687 1966 4744 Sed
2069 4711 2276 4782 quoties
2303 4711 2705 4781 triumphatum.
2741 4711 2843 4766 Τοι
2869 4712 2936 4768 de
2958 4712 3058 4767 diis
3083 4713 3279 4783 spolia,
3303 4687 3508 4784 (δίοιδε
3523 4721 3637 4777 se"-

376 4754 560 4783 γυμν-
599 4754 817 4764 νηων-
1073 4754 1084 4770 ι
1389 4754 1397 4765 .
1507 4754 1529 4765 ..
1657 4754 1666 4762 .
1799 4754 1807 4761 ι
2110 4754 2276 4766 ..ν-η..
2504 4754 2705 4766 ...........
2751 4754 2843 4766 -.η
2869 4754 2902 4766 ...

369 4805 474 4859 hoc
503 4798 896 4858 eruditissimus
927 4795 1013 4848 ille
1053 4790 1333 4846 Africanus
1369 4788 1598 4857 scriptor
1627 4784 1794 4847 falso,
1829 4783 1965 4836 sicut
2069 4754 2213 4860 ribus
2240 4813 2292 4858 et
2335 4754 2590 4875 ιηψὲεο,
2625 4804 2781 4861 Unde
2829 4754 3640 4876 ha[:cu;e;a;;;;nzuj:r;v5;“

374 4913 474 4952 suo
514 4896 632 4949 loco
679 4888 1008 4952 videbimus,
1057 4883 1238 4938 falsius
1277 4895 1396 4934 esse
1441 4878 1788 4933 demonstrat.
1817 4873 1966 4928 Nune
2071 4873 2517 4953 conclusionem:
2557 4917 2575 4950 ε
2606 4897 2769 4969 18in".
2797 4898 3026 4954 Romani
3054 4914 3162 4954 non
3197 4899 3324 4956 ideo
3350 4873 3477 4954 dum
3521 4890 3642 4965 quod

1743 4966 1799 4969 κω
1917 4966 1925 4969 Α
3483 4938 3498 4962 ο

377 4999 556 5043 autem
606 4980 877 5054 quomodo
911 4978 1013 5032 hoc
1050 4976 1223 5045 ipsum
1251 4978 1622 5042 argumentum
1661 4984 1690 5024 a
1738 4966 1968 5022 Minucio
2070 4938 3323 5062 gmw
3351 4938 3498 4962 mm.

377 5088 564 5138 nostro
593 5074 884 5138 refellatur,
909 5065 1319 5125 examinandum
1342 5071 1443 5120 est.

2143 5082 2449 5152 Perpeudas
2480 5093 2656 5138 autem
2685 5082 2867 5150 velim,
2889 5095 3070 5138 utrum
3101 5083 3390 5151 Minucius,
3411 5083 3525 5139 cuin
3549 5077 3646 5132 inec

2067 5176 2350 5244 scriberet,
2375 5176 2440 5230 ad
2463 5176 2782 5232 Tertulliani
2802 5177 3207 5248 Apologetieum
3227 5193 3331 5233 non
3352 5173 3645 5246 respexerit.

2069 5269 2203 5324 Nam
2235 5271 2286 5324 in
2311 5269 2413 5326 hoc
2449 5269 2589 5326 libro
2614 5280 2894 5341 postquam
2931 5269 3178 5326 eamdem
3215 5269 3545 5326 ethnicorum
3575 5263 3645 5331 ja-

2070 5363 2359 5418 ctationem
2391 5362 2718 5433 exagitavit,
2752 5371 2914 5433 atque
2955 5361 3258 5433 oppressit,
3297 5367 3645 5432 argumentum

2071 5469 2228 5510 suum
2282 5456 2380 5512 hac
2421 5456 2584 5512 simili
2630 5457 2977 5512 conclusione
3012 5457 3242 5513 absolvit
3277 5473 3291 5508 :
3335 5474 3357 5507 ι
3397 5455 3532 5524 Ergo
3558 5464 3646 5504 non

2069 5559 2196 5604 ante
2223 5550 2456 5620 religiosi
2485 5551 2744 5617 Romani,
2773 5565 2933 5621 quam
2963 5552 3172 5621 magni,
3198 5550 3430 5620 ideoque
3467 5563 3565 5602 non
3589 5542 3646 5595 0h

2073 5640 2176 5697 hoc
2202 5643 2401 5713 magni,
2431 5644 2551 5714 quia
2579 5643 2836 5714 religiosi.
2867 5644 3026 5713 Atqui
3050 5641 3318 5714 quomodo
3339 5641 3414 5696 ob
3444 5640 3644 5706 religio-

2072 5749 2192 5790 nem
2225 5739 2423 5807 magni,
2455 5737 2648 5808 quibus
2675 5737 2984 5810 magnitudo
3010 5737 3080 5794 de
3111 5734 3505 5807 irreligiositate
3538 5743 3644 5801 pro-

2072 5831 2349 5896 Vettit‘2Ni
2377 5833 2531 5891 fallor
2564 5835 2741 5901 enim,
2789 5847 2948 5892 omne
2992 5847 3214 5907 regnum
3258 5829 3342 5887 vel
3386 5823 3643 5903 imperium
