3818 6282
263 344 356 406 593

1689 365 2160 428 DISSERTATIO.

3443 387 3549 443 594

245 458 393 564 bellis
417 470 715 538 quaeritur,
755 479 810 526 et
836 470 1074 530 victoriis
1114 486 1454 547 propagatur.
1496 478 1665 535 Porro
1708 480 1847 536 bella
1876 481 1929 540 A
1956 487 2294 554 numina,sed
2320 502 2583 561 portenta,
2604 492 2869 564 iuverant.
2887 516 2905 550 ι
2933 497 3038 553 Eos
3058 498 3330 556 enimvero
3350 499 3551 558 Roma-

240 564 292 608 et
322 556 573 616 victoria:
607 562 781 632 captis
808 574 864 619 et
903 566 1105 621 eversis
1134 566 1423 638 plurimum
1470 570 1692 628 urbibus
1724 588 1853 628 con-

234 654 403 707 stant.
432 653 499 709 Id
532 656 812 727 negotium
840 658 958 714 sine
987 659 1211 715 deorum
1241 661 1431 729 injuria
1462 678 1565 718 non
1595 674 1698 720 est.
1729 664 1851 720 Eze-

233 737 358 797 dem
404 755 629 819 strages
679 749 936 806 moenium
976 761 1033 807 et
1082 754 1422 822 templorum,
1475 770 1633 826 pares
1678 757 1853 814 caedes

238 832 439 894 civium
468 852 528 896 et
558 842 901 899 sacerdotum
925 886 939 907 ,
972 859 1073 901 nec
1098 845 1387 903 dissimiles
1430 850 1629 919 rapinte
1675 864 1855 904 sarra—

246 943 373 987 rum
402 933 705 992 divitiarum
759 946 814 993 et
856 937 1217 1007 profanarum.
1258 939 1361 995 Tot
1387 941 1548 1010 igitur
1572 942 1853 1014 sacrilegia

258 1020 637 1094 Romanorum,
666 1040 801 1100 quot
825 1038 1025 1102 tropaea
1061 1051 1074 1088 :
1109 1040 1184 1087 tot
1206 1032 1273 1088 de
1296 1032 1400 1087 diis
1429 1075 1445 1098 ,
1475 1044 1604 1105 quot
1628 1034 1696 1089 de
1722 1051 1853 1107 gen-

267 1117 404 1176 tibus
431 1122 674 1191 triumphi
709 1141 722 1175 :
769 1132 847 1177 tot
887 1124 1190 1192 manubias,
1239 1134 1369 1194 quot
1409 1136 1630 1183 manent
1675 1129 1852 1186 adhuc

270 1209 536 1268 simulacra
562 1213 896 1283 captivorum
940 1215 1166 1273 deorum
1205 1238 1223 1268 ι
1261 1216 1512 1290 (Tertull.
1542 1217 1695 1291 Apol.
1727 1235 1847 1292 cap.

269 1301 350 1367 25,
376 1320 490 1377 pag.
522 1307 638 1375 28).

330 1397 472 1465 Quod
492 1409 671 1455 autem
703 1401 967 1457 Minucius
982 1417 1045 1457 ex
1072 1402 1304 1459 hostium
1328 1404 1646 1476 urbiumque
1666 1415 1850 1477 capta-

281 1505 383 1546 rum
419 1492 678 1547 manubiis
704 1494 902 1561 templa
937 1496 1161 1550 deorum
1194 1511 1224 1550 a
1256 1495 1514 1551 Romanis
1554 1498 1848 1554 victoribus

284 1593 553 1642 constructa
581 1586 770 1652 refert,
801 1587 853 1641 id
880 1587 1023 1642 Flori
1048 1589 1355 1644 teStimonio
1381 1590 1686 1645 luculenter
1711 1605 1844 1646 cou-

288 1678 511 1733 llrmatur.
559 1677 635 1733 De
674 1678 968 1748 Tarquinio
1009 1681 1211 1736 etenim
1246 1680 1491 1751 Superbo
1540 1683 1657 1738 haec
1682 1683 1751 1738 ab
1778 1698 1845 1740 eo

290 1769 525 1827 memoria:
545 1768 797 1825 mandata
825 1770 1049 1841 legimus
1081 1790 1095 1827 :
1126 1792 1145 1824 ‹
1176 1773 1249 1828 De
1279 1773 1548 1827 manubiis
1563 1784 1839 1844 captarum

1957 591 2145 634 norum
2171 583 2334 637 armis
2365 585 2562 653 victos,
2615 589 3024 661 proﬂigatosque
3074 592 3234 648 fuisse
3271 610 3431 650 nemo
3467 606 3551 652 est

1955 671 2046 740 qui
2077 674 2298 729 nesciat.
2328 675 2685 745 Quamobrem
2727 682 3061 756 Cyprianus,
3106 688 3194 756 qui
3243 688 3429 744 eadem
3481 706 3555 748 ex

1957 762 2060 818 hoc
2080 776 2297 823 anetore
2318 780 2502 826 nostro
2518 775 2731 842 repetit,
2756 777 3094 834 continenter
3112 780 3307 851 adjecit
3337 799 3352 837 :
3390 782 3550 852 «Qua:

1955 853 2139 924 utique
2160 858 2203 912 si
2229 859 2356 929 quid
2396 866 2677 931 potestatis
2707 865 3053 935 habuissent,
3096 888 3190 927 sua
3231 888 3295 929 ac
3328 888 3549 931 suorum
3598 869 3615 875 ’

1955 960 2117 1016 regna
2139 964 2444 1009 servassent
2468 975 2487 1007 ι
2510 955 2693 1029 (Cypr.
2716 959 2807 1014 lib.
2825 961 2887 1016 de
2900 962 2927 1015 Ι
2936 963 3100 1018 dolor.
3122 964 3289 1025 Venit.
3305 952 3455 1037 pagJ
3467 970 3548 1037 5).

2027 1040 2179 1099 Scire
2207 1053 2384 1101 autem
2417 1049 2460 1102 si
2492 1050 2610 1118 quis
2639 1052 2852 1121 cupiat,
2883 1056 2973 1126 qui
3001 1057 3107 1111 sint
3134 1058 3245 1126 illi,
3275 1075 3410 1130 quos
3438 1060 3550 1117 Mi—

1954 1134 2142 1189 nucius
2170 1146 2413 1205 portenta
2439 1141 2716 1198 numinum
2741 1147 3046 1216 appellavit,
3063 1148 3304 1206 dicemus
3325 1152 3546 1208 Martem

1954 1224 2076 1280 ideo
2106 1226 2392 1286 Thracium
2438 1236 2837 1305 cognominari,
2864 1239 2986 1311 quia
3028 1243 3268 1299 nonnulli
3308 1259 3430 1300 eum
3481 1261 3553 1301 ex

1952 1317 2178 1376 Thracia
2225 1324 2508 1381 oriundum
2542 1337 2898 1399 putaverunt,
2930 1334 3004 1388 uti
3034 1350 3063 1390 a
3095 1336 3248 1391 nobis
3275 1337 3404 1392 alibi
3451 1339 3548 1396 ob-

1951 1423 2220 1468 servatum
2270 1425 2354 1472 est
2401 1416 2579 1489 (Tom.
2612 1437 2630 1474 l
2668 1426 2922 1492 Apparat,
2952 1424 3047 1480 lib.
3080 1442 3172 1494 Ill,
3215 1428 3484 1497 dissertat,
3509 1447 3549 1498 ι,

1951 1520 2069 1577 cap.
2093 1507 2147 1575 9,
2167 1518 2267 1565 art.
2290 1527 2325 1577 ι,
2352 1527 2473 1584 pag.
2495 1514 2643 1588 753).
2662 1517 2741 1572 Ad
2774 1518 2891 1573 inec
2919 1535 3046 1577 vero
3070 1520 3386 1578 Ammianus
3414 1523 3552 1580 Mar-

1949 1599 2176 1657 cellinus
2197 1603 2488 1677 (Ammian.
2512 1607 2604 1663 lib.
2624 1626 2788 1678 xxvn,
2813 1627 2929 1683 cap.
2946 1616 3001 1678 4,
3026 1614 3291 1687 pag.482)
3324 1616 3547 1673 Martem

1950 1690 2249 1750 Thracibus
2267 1699 2500 1754 maximo
2519 1699 2708 1757 honori
2729 1704 3003 1776 cultuique
3022 1705 3185 1765 fuisse
3207 1710 3542 1766 testificatur.

2022 1785 2100 1841 De
2154 1788 2292 1845 Jove
2346 1802 2526 1848 autem
2561 1794 2791 1865 Cretico,
2840 1816 2998 1870 quem
3044 1803 3249 1858 scilicet
3291 1805 3343 1859 in
3387 1801 3546 1861 Creta

286 1866 458 1920 urbium
490 1863 747 1964 templum
774 1866 1010 1964 Erexit-»
1043 1865 1212 1939 (Flor.
1257 1866 1351 1922 lib.
1386 1883 1401 1922 ι
1440 1865 1565 1922 Rer.
1604 1883 1660 1964 an
1683 1868 1837 1964 Rom.
1871 1869 1918 1929 B
1946 1888 2129 1933 natum
2158 1889 2213 1936 et
2237 1885 2502 1954 sepultum
2532 1863 2810 1957 ferebant,
2836 1863 3283 1963 quemadmodum
3310 1896 3545 1964 .Iunone,

272 1967 436 2027 gum.
473 1971 589 2026 cap.
635 1956 733 2028 7).
774 1957 1165 2013 Tertullianum
1202 1974 1332 2015 vero
1371 1974 1492 2014 mox
1538 1960 1840 2017 audivimus

269 2049 512 2106 dicentem
557 2048 924 2105 Romanorum
979 2051 1261 2107 manubias
1328 2066 1451 2108 esse
1505 2055 1838 2123 captivorum

265 2142 466 2198 deorum
490 2142 791 2198 simulacra.
826 2144 896 2199 At
948 2144 1050 2200 hoc
1066 2145 1281 2215 quidem
1311 2160 1417 2202 non
1448 2147 1627 2203 minus
1655 2158 1842 2219 aperte

260 2232 338 2288 his
362 2232 627 2289 Prudentii
668 2235 912 2293 versibus
940 2240 1241 2294 asseritur:

342 2366 629 2432 innumeros
647 2373 759 2432 post.
798 2369 983 2421 deinde
1005 2370 1146 2431 deos,
1173 2373 1356 2423 virtute
1374 2373 1590 2424 subactis

341 2427 566 2500 Urbibus,
593 2427 666 2480 ex'
682 2430 831 2480 claris
846 2434 1042 2500 peperit
1057 2427 1148 2485 sibi
1170 2432 1321 2485 Roma
1345 2436 1619 2500 triumphis,

338 2490 477 2558 inter
496 2491 747 2558 {nutantes
767 2490 1061 2558 templorum
1080 2503 1263 2547 armata
1288 2499 1457 2547 ruinas

334 2551 558 2622 Qextera
581 2556 796 2622 victoris,
823 2551 1077 2607 simulacra
1100 2558 1295 2610 hostilia
1318 2560 1468 2622 cepit,

335 2613 399 2666 Et
419 2618 604 2680 captiva
622 2613 839 2679 domum,
866 2631 1113 2670 venerans
1127 2634 1217 2671 seu
1235 2613 1432 2671 numina
1453 2613 1610 2671 vexit.

334 2740 856 2808 Rom‘triumpbautis
877 2746 1076 2808 quoties
1095 2744 1232 2795 ducis
1254 2744 1433 2808 inclyta
1452 2758 1651 2796 currum

330 2801 597 2853 Plausibus
619 2801 839 2865 eicepit.
868 2801 1023 2856 toties
1048 2807 1218 2858 altaria
1241 2801 1408 2857 divum

328 2865 547 2928 Addidit,
571 2874 626 2917 et
645 2865 818 2930 spoliis
837 2868 1040 2918 sibimet
1062 2881 1185 2919 nova
1212 2872 1410 2919 numina
1423 2868 1558 2921 fecit.

798 2948 1082 3013 (Prudent.,
1112 2950 1212 3012 l.n,
1236 2950 1539 3018 Symmach.,
1566 2951 1686 3016 §2.)

220 3071 299 3127 At
324 3073 551 3131 brevius
581 3075 890 3132 Lactantius
916 3088 974 3134 et
996 3079 1212 3149 templa,
1235 3088 1287 3133 et
1314 3080 1597 3135 simulacra
1628 3079 1831 3152 signiti-

215 3178 393 3221 casse
417 3167 645 3223 videtur.
679 3168 778 3225 Ubi
808 3170 952 3226 enim
984 3170 1219 3226 hostium
1253 3174 1412 3229 urbes
1441 3174 1609 3229 armis
1632 3173 1835 3229 Roma-

222 3271 441 3313 norum
462 3260 748 3318 subversas
765 3273 1051 3331 memorat,
1075 3264 1145 3320 ibi
1173 3266 1514 3322 continenter
1528 3266 1832 3338 subiungit:
1863 3260 1908 3323 C

230 3368 251 3401 ι
289 3350 756 3410 Consecrantdiis
778 3356 1077 3421 manubias,
1105 3367 1161 3413 et
1189 3359 1406 3427 rapinas
1429 3372 1555 3414 suas
1592 3378 1611 3410 ι
1656 3358 1833 3428 (Lact.

225 3443 323 3499 lib.
364 3443 579 3501 tinuit.
613 3461 729 3519 cap.
789 3448 844 3513 6,
883 3463 1006 3520 pag.
1055 3450 1178 3505 170.
1220 3450 1442 3504 Dissert.
1488 3451 1564 3505 in.
1590 3449 1834 3505 Lactant.

226 3548 357 3605 cap.
385 3538 480 3599 35.
512 3546 609 3593 art.
639 3539 721 3607 4).
765 3539 842 3594 Ex
891 3541 1158 3596 manubiis
1195 3529 1460 3611 siquitlein
1480 3583 1495 3608 ,
1525 3541 1575 3596 id
1607 3550 1709 3607 est,
1744 3557 1837 3612 pe-

229 3630 422 3684 cuniis
447 3647 506 3686 ex
535 3632 747 3688 vendita
783 3634 1013 3689 hostium
1043 3650 1288 3702 suorum,
1312 3644 1370 3689 ut
1394 3635 1517 3691 alibi
1545 3636 1838 3706 explicabi-

226 3732 385 3784 mus,
409 3722 577 3791 prada
593 3725 813 3790 coactis,
836 3740 975 3780 nova
997 3725 1219 3781 deorum
1244 3725 1576 3781 aedificabant
1601 3727 1795 3798 templa
1818 3745 1833 3796 ;

224 3823 300 3862 ac
330 3821 507 3881 rapta,
534 3828 820 3886 secumque
849 3817 1070 3871 Romam
1115 3827 1384 3887 asportata
1413 3817 1635 3873 deorum
1663 3820 1834 3874 simu-

226 3896 418 3969 lacra,
446 3912 495 3958 et
518 3905 566 3960 in
598 3906 811 3977 templis
839 3908 950 3963 suis
965 3909 1221 3964 collocata
1248 3909 1427 3965 denuo
1447 3912 1837 3968 consecrabant

232 3998 634 4067 ornabantque.

317 4084 497 4143 Testis
519 4105 727 4160 quoque
758 4092 912 4147 nobis
936 4100 1018 4148 est
1043 4090 1233 4149 Cicero
1259 4093 1558 4151 detractum
1585 4111 1613 4149 a
1639 4095 1835 4168 Diony-

251 4176 339 4230 sio
370 4188 585 4249 tyranno
610 4184 923 4252 amiculum,
946 4200 1052 4256 quo
1084 4186 1271 4242 Jovem
1296 4199 1512 4241 ornarat
1543 4203 1607 4242 ex
1642 4203 1832 4242 manu-

254 4267 368 4325 biis
386 4270 864 4347 Carthaginensium
894 4287 1150 4351 tyrannus
1174 4279 1328 4336 Gelo.
1351 4280 1591 4349 Quadam
1614 4281 1837 4350 insuper

263 4359 326 4414 in
381 4361 645 4423 Oratione:
686 4367 788 4437 Qui
831 4383 954 4426 cum
994 4369 1211 4439 Etolis,
1254 4371 1349 4440 ait,
1395 4371 1569 4427 Ennio
1611 4371 1833 4440 comite,

280 4451 486 4512 bellavit
506 4461 718 4518 Fulvius
743 4503 755 4527 .
787 4478 892 4519 non
923 4464 1182 4520 dubitavit
1213 4465 1494 4522 manubias
1516 4465 1681 4521 Musis
1702 4479 1835 4521 con-

275 4558 480 4604 secrare
516 4553 702 4626 (Cicer.
734 4554 828 4611 lib.
860 4570 916 4610 Ill
942 4556 1006 4610 de
1030 4555 1227 4611 Natur.
1262 4557 1403 4613 deor.
1433 4572 1555 4630 pag.
1583 4556 1711 4625 252,
1739 4556 1834 4612 lin.

272 4636 364 4704 87,
389 4654 432 4697 et
451 4644 578 4703 Orat.
608 4666 704 4721 pro
727 4650 937 4716 Archia,
965 4666 1085 4721 pag.
1113 4652 1221 4708 590
1245 4694 1257 4715 ,
1281 4652 1376 4707 lin.
1398 4651 1516 4724 25).

339 4734 500 4810 Pergit
523 4741 794 4807 Octavius,
826 4752 984 4814 atque
1023 4760 1122 4800 suo
1166 4744 1685 4816 et_Christianorum
1734 4759 1836 4800 no-

265 4824 405 4881 mine
427 4832 488 4884 ab
510 4833 817 4890 adversario
851 4849 950 4889 suo
970 4877 985 4901 ,
1014 4835 1237 4905 aliisque
1273 4837 1522 4900 ethnicis,
1555 4837 1689 4906 petit
1713 4837 1839 4906 qui-

269 4932 384 4973 nam
406 4921 472 4978 dii
499 4925 750 4983 Romanis
773 4928 1023 4999 propitii,
1051 4939 1212 5000 atque
1245 4932 1298 4985 in
1337 4930 1493 4987 bellis
1532 4931 1598 4986 ad
1640 4946 1836 5002 propa-

266 5013 456 5079 gandos
504 5017 637 5075 ﬁnes
685 5020 893 5090 imperii
937 5022 1019 5077 sui
1061 5022 1337 5094 adjutores
1378 5024 1654 5091 venerint,
1707 5041 1836 5081 num

270 5108 513 5176 peregrini
542 5122 593 5166 et
619 5111 866 5179 advena),
898 5113 985 5168 vel
1015 5116 1212 5185 proprii
1245 5131 1306 5170 ac
1332 5117 1647 5172 vernaculi?
1678 5118 1839 5187 Atqui

276 5194 392 5252 nulli
410 5214 469 5254 ex
494 5201 555 5257 iis
576 5217 735 5273 opem
766 5204 1025 5260 Romanis
1049 5206 1191 5264 ferre
1231 5216 1534 5276 potuerunt.
1576 5208 1691 5264 Non
1734 5210 1843 5279 pri-

282 5289 343 5343 mi
368 5293 583 5361 quidem.
607 5295 742 5352 Nam
767 5297 1040 5367 quomodo
1081 5298 1340 5355 Romanis
1369 5301 1583 5370 propitii
1626 5301 1841 5372 adjuto-

283 5392 446 5453 resque
471 5385 692 5444 fuissent
709 5429 725 5451 ,
753 5389 842 5458 qui
868 5404 1157 5461 numquam
1179 5401 1400 5460 potuere
1427 5390 1650 5448 clientes
1674 5394 1843 5449 culto-

285 5490 442 5550 resque
462 5494 587 5538 auos
618 5491 805 5537 contra
846 5483 1078 5539 hostium
1123 5500 1342 5540 suorum
1388 5485 1618 5555 impetus
1661 5488 1794 5542 tueri
1827 5506 1840 5543 :

288 5570 471 5646 «Neque
482 5576 627 5630 enim
646 5590 760 5639 eos,
776 5594 797 5629 ι
819 5577 893 5630 ait
913 5576 1191 5640 Minucius.
1221 5597 1239 5630 ‹
1260 5580 1517 5634 adversus
1528 5593 1654 5634 suos
1673 5579 1847 5635 homi-

277 5681 367 5733 nes,
387 5683 413 5721 a
429 5666 630 5736 quibus
648 5667 982 5733 colebantur,
1013 5668 1096 5723 vel
1124 5669 1263 5724 Mars
1285 5669 1566 5735 Thracius,
1590 5670 1671 5725 vel
1693 5669 1846 5740 Jupi-

272 5775 338 5820 ter
379 5759 648 5826 Creticus,
691 5760 774 5815 vel
816 5758 953 5816 Juno
1000 5761 1216 5832 Argiva,
1266 5778 1409 5818 nunc
1458 5762 1643 5828 Pmna,
1704 5777 1847 5819 nunc

251 5846 402 5914 manu
431 5852 689 5910 Taurica.
717 5851 802 5905 vel
831 5861 1000 5907 mater
1024 5853 1184 5919 ldum,
1213 5855 1291 5909 vel
1324 5855 1593 5926 Egyptia,
1622 5855 1709 5911 illa
1738 5872 1843 5912 non

1861 4648 1916 4708 Ι)

1947 1978 2059 2025 tum
2104 1972 2321 2045 Argiva,
2370 1993 2492 2034 cum
2534 1979 2711 2036 Samia
2757 1983 2897 2040 haud
2946 1987 3113 2041 semel
3155 1988 3549 2058 disputavimus

1944 2060 2125 2130 (Tom.
2150 2081 2167 2120 ι
2188 2065 2445 2138 Apparat.
2484 2071 2575 2126 lib.
2608 2090 2699 2143 In,
2733 2090 2852 2146 cap.
2880 2077 2932 2143 7,
2958 2089 3060 2133 art.
3088 2081 3145 2147 4,
3181 2096 3298 2152 pag.
3333 2081 3458 2149 750,
3492 2094 3551 2138 et.

1943 2168 2063 2224 cap.
2087 2157 2141 2223 8,
2171 2168 2272 2213 art.
2306 2177 2345 2226 ι,
2370 2178 2490 2235 pag.
2526 2165 2653 2232 755,
2681 2176 2734 2222 et
2762 2183 2880 2240 cap.
2912 2172 3000 2237 M,
3027 2181 3130 2226 art.
3162 2173 3215 2234 5.
3243 2188 3362 2245 pag.
3388 2174 3543 2247 827).

2015 2247 2131 2304 lluc
2157 2252 2374 2309 accedat
2414 2256 2603 2314 Cicero
2645 2259 2844 2332 (Cicer.
2878 2262 2971 2318 lib.
3003 2280 3021 2318 ι
3059 2264 3126 2321 de
3161 2264 3347 2321 Natur.
3389 2268 3546 2324 deor.

1945 2353 2065 2409 pag.
2099 2340 2252 2412 207),
2276 2347 2367 2415 qui
2393 2346 2460 2403 de
2488 2350 2656 2419 prima
2677 2352 2888 2410 Junone
2910 2356 3023 2411 haec
3039 2358 3267 2426 posteris
3292 2358 3544 2416 tradidit:

1949 2447 1970 2481 ι
2004 2430 2073 2485 At
2095 2449 2200 2489 non
2230 2446 2314 2491 est
2366 2440 2519 2504 talis.
2550 2457 2612 2497 ac
2640 2444 2851 2515 Sospita
2875 2488 2889 2512 ,
2924 2446 3141 2516 Argiva,
3172 2464 3272 2505 nec
3301 2450 3546 2509 Romana

1942 2521 2107 2583 Juno.
2140 2528 2279 2599 Ergo
2304 2532 2405 2586 alia
2428 2535 2634 2603 species
2658 2535 2887 2592 Junonis
2912 2539 3140 2609 Argivis,
3157 2540 3257 2596 alia
3279 2541 3539 2598 Latinis.»

1945 2623 2022 2679 De
2049 2622 2150 2680 hac
2176 2634 2355 2682 autem
2380 2624 2594 2683 lunone
2630 2627 2761 2683 illud
2791 2628 2995 2701 Virgilii
3025 2647 3242 2689 carmen
3269 2634 3495 2705 legimus
3525 2650 3541 2688 :

2159 2738 2342 2791 Junoni
2365 2738 2560 2804 Argivae
2578 2741 2738 2804 iustos
2759 2742 3016 2794 adolemus
3037 2745 3270 2797 honores.

2016 2840 2226 2898 Videsns
2257 2843 2570 2899 Pausaniam
2599 2846 2855 2916 (Pausan.
2887 2848 2978 2903 lib.
3002 2865 3058 2915 ιι,
3096 2866 3214 2922 pag.
3248 2852 3338 2920 59,
3372 2860 3425 2907 et
3447 2853 3541 2909 lib.

1941 2951 2019 3002 Ill,
2043 2951 2159 3008 pag.
2185 2937 2301 3008 95),
2325 2938 2616 2995 Lucianum
2636 2940 2961 3015 (Lucian..dc
2975 2943 3216 3001 Sacriﬁc.
3246 2961 3365 3016 pag.
3391 2947 3548 3021 185),

1942 3040 1995 3084 et
2020 3029 2345 3086 Strabonem
2397 3030 2600 3102 (Strab.
2653 3033 2748 3089 lib.
2793 3050 2849 3102 v,
2888 3051 3008 3107 pag.
3059 3036 3188 3102 2l5,
3238 3049 3292 3093 et
3337 3040 3428 3095 lib.
3465 3058 3545 3108 vi,

1943 3135 2066 3193 pag.
2096 3121 2249 3193 252),
2275 3125 2362 3194 qui
2391 3127 2719 3182 mentionem
2744 3127 2891 3183 illius
2916 3129 3054 3185 haud
3078 3132 3243 3187 semel
3273 3132 3538 3202 fecerunt,

1943 3214 2083 3267 sicut
2110 3223 2166 3269 et
2194 3216 2280 3269 alii
2311 3218 2641 3275 recentiores
2672 3218 2808 3275 bene
2838 3221 3012 3276 multi.

2016 3304 2089 3358 De
2139 3304 2351 3362 lunone
2398 3323 2526 3364 vero
2564 3308 2745 3366 Samia
2788 3310 2900 3367 haec
2927 3323 3108 3369 narrat
3133 3313 3370 3371 Ethlius
3397 3319 3539 3389 apud

1939 3393 2272 3453 Clementem
2319 3399 2741 3457 Alexandrinum
2786 3401 3061 3476 (Clemens
3092 3408 3378 3463 Alexandr.
3426 3412 3538 3465 Ad-

1940 3490 2126 3544 mouit.
2161 3489 2228 3544 ad
2257 3490 2415 3547 Gent.
2445 3507 2563 3563 pag.
2596 3492 2689 3567 50)
2720 3502 2853 3559 ζΤῆς
2882 3505 3067 3565 Σαμίας
3098 3488 3225 3570 liga:
3246 3541 3261 3566 ,
3304 3508 3363 3561 ὥς
3400 3528 3540 3572 φησιν

1937 3588 2150 3648 Moti“,
2190 3588 2412 3656 πρότεριν
2450 3597 2537 3655 μὲν
2582 3593 2639 3650 ἧν
2672 3600 2798 3651 σανίς
2857 3594 3043 3662 ὕστερον
3081 3595 3131 3645 δὲ
3161 3596 3239 3647 ἐπὶ
3279 3598 3541 3665 Πρθκλέους

1938 3680 2181 3747 ἄρχοντος,
2212 3681 2587 3748 ἀνδριαντοειδὲς
2615 3686 2818 3748 ἔμικτο.
2859 3700 2879 3734 ί
2908 3683 3102 3739 Samia:
3132 3685 3357 3741 Junouis
3394 3690 3541 3757 prius

1940 3767 2152 3837 quidem
2181 3780 2297 3823 erat
2320 3769 2516 3833 tabula,
2550 3781 2730 3840 postea
2750 3784 2952 3840 autem,
2981 3775 3254 3833 Archonte
3280 3778 3503 3836 Procleo
3528 3834 3546 3859 ,

1939 3858 1991 3914 in
2020 3858 2249 3916 formam
2276 3870 2467 3919 statua:
2495 3862 2672 3921 el‘licta
2693 3877 2830 3922 est.»
2863 3867 3016 3924 Unde
3045 3880 3188 3937 patet
3216 3888 3372 3941 quam
3395 3858 3539 3929 anti?

1938 3967 2041 4021 qua
2064 3950 2164 4007 fuit
2199 3953 2340 4010 illius
2375 3956 2515 4026 apud
2553 3957 2799 4013 ethnicos
2825 3962 3119 4015 veneratio.
3148 3962 3293 4032 Lege
3321 3963 3497 4021 adhuc
3517 4009 3533 4033 ,

1935 4046 1980 4099 si
2028 4048 2181 4114 velis,
2210 4047 2527 4104 Pausaniam
2580 4048 2833 4120 (Pausan.
2881 4051 2974 4105 lib.
3003 4067 3096 4117 vn,
3132 4069 3250 4123 pag.
3287 4053 3417 4127 209)
3440 4097 3455 4121 ,
3482 4069 3538 4114 et

1936 4139 2220 4210 Origenem
2247 4140 2416 4215 (Orig.
2439 4142 2535 4198 lib.
2550 4159 2622 4207 tv,
2637 4154 2812 4199 contr.
2831 4143 2974 4201 Cels.
3004 4160 3127 4216 pag.
3152 4145 3300 4217 196).
3327 4146 3539 4204 Utrius-

1937 4248 2044 4304 que
2066 4249 2227 4302 porro
2255 4235 2395 4290 illius
2420 4235 2677 4301 Junonis,
2716 4253 2779 4293 ac
2819 4239 2989 4292 tertiae
3011 4279 3024 4303 ,
3057 4255 3176 4307 qua:
3222 4239 3412 4307 Poma,
3437 4256 3537 4297 seu

1938 4324 2374 4397 Carthaginensis
2424 4328 2736 4396 vocabatur,
2788 4328 2872 4385 his
2910 4328 3164 4400 Virgilius
3205 4333 3536 4389 carminibus

1941 4421 2185 4477 meminit
2213 4438 2227 4475 :

2096 4514 2226 4584 Urbs
2246 4515 2444 4579 antiqua
2467 4513 2561 4566 fuit
2596 4514 2751 4580 (Tyrii
2773 4522 2990 4569 tenuere
3007 4518 3188 4584 coloni)

2097 4576 2382 4640 Carthagof
2460 4616 2472 4627 .
2576 4612 2589 4626 .
2661 4576 2707 4630 ⁷.
2810 4620 2820 4630 .
2926 4620 2936 4631 .
3038 4619 3050 4631 .
3158 4622 3169 4633 .

2096 4680 2250 4775 Quam
2271 4676 2402 4775 iuno
2425 4678 2585 4775 fertur
2609 4679 2758 4775 terris
2780 4680 2937 4775 magis
2959 4683 3184 4775 omnibus
3206 4687 3352 4760 unam

2092 4766 2378 4817 Posthabita
2401 4766 2611 4816 coluisse
2642 4768 2788 4818 Samo
2815 4766 2827 4817 ἐ
2855 4766 2939 4819 hic
2962 4768 3095 4819 illius
3112 4783 3247 4821 arma

2093 4828 2187 4893 Ijic
2203 4841 2377 4893 currus
2398 4827 2489 4880 fuit
2510 4845 2522 4880 :
2551 4830 2643 4879 hoc
2663 4844 2874 4892 regnum
2897 4832 2992 4881 dea
3008 4835 3243 4893 gentibus
3275 4845 3408 4891 esse.

2093 4891 2146 4942 Si
2170 4905 2269 4955 qua
2292 4890 2389 4942 lata
2409 4895 2588 4950 sinant,
2610 4895 2711 4957 jam
2730 4890 2833 4944 tum
2857 4890 3117 4959 tenditque
3139 4895 3396 4959 fovetque.

2097 4994 2257 5067 i’rima
2281 4993 2411 5081 quod
2434 4992 2494 5068 ad
2517 4992 2710 5080 'l‘rojain
2734 4995 2823 5080 pro
2843 4993 3003 5068 charis
3015 4990 3265 5080 gesserat.
3276 4997 3439 5082 Argis.

2527 5099 2711 5163 (Virg,
2728 5100 2793 5150 1.ι
2816 5098 3035 5161 juncta"
3057 5114 3103 5152 υ.
3131 5101 3233 5166 16.)

2018 5205 2253 5270 Denique
2290 5202 2358 5259 de
2386 5204 2553 5259 Matre
2587 5202 2723 5259 ldma
2753 5204 2886 5259 inira
2932 5204 3172 5271 dicetur,
3213 5206 3351 5262 sicut
3384 5215 3439 5261 et
3467 5207 3537 5264 de

1945 5299 2265 5354 monstrosis
2310 5296 2683 5368 Egyptiorum
2735 5297 3043 5352 numinibus
3082 5299 3326 5369 superius
3362 5299 3539 5355 disse-

1944 5391 2168 5445 ruimus.
2222 5388 2284 5443 Et
2323 5387 2376 5441 hi
2418 5388 2633 5457 quidem
2689 5387 2762 5442 dii
2800 5387 3022 5457 demque
3050 5398 3193 5455 sunt,
3220 5404 3356 5459 quos
3398 5390 3539 5444 sicut

1946 5483 2110 5538 alium
2151 5481 2478 5552 quemlibet,
2507 5480 2707 5535 nullam
2739 5482 2960 5536 omnino
2988 5496 3144 5551 opem
3174 5482 3427 5537 Romanis
3458 5492 3541 5539 tu-

1946 5575 2074 5629 lisse
2100 5574 2360 5629 Minucius
2386 5582 2531 5628 recte
2558 5574 2809 5628 asseruit.
2831 5573 2941 5630 Nec
2976 5575 3134 5645 Iunge
3161 5575 3316 5630 aliter
3341 5574 3539 5631 adver-

1947 5682 2039 5722 sus
2055 5664 2436 5739 Symmachum
2459 5665 2774 5722 Ambrosius
2796 5677 2977 5737 postea
2998 5676 3395 5738 argumentatus
3421 5676 3506 5723 est
3526 5684 3540 5695 ·

1955 5778 1973 5812 c
2009 5759 2193 5816 Utrum
2226 5760 2438 5825 volunt,
2469 5759 2684 5830 eligant.
2716 5759 2772 5816 Si
2806 5762 2856 5815 in
2889 5760 3143 5815 Romanis
3179 5761 3421 5815 vicerunt
3455 5774 3543 5817 sa-

1949 5868 2062 5919 cra,
2093 5851 2145 5907 in
2193 5851 2700 5921 Carthaginiensibus
2751 5870 2878 5925 ergo
2917 5865 3164 5925 superata
3207 5864 3369 5911 sunt:
3400 5854 3446 5910 si
3485 5854 3541 5909 in
