3824 6282
240 269 321 327 597
1594 280 1750 339 [ηδε

1993 285 2066 342 [ο.
3165 262 3171 271 ’
3397 304 3503 362 598

232 401 360 458 quem
387 387 567 459 legere
606 386 832 457 poteris,
860 392 1000 446 sicut
1027 398 1086 446 et
1117 390 1361 453 Servium
1386 392 1438 449 in
1465 392 1556 449 illa
1587 394 1795 467 Virgilii
1821 399 1872 461 Α
1901 409 2267 484 quassalot'em
2290 408 2606 480 nuncupari,
2636 424 2867 484 eumque
2888 412 3062 485 ipsum
3094 430 3233 485 esse,
3258 416 3311 472 in
3347 418 3503 490 cujus

224 481 429 534 carmina
479 479 663 553 (Ovid.
717 481 813 536 lib.
857 499 946 539 xw
977 483 1188 543 Halani.
1242 485 1350 557 §7,
1406 503 1526 559 pag.
1571 488 1694 557 517,
1748 500 1802 546 et
1903 479 2166 553 honorem
2210 499 2365 557 ludos
2402 479 2562 573 supra
2612 479 2939 565 memoratos
2972 479 3234 567 Romulus
3274 479 3506 569 instiiuit

226 584 355 647 seqq.
376 573 527 629 Serv.
561 574 615 628 in
640 572 826 646 Virgil.
852 591 975 647 pag.
1010 576 1165 650 457).
1901 586 2141 661 (Dionys.
2169 591 2352 665 Halyc.
2390 572 2478 651 lib.
2512 612 2549 651 ιι
2581 599 2826 670 Auliquil.
2858 601 3011 658 Rom.
3042 619 3160 675 pag.
3187 604 3337 678 100).

290 666 357 721 De
379 665 627 735 Tiberino
654 683 866 740 quoque
895 670 1038 733 idem
1084 681 1239 741 poeta
1286 672 1387 730 bos
1417 672 1542 733 fecit
1570 690 1794 735 versus:
1973 680 2137 752 Magis
2185 694 2363 741 autem
2408 665 2772 746 Tertullianus
2816 665 3368 773 eosdem'scriptor'es
3418 699 3502 758 bis

310 779 431 850 ἕως
443 780 581 850 Deus
598 784 697 850 ipse
716 782 811 850 loci
836 784 1022 836 ﬂuvius
1036 786 1316 850 Tyberinus
1331 801 1518 840 δωδέηο

1989 776 2081 830 -bis
2128 778 2269 835 inter
2319 795 2378 835 se
2408 785 2696 840 conciliat:
2735 804 2754 837 ‹
2793 785 3009 844 Exinde
3051 789 3159 845 ludi
3212 790 3499 849 Consualia

310 838 541 907 Pepuleas
560 838 678 894 infer
694 848 861 895 senior
884 861 941 896 se
968 838 1198 899 attollere
1226 850 1442 900 frondes.

1898 865 2045 929 dicti,
2071 871 2158 939 qui
2208 871 2360 927 initio
2407 872 2710 946 Neptunum
2754 877 3181 937 honorabant....
3214 883 3499 941 Consualia

577 928 780 992 [Virgil.,
802 930 837 980 Ι.
863 945 946 979 vni
965 930 1176 994 ίεηείάη
1201 946 1248 983 υ.
1274 935 1355 994 51,
1380 940 1425 986 el
1446 936 1605 1000 seqq.)

1895 956 2127 1015 Romulo
2157 962 2474 1031 defendunt,
2505 969 2648 1037 quod
2691 985 2752 1025 ea
2784 972 2960 1028 Conso
3000 973 3256 1031 dicaverit
3282 976 3404 1043 deo,
3440 990 3500 1034 ut

234 1055 325 1127 Qui
349 1055 412 1111 de
430 1054 519 1112 illo
541 1055 682 1129 plura
708 1056 1063 1125 desiderabit,
1094 1060 1143 1115 is
1178 1062 1424 1118 consulat
1470 1064 1744 1135 Dionysiut

1986 1062 2097 1121 unt,
2129 1058 2362 1123 consilii,
2415 1060 2531 1131 ejus
2575 1063 2801 1132 scilicet,
2845 1082 2951 1137 quo
2998 1074 3124 1123 tunc
3175 1068 3493 1126 Sabinarum

233 1149 642 1209 [humum
687 1151 784 1206 εει),
839 1169 856 1207 ι
911 1155 1229 1224 Antiquam.
1295 1156 1456 1219 Rom.
1523 1172 1643 1228 pag,
1695 1159 1786 1223 57;
1892 1144 2158 1215 virginum
2189 1150 2428 1219 rapinam
2459 1154 2714 1211 militibus
2740 1158 2850 1212 suis
2882 1157 2931 1212 in
2961 1160 3302 1217 matrimonia
3332 1177 3497 1218 exco—

206 1242 401 1301 Πήρη,
420 1244 510 1299 ηδ,
541 1260 578 1311 ι,
612 1260 733 1317 με.
761 1246 819 1315 2;
855 1250 1148 1305 Auctorem
1169 1250 1263 1307 Hb.
1285 1250 1355 1313 de
1380 1252 1613 1323 Origene
1636 1262 1784 1325 gem.
1892 1238 2169 1308 gitavit....
2200 1241 2264 1296 Et
2291 1259 2434 1298 nunc
2464 1260 2554 1300 ara
2573 1246 2752 1303 Conso
2782 1248 2857 1303 illi
2891 1251 2942 1304 in
2971 1250 3115 1306 circo
3142 1252 3367 1323 (defossa
3411 1265 3497 1312 est

206 1334 359 1396 Βοωο
388 1346 438 1391 ει
461 1337 610 1393 alias.
1894 1331 1961 1385 ad
2012 1334 2208 1403 primas
2239 1346 2407 1392 metas
2451 1340 2551 1394 sub
2580 1350 2741 1410 terra,
2800 1357 2923 1398 cum
2962 1345 3308 1415 inscriptione
3338 1346 3496 1417 hujus

280 1427 603 1488 υεΡειηηιηο
625 1443 805 1493 autem
826 1411 1111 1507 virginum
1140 1437 1318 1495 adhuc
1343 1440 1644 1511 audiamus,
1674 1441 1790 1498 [me
1894 1424 2038 1481 modi
2067 1444 2080 1482 :
2107 1426 2314 1484 Consus
2344 1432 2591 1500 consilio,
2611 1434 2752 1490 Mars
2782 1437 2989 1506 Duello,
3014 1411 3179 1494 Lares
3202 1441 3362 1495 eoillo
3393 1411 3494 1513 po-

201 1530 473 1580 αηεηιεω
508 1544 522 1581 ε
1895 1526 2087 1574 tentes.
2122 1520 2436 1579 Sacriﬁcant
2461 1528 2600 1592 apud
2643 1543 2762 1584 eam
2798 1529 2965 1586 Nonis
3010 1531 3135 1588 Julii
3179 1535 3490 1592 sacerdotes

882 1643 1020 1694 Luco
1044 1650 1146 1696 tum
1168 1646 1294 1697 forte
1320 1651 1539 1710 parentis
1893 1610 2109 1710 publici,
2144 1614 2452 1710 l2_calend.
2507 1622 2863 1691 soptembres;
2892 1622 3088 1679 ﬂamen
3120 1625 3411 1694 Quirinalis
3438 1636 3495 1684 et

334 1675 347 1687 .
435 1672 451 1688 ι
540 1675 553 1689 ο
653 1679 667 1691 .
770 1682 780 1693 .
882 1672 1020 1694 ιιυτυ
1044 1672 1146 1696 ιυιιι
1171 1672 1294 1697 tunc
1323 1672 1539 1710 parentis

410 1700 606 1757 Pilumni
623 1702 825 1767 Turnus
844 1717 1038 1759 sacrata
1061 1710 1187 1761 valle
1214 1710 1438 1761 sedebat.
1804 1785 1844 1791 _

1975 1672 2126 1774 gines
2158 1708 2177 1777 (
2200 1708 2402 1763 Tertul.
2445 1711 2537 1775 lib.
3126 1672 3253 1788 pag,
3296 1718 3366 1773 92
3382 1672 3482 1791 ).ν›

851 1790 987 1853 (Lib.
1016 1805 1065 1842 ιι
1088 1790 1360 1856 ιεηεὶάηυ.
1387 1795 1420 1844 5
1444 1802 1495 1846 et
1515 1795 1590 1859 4.)
1801 1785 1852 1845 Β
1882 1794 2021 1867 Lege
2050 1799 2246 1866 adhuc,
2291 1802 2334 1854 si

1978 1813 2021 1865 ge
2050 1799 2246 1866 adhuc,
2291 1802 2334 1854 si
2364 1801 2561 1870 lubeat,
2622 1785 2920 1861 Arnobium
2956 1785 3046 1862 lib.
3080 1785 3145 1862 ui
3173 1808 3293 1863 adv.
3327 1809 3488 1866 Gent.

201 1887 368 1957 Atque
390 1889 568 1949 iterum
597 1890 737 1953 libro
761 1903 1073 1966 sequente:
1883 1906 2007 1961 pag.
2067 1892 2190 1957 “5;
2232 1893 2616 1967 Hieronymum
2649 1897 2702 1951 in
2745 1896 2865 1953 Vita
2896 1898 3185 1954 Hilarionis
3230 1916 3351 1972 pag.
3394 1903 3485 1970 81;

294 1997 528 2069 mum
550 2003 796 2055 mimos
819 2006 1020 2069 Troiam
1044 2009 1350 2060 circumdare
1372 2011 1582 2063 ﬂammis
1879 1984 2238 2054 Augustinum
2268 1987 2362 2042 lib.
2395 2004 2467 2055 1v,
2519 1989 2588 2044 de
2625 1989 2785 2045 Civit.
2816 2006 2938 2062 cap.
2995 1994 3084 2060 11,
3133 2008 3254 2066 pag.
3302 1994 3402 2061 97;
3435 2006 3490 2052 et

294 2058 1579 2156 gﬁmﬁfrﬂgsﬂgéﬁf
1882 2076 2125 2132 Servium
2151 2079 2202 2133 in
2226 2079 2317 2134 lib.
2345 2096 2455 2135 vni.
2479 2081 2696 2138 Eneid.
2732 2082 2919 2155 Virgil.
2951 2099 3072 2156 pag.
3100 2085 3228 2142 525.

428 2126 437 2136 ,
568 2121 574 2123 _
682 2121 695 2131 ,
824 2121 827 2125 ,
877 2133 884 2142 η
942 2132 952 2142 θ
1053 2121 1057 2125 ,
1156 2134 1203 2144 η
1359 2121 1370 2123 ν
1882 2121 1969 2131 νυ.
2228 2121 2317 2134 .....
2479 2121 2696 2138 ιωωιυ.
2749 2121 2919 2155 ωδ...
2952 2121 3072 2156 μηδ.
3100 2121 3228 2142 σευ.

296 2121 620 2177 cuimumms
641 2140 779 2189 ams’
805 2144 886 2180 cm
906 2131 1018 2182 diva
1042 2132 1236 2182 venula
1259 2142 1435 2185 malet
1949 2174 2064 2243 Age
2094 2188 2223 2228 vero
2241 2218 2254 2241 ,
2290 2184 2449 2245 atque
2478 2175 2672 2231 iterum
2701 2177 2926 2248 prodeat
2955 2178 3351 2249 Tertullianus,
3388 2183 3483 2253 qui

990 2237 1122 2301 (Lib-
1139 2253 1190 2301 κν
1214 2253 1260 2291 υ-
1284 2241 1364 2303 74,
1385 2246 1431 2293 εί
1463 2242 1619 2310 δίειμι)
1879 2237 2024 2319 τιιίοξ
2042 2237 2407 2322 Romanorum
2439 2268 2500 2324 de

1972 2281 2012 2319 ιε
2042 2265 2407 2322 Romanorum
2439 2268 2572 2324 deos
2601 2285 2631 2331 a
2662 2269 2893 2325 Minucio
2930 2273 3261 2342 appellatos,
3301 2272 3482 2330 Conso

203 2327 364 2386 Porro
393 2345 549 2391 autem
587 2335 807 2394 Servius
849 2340 904 2396 in
933 2342 1139 2412 priores
1168 2343 1265 2400 hos
1290 2360 1479 2405 versus
1531 2347 1775 2403 animad-
1878 2356 2145 2429 adjnngit:
2173 2379 2192 2411 ι
2220 2358 2363 2429 Sic,»
2395 2359 2589 2432 inquit,
2615 2363 2811 2418 «homo
2833 2363 2990 2419 deum
3007 2366 3477 2435 commentabitur,

198 2427 355 2480 vertit
385 2427 683 2497 Pilumnum,
712 2433 800 2502 qui
834 2432 976 2501 idem
1011 2437 1361 2505 proculdubio
1392 2450 1472 2497 est
1496 2449 1655 2511 atque
1682 2442 1766 2497 Pi-
1876 2427 2150 2517 qttomodo
2176 2427 2438 2506 Romulus
2464 2427 2699 2510 Consum
2718 2496 2733 2523 ,
2761 2466 2815 2509 et
2842 2456 3030 2513 Tatius
3054 2457 3364 2513 Cloacinam
3382 2499 3397 2524 ,
3425 2469 3483 2516 et

178 2532 428 2585 cumnus,
476 2535 526 2580 et
567 2527 632 2581 ab
676 2538 899 2587 auctore
942 2540 1127 2591 nostro
1154 2533 1369 2602 parvula
1399 2534 1771 2592 immutatione
1877 2540 2134 2595 Hostilius
2161 2543 2419 2597 Pavorem
2446 2564 2464 2597 ι
2503 2544 2688 2616 (Idem
2722 2547 2811 2602 lib.
2842 2564 2860 2603 ι
2896 2560 3032 2604 εοηι.
3067 2550 3323 2605 Marcion.
3358 2568 3474 2620 cap.

165 2611 256 2666 ita
284 2627 511 2684 vocatur,
541 2618 756 2675 fratrem
786 2620 954 2676 fuisse
989 2622 1282 2678 Pitlmmni.
1326 2625 1425 2680 Hic
1453 2635 1629 2681 autem
1658 2627 1767 2682 fer-
1875 2635 1943 2690 18
1984 2634 2024 2706 ).
2080 2634 2340 2691 Minucius
2387 2611 2648 2709 siquidem
2696 2640 2859 2694 dixit:
2896 2660 2915 2693 ι
2941 2642 3247 2699 Cloacinam
3293 2644 3477 2700 Tatius

164 2714 298 2772 tur,
322 2708 478 2780 inquit
510 2711 647 2767 idem
694 2709 938 2778 Servius,
993 2731 1146 2771 nsum
1194 2719 1464 2775 invenisse
1515 2735 1766 2791 agrorum
1871 2735 1925 2782 ct
1956 2727 2159 2782 invenit
2186 2737 2240 2783 et
2265 2728 2462 2794 coluit,
2493 2730 2755 2786 Pavorem
2788 2727 3077 2801 Hostilius,
3110 2744 3270 2805 atque
3298 2735 3475 2791 Pallo-

174 2802 654 2869 stercorandornm,
684 2812 843 2876 atque
870 2806 1073 2863 idcirco
1095 2809 1400 2878 impositum
1426 2811 1501 2865 illi
1529 2814 1769 2883 Sterqui-
1870 2835 2015 2873 rem:
2050 2834 2178 2873 mox
2210 2836 2237 2872 a
2270 2821 2453 2876 nescio
2482 2837 2589 2892 quo
2619 2823 2809 2878 Febris
2838 2824 3104 2879 dedicata.
3143 2844 3161 2885 ι
3195 2828 3326 2892 ρυω
3356 2828 3474 2896 qui-

174 2887 297 2945 linii
362 2909 567 2951 nomen.
631 2897 845 2955 Primus
907 2914 1124 2970 quoque
1182 2902 1379 2958 dicitur
1432 2907 1765 2976 excogitasse
1870 2910 1991 2965 dem
2046 2911 2270 2965 totidem
2325 2912 2503 2967 verbis
2552 2928 2582 2967 a
2634 2913 2905 2986 Cypriane
2957 2918 3274 2987 transcripta
3331 2927 3469 2975 sunt

176 2999 199 3033 ι
235 2984 462 3052 pinsendi
511 2989 764 3045 frumenti
796 3011 815 3044 ι
876 3003 1070 3061 artem,
1120 2995 1348 3079 ideoque
1399 3013 1429 3052 a
1478 2996 1766 3068 pistoribus
1874 3002 2071 3076 (Cypr.
2097 3004 2185 3059 lib.
2217 3005 2278 3059 de
2305 3003 2504 3061 ldolor.
2541 2984 2713 3071 Vanit.
2744 3025 2864 3080 pag.
2898 3008 3027 3081 10).
3057 2984 3260 3064 Horum
3290 3022 3469 3067 autem

166 3073 300 3131 coli.
328 3078 527 3150 Adjecit
552 3091 732 3137 tamen
767 3081 987 3140 Servius
1015 3078 1299 3159 utrumque
1330 3089 1672 3144 Pitlmmnum
1710 3101 1767 3147 et
1793 3162 1827 3171 _
1866 3073 2216 3151 ridiculorum
2264 3100 2544 3153 numinum
2567 3141 2583 3165 ,
2630 3106 2790 3170 atque
2832 3101 2991 3156 etiam
3040 3102 3469 3171 supradicmrum

164 3164 464 3227 Pilumnum
489 3176 811 3245 quibusdam
842 3178 1059 3234 eosdem
1082 3182 1290 3239 censeri
1319 3198 1381 3238 ac
1403 3183 1678 3240 Castorem
1706 3194 1758 3240 et
1785 3162 1829 3225 (ἶ
1862 3188 1972 3243 Pici
1996 3232 2008 3249 .
2038 3199 2091 3243 et
2117 3189 2369 3261 Tyberini
2388 3230 2401 3254 ,
2438 3162 2606 3245 Varro
2633 3190 2651 3263 (
2688 3162 2833 3246 i’arr.
2863 3191 2950 3247 lib.
2984 3207 3071 3258 ιν,
3103 3162 3165 3246 ile
3191 3193 3339 3265 Ling.
3371 3194 3465 3248 lat.

159 3255 453 3333 Pollucem,
496 3268 567 3331 ab
610 3268 732 3324 aliis
783 3286 915 3331 vero
947 3271 1184 3331 Laudum
1233 3275 1383 3341 deos,
1422 3293 1556 3348 quos
1597 3279 1756 3333 etiam
1867 3298 1988 3351 pag.
2023 3279 2089 3335 18
2114 3322 2126 3344 ,
2158 3255 2204 3333 et
2230 3278 2376 3352 aeq.)
2408 3281 2547 3351 apud
2577 3255 2932 3352 Augustinum
2985 3255 3109 3353 (lib.
3141 3299 3194 3337 ιν
3227 3255 3466 3338 de'Civit.

158 3348 329 3423 Varro
356 3361 670 3432 conjugales
700 3362 833 3421 deos
855 3379 975 3421 esse
1004 3368 1323 3437 suspicatur.
1350 3370 1407 3424 In
1430 3373 1760 3440 posteriores
2015 3372 2083 3427 10
2106 3414 2120 3437 ,
2156 3389 2276 3443 pag.
2297 3348 2460 3445 189)
2512 3374 2841 3431 mentionem
2874 3373 3019 3430 facit.
3054 3377 3123 3430 At
3153 3376 3466 3432 nominatim

153 3443 347 3511 deinde
371 3465 550 3525 poeta:
580 3472 794 3525 versus,
819 3458 999 3527 denuo
1027 3460 1247 3517 Servius
1272 3464 1522 3520 observat
1549 3477 1757 3522 utrum-
1861 3466 1926 3520 de
1947 3465 2196 3521 Cloacina
2226 3466 2534 3520 Lactantius
2551 3482 2568 3520 :
2588 3485 2606 3518 ς
2630 3465 2918 3534 Cloacinae,
2942 3488 2960 3521 ›
2986 3469 3187 3539 inquit,
3213 3470 3468 3525 «simula-

148 3553 268 3609 quc
302 3549 372 3603 ab
420 3550 617 3606 eodem
657 3551 902 3609 Varrone
931 3553 1034 3611 dici
1067 3554 1343 3621 infantium
1370 3557 1521 3620 deos,
1573 3559 1759 3629 eisque
1859 3573 2042 3624 crum,
2086 3559 2137 3612 in
2181 3555 2380 3612 Cloaca
2427 3559 2659 3617 maxima
2699 3571 3007 3630 repertum,
3048 3561 3235 3615 Tatius
3278 3575 3469 3617 conse-

145 3646 260 3699 νη)
282 3653 545 3711 puerpera
579 3643 780 3699 lectum
805 3647 995 3714 sterni,
1020 3646 1144 3703 dum
1172 3651 1497 3718 exploretur,
1520 3667 1586 3705 an
1615 3652 1759 3709 utilis
1860 3651 2058 3716 cravit,
2088 3659 2143 3705 et
2171 3651 2295 3720 quia
2324 3651 2480 3722 Cujus
2506 3662 2638 3711 esset
2686 3652 2886 3722 effigies
2918 3654 3225 3723 ignorabat,
3252 3668 3316 3709 ex
3348 3655 3469 3710 loco

141 3722 251 3788 εἱι.
273 3733 356 3803 qui
386 3743 557 3791 natus
581 3744 686 3793 est.
722 3735 964 3806 Denique
994 3738 1083 3793 ille
1105 3755 1203 3795 nos
1223 3739 1471 3795 admonet
1498 3743 1756 3814 quosdam
1860 3744 1950 3798 ille
2003 3758 2198 3799 nomen
2232 3744 2488 3819 imposuit
2516 3763 2536 3797 ι
2572 3744 2835 3816 (Lactant.
2866 3722 2955 3801 lib:
2984 3764 3001 3802 ι
3028 3749 3090 3801 de
3116 3747 3265 3803 Fals.
3296 3749 3465 3820 llelig.

144 3816 355 3884 opinari
384 3825 646 3882 Pilumno
672 3843 865 3883 nomen
896 3828 1096 3885 idcirco
1115 3830 1317 3899 datum,
1350 3832 1472 3903 quia
1504 3835 1639 3891 mala
1670 3834 1758 3889 in-
1862 3853 1980 3909 cap.
2008 3837 2080 3893 20
2100 3880 2115 3903 ,
2147 3855 2265 3908 pag.
2297 3816 2400 3893 104
2420 3840 2462 3909 ).
2506 3838 2608 3894 Adi
2659 3840 2867 3905 adhuc,
2897 3840 2944 3899 si
2983 3842 3150 3907 velis,
3181 3816 3467 3896 Tertullia-

143 3904 329 3977 fanlia:
360 3918 553 3987 pellit:
587 3918 684 3973 sed
722 3919 846 3977 huic
874 3923 1288 3983 nomenclationi
1322 3933 1426 3983 tam
1463 3936 1649 4003 aperte
1677 3942 1761 3984 re-
1864 3904 1990 3983 num
2021 3904 2607 3998 loco-proximecitato
2636 3929 2655 4005 (
2682 3930 2985 3987 Tertulliun.
3033 3932 3113 3985 loc
3152 3931 3240 3984 cit.
3282 3941 3331 3984 et
3371 3932 3463 3987 lib.

147 3995 411 4075 flﬁgatur,
442 4026 603 4082 quam
633 4011 786 4073 alteri
814 4013 1068 4071 libentius
1095 4016 1403 4075 subscribit.
1501 3995 1511 4003 Ἴ
1865 4024 1927 4077 dc
1956 4023 2099 4078 Pall.
2133 3995 2250 4096 cap.
2283 4021 2377 4094 4),
2427 3995 2655 4095 alioque.
2692 4025 2746 4079 in
2796 4025 2960 4089 libro,
3011 4033 3065 4081 et
3111 4024 3463 4093 Augustinum

240 4092 312 4153 Ad
335 4100 573 4159 Consum
604 4104 820 4173 tandem
852 4106 1016 4169 Deum
1048 4110 1187 4173 quod
1244 4119 1472 4180 spectat,
1508 4110 1699 4168 litteris
1725 4129 1756 4171 a
1870 4116 2004 4191 (lib.
2038 4134 2094 4173 tv
2139 4092 2205 4171 de?
2250 4092 2401 4172 Ciuit.
2434 4092 2650 4185 εαρξὸ,
2682 4134 2800 4188 pag.
2836 4118 2907 4174 95
2931 4160 2946 4185 ,
2977 4127 3024 4171 et
3051 4134 3167 4186 cap.
3200 4092 3271 4171 S5
3292 4158 3307 4184 ,
3338 4132 3461 4189 pag.

160 4182 446 4249 Plutarcho
462 4197 717 4253 traditum
750 4199 977 4270 legimus
996 4201 1265 4267 solemnes
1297 4205 1468 4271 ludos,
1491 4207 1542 4265 in
1567 4207 1756 4275 quibus
1863 4182 1964 4267 101
1990 4211 2008 4281 )
2030 4255 2042 4273 ,
2076 4212 2166 4280 qui
2196 4225 2302 4265 non
2335 4210 2508 4271 solum
2539 4210 2607 4264 de
2636 4209 2887 4265 Cloacina
2910 4252 2923 4272 ,
2956 4210 3049 4265 sed
3079 4212 3277 4266 notatis
3318 4212 3465 4265 insu-

160 4275 620 4363 Sabinmvirgines
649 4297 1234 4363 raptzesunt,indictos
1268 4300 1430 4356 fuisse
1458 4302 1753 4368 allontulo,
1860 4318 1956 4372 per
2005 4317 2036 4356 a
2085 4300 2319 4357 Minucio
2370 4310 2556 4360 nostro
2604 4300 2841 4368 Pavore,
2894 4299 3137 4370 Pallore,
3189 4309 3244 4356 et
3289 4299 3464 4361 Febrc

173 4383 453 4467 Postquam
493 4387 782 4457 invenisset
831 4387 1097 4457 defossam
1147 4393 1245 4447 sub
1296 4402 1434 4451 terra
1479 4396 1757 4465 cujusdam
1859 4393 2117 4467 disputat.
2428 4402 2434 4407 ‘

171 4460 286 4520 dei
316 4484 466 4541 amp,
489 4491 625 4561 quem
656 4479 897 4545 capsum
931 4482 1213 4543 vocabant.
1242 4484 1375 4543 Eum
1412 4460 1590 4545 autem
1633 4503 1756 4547 esse
1933 4460 2048 4541 Han
2078 4485 2273 4543 desunt
2300 4500 2495 4559 porro,
2526 4486 2617 4557 qui
2644 4486 2953 4543 existimant
2978 4485 3122 4541 illam
3150 4487 3456 4546 Cloacinam

157 4569 344 4627 Ρυιέῑ
372 4562 474 4623 sive
496 4571 842 4639 consiliorum
872 4573 1173 4642 prmsidem,
1229 4590 1257 4630 a
1290 4579 1549 4648 ’consilio,
1605 4580 1693 4639 vel
1722 4596 1753 4636 a
1777 4574 1831 4633 D
1858 4595 1978 4636 esse
2005 4580 2248 4636 eamdem
2275 4621 2290 4649 ,
2320 4596 2438 4653 qua:
2466 4595 2496 4633 a
2527 4580 2699 4635 Plinio
2726 4580 2909 4637 Venus
2948 4581 3199 4639 Cloacina
3242 4583 3326 4638 bis
3366 4600 3461 4655 ap-

145 4657 468 4723 consulibus
491 4663 566 4723 sic
591 4666 1050 4739 cognominatum,
1086 4669 1198 4729 sive
1237 4669 1544 4736 Neptunum
1585 4688 1750 4743 eque-
1859 4675 2087 4744 pellatur
2115 4674 2327 4729 verbis:
2368 4673 2663 4731 tTraditur
2690 4686 2893 4748 myrtea
2922 4677 3153 4733 verbena
3187 4678 3459 4736 Romanos

138 4751 632 4821 Slfem(Plutarcb.
661 4759 713 4811 in
755 4756 871 4823 Vita
900 4756 1126 4823 Romuli.
1163 4762 1421 4832 pag.25).
1474 4765 1539 4820 Et
1571 4765 1754 4831 Livius
1856 4766 2230 4836 Sabinosque,
2279 4783 2401 4823 cum
2448 4777 2669 4840 propter
2707 4779 2886 4841 raptas
2924 4772 3159 4841 virgines
3199 4773 3457 4830 dimicare

146 4838 379 4913 quidem
402 4851 613 4915 eosdem
654 4850 834 4921 ludos,
866 4852 955 4935 qui
986 4854 1258 4921 consuaIia
1310 4857 1666 4933 appellantur,
1698 4860 1751 4915 in
1858 4859 2194 4919 voluissent.
2226 4858 2487 4929 depositis
2515 4862 2678 4915 armis
2712 4871 2964 4932 purgatos
2993 4863 3041 4916 in
3071 4878 3136 4918 eo
3164 4864 3282 4919 loco
3303 4906 3315 4927 ,
3347 4881 3455 4936 quo

157 4933 388 5009 Neptuni
414 4942 688 5015 Equestris
720 4933 986 5015 honorem
1015 4963 1041 5013 τι
1074 4947 1302 5015 quulo
1333 4960 1545 5020 paratos
1574 4953 1752 5010 declae
1856 4966 1997 5005 mtnc
2025 4953 2175 5023 signa
2208 4952 2433 5007 Veneris
2458 4953 2729 5011 Cloacinae
2758 4952 2935 5011 habet.
2966 4953 3161 5009 Clucre
3187 4957 3327 5013 enim
3356 4973 3454 5013 an-

166 5035 267 5083 ηι
312 5027 481 5101 (ιίτὶιιξ
512 5036 604 5099 lib.
635 5054 675 5107 l,
709 5036 738 5111 §
773 5037 852 5110 9).
894 5037 1274 5117 Verumtamen
1314 5042 1504 5105 Varro:
1558 5064 1577 5095 ‹
1607 5047 1750 5103 Con-
1858 5045 1989 5115 tiqui
2038 5060 2268 5117 purgare
2316 5045 2567 5100 dicebant
2611 5048 2629 5118 (
2662 5046 2803 5105 Plin.
2837 5047 2926 5103 lib.
2958 5064 3049 5102 xv.
3084 5047 3273 5104 Natur.
3310 5050 3448 5107 Hist.

160 5116 356 5188 maliti,
377 5125 557 5201 inquit,
587 5128 754 5205 dicta,
781 5134 1024 5199 aCopso,
1059 5134 1200 5203 quod
1226 5144 1334 5197 tum
1358 5136 1499 5197 l'criu'
1526 5138 1752 5206 publica:
1856 5154 1973 5207 cap.
2003 5137 2109 5207 ‘29,
2142 5156 2263 5212 pag.
2298 5138 2405 5193 9.12
2428 5136 2471 5209 ).
2524 5116 2633 5194 Sed
2662 5154 2782 5199 cum
2818 5143 2933 5205 lia-c
2962 5143 3144 5198 Venus
3180 5148 3454 5216 purgatrix

161 5215 221 5275 ei
254 5211 366 5280 deo,
382 5228 429 5277 et
462 5220 512 5279 in
536 5222 686 5287 circo
714 5224 778 5301 ad
809 5237 958 5289 aram
986 5224 1100 5294 ejus
1128 5241 1154 5278 a
1203 5216 1569 5289 sacerdotibus
1619 5230 1752 5287 liunt
1855 5229 2015 5285 fuerit
2042 5274 2053 5295 ,
2086 5211 2227 5286 male
2256 5247 2375 5286 cum
2405 5246 2466 5286 ea
2493 5273 2509 5300 ,
2539 5231 2605 5287 de
2633 5249 2735 5303 qua
2764 5236 2971 5307 agimus
2996 5280 3009 5303 ,
3042 5235 3290 5299 Cloacina
3321 5255 3451 5297 con—

159 5300 298 5367 lu_di
335 5303 411 5371 illi,
461 5312 654 5393 quibus
703 5296 940 5383 virgines
988 5314 1203 5381 Sabina:
1252 5328 1422 5393 rapta:
1473 5318 1652 5392 (ναι-ι’.
1689 5321 1751 5377 de
1849 5322 1999 5378 fundi
2032 5325 2266 5380 videtur.

160 5393 335 5461 Ling.
357 5397 453 5467 (οι,
486 5392 622 5481 'pag.
684 5402 801 5475 50).
856 5403 913 5459 In
954 5407 1191 5471 animum
1226 5392 1401 5464 tanien
1443 5419 1591 5467 tuum
1640 5427 1744 5471 non
1932 5416 2004 5471 De
2034 5417 2154 5472 aliis
2185 5426 2361 5473 autem
2390 5418 2720 5491 portentosis
2746 5421 3052 5479 numinibus
3081 5439 3111 5481 a
3138 5425 3369 5482 Minucio
3397 5434 3453 5482 et

157 5486 255 5542 ita
432 5492 656 5563 inducas
690 5512 937 5567 magnam
975 5497 1137 5556 fuisse
1169 5500 1265 5554 bos
1290 5500 1430 5557 inter
1459 5502 1749 5571 scriptorcs
1852 5510 2133 5567 Lactantio
2179 5511 2374 5567 ibidem
2421 5513 2764 5582 memoratis,
2796 5514 3001 5572 Pavore
3022 5559 3037 5583 ,
3070 5519 3313 5588 Pallore,
3346 5520 3449 5576 Fe-

157 5580 566 5647 dissentioucm.
601 5588 778 5663 Testis
827 5588 1089 5661 siquidem
1143 5593 1298 5649 nobis
1337 5604 1418 5653 est
1465 5596 1748 5669 Dionysius
1852 5603 1950 5659 bre
1994 5613 2048 5658 et
2091 5602 2276 5659 Morbo
2343 5605 2470 5660 alibi
2518 5580 2870 5663 disseruimus
2915 5608 3105 5679 (Tom.
3140 5627 3157 5665 ι
3199 5614 3446 5683 Apparal.

156 5669 626 5748 Halicarnasseus,
674 5697 832 5755 quem
883 5678 1116 5743 Consum
1176 5686 1396 5743 Romani
1465 5690 1748 5756 vocabant,
1856 5695 1944 5750 lib.
1975 5711 2067 5761 ιιι,
2097 5696 2298 5750 dissert.
2329 5715 2382 5765 ι,
2410 5714 2525 5771 cap.
2561 5699 2630 5766 9,
2658 5707 2754 5753 art.
2786 5700 2854 5767 4,
2885 5669 3004 5773 pag.
3039 5700 3144 5757 764
3185 5669 3367 5776 δι’έεᾳ.
3391 5705 3447 5777 )·,

153 5760 364 5829 home
386 5772 587 5840 Graecis
619 5782 887 5833 ῐιςσειδςονα
911 5788 1222 5851 «noxam,
1251 5780 1553 5852 Neptunum
1597 5793 1755 5843 terrae
1857 5786 2302 5858 ostendimusque
2343 5788 2433 5845 illa
2477 5789 2546 5847 ab
2585 5787 2813 5849 ethnicis
2845 5793 2896 5851 ln
2926 5793 3145 5855 deorum
3180 5796 3451 5855 Averrun-
