3824 6282
279 323 344 379 θοι
1722 311 1852 368 MSS

2030 309 2182 366 lTlO.

270 439 383 493 timo
417 439 768 510 imperante,
804 455 822 488 ι
855 446 963 491 tres
995 433 1228 504 virgines
1249 429 1494 487 Vestales
1517 427 1586 482 ob
1612 436 1852 498 stuprum
1879 430 1931 489 Α

263 528 530 586 tlttnnatas
563 549 584 582 ι
623 533 639 600 (
669 527 863 584 Euseb.
897 527 1090 582 Chron.
1129 525 1195 578 ad
1223 541 1345 578 ann.
1379 521 1570 592 2099).
1609 521 1682 573 De
1721 516 1854 573 Coro

263 621 383 677 netia
411 635 606 678 autem
623 623 832 677 Plinius
854 621 922 676 ad
951 619 1308 674 Minucianum
1333 615 1550 672 scribit:
1576 633 1593 666 ι
1617 611 1698 669 Ad
1726 627 1853 680 sup-

263 715 479 783 plicium
513 717 690 772 nescio
731 729 796 767 an
846 715 1142 774 innocens,
1175 718 1320 765 certe
1352 718 1620 776 tamquam
1655 717 1853 756 nocens

264 806 419 864 ducta
456 821 540 865 est
574 830 594 862 ι
629 809 644 881 (
677 807 812 862 Plin.
850 806 1018 878 Epist.
1054 805 1140 858 lib.
1175 818 1253 869 tv,
1283 801 1456 871 Epist.
1491 798 1602 870 ll).
1649 797 1753 852 Sed
1785 796 1853 850 de

267 900 406 956 illius
467 916 683 970 stupro,
719 901 976 969 iustaque
1015 897 1464 952 condemnatione
1503 893 1650 947 nullo
1699 889 1854 959 plane

267 993 426 1048 modo
455 994 733 1049 Suetonius
758 991 1040 1046 dubitavit.
1067 990 1200 1044 Tres
1226 989 1358 1042 alias
1379 983 1694 1042 Plutarchus
1722 981 1854 1036 Ves-

272 1085 392 1140 tales
414 1095 699 1147 meruerat,
727 1084 978 1140 videlicet
999 1083 1268 1138 [Emiliam
1287 1123 1302 1146 ,
1328 1081 1617 1143 Liciniam,
1642 1088 1695 1132 et
1719 1077 1852 1130 Mar-

244 1178 379 1232 tiam
403 1221 418 1244 ,
449 1196 565 1249 qua:
593 1181 826 1234 incestus
852 1192 1039 1248 poenas
1067 1177 1232 1230 luisse
1261 1175 1504 1245 perhibet
1523 1213 1536 1235 ,
1572 1179 1850 1241 postquam

241 1270 514 1326 nefariam
551 1287 675 1327 cum
705 1272 836 1326 viris
865 1269 1306 1326 consuetudinem
1343 1269 1451 1335 jam
1496 1265 1586 1320 ditt
1633 1263 1849 1317 habuis-

235 1371 356 1416 sent
389 1381 410 1415 ι
456 1361 759 1436 (Plutarch.
795 1363 986 1429 Qua’st.
1021 1361 1242 1417 Roman.
1275 1376 1396 1430 pag.
1427 1357 1535 1413 284
1629 1355 1698 1410 At
1729 1355 1851 1424 Lip-

245 1455 386 1509 sium
422 1469 688 1525 prteterea
714 1498 728 1514 .
757 1456 800 1508 si
831 1463 1020 1520 vacat,
1047 1454 1197 1508 adire
1218 1453 1420 1523 poteris
1459 1451 1478 1522 (
1506 1449 1650 1517 Lips.
1697 1447 1849 1518 Synt.

257 1547 316 1603 tle
343 1546 498 1604 Vesta
522 1558 568 1602 et
603 1547 794 1603 Vestal.
829 1563 945 1617 cap.
978 1564 1059 1611 ιιι,
1091 1558 1213 1600 tom.
1245 1561 1325 1610 ttt,
1355 1561 1473 1616 pag.
1507 1541 1660 1613 606).

332 1640 599 1694 Addamus
618 1682 634 1703 ,
662 1639 709 1692 si
739 1639 885 1692 lubet
908 1680 923 1704 ,
956 1638 1292 1692 Ambrosium
1316 1679 1330 1702 ,
1363 1638 1450 1707 qui
1483 1632 1808 1708 Symmacho
1831 1673 1848 1699 ,

279 1731 448 1786 eodem
478 1729 637 1784 modo
667 1741 828 1799 atque
865 1728 1147 1795 Caecilius,
1189 1729 1444 1783 adversus
1482 1725 1845 1788 Christianos,

3451 298 3558 353 602

2051 425 2192 474 Pacis
2217 431 2268 473 et
2290 423 2493 473 advecta
2516 429 2710 472 secreta
2735 421 2910 485 palatia
2935 419 3124 485 Matris,

2050 488 2113 537 Et
2138 488 2394 540 Cererem,
2418 499 2528 534 nam
2554 499 2651 548 quo
2671 477 2768 533 ιιοῇ
2791 489 2974 547 prostat
3000 482 3184 548 fetnina
3211 477 3433 548 templo?

2054 550 2226 599 Notior
2245 549 2436 598 Aulidio
2460 543 2683 597 moechus
2701 543 2964 596 celebrare
2979 543 3177 594 solebas
3402 545 3406 550 '

2053 612 2191 672 Quod
2219 619 2378 672 taceo,
2408 619 2555 672 atque
2578 613 2713 674 ipsos
2745 610 2894 658 etiam
2920 605 3158 656 inclinare
3182 606 3398 654 maritos.

2361 694 2629 759 (luvenal.,
2657 696 2826 758 Satyr.
2846 705 2974 750 tx,v.
2997 690 3060 739 22
3084 697 3129 740 et
3151 685 3312 752 seqq.)

1960 811 2118 866 Plura
2149 809 2322 862 adhuc
2353 808 2532 877 legere
2562 814 2698 874 potet
2714 803 2758 857 is
2786 803 2837 856 in
2864 809 3012 856 sexta
3042 797 3182 854 illius
3208 795 3432 867 Satyra,
3462 791 3551 848 ubi

1959 914 2154 976 pra-ter
2181 903 2282 958 alia
2311 901 2447 956 bene
2475 899 2638 954 multa
2669 897 2830 952 dixit:

2053 1053 2066 1067 .
2171 1055 2181 1065 .
2283 1052 2293 1062 .
2400 1051 2410 1062 .
2535 1011 2744 1072 Jamque
2769 1006 3123 1072 expectaturin
3148 1003 3304 1054 hortis

2051 1080 2143 1128 Aut
2171 1077 2299 1140 apud
2335 1075 2500 1125 Isiacae
2525 1069 2687 1138 potius
2704 1071 2914 1121 sacraria
2937 1069 3083 1118 lente.

2672 1157 2854 1222 (Idem,
2879 1159 3070 1222 Satyr.,
3095 1169 3159 1216 vt,
3187 1165 3234 1202 υ.
3255 1148 3391 1212 485.)

2028 1271 2215 1341 Neque
2261 1277 2435 1340 poeta:
2484 1275 2720 1330 tantum,
2768 1263 2864 1319 sed
2913 1261 3002 1316 alii
3046 1260 3207 1316 etiam
3253 1257 3550 1326 scriptores

1957 1362 2157 1418 ethnici
2211 1370 2480 1416 tantorum
2534 1357 2800 1413 scelerum
2853 1363 3020 1410 testes
3068 1361 3193 1406 sunt
3236 1346 3546 1405 certissimi.

1954 1455 2144 1510 Nonne
2188 1454 2330 1508 enim
2373 1451 2566 1506 Cicero
2609 1449 2850 1519 queritur
2887 1445 3129 1501 Clodium
3169 1457 3289 1497 esse
3323 1459 3341 1492 ι
3371 1437 3548 1494 homi-

1957 1565 2078 1604 nem
2111 1548 2290 1611 illutn,
2324 1567 2342 1598 ›
2378 1547 2465 1616 qui
2500 1543 2864 1614 pulvinaribus
2893 1560 2912 1592 ‹
2945 1541 3107 1595 Bonm
3135 1538 3252 1593 dea!
3303 1546 3547 1606 stuprum

1957 1641 2232 1706 intulerit,
2264 1654 2436 1708 eaque
2478 1653 2658 1704 sacra,
2703 1651 2821 1705 qua:
2862 1634 2958 1688 viri
2999 1632 3198 1696 oculis,
3243 1645 3310 1686 ne
3350 1630 3552 1696 impru-

1955 1734 2131 1789 dentis
2169 1730 2424 1802 quidem,
2472 1729 2639 1795 aSpici
2683 1727 2761 1782 fas
2806 1738 2921 1789 est,
2953 1740 3060 1780 non
3105 1724 3280 1778 solum
3324 1729 3547 1791 aspectu

283 1839 337 1879 ac
360 1839 450 1894 pro
473 1821 702 1878 ethnicis
728 1823 1151 1891 argumentanti,
1184 1818 1473 1892 respondet
1497 1826 1703 1889 septem
1731 1826 1846 1870 tan-
1877 1821 1923 1881 B
1953 1825 2121 1892 virili,
2148 1825 2239 1879 sed
2263 1821 2462 1892 ﬂagitio
2486 1831 2782 1891 stuproque
2823 1818 3072 1872 violarit?
3099 1835 3117 1868 ι
3158 1817 3176 1884 (
3199 1815 3356 1869 Cicer.
3397 1813 3546 1866 Orat.

287 1928 380 1971 tum
403 1932 492 1971 suo
519 1925 754 1984 tempore
782 1912 1112 1984 superfuisse
1138 1911 1382 1968 Vestales
1401 1951 1414 1972 .
1443 1924 1666 1980 quarum
1696 1928 1714 1958 ι
1741 1923 1845 1962 non

287 2019 406 2073 est,»
437 2007 616 2078 inquit,
656 2027 672 2058 ι
702 2006 998 2076 virginitas,
1020 2021 1138 2075 qum.
1170 2004 1338 2073 pri-tio
1362 2004 1576 2066 emitur,
1604 2015 1708 2055 non
1743 2001 1848 2054 vir-

288 2103 401 2156 tutis
439 2103 604 2156 studin
652 2101 959 2172 possidetur
993 2119 1009 2150 ι
1043 2099 1060 2168 (
1089 2098 1323 2150 Ambros.
1359 2095 1526 2166 Epist.
1578 2095 1642 2149 18
1665 2135 1679 2158 ,
1712 2103 1844 2148 cont.

285 2195 550 2266 Symmach.
587 2212 707 2266 pag.
736 2194 841 2250 856
865 2192 908 2262 ).

349 2287 516 2359 Neque
543 2289 802 2343 minorem
834 2285 1031 2342 asserit
1058 2294 1244 2339 auctor
1271 2290 1454 2338 noster
1484 2280 1647 2335 fuisse
1677 2278 1852 2334 ethni-

283 2393 450 2433 corum
485 2378 815 2433 sacerdotum
837 2419 852 2444 ,
897 2391 1056 2446 quam
1087 2373 1384 2429 Vestalium
1427 2369 1849 2440 impudicitiam:

293 2489 309 2521 ε
334 2471 424 2526 Ubi
449 2472 600 2537 enim,
624 2492 643 2523 ι
680 2471 852 2540 inquit
883 2470 994 2534 ille,
1017 2488 1036 2520 ι
1057 2467 1226 2539 magis
1242 2483 1272 2522 a
1291 2465 1677 2531 sacerdotibus,
1693 2480 1852 2535 quam

288 2564 418 2619 inter
437 2579 546 2620 aras
570 2575 621 2620 et
649 2565 870 2620 delubra
903 2563 1284 2619 conducuntur
1311 2572 1491 2630 stupra
1509 2601 1522 2620 ,
1559 2567 1853 2614 tractantur

287 2656 522 2712 lenocinia
541 2700 556 2723 ,
585 2657 842 2712 adulteria
874 2655 1234 2711 meditantur?
1264 2653 1619 2724 Frequentius
1647 2652 1699 2706 in
1726 2651 1857 2706 aedi—

286 2756 479 2802 tuorum
514 2749 746 2813 cellulis,
789 2763 952 2818 Quam
993 2747 1046 2800 in
1087 2747 1216 2816 ipsis
1246 2743 1586 2815 lupanaribus
1625 2741 1858 2812 ﬂagrans

282 2837 440 2893 libido
462 2839 775 2911 defungitur.
806 2861 825 2892 ι
859 2841 926 2893 At
950 2838 1226 2908 expende,
1251 2852 1462 2907 quaeso.
1494 2847 1669 2889 utrum
1699 2834 1766 2889 ibi
1790 2833 1858 2889 ad

279 2929 392 2986 haec
414 2946 509 2986 non
532 2933 854 3004 respexerit,
883 2946 1002 3001 qua:
1027 2946 1057 2984 a
1083 2929 1412 2985 Tertulliano
1435 2927 1575 2981 dicta
1604 2926 1853 2996 legimus:

281 3041 300 3074 ι
324 3022 382 3077 1η
411 3024 605 3093 templis
630 3024 893 3080 adulteria
925 3023 1206 3092 componi,
1251 3023 1389 3077 inter
1429 3036 1549 3074 aras
1589 3019 1857 3075 lenocinia

279 3119 516 3182 tractari,
540 3119 587 3173 in
613 3119 742 3189 ipsis
765 3119 1086 3187 plerumque
1107 3117 1422 3172 mdituorunt
1447 3123 1500 3170 et
1520 3113 1858 3170 sacerdotum

1954 1917 2057 1980 50,
2090 1917 2153 1970 de
2178 1916 2413 1983 Aruspic.
2445 1913 2668 1981 Respon.
2703 1928 2820 1982 pag.
2864 1909 3004 1976 429,
3058 1909 3150 1962 lin.
3185 1905 3319 1977 54.)
3363 1905 3553 1960 Nonne

1953 2009 2246 2065 Suetonius
2277 2008 2389 2062 haec
2425 2006 2494 2060 de
2521 1990 2736 2060 Tiberio
2776 2005 3100 2072 lmperatore
3138 2000 3329 2055 litteris
3369 1997 3549 2053 consi-

1953 2103 2169 2173 gnavit?
2200 2120 2218 2153 ‹
2250 2099 2443 2154 Fertur
2472 2099 2631 2153 etiam
2673 2097 2726 2150 in
2768 2093 3125 2150 sacrilicando
3162 2089 3428 2162 quondam
3456 2104 3551 2145 ca-

1957 2205 2076 2267 ptus
2116 2195 2250 2250 facie
2290 2191 2553 2256 ministri,
2597 2204 2840 2245 acerram
2884 2186 3258 2258 praeferentis,
3303 2181 3553 2254 nequisse

1957 2289 2260 2352 abstinere,
2292 2285 2418 2355 quin
2450 2299 2586 2354 pene
2641 2283 2857 2337 vixdum
2886 2297 2946 2336 re
2973 2280 3150 2334 divina
3179 2286 3424 2348 peracta,
3456 2275 3556 2330 ibi-

1957 2381 2078 2438 dem
2108 2381 2287 2437 Statim
2315 2380 2592 2434 seductum
2621 2382 3020 2446 constupraret,
3047 2373 3311 2443 simulque
3335 2369 3555 2426 fratrem

1959 2475 2075 2545 ejus
2108 2474 2413 2528 tibiCittcm:
2446 2481 2605 2541 atque
2636 2468 2849 2538 utrique
2879 2484 3003 2523 mox
3028 2509 3040 2530 ,
3073 2463 3216 2535 quod
3246 2474 3430 2518 mutuo
3456 2461 3556 2516 lla-

1959 2569 2146 2641 gitium
2177 2565 2768 2636 esprobrabant,crura
2798 2561 3023 2628 fregisse
3050 2581 3067 2610 υ
3091 2557 3335 2627 (Sneton.
3362 2557 3450 2611 lib.
3475 2571 3555 2621 ttt,

1960 2664 2012 2716 in
2057 2661 2167 2714 Vita
2201 2658 2368 2713 Tiber.
2404 2658 2432 2728 §
2462 2657 2560 2728 lt).
2610 2653 2830 2710 Dicendi
2880 2657 3040 2708 liuent
3081 2663 3230 2707 certe
3273 2667 3378 2706 non
3412 2649 3558 2705 face-

1961 2770 2172 2820 remus,
2215 2754 2259 2807 si
2299 2753 2476 2808 omnia
2519 2749 2872 2805 describenda
2911 2757 3123 2810 essent,
3167 2761 3286 2816 qua:
3330 2753 3560 2815 uterque

1963 2858 2016 2904 et
2042 2847 2131 2902 alii
2161 2846 2228 2901 de
2256 2845 2341 2900 his
2367 2843 2698 2900 detestandis
2723 2841 3018 2898 sceleribus
3043 2853 3186 2909 sche
3225 2839 3422 2908 saepius
3451 2847 3560 2892 tra-

1963 2939 2207 2995 diderunt
2220 2979 2233 2993 .

2036 3034 2104 3088 At
2143 3032 2187 3086 si
2228 3045 2289 3087 ea
2331 3029 2510 3085 omnia
2550 3029 2618 3084 ab
2656 3029 2900 3098 ipsismet
2935 3022 3336 3091 sacerdotibus,
3379 3023 3452 3078 uti
3491 3023 3560 3079 ab

1966 3126 2094 3193 illo,
2125 3124 2192 3180 de
2231 3139 2338 3194 qtto
2378 3119 2512 3178 infra
2541 3117 2912 3176 disserendum
2937 3160 2952 3185 ,
2981 3117 3070 3188 qui
3103 3116 3348 3171 Herculis
3378 3130 3561 3186 perso-

272 3209 646 3278 ιειῦεΐητίειιιίε,
688 3213 790 3267 sub
832 3212 1018 3268 iisdem
1061 3213 1230 3277 VitiiS,
1263 3222 1316 3266 et
1342 3210 1613 3280 apicibus,
1646 3217 1701 3264 cl
1730 3226 1852 3279 pul‘~
1884 3213 1929 3276 C
1965 3233 2087 3272 nam
2128 3216 2349 3288 agebat,
2384 3229 2488 3269 non
2532 3214 2996 3283 perpetrabantur,
3045 3210 3078 3264 ii
3124 3221 3270 3264 certe
3315 3209 3559 3279 plerique

270 3303 416 3370 puris
453 3305 604 3361 thure
641 3304 931 3377 ﬂagrante,
979 3305 1253 3361 libidinem
1285 3304 1514 3374 expungi
1547 3324 1566 3357 ι
1596 3301 1855 3374 (Tertull.

272 3395 482 3466 Apolog.
510 3414 623 3467 cap.
655 3399 757 3463 l5,
789 3415 905 3468 pag.
942 3398 1069 3468 l6).
1108 3398 1445 3466 Quapropter
1489 3395 1594 3448 alio
1640 3395 1691 3448 in
1721 3394 1858 3449 libro

266 3485 544 3555 ipsamtnet
586 3490 942 3546 idololatriam
974 3491 1045 3544 ita
1079 3490 1385 3560 loquentem
1417 3487 1653 3541 induxit:
1693 3505 1709 3537 ς
1743 3486 1856 3556 Ego

260 3581 478 3648 quidem
524 3582 820 3637 idololatria
873 3581 1170 3653 szepissime
1222 3581 1466 3637 tntecltise
1519 3579 1854 3634 occasionem

256 3671 618 3730 Subminiswo.
657 3675 845 3731 Sciunt
869 3675 972 3729 luci
997 3675 1132 3742 mei,
1157 3683 1211 3728 et
1238 3676 1340 3729 mei
1372 3683 1611 3738 montes,
1644 3681 1695 3726 et
1725 3673 1858 3727 vivtc

255 3779 450 3836 aqum,
495 3769 712 3840 ipsaque
758 3770 810 3823 in
856 3768 1078 3823 urbibus
1128 3768 1356 3834 templa,
1406 3778 1660 3836 quantum
1705 3781 1858 3820 ever-

256 3861 440 3916 tenda!
481 3863 743 3932 pudicitia:
775 3877 1124 3932 procuremus
1161 3880 1179 3912 ι
1209 3859 1445 3931 (Tertull.
1482 3859 1566 3914 lib.
1600 3859 1662 3912 de
1694 3859 1856 3912 Pudi—

257 3953 350 4005 cit.
381 3971 495 4025 cap.
525 3957 583 4023 5,
614 3973 737 4027 pag.
773 3955 876 4010 719
900 3954 945 4026 ).
977 3955 1113 4021 Quid
1134 3997 1148 4020 ,
1192 3953 1333 4024 quod
1386 3953 1682 4007 thnissm
1733 3968 1854 4006 mtt-

263 4045 427 4103 liercs
448 4092 463 4115 ,
485 4060 539 4106 ut
560 4051 632 4104 ait
657 4051 1014 4116 Athanasius,
1043 4049 1300 4119 putabant
1326 4047 1542 4118 vulgato
1566 4057 1688 4101 ante
1714 4047 1854 4101 idola

271 4151 520 4208 corpore,
564 4143 692 4198 deos
740 4141 854 4197 fore
899 4142 998 4195 sibi
1049 4143 1305 4211 propitios
1355 4141 1646 4206 (Albanas.
1705 4140 1851 4194 Orat.

281 4241 436 4284 contr.
469 4234 600 4291 Grut.
631 4236 658 4308 §
687 4235 790 4302 26,
820 4253 943 4306 pag.
973 4234 1046 4290 24
1141 4235 1210 4289 At
1235 4235 1300 4290 de
1327 4234 1656 4290 Tertulliani)
1682 4235 1854 4291 adhuc

292 4331 388 4372 suo
425 4324 524 4380 loco
562 4327 846 4384 dicendum
892 4325 1153 4396 (Dissert.
1229 4328 1281 4380 in
1327 4326 1542 4380 Tertull.
1583 4327 1850 4398 Apologet.

311 4424 420 4476 ων-
440 4414 521 4482 Ἡ,
540 4433 626 4477 art.
656 4425 690 4477 5
708 4424 750 4492 ).

379 4501 532 4576 Nugae
553 4511 737 4568 dixeris
771 4514 888 4568 haec
918 4513 1144 4568 fortasse
1171 4529 1200 4566 a
1229 4511 1548 4568 Christianis
1575 4513 1851 4584 scriptori-

1961 3327 2150 3366 omnes
2180 3311 2388 3364 illorum
2420 3308 2620 3363 conscii
2648 3317 2822 3362 erant.
2850 3305 2984 3361 Vide
3012 3321 3140 3376 ergo
3165 3321 3320 3376 quam
3351 3305 3481 3358 lalso
3505 3315 3560 3360 et

1961 3403 2302 3475 impudenter
2326 3401 2526 3456 ethnici
2556 3400 2898 3456 venditarent
2923 3408 3139 3469 propter
3163 3411 3448 3452 concessas
3475 3396 3559 3452 his

1961 3495 2336 3552 sacerdotibus
2365 3509 2428 3549 ac
2454 3492 2761 3548 Vestalibus
2791 3491 3057 3556 honores,
3087 3491 3316 3562 dataque
3344 3489 3560 3561 privile-

1957 3591 2043 3661 gia
2060 3633 2074 3655 ,
2101 3589 2372 3644 Romanos
2401 3588 2564 3642 totius
2593 3597 2855 3642 terrarum
2885 3586 3032 3640 orbis
3058 3583 3282 3656 adeptos
3307 3598 3429 3640 esse
3455 3583 3559 3638 itu-

1963 3688 2187 3758 perittm.

2565 3815 2860 3856 ABTICULUS
2889 3816 2944 3854 γ.

1956 3939 2225 4006 Quomodo
2251 3939 2510 3993 Minucius
2531 3940 2765 3994 ostendat
2788 3939 3138 3992 Romanorum
3158 3936 3425 4006 imperium
3451 3939 3558 4005 pie-

2031 4044 2130 4087 tate
2159 4035 2211 4087 in
2241 4036 2361 4088 deos
2391 4050 2480 4087 nec
2511 4033 2783 4103 fundatum
2816 4049 2909 4086 nec
2938 4040 3164 4092 auctum,
3191 4030 3309 4098 quia
3335 4029 3554 4098 Assyrii,

2031 4125 2207 4190 Medi,
2245 4123 2447 4189 Persw,
2483 4123 2647 4178 (ἕνωεὶ
2669 4164 2682 4188 ,
2714 4122 2957 4193 Αἰθυριὶἱ
2984 4131 3321 4190 regnaverunt
3351 4129 3466 4172 tmte
3491 4122 3558 4174 il-

2030 4218 2105 4270 los
2125 4259 2139 4282 ,
2173 4226 2219 4269 et
2249 4227 2370 4269 ante
2398 4232 2570 4269 eorum
2606 4213 2884 4282 Pontiﬁces
2903 4255 2918 4279 ,
2949 4213 3178 4278 Arvales,
3213 4212 3408 4278 Salios,
3443 4210 3558 4266 Ves-

2029 4308 2153 4360 tales
2173 4347 2186 4370 ,
2215 4315 2364 4373 atque
2389 4307 2644 4375 Augures.

2029 4417 2206 4488 Pergit
2232 4417 2493 4472 Minucius
2513 4455 2526 4480 ,
2555 4417 2767 4486 alioque
2795 4432 2900 4470 non
2933 4415 3160 4470 minoris
3189 4414 3438 4484 ponderis
3467 4431 3554 4472 ar-

1954 4518 2211 4582 gumento
2241 4525 2303 4564 ea
2332 4509 2509 4563 omnia
2542 4507 2773 4572 refellit,
2804 4524 2925 4579 qua:
2953 4506 3202 4563 Ctecilius
3231 4522 3293 4562 ac
3329 4507 3558 4578 gentiles

307 4589 430 4660 bas,
457 4599 743 4672 implacabili
777 4605 1116 4660 ethnicorum
1145 4602 1272 4658 odio
1312 4604 1483 4658 ductis
1503 4645 1517 4669 ,
1560 4612 1651 4658 aut
1689 4606 1852 4674 gratis
1880 4589 1933 4647 D
1964 4605 2188 4659 Romani
2216 4603 2284 4658 de
2311 4602 2506 4658 tradito
2532 4603 2632 4658 sibi
2665 4613 2882 4674 propter
2904 4617 3170 4658 summam
3199 4601 3251 4658 in
3275 4601 3406 4656 deos
3431 4616 3558 4658 suos

293 4690 523 4756 conﬁcta,
546 4707 632 4750 aut
660 4697 929 4750 malitiose
950 4695 1293 4763 amplificata.
1322 4691 1453 4747 Nam
1486 4693 1706 4748 inﬁnitis
1733 4709 1854 4764 pro-

291 4784 552 4848 pemodum
593 4790 941 4859 ipsertunmet
983 4786 1275 4842 Gentilium
1326 4786 1646 4840 testimoniis
1671 4827 1685 4850 ,
1735 4801 1856 4854 quae

288 4869 542 4934 brevitatis
581 4895 741 4936 causa
791 4880 1120 4943 omittimus,
1169 4877 1381 4947 probari
1431 4886 1673 4946 possunt.
1704 4877 1859 4945 Qua:-

283 4962 398 5022 datn
439 4970 604 5042 itaque
646 4972 750 5026 huc
795 4972 1045 5026 retulisse
1085 4968 1348 5037 sufﬁciat,
1380 4983 1441 5023 ac
1472 4969 1697 5038 pritnum
1743 4970 1861 5039 qui.

282 5057 398 5114 dem
426 5061 527 5120 lucc
554 5065 725 5122 Ovidii
753 5067 1024 5120 carmina:

399 5175 607 5241 Luminis
632 5179 802 5241 exigui
828 5177 992 5226 fuerat
1017 5191 1170 5240 prope
1195 5175 1375 5240 templa
1399 5188 1648 5236 recessus,

399 5239 645 5303 Spelunca:
670 5239 860 5299 similis,
883 5241 1044 5288 nativo
1072 5239 1473 5303 pumiee‘tectus,

397 5299 668 5366 lli-Iligionc
695 5317 838 5366 sacer
865 5304 1038 5363 prisca,
1065 5299 1334 5366 quornntlta
1361 5300 1595 5366 sacerdos

397 5362 571 5428 Lignea
592 5362 876 5416 contulerat
901 5362 1125 5413 veterum
1141 5362 1403 5428 simulacra
1425 5362 1666 5428 deorum;

398 5425 653 5491 litinciuit,
682 5435 736 5478 et
768 5431 925 5476 vetito
950 5435 1162 5476 temerat
1176 5426 1387 5474 sacraria
1407 5425 1604 5488 probro.

735 5510 921 5573 (Ovid.,
943 5509 980 5560 ι.
998 5523 1028 5559 x
1055 5513 1365 5572 Μειαηιυνρ..
1389 5507 1416 5571 §
1435 5505 1646 5570 penult.)

298 5612 460 5669 Acrius
487 5630 616 5670 vero
645 5613 919 5669 Juvenalis
951 5614 1001 5666 in
1035 5614 1147 5667 lucc
1188 5611 1494 5681 turpissima
1535 5610 1729 5681 ﬂagitia
1753 5651 1766 5675 ,
1809 5617 1865 5662 et

293 5709 542 5778 sacrilegia
564 5752 580 5774 ,
615 5709 802 5777 sicque
831 5704 1129 5766 invehitur:

371 5822 528 5888 Nuper
547 5825 703 5885 enim,
736 5828 794 5875 ut
813 5829 1007 5890 repeto,
1033 5821 1197 5873 fanum
1222 5819 1383 5883 Isidis,
1408 5824 1460 5870 et
1484 5815 1833 5882 Ganymedem,

1961 4698 2215 4768 pietatem
2247 4696 2410 4750 totius
2438 4697 2620 4752 mundi
2651 4696 2876 4765 imperio
2902 4697 3064 4752 stulte
3085 4695 3416 4767 jactitabant.
3442 4694 3556 4751 Non

1961 4791 2015 4846 hi
2040 4791 2317 4847 enimvero
2345 4791 2450 4856 dii,
2480 4807 2616 4862 quos
2645 4791 2806 4846 falsos
2833 4806 2951 4846 esse
2973 4790 3335 4853 05tendimus,
3361 4799 3450 4844 aut
3476 4804 3561 4844 re-

1961 4900 2063 4956 gna
2095 4887 2208 4939 suis
2237 4885 2534 4940 cultoribus
2560 4884 2856 4950 dederunt,
2891 4891 2980 4937 aut
3008 4891 3438 4952 propagavcrunt
3465 4896 3560 4936 eo-

1967 4991 2083 5030 rum
2116 4974 2279 5030 fines:
2313 4976 2405 5030 sed
2438 4975 2552 5030 lucc
2580 4977 2726 5030 solus
2755 4989 2912 5029 verus
2940 4973 3388 5042 onmipntensqne
3419 4973 3560 5028 Deus

1964 5067 2188 5136 quibus.
2219 5082 2280 5121 ac
2310 5067 2524 5136 quando
2565 5069 2708 5132 vult,
2737 5066 2975 5137 largitur.
3019 5063 3200 5134 Neque
3241 5063 3292 5118 id
3335 5065 3558 5133 probatu

1963 5159 2184 5214 diflicile
2213 5169 2314 5214 est.
2342 5157 2473 5212 Nam
2503 5159 2956 5228 quemadmodunt
2989 5166 3131 5212 recte
3173 5157 3350 5227 arguit
3390 5157 3563 5212 Minu-

1964 5254 2115 5318 cius,
2157 5268 2457 5320 onmcsque
2499 5264 2796 5309 noverunt:
2832 5274 2850 5305 ι
2882 5257 3018 5309 Ante
3059 5254 3210 5315 illos.
3253 5251 3558 5318 Romanos,

1967 5344 2076 5400 Deo
2106 5345 2474 5414 dispensante,
2504 5344 2593 5398 ditt
2627 5361 2788 5416 regna
2821 5357 3105 5402 tenuerunt
3134 5344 3361 5416 Assyrii,
3396 5344 3559 5406 Medi.

1968 5437 2181 5502 Persas,
2212 5436 2383 5492 Gr:cci
2413 5437 2574 5491 etiam
2598 5480 2612 5502 ,
2644 5449 2698 5492 et
2727 5439 2994 5509 ASgyptii,
3025 5454 3144 5493 cum
3174 5435 3479 5503 Pontiﬁces,
3510 5446 3566 5492 et

1968 5529 2218 5594 Arvales,
2251 5539 2303 5583 et
2331 5528 2533 5596 Salios,
2564 5540 2618 5585 et
2645 5529 2917 5592 Vestales,
2953 5539 3006 5582 et
3033 5530 3277 5599 Augures
3317 5543 3424 5582 non
3469 5527 3563 5581 ha-

1969 5623 2178 5678 berent.
2218 5642 2236 5672 ι
2272 5621 2427 5676 Prius
2471 5639 2599 5678 vero
2639 5622 2851 5677 dixerat
2890 5620 3251 5675 Tertullianus
3291 5635 3453 5691 regna
3496 5623 3566 5676 ab

1970 5714 2060 5768 illo
2088 5727 2298 5766 summo
2332 5713 2440 5768 Deo
2483 5714 2784 5785 dispensari
2805 5755 2818 5777 ,
2862 5726 2960 5766 nec
2987 5725 3082 5765 sua
3113 5711 3384 5766 Romanos
3413 5727 3442 5766 a
3472 5713 3565 5768 lic-

1973 5806 2102 5862 titiis
2145 5804 2248 5860 diis
2291 5807 2402 5862 suis
2431 5809 2726 5880 accepisse.
2774 5805 2986 5862 Etenim
3021 5823 3039 5855 ι
3070 5812 3359 5874 regnarunt
3386 5803 3568 5879 Baby-
