3818 6282
386 240 497 298 605

1658 237 1745 292 DE
1784 231 2043 303 MINUCII
2081 232 2377 294 OCTAVIO

3483 274 3556 335 bili

384 358 570 459 Ionii,t
604 359 795 443 inquit,
820 368 974 459 canto
1003 359 1396 459 Positilicef,_et
1424 358 1562 416 Medi
1590 367 1714 459 ante
1739 355 1976 459 Quinde-
2004 357 2058 417 Α
2084 357 2487 459 appellabantur
2513 380 2543 459 ιΔ
2574 361 2754 459 (far.
2802 366 2895 459 lib.
2921 384 2970 426 tv
3009 372 3071 428 de
3095 373 3235 448 Ling.
3273 379 3348 436 lat.
3373 394 3558 459 pag-2L

382 452 487 507 eim
520 453 692 519 viros,
727 462 781 507 et
811 451 1043 522 .b‘gyptii
1086 459 1210 513 ante
1251 448 1456 519 Salios,
1508 460 1561 507 et
1607 449 1810 521 Assyrii
1854 458 1979 503 ante

382 543 680 614 Lupercos,
735 553 789 599 et
842 542 1145 598 Amazones
1199 551 1325 598 ante
1385 544 1620 614 virgines
1666 540 1913 599 Vestales
1952 560 1971 592 ι

384 636 725 708 ('I‘crtullian.
751 635 1018 707 Apologet.
1047 652 1163 707 cap.
1195 635 1300 703 26,
1330 652 1450 708 pag.
1479 635 1584 699 38;
1616 644 1662 689 et
1689 634 1778 689 lib.
1813 649 1881 701 ιι,
1911 633 1978 686 ad

381 731 599 785 Nation.
629 746 746 800 cap.
781 731 866 797 17,
901 747 1023 802 pag.
1053 730 1123 785 79
1149 733 1190 799 ).

452 822 619 877 Paulo
670 831 849 877 tamen
890 823 1046 879 aliter
1087 821 1419 896 Cyprianus:
1451 820 1696 893 (Regna,
1727 838 1747 873 ι
1783 819 1972 892 inquit,

385 933 403 968 ι
437 930 540 970 non
567 916 758 970 ntcrilo
786 914 1067 982 accidunt,
1100 915 1192 971 sed
1217 923 1362 973 sorte
1386 914 1679 968 variantur.
1704 912 1971 967 Cmterum

375 1008 659 1077 imperimn
692 1017 818 1063 ante
867 1007 1181 1074 Romanos,
1234 1016 1520 1063 tenuerunt
1545 1016 1599 1063 et
1624 1007 1869 1077 Assyrii,
1922 1014 1977 1060 et

375 1098 548 1165 Medi,
582 1107 637 1153 et
667 1099 879 1164 Persae;
923 1108 977 1155 et
1019 1098 1271 1167 Graecos,
1316 1108 1370 1153 et
1399 1097 1681 1168 Egyptios
1720 1112 1976 1168 regnasse

373 1194 745 1264 cognovimus.
773 1194 849 1249 Ita
874 1192 1079 1248 vicibus
1108 1202 1433 1264 potestatum
1460 1192 1714 1248 Romanis
1741 1207 1971 1262 qucque,

373 1296 429 1342 ut
458 1287 693 1353 caeteris,
738 1287 1036 1357 imperandi
1066 1298 1276 1357 tempus
1300 1286 1519 1344 obvenit
1552 1306 1570 1339 ι
1596 1286 1614 1357 (
1637 1284 1883 1358 Cyprian.
1914 1286 1977 1340 de

376 1380 574 1435 ldolor.
614 1397 731 1435 van.
789 1397 909 1452 pag.
940 1382 1008 1436 13
1032 1380 1074 1452 ),
1122 1379 1174 1437 id
1223 1389 1336 1448 est,
1370 1394 1532 1450 regna
1565 1377 1972 1435 inconstantiam

371 1484 423 1530 et
454 1473 879 1535 vicissitudinem
909 1489 1087 1529 rerum
1123 1473 1475 1531 humanarum
1506 1472 1693 1531 sortita
1726 1480 1881 1537 sunt,
1911 1485 1974 1527 ac

368 1567 506 1622 sicut
533 1567 884 1637 principium,
915 1566 985 1621 ita
1016 1567 1172 1620 linem
1208 1565 1531 1623 habuerunt.
1558 1564 1856 1637 Romanum
1887 1579 1976 1619 au-

372 1667 479 1713 tem
510 1658 792 1728 imperium
825 1658 985 1728 longo
1012 1666 1134 1727 post
1174 1658 1326 1727 plura
1365 1657 1468 1713 alia
1505 1667 1745 1725 tempore
1773 1656 1968 1724 coepit,

2083 445 2375 547 Festacap.
2410 451 2480 508 90
2508 454 2572 547 tle
2610 454 2755 512 Verb.
2790 456 3025 531 Signiﬁc.
3055 474 3098 519 et
3126 467 3175 523 in
3189 445 3425 547 'Frang).

2152 540 2250 611 Qui
2277 555 2468 636 autem
2501 546 2701 605 fuerint
2730 550 2891 618 Salii,
2924 554 3130 612 docebit
3156 567 3203 614 te
3228 540 3410 635 Livius,
3434 573 3499 629 ubi
3518 578 3562 636 de

2080 631 2253 728 Numa
2275 634 2534 728 Pompilio
2559 638 2675 696 haec
2696 642 2894 714 scripto
2913 647 3146 705 tradidit:
3167 650 3346 712 (Salios
3359 631 3564 728 duodecitn

2081 724 2230 781 Marti
2270 726 2502 829 Gradivo
2542 731 2697 803 legit,
2743 736 3038 808 Iunio-eque
3072 742 3218 811 picta:
3246 745 3420 821 insigne
3441 724 3564 829 dedit:

2078 825 2134 871 et
2172 831 2334 887 super
2376 822 2607 879 tunicam
2636 840 2844 885 :eneum
2873 830 3068 895 pectori
3098 840 3351 904 tegumen,
3374 822 3569 905 celestis

2078 926 2182 1006 que
2209 927 2358 969 arma
2377 955 2393 981 ,
2426 931 2545 985 quae
2575 918 2764 975 ancilia
2798 921 3146 991 appellantur,
3173 926 3326 993 ferre,
3351 949 3403 988 ac
3422 951 3494 1006 per
3510 959 3569 997 ur.

2080 1001 2198 1104 he‘tn
2228 1004 2337 1066 ire,
2371 1017 2625 1064 canentes
2656 1012 2892 1073 carmina
2922 1029 3041 1077 cum
3074 1017 3297 1086 tripudiis
3321 1001 3570 1104 soletntiique

2077 1093 2272 1189 saltatu
2306 1095 2467 1166 jussit
2502 1119 2520 1150 ι
2555 1100 2575 1173 (
2602 1100 2715 1156 Liv.
2747 1103 2833 1159 lib.
2865 1120 2914 1171 ι,
2949 1104 2977 1178 ς
3004 1106 3215 1178 21)).Αι
3238 1113 3374 1188 longe
3398 1093 3571 1189 plura'de

2077 1184 2139 1238 iis
2178 1184 2398 1243 Servius
2420 1232 2435 1255 ,
2476 1201 2636 1262 atque
2674 1195 2814 1249 inter
2845 1195 3061 1255 Graecos
3087 1184 3569 1277 Plutarchus,etDio.

2077 1278 2262 1349 nysius
2285 1280 2717 1345 Halicarnasseus
2737 1328 2751 1353 ,
2799 1296 2957 1359 atque
2982 1292 3104 1359 alii,
3125 1309 3253 1365 quos
3276 1298 3404 1355 adire
3423 1307 3572 1366 cuilibet

2078 1384 2381 1444 promptum
2412 1387 2513 1433 est.
2546 1379 2711 1437 Nobis
2742 1398 2871 1439 vero
2910 1384 3010 1439 alia
3054 1391 3366 1461 postmodum
3400 1411 3572 1460 occurret

2075 1465 2144 1520 de
2185 1467 2265 1520 his
2303 1468 2478 1525 adhuc
2526 1470 2830 1545 disserendi
2886 1477 3097 1533 occasio
3135 1478 3153 1549 (
3182 1480 3316 1537 Serv.
3345 1486 3392 1539 in
3430 1488 3495 1544 lib.
3526 1510 3573 1548 ut

2077 1557 2425 1651 @ndd.‘pag
2478 1562 2602 1622 503.
2649 1564 2919 1625 Plutarch.
2950 1569 3004 1623 in
3048 1567 3144 1625 Vit.
3185 1570 3373 1629 Numa.
3399 1583 3571 1651 pag.66.

2075 1647 2291 1723 Dionys.
2328 1652 2566 1715 Halicar.
2599 1656 2687 1712 lib.
2718 1673 2756 1734 tt
2777 1699 2791 1723 ,
2824 1675 2945 1729 pag.
2974 1658 3045 1719 29
3074 1660 3116 1733 ).

367 1759 533 1820 atque
573 1750 762 1813 hellis,
795 1760 853 1803 ut
893 1748 1160 1816 diximus,
1192 1748 1498 1819 impietate,
1523 1748 1852 1821 sceleribus,
1886 1762 1969 1802 sa-
2001 1750 2048 1819 Β
2147 1742 2229 1797 Ab
2254 1743 2440 1801 iisdem
2467 1762 2626 1815 porro
2647 1750 2998 1820 scriptoribus
3020 1752 3206 1811 litteris
3224 1756 3486 1817 mandatum
3505 1775 3572 1832 est,

368 1842 598 1910 crilegiis
628 1841 905 1897 fundatum
938 1856 1002 1899 ac
1033 1850 1380 1912 propagatum
1421 1849 1520 1895 est.
1565 1840 1635 1896 At
1673 1839 1788 1894 lucc
1822 1839 1963 1894 Deus

368 1936 710 2006 omnipotens
738 1945 793 1991 et
819 1935 1159 2006 aequissimus
1186 1935 1497 2002 iustissimis
1526 1933 1594 1989 de
1624 1934 1801 1988 causis
1843 1949 1963 2003 per-

368 2029 561 2095 mittit,
609 2038 768 2099 atque
813 2028 905 2085 illo
951 2032 1328 2100 permittente,
1376 2030 1603 2100 quibus,
1652 2037 1707 2084 et
1749 2027 1963 2098 quando

369 2121 509 2186 vult,
541 2137 705 2192 regna
734 2122 913 2176 omnia
939 2122 1336 2192 dispensantur.

438 2216 573 2272 Cum
605 2216 782 2273 nullus
808 2224 990 2272 autem
1024 2232 1091 2272 ne
1132 2217 1385 2275 minimus
1424 2214 1639 2287 quidem
1683 2214 1961 2285 duliitandi

368 2309 520 2365 locus
549 2308 650 2373 sit,
682 2309 811 2380 quin
841 2311 1075 2380 Assyrii,
1107 2310 1333 2380 aliteque
1371 2324 1401 2364 a
1441 2307 1798 2378 scriptoribus
1838 2322 1963 2363 nos-

370 2403 467 2457 tris
494 2403 782 2457 nominatae
807 2413 1032 2472 gentes,
1062 2412 1189 2461 ante
1217 2403 1491 2463 Romanos
1521 2417 1682 2472 regna
1726 2416 1818 2463 sua
1861 2400 1960 2456 ha-

366 2494 610 2561 buerint,
641 2504 848 2550 eertum
879 2510 1003 2551 esse
1029 2495 1192 2553 debet
1229 2510 1330 2553 nec
1369 2494 1651 2564 imperium
1691 2492 1961 2549 Romano-

367 2602 486 2642 rum
508 2627 523 2654 ,
558 2601 659 2642 nec
687 2587 915 2643 aliorum
948 2589 1268 2658 populorum
1299 2602 1464 2658 regna
1495 2587 1561 2647 ab
1592 2586 1827 2658 ipsorum
1857 2586 1961 2649 diis

364 2678 562 2749 donata
592 2693 843 2749 umquam
877 2679 1061 2735 fuisse.
1098 2679 1163 2737 Ut
1187 2679 1314 2750 quid
1354 2679 1498 2734 enim
1543 2693 1605 2733 ea
1649 2678 1954 2752 dedissent,

363 2787 481 2841 quae
513 2772 853 2842 postmodum
883 2772 1058 2831 ablata
1087 2782 1239 2838 sunt,
1270 2781 1363 2830 aut
1391 2772 1443 2829 in
1475 2788 1594 2843 qua:
1619 2772 1874 2837 Romani,
1906 2783 1957 2826 et

362 2862 450 2917 alii
484 2880 587 2917 non
620 2865 737 2920 sine
766 2880 973 2919 summa
1008 2866 1314 2934 impietate,
1354 2866 1695 2933 maximoque
1735 2863 1957 2919 deorum

361 2963 671 3025 contemptu
699 2956 1047 3013 invaserunt?
1074 2956 1228 3019 Plura
1255 2956 1298 3015 si
1323 2956 1442 3024 quis
1466 2952 1640 3007 adhuc
1664 2952 1951 3019 desideret,

363 3046 409 3100 is
451 3046 611 3102 adeat
655 3048 1030 3113 Ambrosium,
1078 3056 1134 3103 et
1179 3045 1562 3110 Prudentium,
1594 3045 1683 3115 qui
1719 3044 1957 3121 funditus

2065 1836 2337 1903 quomodo
2366 1836 2505 1893 idem
2529 1839 2700 1895 Numa
2722 1840 3017 1913 Pompilius
3039 1842 3312 1901 Pontilices
3334 1858 3383 1904 et
3398 1850 3573 1911 Vestales

2066 1926 2384 1993 instituerit,
2427 1946 2490 1987 ac
2529 1933 2714 2004 quales
2756 1932 2983 2002 fuerint,
3018 1937 3430 2005 quemadmodum
3455 1945 3573 2013 Augu-

2065 2034 2174 2086 res,
2203 2020 2292 2090 qui
2321 2022 2462 2085 cibo,
2489 2032 2544 2078 ut
2571 2024 2646 2077 ait
2669 2022 2877 2091 Cicero,
2906 2025 3173 2094 pullorum
3199 2043 3287 2085 ore
3312 2039 3392 2086 aut
3408 2046 3572 2105 sumpto,

2065 2120 2157 2165 aut
2184 2112 2421 2181 rejecto,
2456 2115 2538 2168 vel
2567 2116 2621 2169 in
2657 2125 2858 2171 terram
2887 2118 3145 2186 cadente,
3177 2134 3233 2175 se
3260 2119 3414 2183 futura
3436 2140 3571 2196 persa-

2064 2205 2178 2274 gire
2215 2221 2278 2261 ac
2322 2209 2682 2278 prmnuntiare
2714 2211 3131 2271 mentiebantur.
3163 2212 3263 2271 Sed
3291 2216 3386 2273 ida
3411 2221 3571 2277 nobisin

2065 2299 2308 2368 sequenti
2338 2300 2510 2368 capite
2536 2301 2821 2358 enodatius
2846 2304 3220 2375 explicandum
3261 2317 3336 2369 est
3378 2309 3492 2383 (Cic.
3513 2314 3571 2368 lii.

2064 2403 2099 2443 ll
2141 2390 2203 2443 de
2234 2387 2448 2445 Divinil.
2479 2409 2601 2465 pag.
2633 2392 2740 2447 289

2137 2483 2278 2545 Satis
2314 2494 2487 2539 autem
2529 2486 2670 2540 inter
2712 2502 2900 2543 omnes
2941 2497 3157 2545 constat
3188 2490 3312 2546 hanc
3341 2490 3475 2551 luisse
3500 2495 3569 2565 pri-

2064 2592 2205 2631 mam
2236 2578 2446 2633 illorum
2474 2579 2814 2641 sacerdotum
2841 2582 3259 2655 pontiﬁcumque
3278 2584 3570 2655 Humanarum,

2062 2687 2126 2729 ac
2154 2673 2376 2742 proinde
2402 2690 2586 2730 eorum
2615 2677 2909 2747 religionis,
2938 2687 2997 2739 et
3027 2680 3217 2750 publici
3241 2681 3433 2739 deorum
3454 2685 3573 2741 cultus

2061 2766 2471 2829 institutionem.
2514 2771 2581 2827 At
2621 2769 2883 2825 Minucius
2926 2784 3078 2830 recte
3119 2774 3236 2831 hinc
3270 2776 3487 2833 concludit
3512 2778 3574 2832 tal-

2061 2872 2179 2915 snm
2209 2872 2327 2914 esse
2355 2859 2624 2915 Romanos
2652 2863 2822 2927 suain
2852 2862 3019 2921 hosce
3041 2865 3171 2927 deos
3193 2866 3368 2937 pietate
3385 2870 3572 2937 meruisse

2063 2950 2219 3003 totius
2250 2951 2435 3007 mundi
2466 2953 2773 3022 imperium.
2806 2954 2940 3011 Nam
2971 2967 3257 3029 antequam
3280 2974 3361 3015 eos
3384 2961 3570 3027 colerent,

2060 3042 2353 3113 regnabant
2385 3046 2623 3116 Assyrii,
2655 3047 2887 3117 alimque
2907 3061 3134 3119 gentes.
3163 3051 3384 3125 superius
3403 3053 3571 3107 nomina-

361 3148 615 3197 everttmt
642 3140 887 3196 eamdem
930 3139 1293 3201 Romanorum
1335 3136 1886 3211 argumentationem,
1931 3149 1958 3193 a
1988 3136 2032 3199 C
2068 3146 2166 3203 tm,
2197 3152 2315 3204 qum
2342 3152 2467 3191 suos
2499 3139 2700 3209 pariter
2737 3140 2865 3201 deos
2908 3142 3315 3208 venerabantur,
3352 3153 3397 3201 et
3424 3144 3567 3201 illorum

358 3232 680 3301 Symmacho
718 3231 902 3302 gentili
928 3228 1162 3289 absurde
1188 3229 1490 3299 repetitam.
1537 3227 1749 3289 Yidesis
1793 3229 1953 3282 etiam

358 3324 716 3393 Augustinum
735 3363 752 3389 ,
782 3324 870 3391 qui
900 3321 1013 3377 haec
1040 3321 1206 3377 iusius
1231 3322 1588 3391 prosequitur.
1618 3328 1672 3381 et
1698 3319 1952 3381 insulsam

359 3415 673 3475 corumdem
701 3415 1043 3472 ethnicorum
1070 3416 1420 3487 jactationem
1451 3415 1706 3486 opprimit
1735 3429 1797 3468 ac
1830 3428 1954 3482 pro-

358 3509 505 3579 lligat
552 3507 572 3579 (
601 3509 833 3566 Ambros.
893 3506 1061 3581 Epist.
1094 3509 1161 3577 18
1182 3551 1196 3574 ,
1250 3524 1365 3579 pag.
1400 3507 1537 3574 854,
1571 3518 1616 3561 et
1647 3523 1780 3579 seqq.
1818 3504 1956 3565 Pru-

356 3602 496 3655 tlent.
547 3598 633 3654 lib.
672 3616 739 3663 tt,
784 3608 920 3653 cont.
974 3600 1272 3670 Symmaclt.
1320 3598 1347 3671 §
1386 3599 1440 3653 4.
1474 3599 1605 3670 Aug.
1640 3599 1727 3652 lib.
1762 3614 1846 3665 Ill,
1893 3597 1955 3650 tle

357 3692 464 3747 Civ.
496 3708 613 3762 cap.
644 3692 710 3759 8,
743 3692 777 3747 9
805 3702 852 3746 ct
882 3708 1027 3762 seqq;
1057 3701 1105 3745 et
1133 3690 1218 3769 lib.
1253 3707 1331 3756 IV,
1362 3708 1475 3761 cap.
1509 3692 1543 3746 5
1567 3699 1614 3744 et
1643 3706 1780 3761 seqq.
1806 3688 1852 3761 ).

427 3784 533 3840 Sed
564 3801 594 3839 a
627 3784 780 3840 nobis
824 3785 1017 3855 aliquis
1057 3783 1195 3839 haud
1237 3784 1398 3839 dubie
1438 3783 1821 3844 sciscitabitur,
1863 3783 1951 3852 qui

355 3877 462 3931 sint
494 3876 566 3930 illi
597 3875 821 3931 Arvales
846 3886 901 3931 et
930 3877 1098 3943 Salii,
1133 3891 1361 3947 quorum
1404 3874 1732 3931 mentionem
1779 3873 1949 3928 Mittit-

352 3968 469 4023 cius
507 3980 692 4023 noster
730 3966 879 4024 fecit.
923 3967 1288 4036 Quamobrem
1330 3966 1455 4022 huic
1500 3964 1952 4035 respondebimus

355 4058 437 4113 his
468 4058 797 4129 totidemque
837 4058 996 4114 Plinii
1038 4058 1247 4117 verbis:
1287 4076 1306 4112 ι
1334 4060 1596 4113 Arvorum
1645 4056 1950 4112 sacerdotes

352 4150 612 4207 Romulus
643 4151 696 4206 in
725 4151 909 4221 primis
936 4151 1195 4216 instituit,
1226 4165 1393 4222 seque
1420 4149 1799 4209 duodecimum
1841 4147 1948 4203 fra-

351 4253 485 4298 trem
509 4243 796 4314 appellavit
823 4244 961 4299 inter
987 4244 1137 4311 illos,
1167 4243 1233 4298 ab
1259 4245 1396 4299 Acca
1426 4240 1709 4299 Laurentia
1741 4241 1949 4296 nutrice

351 4352 445 4393 sua
475 4336 716 4408 genitos,
749 4340 926 4408 Spicea
957 4352 1190 4405 corona,
1217 4354 1335 4409 quae
1366 4338 1495 4393 vitta
1521 4337 1640 4403 alba
1671 4337 1946 4408 colligare-

350 4440 457 4497 tur,
487 4432 539 4487 in
566 4432 869 4491 sacerdotio
894 4434 974 4490 eis
1002 4449 1098 4503 pro
1130 4424 1536 4506 religiosissimo
1567 4434 1759 4503 insigni
1788 4433 1909 4493 data
1933 4477 1946 4501 ,

347 4540 467 4595 quae
504 4525 677 4595 prima
716 4526 857 4595 apud
896 4525 1172 4591 Romanos
1210 4541 1408 4582 corona
1450 4526 1549 4583 fuit
1584 4547 1603 4579 ι
1644 4526 1806 4600 (Plin.
1855 4527 1941 4587 lib.
1972 4532 2026 4591 1)

348 4633 481 4685 .vvm
524 4616 665 4675 Hist.
698 4615 827 4673 Nat.
881 4632 998 4686 cap.
1029 4617 1096 4683 2,
1130 4634 1250 4688 pag.
1306 4618 1412 4675 455
1438 4616 1481 4688 ).
1524 4618 1702 4677 Alium
1759 4630 1947 4677 testem

349 4712 393 4767 si
444 4709 713 4781 postules,
765 4709 873 4764 cito
920 4709 1094 4765 aderit
1138 4709 1371 4765 Sabinus
1422 4709 1744 4779 Massurius,
1795 4713 1948 4781 cujus

349 4806 510 4865 verba
539 4804 607 4861 ab
637 4806 704 4869 Α.
735 4802 911 4863 Gellio
939 4803 1017 4859 sic
1048 4802 1367 4872 transcripta
1398 4810 1558 4863 sunt:
1596 4822 1615 4856 ι
1650 4804 1722 4871 Ea
1755 4805 1947 4862 mulier

351 4914 416 4953 ex
447 4896 730 4955 duodecim
765 4896 888 4953 liliis
933 4895 1173 4959 maribus
1217 4911 1378 4961 unum
1428 4904 1599 4952 morte
1642 4898 1840 4961 amisit.
1888 4899 1944 4955 lu

349 4991 492 5053 illius
515 4989 693 5047 locum
728 4989 988 5045 Romulus
1010 4989 1165 5053 Acca:
1187 4988 1490 5046 Laurentiae
1514 5004 1635 5048 sese
1661 4991 1825 5049 lilium
1854 4993 1946 5050 de-

348 5082 456 5149 dit,
490 5096 655 5151 seque
682 5089 737 5136 et
765 5088 991 5137 caeteros
1019 5079 1137 5150 ejus
1168 5079 1307 5141 ﬁlios
1352 5082 1545 5143 fratres
1591 5086 1809 5141 Arvales
1848 5103 1917 5159 ap

348 5175 583 5244 pellavit.
626 5173 706 5237 Eo
747 5181 991 5242 tempore
1020 5173 1301 5246 collegium
1344 5178 1539 5239 mansit
1577 5179 1801 5238 lratrum
1834 5182 1939 5241 Ar--

346 5267 543 5325 vatium
586 5280 810 5331 numero
849 5265 1165 5334 duodecim,
1208 5268 1363 5339 cujus
1400 5271 1686 5327 sacerdotii
1729 5274 1938 5344 insigne

344 5371 426 5415 est
473 5360 653 5428 spicea
699 5374 920 5425 corona,
969 5369 1022 5414 et
1067 5361 1205 5416 albae
1261 5363 1443 5420 infula:
1482 5383 1500 5417 ι
1539 5365 1557 5436 (
1590 5365 1724 5420 Gell.
1777 5367 1866 5423 lib.
1924 5384 1940 5422 ι

345 5452 501 5508 Noct.
543 5452 697 5515 Attic.
737 5468 853 5524 cap.
896 5452 951 5515 7,
992 5469 1114 5527 pag.
1164 5456 1329 5527 577).
1382 5456 1551 5521 Varro
1592 5467 1769 5515 autem
1816 5459 1939 5524 illos

2058 3230 2227 3285 cultui
2268 3232 2580 3287 sacerdotes
2619 3233 2991 3304 praefecerant.
3039 3239 3198 3310 Atqui
3238 3239 3317 3294 isti
3349 3239 3405 3293 ab
3429 3237 3567 3291 hisdiis

2059 3323 2170 3377 suis
2209 3338 2368 3393 rcgna
2414 3340 2518 3377 non
2551 3337 2904 3395 acceperunt,
2934 3329 3134 3405 quibus
3159 3345 3249 3403 cos
3273 3329 3420 3385 adhuc
3440 3330 3563 3385 colen-

2058 3416 2197 3472 tibus
2217 3417 2524 3487 ademptum
2547 3428 2647 3475 est.
2672 3420 2812 3492 Ergo
2834 3438 2935 3478 nec
2954 3423 3184 3485 Romani
3205 3440 3368 3485 eorum
3387 3426 3470 3479 sive
3485 3437 3566 3478 suo-

2059 3524 2207 3576 rum,
2248 3510 2359 3565 sive
2397 3512 2695 3566 alieuorum
2737 3512 2950 3581 favore,
2986 3517 3074 3572 vel
3115 3518 3301 3573 auxilio
3326 3516 3463 3587 adepti
3483 3524 3565 3570 sunt

2056 3600 2334 3669 imperium
2358 3642 2372 3666 ,
2397 3602 2535 3671 quod
2564 3606 2790 3661 summis
2815 3606 3119 3667 sceleribus
3147 3607 3397 3664 l'uudatutn
3419 3623 3465 3663 ac
3483 3622 3563 3676 pro-

2056 3703 2303 3763 pagatura
2330 3695 2681 3753 ostendimus.
2709 3697 2815 3755 Sed
2846 3698 2912 3754 de
2943 3699 3027 3773 his
3053 3699 3228 3756 adhuc
3252 3701 3344 3757 alia
3366 3701 3407 3759 in
3427 3699 3558 3756 disser-

2060 3786 2259 3843 tatione
2289 3787 2552 3857 agendum
2586 3791 2739 3845 nobis
2769 3792 2891 3847 erit.

2650 3923 2878 3982 CAPUT
2917 3927 3066 3983 XIX.

2040 4072 2449 4134 Expaxousrua
2490 4094 2844 4149 ARGUIENTA,
2890 4098 3084 4146 curuos
3129 4082 3375 4142 Οιεωιιῦε
3411 4098 3461 4139 sx
3502 4094 3558 4136 tu-

2125 4183 2346 4225 BACULIS
2363 4211 2379 4237 ,
2422 4187 2678 4229 οιιΑοοιιε
2695 4215 2711 4241 ,
2754 4190 3006 4240 AUSPICHS
3028 4218 3044 4241 ,
3090 4193 3352 4245 AUGUBHS,
3386 4188 3549 4236 εοιιπιςι

2126 4278 2299 4327 ATQUE
2349 4278 2485 4321 ALIIS
2528 4281 2977 4327 PR£DJCTIONIBUS
3020 4286 3158 4330 DEOS
3194 4284 3447 4331 ειδιετειι
3474 4280 3549 4323 PN’

2123 4368 2245 4409 ΒΑΜ
2276 4369 2431 4411 POSSE
2459 4372 2787 4415 ARBITRATUS
2817 4376 2936 4416 EST.

2577 4511 2871 4554 ARTICULUS
2909 4514 3123 4557 PRIIIUS.

2054 4647 2239 4705 Utrum
2267 4648 2502 4706 Cazrilitts
2535 4653 2655 4709 deos
2681 4657 2924 4712 exsistere
2960 4660 3243 4729 probaverit
3277 4676 3336 4717 ex
3366 4655 3550 4715 ntiraalit

2121 4742 2352 4798 Claudite
2380 4744 2635 4811 Quintia,
2664 4764 2779 4818 qua:
2805 4752 3005 4820 navim,
3039 4771 3142 4826 qua
3168 4754 3321 4811 Idea
3355 4751 3483 4808 matri:
3497 4748 3548 4803 ti-

2120 4835 2406 4891 mulacrum
2444 4838 2735 4907 vehebatur,
2777 4845 2886 4898 solo
2914 4861 3007 4900 suo
3034 4848 3237 4919 cingulo
3265 4848 3445 4901 traxisse
3460 4843 3552 4922 [def

2119 4929 2299 4984 batur:
2329 4929 2555 4986 Castoris
2592 4943 2640 4986 et
2669 4933 2931 5005 Pollucis,
2964 4941 3050 5010 qui
3077 4958 3109 4994 a
3137 4941 3367 4996 Romanis
3385 4943 3553 5003 report!-

2117 5032 2222 5076 tam
2260 5023 2324 5077 de
2364 5022 2520 5080 Perse
2556 5043 2671 5098 rege
2707 5029 2971 5086 victoriam
3010 5036 3388 5099 annuntiartmt;
3418 5025 3555 5083 Latiaii

2115 5116 2346 5182 somnio,
2387 5134 2487 5185 quo
2524 5118 2635 5175 ludi
2672 5122 2979 5192 instaurati;
3027 5125 3290 5181 Deciorum
3331 5122 3550 5179 devotione.

2115 5226 2215 5281 qua
2244 5212 2410 5266 hostes
2453 5215 2556 5284 fusi
2584 5224 2629 5268 et
2657 5217 2807 5282 victi;
2849 5235 2909 5273 ac
2949 5221 3102 5275 simili
3140 5219 3293 5276 Curtii
3328 5216 3548 5274 decedant.

2111 5320 2211 5375 qua
2240 5305 2407 5360 hiatus
2432 5316 2579 5362 teme
2605 5310 2904 5366 mirabiliter
2929 5315 3200 5377 completus
3224 5321 3447 5368 narratur.

2110 5460 2358 5519 Omnium
2396 5476 2833 5537 argumentorum
2856 5511 2872 5537 ,
2903 5469 3093 5542 quibus
3118 5470 3303 5527 ethnici
3328 5467 3436 5524 deus
3456 5473 3545 5517 suos
3582 5484 3585 5485 ν

341 5547 564 5607 Arvales
596 5545 789 5607 fratres
818 5559 1152 5620 nuncupatos
1178 5564 1300 5606 esse
1337 5550 1505 5619 dixit,
1553 5553 1675 5623 quia
1725 5553 1935 5623 publica
2034 5569 2227 5611 revera
2253 5559 2512 5614 exsistere
2538 5560 2871 5629 probandum
2895 5572 3259 5635 susceperant,
3284 5558 3394 5615 illud
3418 5552 3544 5626 prole

337 5655 491 5703 saera
517 5640 813 5709 faciebant,
841 5650 1043 5697 utarva
1075 5640 1279 5699 ferrent
1309 5643 1518 5715 fruges,
1542 5655 1705 5714 atque
1733 5645 1934 5703 ideirco
2035 5655 2122 5701 cto
2153 5647 2361 5701 videtur
2397 5651 2718 5721 praecipuum
2740 5695 2753 5718 ,
2797 5654 2939 5724 quod
2982 5672 3047 5711 ex
3084 5669 3260 5711 eorum
3303 5643 3539 5706 miraculis.

336 5744 585 5795 mactata:
611 5735 678 5791 ab
707 5736 810 5795 illis
853 5731 1040 5793 hostia?
1083 5736 1462 5805 Ambarvales,
1495 5747 1555 5793 ut
1582 5740 1660 5795 ait
1702 5739 1930 5808 Festus,
2034 5740 2301 5808 oraculis,
2341 5743 2619 5814 ausliiciis,
2672 5747 2942 5817 auguriis,
2988 5748 3201 5823 aliisque
3246 5732 3537 5815 hujuscele
