3824 6282
174 334 266 396 603

1485 328 1960 401 DISSERTATIO.

3254 333 3362 390 606

173 450 524 527 prada-tionibus
557 448 735 505 elicere
772 446 1114 505 conabantur.
1156 445 1327 504 Nemo
1361 446 1502 507 enim
1534 446 1656 518 jure

1838 446 2062 515 lluccm,
2091 461 2226 519 quos
2251 448 2337 505 alii
2365 446 2700 521 Tyndaridas
2750 455 2945 506 vocant
2972 449 3179 523 (Cicer.
3211 449 3301 505 lib.
3330 466 3366 504 ιι

174 564 372 620 umquam
405 545 568 602 merito
602 541 803 613 negabit
851 540 989 601 banc
1027 542 1537 614 argumentationem
1560 583 1575 606 ,
1618 542 1663 597 si

175 644 360 701 veritate
381 642 608 707 niteretur,
628 646 678 692 et
700 650 760 689 ea
786 637 959 697 omnia
977 678 992 703 ι
1016 650 1135 703 Quae
1160 633 1359 691 ethnici
1386 634 1663 689 venditare

175 736 405 799 solebant,
428 732 465 788 si
485 738 705 787 creaturae
730 729 868 785 vires
896 734 1270 797 superassent,
1300 726 1513 781 maximi
1542 738 1663 781 esse

176 827 385 900 ponderis
399 839 449 881 ac
469 822 700 879 momenti.
724 820 1078 888 Quamobrem
1109 819 1198 875 illa
1226 818 1416 876 sedulo
1436 827 1492 873 et
1512 832 1664 871 more

180 930 332 976 noaro
355 919 408 971 ita
431 913 733 979 examinanda
760 922 914 975 sunt,
945 919 1002 966 ut
1028 910 1153 967 nihil
1181 910 1473 982 quidquam
1503 924 1569 965 ex
1597 910 1662 965 iis

180 1013 481 1074 dissimuletur,
510 1023 609 1080 qua:
650 1006 736 1063 vel
772 1006 984 1077 gentilis
1017 1004 1261 1065 Cmcilius
1300 1003 1534 1083 profert,
1577 1001 1660 1058 vel

179 1103 401 1174 respondet
433 1100 713 1157 ebristianus
756 1096 1041 1164 Octavius,
1089 1112 1153 1151 ac
1194 1097 1435 1166 singula,
1486 1093 1663 1163 quoad

174 1195 265 1249 fieri
290 1193 461 1263 poterit,
496 1200 542 1247 et
582 1197 896 1261 augeantur,
938 1197 993 1245 et
1035 1187 1223 1258 majori
1270 1185 1662 1257 perfunduntur

162 1285 333 1340 lumine.

209 1376 309 1431 Cum
341 1373 522 1429 Caecilio
558 1374 732 1445 itaque
774 1388 804 1426 a
848 1371 1119 1435 miraculis
1161 1371 1499 1441 incipiamus.
1540 1369 1659 1438 Quo

154 1468 319 1540 majori,
355 1466 626 1538 inquiebat,
669 1464 928 1520 miraculo
968 1463 1099 1519 deos
1138 1462 1431 1524 exsistere,
1464 1470 1518 1517 et
1547 1463 1660 1518 suis

150 1576 263 1631 Opem
285 1559 401 1614 ferre
426 1558 620 1628 probari
648 1565 851 1628 potest,
882 1571 1039 1626 quam
1066 1570 1159 1623 eo,
1189 1571 1296 1624 quo
1322 1554 1488 1610 Mater
1517 1553 1657 1611 ldtea

152 1651 355 1713 «adventu
377 1665 464 1707 suo
487 1659 535 1705 et
564 1650 805 1720 probavit
831 1657 1089 1709 matrona:
1112 1646 1413 1707 castitatem
1430 1687 1445 1711 ,
1474 1656 1528 1699 et
1555 1645 1654 1702 Ur-

146 1745 231 1799 bem
267 1753 385 1798 metu
411 1741 573 1798 hostili
606 1741 885 1797 liberavit?
909 1759 928 1793 ι
959 1740 1146 1795 Paucis
1178 1737 1262 1794 his
1291 1737 1469 1799 verbis
1489 1779 1504 1804 ,
1535 1752 1657 1808 qum

145 1834 351 1889 nonnullis
368 1832 577 1888 obscura
601 1847 723 1888 esse
747 1840 1000 1902 possunt,
1024 1831 1262 1903 designat
1285 1829 1497 1889 celebre
1519 1828 1661 1900 apud
1691 1823 1737 1885 Β

140 1928 324 1983 ethnicos
347 1927 615 1993 scriptores
641 1923 880 1980 Claudiae
907 1925 1134 1995 Quintia:
1176 1922 1396 1979 factum.
1427 1923 1662 1979 Narrant

140 2020 350 2073 enimvero
385 2016 638 2088 lapideum
684 2016 877 2085 littere,
924 2030 1018 2071 seu
1050 2015 1272 2071 deorum
1302 2014 1525 2080 matris,
1560 2012 1663 2070 hoc

140 2122 222 2178 est,
239 2110 455 2185 Cybeles,
479 2125 571 2171 seu
594 2109 812 2167 Cereris
840 2108 1184 2169 simulacrum
1208 2106 1528 2163 Pessinunte
1548 2104 1660 2161 Ro-

143 2201 580 2275 mam,utAnuibal
612 2201 820 2263 Punico
866 2201 1004 2257 bello
1046 2215 1111 2257 ex
1157 2198 1300 2254 ltalia
1345 2197 1661 2267 pelleretur,

138 2296 306 2364 quodam
340 2305 447 2351 vate
480 2293 779 2359 suadente,
823 2292 1133 2355 advectum.
1181 2291 1257 2349 Ad
1303 2290 1439 2345 ostia
1481 2300 1661 2347 autem

138 2388 319 2443 Tiberina
355 2403 465 2445 cum
506 2388 657 2445 navis
677 2428 692 2450 ,
724 2402 834 2458 qua
863 2386 1204 2441 siumlacrum
1236 2383 1530 2445 ferebatur,
1562 2397 1661 2452 ap-

137 2482 325 2549 pulisset,
352 2481 414 2537 ita
441 2480 721 2535 immotum
758 2476 1095 2548 permansit,
1127 2484 1185 2532 ut
1213 2475 1354 2528 nulla
1388 2473 1663 2533 hominum

137 2572 168 2623 vi
193 2572 374 2641 potuerit
399 2571 510 2629 loco
536 2586 634 2631 suo
663 2569 953 2626 dimoveri.
988 2567 1121 2625 Tum
1152 2581 1281 2625 vero
1306 2563 1548 2629 Claudia,
1578 2567 1665 2623 cui

135 2664 328 2721 haste-nus
352 2663 495 2720 dubia
525 2662 799 2734 pudicitiae
828 2660 966 2716 fama
996 2659 1166 2714 fuerat
1186 2701 1199 2725 ,
1227 2674 1344 2715 eam
1374 2658 1665 2714 evidentis-

132 2755 227 2809 sitne
254 2756 498 2825 probavit,
526 2771 648 2812 cum
684 2764 813 2821 post
844 2753 989 2813 fusas
1016 2753 1083 2807 ad
1112 2752 1268 2807 deam
1290 2792 1303 2816 ,
1337 2762 1393 2805 ut
1422 2752 1656 2818 aiebant,

130 2864 269 2916 preces
301 2850 621 2909 simulacrum
650 2850 806 2905 illius
833 2863 952 2902 cmn
983 2848 1095 2918 ipsa
1131 2847 1249 2900 navi
1277 2846 1388 2901 sola
1409 2888 1422 2910 ,
1456 2860 1662 2914 suoque

131 2950 279 2996 tntum
303 2944 514 3013 cingulo,
543 2959 650 3015 quo
682 2941 921 2999 Romani
954 2940 1234 3004 volebant,
1265 2940 1317 2993 in
1349 2948 1545 2995 terram
1572 2938 1661 2995 de-

130 3034 249 3089 duxit.
289 3035 344 3090 Et
369 3037 474 3092 haec
501 3035 723 3109 quidem
761 3033 991 3104 posteris
1021 3032 1414 3087 mandaverunt
1443 3032 1621 3087 Livius
1640 3074 1656 3093 ,

131 3126 318 3192 Ovidius,
363 3144 420 3183 ae
466 3130 626 3198 paulo
675 3127 967 3183 obscurius
1014 3124 1232 3184 Cicero:
1288 3134 1446 3194 atque
1496 3126 1656 3181 etiam

130 3219 344 3276 (luistiani
369 3223 650 3293 scriptores
675 3264 690 3287 ,
726 3222 999 3277 Arnobius
1023 3261 1038 3285 ,
1072 3220 1380 3275 Lactantius
1401 3261 1415 3285 ,
1450 3221 1657 3288 Augus—
1684 3200 1729 3264 (ἶ

134 3310 229 3364 litus
263 3323 308 3368 et
346 3315 425 3369 alii
471 3314 622 3386 (Liv.
657 3313 867 3369 Decad.
901 3315 970 3379 5,
1012 3311 1104 3367 lib.
1158 3328 1213 3367 rx
1237 3354 1252 3378 ,
1295 3323 1406 3383 post
1435 3313 1659 3366 initium.

132 3402 240 3456 lli-id.
281 3406 357 3460 lib.
383 3423 431 3462 tv
470 3407 622 3464 Fast.
659 3408 691 3485 ﬁ
724 3408 781 3463 ὅ.
826 3406 987 3461 Cicer.
1026 3406 1173 3460 Orat.
1206 3405 1309 3471 ΞΟ,
1352 3421 1443 3474 pro
1472 3406 1661 3473 Arusp.

135 3493 298 3567 Respuit.
348 3517 458 3573 pag.
512 3502 644 3557 458.
704 3496 1017 3554 Terlullian.
1076 3498 1343 3570 Apologet.
1398 3514 1513 3567 cap.
1570 3497 1662 3553 ἓξ.

130 3588 265 3649 Arnob.
292 3592 367 3648 lib.
416 3610 481 3650 vn
520 3595 642 3653 adv.
677 3591 839 3651 Gem.
872 3608 971 3661 pag
1023 3591 1153 3657 255,
1184 3599 1232 3645 et
1257 3606 1391 3661 seqq.
1426 3588 1659 3648 Lactant.

130 3680 188 3730 lib.
211 3696 267 3747 ιι,
293 3701 396 3754 mp.
431 3686 480 3740 7.
513 3687 651 3758 Aug.
688 3685 782 3738 lib.
818 3699 856 3743 ιι
896 3684 958 3737 dc
1006 3681 1156 3738 Civil.
1192 3698 1306 3753 cap.
1339 3681 1406 3749 7;
1447 3681 1534 3738 lib.
1568 3698 1661 3751 ut,

130 3784 206 3836 up.
233 3773 310 3839 l2;
338 3786 380 3830 ct
406 3779 490 3831 lib.
525 3794 594 3843 κ,
629 3794 757 3847 cap.
794 3775 923 3846 “5)-

177 3860 255 3917 Scd
283 3867 526 3927 Arnobius
557 3867 861 3939 respondet
891 3868 991 3921 hnc
1020 3867 1064 3925 si
1093 3880 1278 3923 verum
1319 3866 1416 3930 sit,
1461 3865 1658 3920 Roma-

136 3967 199 4006 HOS
216 3953 373 4014 frustra
396 3961 689 4018 credidisse
717 3960 880 4032 hujus
900 3960 1202 4027 simulacri,
1227 3974 1319 4015 seu
1342 3959 1663 4019 Pessinuntii

138 4042 297 4114 ‘i‘llidiS.
321 4050 366 4106 in
390 4069 490 4123 quo
516 4056 738 4110 nullum
779 4053 954 4110 inerat
992 4068 1223 4121 numen,
1256 4068 1421 4122 opera
1448 4052 1533 4108 vel
1563 4069 1660 4108 au-

140 4133 229 4189 xilio
249 4150 446 4213 partam,
474 4147 548 4202 uti
578 4144 942 4202 venditabant
967 4144 1197 4213 ethnici,
1226 4144 1535 4210 victoriam,
1566 4145 1665 4201 de-

143 4239 209 4279 tus
232 4228 361 4289 Urbis
394 4240 704 4295 restitutum
726 4279 744 4306 ,
786 4252 852 4292 ac
892 4245 1169 4308 porrectos
1196 4237 1404 4308 imperii
1435 4238 1664 4293 Romani

148 4312 261 4372 fines.
288 4323 394 4382 Nam
426 4343 611 4401 postea
655 4331 821 4386 caesis
861 4330 1261 4402 proﬂigatisque
1290 4341 1368 4385 tot
1398 4333 1665 4403 tantisque

152 4403 426 4475 Romanorum
442 4426 797 4488 exercitibus,
826 4423 916 4479 illa
939 4438 1069 4478 sane
1095 4423 1289 4479 eximia
1309 4425 1470 4479 deum
1493 4434 1664 4480 mater

151 4498 355 4561 iunximus
384 4512 479 4575 belli
518 4520 767 4588 impetus
811 4530 910 4570 nec
938 4513 1122 4585 fregit,
1154 4530 1255 4571 nec
1285 4518 1499 4587 repulit.
1541 4516 1659 4572 .Iam

147 4605 251 4651 "9'0
279 4612 303 4652 ³
331 4609 453 4667 labis
487 4614 851 4671 observatum
882 4621 965 4666 est
990 4611 1151 4667 simili
1181 4611 1340 4666 modo
1366 4612 1658 4669 Minucium
1684 4581 1738 4647 D

138 4689 293 4752 dixisse
331 4704 559 4764 uttelares
610 4705 836 4761 urbium
881 4712 938 4758 et
986 4704 1224 4774 gentium
1275 4703 1408 4759 deos
1459 4706 1660 4761 nullam

135 4788 353 4857 ipsinam
375 4800 623 4858 Romanis
670 4798 938 4857 adversus
989 4798 1173 4854 hoSIes
1222 4813 1348 4854 suos
1386 4815 1542 4870 opem
1574 4813 1660 4856 tn-

133 4880 243 4942 lisse.
265 4887 391 4949 Nunc
414 4903 590 4953 autem
621 4891 922 4964 respondet
949 4890 1066 4946 haec
1095 4906 1199 4947 non
1227 4907 1375 4956 vera,
1404 4891 1498 4949 sed
1529 4892 1661 4953 falsa

129 4989 221 5034 case
238 4984 479 5056 miracula,
512 4998 703 5061 utpote
731 5001 852 5058 quae
882 5000 986 5043 non
1019 4986 1216 5042 virtute
1240 4986 1418 5056 aliqua
1445 4987 1625 5045 divina
1646 5028 1661 5052 ,

132 5070 202 5126 sed
238 5074 507 5139 drmonum
544 5082 795 5146 artibus,
830 5078 1063 5150 potentia
1104 5088 1159 5134 et
1201 5079 1485 5150 prmSIigiis
1529 5078 1667 5141 facta

125 5162 296 5225 iuerint.
321 5172 458 5242 Quod
487 5177 556 5232 ab
586 5177 714 5242 illo,
745 5182 804 5229 ut
832 5173 989 5243 paulo
1017 5182 1138 5244 post
1163 5173 1509 5231 ostendemus
1527 5214 1542 5240 ,
1570 5187 1664 5230 co-

128 5256 243 5319 l'iosc
266 5276 318 5317 ac
341 5267 609 5337 perspicue
638 5267 1055 5322 demonstratur.

180 5348 346 5413 Eadem
380 5376 592 5434 quoque
633 5359 985 5431 reaponsionc
1016 5359 1065 5415 id
1098 5360 1165 5415 ab
1192 5360 1310 5431 ipso
1336 5358 1665 5428 exploditur.

131 5440 241 5501 ἰιιού
254 5445 472 5508 Carcilius
492 5454 690 5510 deinde
715 5453 795 5509 sic
822 5452 1037 5523 objicit:
1064 5471 1083 5504 ι
1112 5452 1298 5508 Testes
1328 5452 1668 5523 Equestrium

133 5529 308 5595 fratrum
331 5541 376 5597 in
404 5544 521 5601 lacu
542 5586 557 5608 ,
589 5545 726 5601 sicut
753 5545 1133 5610 ostenderant,
1164 5552 1356 5599 statum
1384 5559 1671 5601 consecra-

132 5629 201 5689 ω’,
226 5631 299 5701 qui
322 5635 520 5704 anheli,
546 5639 917 5709 spumantibus
944 5639 1100 5710 cquis
1127 5648 1289 5708 atque
1315 5636 1666 5708 fumantibus,

128 5712 182 5770 dc
217 5719 352 5781 Perse
385 5727 657 5785 victoriam
697 5744 762 5787 ea
804 5729 921 5797 die,
965 5745 1068 5802 qua
1112 5727 1352 5785 fecerant
1392 5731 1672 5785 nuntiave-

126 5820 238 5864 runt.
272 5832 291 5867 ι
318 5815 600 5890 Equestres
626 5834 798 5882 autem
826 5822 1021 5883 fratres
1048 5821 1285 5895 appellat
1310 5820 1586 5882 Castorem
1614 5831 1670 5882 et

1763 540 1828 595 de
1858 539 2050 595 Natur.
2083 558 2201 614 pag.
2230 541 2371 607 2M;
2405 550 2450 595 et
2479 541 2690 596 Tuscul.
2724 558 2775 608 I,
2803 559 2924 614 pag.
2953 542 3078 609 H9,
3110 543 3203 597 lin.
3235 541 3363 613 56).

1763 633 2034 697 Audacter
2064 649 2194 693 vero
2222 644 2493 691 asseverat
2522 633 2658 691 facta
2687 634 2756 690 ab
2784 634 2889 689 illis
2930 634 3039 690 duo
3067 635 3326 690 miracula
3353 674 3367 697 ,

1762 741 1826 782 ac
1865 727 2038 797 primo
2075 726 2293 796 quidem
2329 742 2518 783 eorum
2559 728 2811 796 praesidio
2851 729 3067 782 Persem
3110 741 3294 795 regem
3337 743 3368 785 a

1763 819 2022 877 Romanis
2066 820 2265 877 victum
2309 830 2364 876 et
2404 829 2650 888 captum;
2690 828 2849 891 atque
2878 820 3151 876 victoriam
3180 819 3370 875 Roma:

1764 913 1882 981 ipso
1921 911 2044 976 die,
2088 926 2195 982 quo
2238 919 2506 981 reportata
2546 910 2750 979 fuerat,
2782 912 2993 967 senatui
3024 912 3364 976 nuntiatam;

1765 1003 1997 1074 denique
2038 1004 2089 1061 in
2133 1002 2266 1061 tanti
2306 1003 2551 1061 miraculi
2596 1003 2907 1059 memoriam
2941 1013 3151 1060 erectas
3179 1020 3368 1060 eorum

1763 1105 1987 1153 statuas.
2045 1096 2244 1155 Eadem
2295 1104 2517 1151 narrant
2563 1095 2805 1152 Valerius
2847 1095 3109 1153 Maximus
3140 1096 3158 1169 (
3191 1095 3364 1152 Valer.

1767 1188 1915 1245 Max.
1949 1189 2039 1247 lib.
2071 1204 2123 1253 ι,
2156 1204 2273 1258 cap.
2304 1190 2373 1254 8,
2405 1186 2432 1259 §
2464 1189 2526 1251 1,
2561 1204 2677 1260 pag.
2712 1186 2803 1253 62,
2838 1196 2885 1241 et
2910 1204 3049 1257 seqq.
3077 1186 3132 1259 ),
3176 1187 3370 1244 Florus

1767 1281 2007 1352 (Florus
2057 1280 2147 1337 lib.
2201 1296 2251 1345 ι,
2300 1296 2419 1344 cap.
2465 1280 2522 1335 11
2558 1280 2614 1347 ),
2663 1278 2980 1335 Ammianus
3028 1278 3373 1335 Marcellinus

1763 1372 1782 1445 (
1813 1373 2052 1429 Μαι-ειη.
2089 1372 2180 1429 lib.
2214 1387 2387 1431 xxvtu
2411 1414 2423 1432 .
2456 1387 2572 1441 cap.
2605 1372 2673 1435 4,
2702 1388 2819 1441 pag.
2852 1372 2960 1428 528
2986 1370 3039 1443 ),
3089 1372 3373 1443 Dionysius

1762 1464 2201 1523 Halicarnasseus
2232 1463 2496 1536 (Dionys.
2552 1463 2725 1519 llalic.
2762 1464 2849 1519 lib.
2887 1481 2938 1519 vt
2962 1507 2977 1531 ,
3010 1464 3185 1536 Autiq.
3217 1464 3370 1522 Rom.

1761 1577 1881 1631 pag.
1912 1560 2019 1615 550
2044 1561 2063 1628 )
2085 1600 2101 1624 ,
2151 1558 2469 1616 Plutarchus
2518 1556 2836 1629 (Plutarch.
2871 1559 2925 1612 in
2963 1557 3063 1613 Vit.
3100 1558 3364 1614 Coriolan.

1762 1668 1883 1722 pag.
1915 1652 2024 1707 215
2050 1651 2066 1722 )
2088 1690 2106 1718 ,
2136 1661 2192 1709 et
2218 1651 2307 1705 alii
2339 1651 2539 1721 plures.
2572 1650 2772 1706 Verum
2803 1666 2868 1706 ex
2904 1651 3011 1706 illis
3038 1653 3201 1722 aliqui
3244 1653 3372 1709 illud

1761 1743 1919 1801 nobis
1968 1743 2237 1803 tradidere
2280 1757 2385 1801 non
2436 1754 2704 1814 tamquam
2753 1744 2975 1798 omnino
3015 1743 3244 1813 certum,
3278 1746 3373 1800 sed

1765 1850 1985 1893 rumore
2026 1834 2236 1903 publico
2265 1834 2618 1893 vcnditatnm.
2652 1834 2790 1901 Quin
2824 1836 2992 1890 humo
3015 1834 3210 1890 Cicero
3237 1835 3374 1891 duos

1767 1938 2083 1996 personatos
2115 1927 2363 1987 homian
2402 1926 2648 1992 induxit,
2695 1926 2917 1982 Balbum
2959 1926 3237 1997 Stoicum,
3279 1928 3374 1999 qui

1767 2020 1872 2077 boc
1900 2021 2150 2091 exemplo
2183 2021 2410 2090 probare
2435 2031 2660 2077 conatur
2700 2020 2927 2077 deorum
2972 2036 3191 2076 suorum
3235 2038 3374 2091 pra:-

1762 2115 2025 2177 sentiam.
2055 2114 2252 2170 deinde
2281 2128 2410 2169 vero
2456 2114 2666 2171 Cottam
2699 2112 3114 2179 Academicum,
3145 2113 3260 2169 haec
3307 2112 3375 2169 ad

1764 2207 1937 2262 aniles
1985 2205 2197 2264 fabulas
2243 2206 2577 2275 rejicientem
2634 2204 2842 2278 (Cicer.
2893 2206 2981 2261 lib.
3016 2222 3055 2261 ιι
3081 2206 3144 2261 de
3176 2205 3370 2261 Nalur.

1768 2298 2065 2372 Deonpag.
2087 2299 2216 2364 2H,
2246 2300 2338 2354 lin.
2370 2299 2472 2364 28;
2505 2308 2549 2353 et
2579 2299 2668 2354 lib.
2698 2315 2788 2364 tu,
2815 2316 2935 2371 pag.
2968 2299 3206 2367 24!,lin.
3237 2298 3307 2356 50
3327 2301 3368 2368 ).

1838 2392 1993 2447 Aliud
2012 2391 2258 2447 Creeilius
2283 2393 2800 2462 urgetmiraculum:
2830 2392 3361 2459 «Testisludorumg

1766 2486 1960 2555 inquit,
1996 2504 2015 2541 ι
2042 2483 2505 2548 otfensilovis,dc
2534 2485 2746 2543 somnio
2777 2484 2972 2553 plebeii
3008 2485 3240 2541 hominis
3270 2486 3373 2540 ite-

1767 2580 1926 2649 ratio,
1958 2597 1979 2630 ι
2012 2577 2067 2635 Si
2099 2576 2187 2633 cui
2216 2592 2343 2633 vero
2373 2578 2488 2637 base
2512 2593 2618 2647 quo
2649 2577 2891 2634 breviora
2913 2619 2928 2642 ,
2958 2592 3027 2660 eo
3055 2578 3371 2634 obscuriora

1766 2672 2070 2737 videantur,
2100 2670 2366 2739 explicata
2398 2670 2630 2735 inveniet
2660 2669 2806 2727 hisce
2834 2666 3114 2727 Ciceronis
3153 2669 3372 2725 verbis:

1768 2781 1788 2815 ι
1818 2762 1953 2825 Cum
1989 2762 2134 2819 bello
2172 2761 2339 2819 latino
2379 2761 2487 2819 ludi
2531 2761 2696 2817 votivi
2738 2759 2956 2819 maximi
2997 2759 3228 2830 primum
3269 2759 3368 2816 fie-

1762 2865 1914 2921 rent.
1944 2855 2133 2915 civitas
2159 2865 2383 2925 repente
2411 2855 2478 2912 ad
2504 2869 2654 2911 arma
2683 2862 2768 2910 est
2793 2855 3041 2911 excitata.
3076 2854 3260 2925 Itaque
3290 2852 3373 2907 lu-

1762 2950 1845 3006 dis
1877 2949 2230 3012 intermissis,
2263 2948 2602 3007 instaurativi
2634 2946 2912 3007 constituti
2943 2954 3086 3003 sunt.
3130 2945 3231 3013 Qui
3273 2961 3374 3000 an-

1764 3052 1983 3111 tequam
2036 3043 2259 3105 tierent,
2301 3055 2532 3110 cumque
2565 3040 2677 3110 jam
2720 3038 2948 3109 populus
2998 3037 3329 3095 consedisset
3355 3078 3370 3103 ,

1762 3150 1952 3202 servus
1984 3149 2081 3203 per
2110 3134 2314 3190 circum
2346 3148 2466 3189 cum
2501 3132 2663 3202 virgis
2694 3132 3012 3195 cmderetur,
3046 3131 3245 3184 furcam
3291 3131 3373 3184 fe-

1763 3242 1921 3293 rens,
1957 3226 2149 3285 ductus
2179 3235 2280 3283 est.
2325 3224 2462 3281 Exin
2496 3223 2705 3281 cuidam
2739 3223 2941 3281 rustico
2972 3222 3213 3281 Romano
3242 3220 3372 3275 dor-

1766 3320 1952 3376 mienti
1986 3320 2129 3374 visus
2159 3328 2243 3377 est
2271 3320 2473 3381 venire,
2504 3318 2595 3387 qui
2626 3318 2829 3373 diceret
2861 3316 3232 3386 prmsultoretn
3262 3316 3364 3371 sibi

1766 3429 1873 3468 non
1915 3413 2182 3483 placuisse
2222 3412 2391 3478 ludis,
2433 3413 2593 3482 idque
2630 3411 2700 3467 ab
2739 3428 2807 3469 eo
2842 3415 3050 3481 jussum
3089 3427 3210 3466 esse
3248 3426 3370 3469 eum

1766 3506 1976 3562 senatui
2019 3503 2295 3572 nuntiare,
2338 3504 2485 3558 illum
2529 3514 2709 3561 autem
2754 3519 2863 3563 non
2907 3518 3133 3567 ausura;
3179 3502 3372 3559 iterum

1765 3613 1889 3654 esse
1918 3599 2059 3653 idem
2093 3596 2301 3666 iussum
2324 3637 2339 3661 ,
2373 3604 2426 3650 et
2456 3596 2718 3655 monitum
2738 3636 2752 3658 ,
2790 3610 2858 3652 ne
2888 3595 2994 3649 vim
3024 3609 3176 3649 suam
3205 3609 3371 3663 expe-

1764 3692 1860 3751 riri
1892 3692 2081 3755 vellet,
2119 3705 2185 3743 ne
2216 3697 2326 3743 tum
2365 3688 2582 3759 quidem
2622 3702 2744 3749 esse
2774 3702 2965 3745 ausum
2994 3705 3009 3753 ;
3042 3688 3168 3743 exin
3204 3688 3370 3743 lilium

1766 3783 1881 3854 ejus
1920 3796 2040 3839 esse
2079 3790 2382 3854 inor-tuum;
2415 3780 2660 3849 eamdem
2696 3780 3002 3845 insomniis
3045 3780 3369 3835 admonitio-

1768 3891 1890 3931 nem
1932 3873 2098 3931 fuisse
2138 3874 2390 3933 tertiam:
2434 3881 2545 3928 tum
2585 3872 2736 3927 illum
2784 3874 2946 3935 etiam
2999 3872 3236 3931 debilem
3288 3871 3372 3924 fa-

1764 3978 1909 4029 ctum
1928 4010 1941 4032 ,
1975 3983 2087 4029 rem
2113 3966 2180 4022 ad
2208 3968 2408 4021 amicos
2432 3966 2722 4031 detulisse.
2751 3980 2978 4035 quorum
3004 3965 3072 4018 de
3097 3964 3367 4019 sententia

1767 4062 2014 4123 lecticula
2056 4061 2108 4117 in
2149 4062 2351 4116 curiam
2394 4073 2514 4119 esse
2552 4058 2822 4123 delatum,
2872 4068 3107 4129 cumque
3144 4057 3371 4113 senatui

1767 4155 2036 4213 somnium
2079 4152 2471 4214 enarravisset.
2514 4148 2738 4220 pedibus
2778 4146 2890 4209 suis
2929 4145 3148 4203 domum
3190 4161 3373 4205 rever-

1768 4251 1917 4313 tisse.
1959 4247 2141 4318 Itaque
2179 4242 2390 4301 somnio
2418 4240 2768 4311 comprobato
2798 4256 2825 4309 a
2854 4246 3077 4303 senatu,
3114 4237 3270 4293 ludos
3301 4237 3369 4292 il-

1764 4344 1844 4398 los
1876 4344 2068 4397 iterum
2100 4340 2422 4401 instauratos
2450 4334 2728 4391 memoria:
2755 4332 3028 4404 proditum
3059 4339 3141 4387 est
3168 4351 3188 4385 ι
3219 4331 3237 4401 (
3264 4332 3371 4389 Cic.

1762 4435 1849 4490 lib.
1885 4451 1901 4493 t
1949 4434 2011 4488 de
2040 4432 2214 4489 Dicin.
2244 4448 2364 4502 pag.
2396 4427 2535 4493 264,
2570 4429 2662 4483 lin.
2695 4427 2764 4485 49
2787 4424 2829 4496 ).

1834 4528 1967 4585 item
2006 4524 2182 4581 adhuc
2221 4524 2381 4595 paulo
2424 4523 2641 4577 uberius
2684 4518 2945 4579 describit
2986 4518 3167 4585 Livius
3210 4518 3369 4590 (Liv.

1766 4623 1855 4677 lib.
1889 4636 1957 4687 ιι,
1988 4636 2103 4691 cap.
2138 4617 2207 4675 '56
2228 4618 2245 4691 ,l
2265 4661 2280 4685 ,
2314 4627 2369 4675 et
2396 4633 2557 4689 quem
2588 4617 2808 4684 Orator,
2840 4622 2896 4672 et
2923 4613 3200 4671 Arnobius
3242 4612 3376 4685 (Ar-

1764 4715 1881 4773 nob.
1918 4713 2006 4769 lib.
2043 4728 2150 4778 vn,
2180 4712 2299 4768 adv.
2334 4712 2482 4771 Geni.
2517 4729 2638 4784 pag.
2668 4709 2795 4777 2M,
2828 4719 2871 4764 et
2899 4725 3036 4781 seqq.
3063 4709 3082 4779 )
3115 4705 3371 4764 rusticum

1766 4808 2041 4863 dumtaxat
2069 4815 2292 4873 vocant,
2324 4806 2391 4870 ab
2421 4806 2540 4870 illo,
2568 4817 2729 4875 atque
2756 4802 2824 4866 ab
2851 4801 3149 4872 Augusdno
3173 4798 3237 4854 T.
3267 4796 3373 4852 La-

1768 4900 1926 4953 tinius
1967 4897 2228 4972 (August.
2261 4897 2348 4952 lib.
2382 4913 2463 4963 tv,
2498 4898 2560 4951 de
2589 4896 2737 4953 Civit.
2771 4911 2889 4963 cap.
2934 4894 3035 4959 26,
3070 4908 3188 4961 pag.
3220 4888 3374 4962 207)

1768 4989 1822 5045 in
1871 4991 2099 5067 quadam
2134 4990 2292 5059 hujus
2319 4990 2556 5049 editione
2587 4988 2703 5045 Tib.
2736 4988 2938 5053 Atinius
2959 5027 2975 5052 ,
3009 4984 3252 5055 plebeius
3279 4981 3379 5037 ho-

1767 5098 1889 5149 mo,
1931 5084 2021 5155 qui
2059 5098 2105 5147 a,
2131 5082 2388 5154 Dionysio
2428 5081 2851 5147 lialicarnassmo
2892 5076 3154 5151 (Diongs.
3200 5074 3375 5133 llnlic.

1770 5174 1856 5235 lib.
1892 5191 1964 5232 vn
2014 5175 2189 5247 Antiq.
2222 5172 2373 5228 Rom.
2407 5190 2527 5245 pag.
2561 5173 2666 5231 472
2690 5173 2741 5243 ),
2784 5184 2835 5227 et
2876 5169 3196 5235 Plutarcho,
3233 5172 3378 5228 Τῖτος

1773 5278 1973 5329 Λατῖνος
2000 5265 2294 5339 (Plutarch.
2322 5265 2375 5317 in
2415 5262 2528 5317 Vita
2550 5261 2813 5318 Coriolan.
2845 5273 2965 5316 ιοιιι.
2994 5278 3040 5324 ι,
3073 5277 3193 5332 pag.
3222 5258 3376 5329 2‘25),

1772 5364 1902 5421 Satis
1942 5362 2128 5419 dives.
2161 5375 2190 5414 a
2222 5358 2437 5414 Valerio
2475 5365 2653 5419 autem
2696 5357 2928 5412 Maximo
2971 5355 3190 5431 (Yaler.
3226 5353 3371 5408 illam.

1774 5454 1863 5515 lib.
1895 5470 1949 5516 t,
1983 5470 2099 5522 cap.
2130 5452 2182 5518 7,
2218 5450 2247 5522 ς
2278 5451 2312 5506 4
2333 5450 2352 5519 )
2377 5491 2391 5513 ,
2421 5450 2519 5505 nisi
2553 5448 2606 5507 in
2636 5448 2754 5520 ejus
2781 5449 2940 5505 editis
2972 5463 3035 5504 ac
3075 5446 3379 5505 manuscri-

1774 5546 1879 5619 ptis
1942 5553 2180 5607 erratum
2220 5546 2325 5610 sit,
2370 5541 2451 5597 Ti.
2497 5542 2732 5609 Atinius,
2775 5551 2831 5597 et
2868 5557 2899 5597 a
2940 5541 3219 5595 Lactantio
3259 5539 3376 5597 Tib.

1775 5640 2002 5699 Atinius
2035 5636 2306 5709 (Lactant.
2338 5635 2426 5690 lib.
2453 5649 2511 5701 ll,
2533 5650 2649 5703 cap.
2679 5636 2733 5697 7,
2766 5650 2884 5704 pag.
2922 5630 3082 5700 176),
3112 5645 3141 5685 a
3170 5630 3379 5685 Macro-

1774 5731 1863 5807 ζιῆο
1896 5727 2163 5801 (Macrob.
2195 5726 2283 5781 lib.
2316 5743 2331 5782 ι
2379 5725 2651 5783 Saturnal.
2701 5743 2820 5796 cap.
2855 5726 2914 5785 il
2945 5722 3003 5797 ),
3033 5722 3122 5793 qui
3154 5719 3204 5776 id
3234 5734 3377 5775 anno
