3818 6282
446 279 548 339 607

447 489 695 560 pellatur.

518 582 716 638 Verum
758 585 903 640 citati
947 601 977 639 a
1022 587 1177 642 nobis
1227 589 1536 648 Lactantius
1579 601 1632 648 et
1677 592 2038 662 Augustinus,

443 676 892 745 quemadmodum
915 677 1197 746 Minucius,
1223 684 1578 747 contendunt,
1601 685 1715 740 haec
1736 686 2039 740 daemonum

443 765 655 821 dolisac
675 770 958 840 prtestigiis
987 787 1108 827 esse
1139 775 1423 831 tribuenda
1449 795 1461 831 :
1497 796 1516 828 ‹
1549 779 1620 832 De
1651 778 1835 848 ipsis,»
1872 778 2042 849 inquit

444 855 728 926 Minucius,
757 878 777 913 (
800 861 886 915 illa
919 879 1038 933 qua:
1072 867 1231 936 paulo
1257 878 1382 924 ante
1408 869 1547 924 dicta
1578 881 1722 934 sunt,
1745 880 1803 924 ut
1831 871 2039 941 Jupiter

445 947 600 1005 ludos
626 964 892 1022 repeteret
916 972 980 1012 ex
1009 963 1252 1030 somnio,
1283 973 1339 1018 ut
1363 979 1485 1018 cum
1515 965 1667 1036 equis
1691 965 1939 1022 Castores
1964 965 2039 1019 vi-

443 1041 724 1112 derentur,
754 1057 814 1103 ut
838 1050 1108 1121 cingulum
1139 1067 1397 1111 matronae
1429 1057 1668 1112 navicula
1699 1068 2037 1128 sequeretur.

446 1131 572 1191 Haec
601 1139 782 1194 omnia
812 1145 987 1198 sciunt
1022 1145 1263 1217 plerique
1303 1163 1426 1218 pars
1465 1159 1698 1204 vestrum
1742 1150 1884 1220 ipsos
1927 1151 2039 1206 da:-

445 1239 636 1282 moues
664 1227 731 1285 de
759 1246 819 1286 se
850 1233 980 1303 ipsis
1009 1235 1254 1293 conﬁteri
1279 1281 1292 1305 ,
1326 1240 1536 1309 quoties
1563 1255 1592 1294 a
1625 1241 1778 1294 nobis
1809 1250 2043 1296 tormen-

445 1315 514 1375 tis
555 1322 877 1392 verborum,
925 1337 978 1383 et
1017 1331 1275 1386 orationis
1316 1333 1576 1388 incendiis
1616 1332 1684 1387 de
1726 1333 2042 1403 corporibus

445 1417 754 1484 exiguntur.
785 1438 804 1470 ι
831 1419 962 1487 Quae
989 1423 1205 1492 quidem
1238 1423 1374 1479 intra
1403 1424 1790 1495 explicabimus
1819 1426 2037 1491 clarius,

443 1514 498 1562 et
523 1521 684 1574 quam
715 1525 838 1565 vera
871 1512 1010 1579 sint,
1041 1513 1552 1570 demonstrabimus.

516 1597 653 1666 Quid
712 1601 906 1658 deinde
963 1601 1211 1660 Caecilius
1246 1623 1259 1660 :
1296 1624 1316 1658 ι
1353 1607 1418 1661 Ει
1450 1608 1754 1674 Deciorum,
1791 1627 1810 1660 ι
1847 1608 2038 1680 inquit,

453 1709 471 1742 ι
511 1691 724 1747 όενιιιίο
754 1705 889 1748 rata.
938 1715 957 1748 ι
993 1697 1087 1752 His
1118 1699 1224 1764 ille,
1259 1715 1357 1755 nec
1397 1701 1637 1770 pluribus
1665 1704 1840 1758 verbis
1872 1704 2043 1759 innuit

1728 291 1817 348 DE
1856 290 2111 348 MINUCII
2149 290 2449 352 OCTAVIO

444 397 683 510 abnurbe
719 399 930 456 condita
969 402 1075 458 475
1114 403 1405 474 contigisse
1456 406 1676 472 sciibit,
1709 407 1904 461 Annius
1943 423 2036 478 ap-
2064 409 2117 467 Λ
2171 499 2182 510 ⁹
2217 407 2369 478 Apud
2391 408 2638 510 eumdem
2674 425 2837 510 porro
2865 413 3058 510 Livium
3087 419 3297 494 legimus,
3322 443 3410 486 cum
3440 454 3560 510 τερεη.

3495 331 3662 394 008i

2147 499 2289 554 titttts
2317 502 2494 556 medio
2524 504 2576 558 in
2609 504 2754 559 urbis
2791 506 2901 561 loro
2936 507 3099 564 hiatus
3125 521 3260 569 terra:
3295 523 3446 589 expleri
3509 550 3564 590 ηε.
3653 537 3656 560 ε

2145 592 2288 644 mino
2337 595 2616 661 potuisset.
2666 595 2735 650 Μ.
2778 596 3009 653 Curtium
3041 641 3055 664 ,
3099 603 3360 664 bellicosum
3389 614 3563 690 juvenem,

2147 696 2268 738 sese
2291 683 2392 738 diis
2419 684 2721 753 devovisse,
2752 697 2907 757 atque
2930 701 3193 760 armatum,
3227 712 3340 768 equo
3361 683 3567 780 conscenso,

2145 789 2262 829 eam
2305 776 2358 830 in
2397 791 2616 847 specum
2660 794 2720 834 se
2758 780 2968 836 dedisse
2993 787 3374 856 prmeipitem,ac
3391 776 3568 872 continuo,

2145 879 2201 922 ιιι
2249 870 2486 940 loquitur
2529 872 2772 928 Valerius
2819 873 3066 932 Maximus
3107 879 3283 951 (Valer.
3321 885 3444 952 Max.,
3472 870 3570 956 lilii,

2143 975 2260 1028 cap.
2291 961 2342 1025 6,
2377 962 2427 1033 §.
2458 963 2538 1035 2).
2567 974 2761 1020 terram
2795 966 2998 1036 injectis
3025 968 3225 1026 honoris
3250 977 3385 1043 gratia
3411 957 3571 1056 lntgibus,

2147 1052 2430 1121 pristinum
2461 1071 2807 1126 recuperasse
2834 1059 3085 1114 habitum.
3116 1061 3250 1130 Quod
3273 1065 3395 1123 Livio
3417 1052 3574 1142 (puniat.

2145 1146 2362 1201 tnodum
2394 1149 2611 1205 Ctecilio
2656 1167 2761 1207 non
2795 1154 3056 1210 mediocre
3099 1159 3358 1228 prodigium
3383 1168 3574 1230 videbatur.

2147 1236 2252 1293 Sed
2281 1239 2450 1296 Varro
2495 1242 2718 1328 (Van...
2744 1246 2836 1300 lib.
2883 1263 2932 1302 tv
2967 1248 3027 1302 de
3057 1247 3198 1321 Ling.
3225 1254 3325 1319 lat.,
3362 1273 3450 1328 pag.
3482 1264 3523 1318 36
3550 1282 3578 1324 ei

2145 1331 2324 1403 seqq.)
2351 1335 2610 1403 triplicem
2635 1325 2788 1394 ea'de
2814 1355 2871 1394 re
2899 1341 3156 1398 historiam
3182 1359 3209 1399 a
3233 1325 3433 1415 Procilio,
3451 1353 3576 1425 Pisone,

2145 1433 2199 1478 et
2227 1425 2372 1480 ΑΞΙίο
2401 1427 2629 1495 Stilone,
2660 1432 2867 1488 diversa
2909 1437 3248 1502 narrantibus,
3287 1442 3490 1508 proditam
3516 1466 3581 1518 ρετ.

2148 1515 2309 1571 hibet.
2364 1519 2500 1586 Quid
2551 1538 2698 1590 vero,
2748 1524 2887 1593 quod
2958 1525 3178 1582 Zonaras
3227 1530 3428 1601 (Zonar.,
3459 1515 3582 1596 litum

2147 1608 2356 1676 Annal.,
2393 1610 2444 1682 §.
2471 1612 2544 1668 25
2576 1655 2591 1680 ,
2620 1630 2739 1686 pag.
2769 1615 2897 1689 360)
2929 1618 2991 1672 iis
3015 1634 3071 1672 se
3100 1621 3295 1677 miuinte
3319 1625 3583 1697 relragaturum

2147 1717 2268 1758 esse
2299 1704 2597 1772 proﬁtetur,
2647 1710 2734 1777 qui
2784 1709 2899 1765 haec
2940 1726 2968 1764 a
3001 1710 3100 1766 lide
3127 1714 3228 1768 veri
3253 1715 3397 1770 aliena
3419 1723 3586 1776 esistima—
3638 1723 3642 1734 '

448 1781 638 1838 Decios
670 1795 878 1856 patrem
899 1798 953 1844 et
978 1791 1164 1855 tilium,
1189 1793 1553 1864 quibusaliqui
1586 1806 1834 1866 nepotem
1861 1797 2048 1866 adjun-
2079 1791 2125 1849 B
2157 1793 2304 1848 bunt.
2337 1795 2558 1852 Orosius
2600 1815 2726 1855 vero
2755 1817 3114 1872 quoscumque
3143 1806 3244 1860 sive
3270 1805 3380 1862 deos
3405 1850 3418 1875 ,
3449 1813 3522 1866 sive
3538 1817 3588 1868 lo-

448 1885 602 1946 gunt,
657 1889 934 1950 postquam
974 1898 1036 1938 se
1075 1899 1173 1954 pro
1220 1885 1476 1942 Romanis
1505 1890 1860 1944 excercitibus
1888 1889 2051 1944 devo-

449 1972 670 2037 vissent,
703 1983 940 2032 armatos
967 1978 1187 2034 irruisse
1215 1981 1420 2035 medios
1447 1983 1497 2035 in
1528 1981 1735 2049 hostes,
1765 1998 1829 2038 ac
1857 1984 2051 2053 despe-

447 2075 619 2121 ratam
667 2068 899 2137 gloriosa
945 2081 1120 2127 morte
1159 2073 1457 2142 victoriam?
1487 2073 1652 2130 fuisse
1695 2085 2034 2131 consecutos.

449 2163 627 2232 Atque
657 2160 772 2216 haec
801 2165 930 2218 varii
958 2168 1270 2236 scriptores,
1303 2183 1365 2224 ac
1393 2169 1446 2223 in
1479 2170 1665 2240 primis
1694 2170 1906 2237 Cicero,
1943 2171 2048 2225 Va-

449 2254 613 2312 lerius
649 2255 934 2328 Maximus,
977 2260 1190 2328 Florus,
1235 2261 1458 2328 Plinius,
1500 2271 1554 2318 et
1586 2263 1765 2318 Livius
1796 2279 2046 2320 narrave-

447 2360 590 2406 1⁵11111.

521 2443 719 2500 Verum
734 2447 899 2502 Balbo
917 2447 1098 2504 Stoico
1118 2447 1234 2504 hinc
1249 2447 1390 2520 apud
1411 2447 1727 2504 Ciceronem
1750 2449 2045 2519 objicienti,

450 2535 606 2592 Cotta
647 2547 918 2611 tamquam
961 2540 1176 2597 caeteris
1200 2542 1448 2597 omnibus
1493 2541 1745 2606 ethnicis,
1789 2542 2048 2596 adversus

450 2629 786 2688 Christianos
814 2643 997 2703 postea
1027 2635 1359 2706 pugnaturis,
1405 2635 1616 2690 obviam
1655 2636 1732 2688 ire
1768 2634 2046 2699 voluisset,

451 2723 536 2779 his
567 2726 843 2795 respondit
867 2728 1044 2782 verbis
1073 2748 1086 2784 :
1122 2747 1141 2780 ι
1178 2728 1258 2784 Tu
1288 2737 1464 2783 autem
1496 2728 1778 2783 Deciorum
1808 2727 2052 2782 devotio-

450 2816 608 2871 nibus
638 2820 873 2888 placatos
893 2835 1015 2876 esse
1034 2820 1164 2876 deos
1177 2837 1390 2877 censes.
1410 2820 1540 2889 Quae
1565 2821 1664 2876 fuit
1691 2837 1877 2875 eorum
1906 2829 2051 2874 tanta

452 2907 708 2980 iniquitas
760 2922 816 2966 ut
843 2913 1039 2983 placari
1069 2915 1264 2984 populo
1288 2915 1527 2969 Romano
1557 2929 1660 2968 non
1683 2922 1919 2980 possent,
1952 2913 2052 2968 nisi

454 3003 556 3058 viri
600 3004 738 3059 tales
779 3006 1141 3062 occidissent?
1183 3005 1476 3061 Consiliqu
1508 3005 1634 3060 illttd
1668 3004 2051 3074 Imperatorutn

456 3096 576 3164 fuit,
605 3097 695 3169 qui
726 3099 913 3168 patriae
941 3100 1303 3162 consulerent,
1338 3099 1458 3152 vita:
1487 3114 1591 3153 non
1625 3106 1919 3167 parcerent.
1953 3097 2055 3151 lte—

2157 1887 2330 1940 tttines
2377 1890 2616 1957 corripit,
2669 1893 2758 1961 qui
2811 1903 2969 1947 terrae
3009 1896 3217 1960 hiatum,
3247 1897 3333 1952 nisi
3367 1901 3476 1954 vivus
3503 1904 3592 1959 homo
3653 1947 3656 1950 .

2153 1978 2453 2045 Sorbeatur,
2485 1984 2742 2052 compleri
2793 2000 2898 2040 non
2950 2001 3102 2055 posse
3137 1989 3314 2058 opinati
3353 2003 3447 2046 sunt
3472 1993 3593 2065 (Oros,

2152 2070 2243 2124 lib.
2281 2072 2332 2125 tit
2377 2071 2538 2140 Hist,
2597 2090 2716 2146 cap.
2751 2076 2827 2149 5).
2864 2077 3100 2149 Denique
3128 2096 3191 2136 ne
3217 2081 3512 2155 Hieronymum
3530 2104 3595 2143 oin-

2160 2165 2284 2218 uiuo
2319 2177 2720 2235 praetereamus,
2763 2171 3051 2228 observare
3081 2173 3221 2243 juvat
3255 2189 3360 2229 eum
3391 2190 3518 2246 aperte
3540 2181 3596 2234 du-

2151 2255 2328 2310 cuisse
2381 2257 2463 2312 his
2515 2257 2705 2323 Curtii,
2765 2261 3069 2328 Deciorum,
3119 2263 3409 2336 aliorumque
3444 2269 3597 2324 similium

2153 2347 2326 2413 factis,
2359 2351 2603 2419 quamvis
2635 2366 2761 2406 vera
2791 2368 2912 2408 esse
2943 2354 3242 2424 probentur,
3281 2356 3411 2410 tidem
3441 2359 3599 2414 Cliristia

2155 2456 2348 2496 norum
2383 2458 2486 2497 non
2515 2444 2675 2497 modo
2706 2461 2811 2500 non
2845 2447 3034 2513 minui,
3063 2448 3156 2504 sed
3186 2450 3244 2504 iis
3270 2449 3367 2505 ﬁeri
3392 2455 3598 2508 certiorem:

2158 2552 2176 2585 ι
2214 2532 2268 2590 Si
2299 2535 2550 2600 historiis,
2576 2555 2595 2589 ι
2631 2537 2818 2607 inquit,
2850 2560 2866 2590 ι
2891 2540 3164 2609 gentilium
3181 2541 3598 2613 credimus,quodCt-

2153 2625 2304 2689 drus,
2337 2639 2388 2680 et
2419 2627 2655 2695 Curtius,
2684 2640 2736 2684 et
2770 2631 2916 2685 Decii
2957 2648 3134 2688 tnures
3161 2633 3438 2704 pestilentias
3465 2636 3600 2700 urbium,

2153 2725 2206 2769 et
2230 2717 2414 2784 l'amcs,
2447 2730 2500 2772 et
2530 2719 2668 2775 bella
2709 2721 2822 2775 suis
2853 2725 3116 2778 mortibus
3148 2727 3465 2794 represserint,
3487 2741 3603 2796 qiuuo

2162 2811 2331 2878 magis
2375 2809 2476 2864 hoc
2519 2811 2610 2865 Dei
2657 2813 2766 2866 lilio
2814 2815 3072 2884 possibile
3114 2817 3402 2872 credendum
3431 2822 3604 2888 esl,quod

2159 2918 2353 2959 cruore
2382 2921 2479 2957 suo
2508 2923 2611 2960 non
2645 2908 2828 2963 urbem
2861 2926 3045 2977 unam,
3077 2912 3164 2966 sed
3194 2921 3339 2966 totum
3365 2926 3540 2982 purgaret
3557 2929 3603 2966 or-

2156 2994 2275 3049 "°"'
2309 3016 2326 3048 ν
2366 2997 2384 3066 (
2418 2999 2726 3071 ¹¹ίυτοιιγιηι
2781 3002 2830 3054 in
2896 3013 3020 3073 cap.
3065 3019 3078 3058 I
3121 3003 3281 3074 Epist.
3328 3003 3384 3058 ad
3420 3003 3550 3075 ΕρΙιεε.
3579 3021 3606 3056 v.

2160 3087 2188 3139 7
2223 3086 2264 3157 ).
2329 3088 2485 3144 Plura
2519 3091 2585 3145 de
2628 3091 2710 3146 liis
2751 3092 2983 3148 insolitis
3018 3094 3297 3158 eti'ectibus,
3333 3113 3425 3167 qua:
3453 3097 3608 3150 miracula

457 3167 652 3248 bantur
691 3167 834 3247 enim
880 3192 996 3248 fore.
1040 3203 1097 3246 ut
1142 3191 1408 3246 exercitus
1451 3172 1867 3262 Imperatorem;
1909 3206 2050 3260 equo
2076 3167 2120 3230 C
2156 3181 2384 3237 ethnicis
2414 3185 2747 3252 videbantur,
2781 3187 3024 3258 diSputat
3052 3191 3370 3261 Augustinus,
3388 3206 3499 3260 quem
3525 3190 3614 3242 latilc

456 3286 678 3342 incitato
720 3300 781 3340 se
827 3286 880 3340 iu
922 3285 1105 3340 hostes
1145 3286 1514 3341 itnntittentem
1577 3295 2046 3356 persequerentur.

458 3377 514 3432 ld
539 3378 680 3448 quod
704 3378 880 3432 evenit
913 3377 1109 3447 (Cicer.
1135 3378 1227 3434 lib.
1254 3395 1289 3433 ιι
1316 3381 1378 3433 de
1407 3377 1605 3444 Finib.,
1643 3394 1762 3450 pag.
1788 3378 1848 3433 6|
1875 3395 1887 3442 ;
1919 3378 2011 3432 lib.
2038 3395 2050 3431 t

458 3469 651 3523 Tusca!
681 3511 695 3532 ,
726 3483 846 3539 pag.
878 3469 1013 3536 {50;
1043 3470 1134 3526 lib.
1167 3487 1243 3539 ιιι,
1268 3487 1384 3543 pag.
1421 3474 1555 3539 “6;
1582 3473 1644 3526 de
1673 3474 1902 3536 Senect.,
1930 3488 2050 3542 pag.
2090 3494 2092 3496 ν

458 3559 599 3625 “6;
637 3558 832 3614 Parad.
864 3561 920 3627 2,
953 3577 1074 3633 pag.
1105 3563 1234 3618 454.
1261 3564 1438 3620 Valer.
1475 3564 1613 3620 Max.
1644 3565 1738 3619 lib.
1769 3582 1822 3630 v,
1851 3581 1969 3635 cap.
1997 3567 2051 3631 6,

464 3649 492 3721 §
527 3651 561 3706 5
585 3661 640 3706 et
664 3651 717 3706 6.
743 3651 932 3708 Florus
979 3654 1070 3708 lib.
1099 3671 1158 3722 tt,
1182 3671 1302 3726 cap.
1333 3657 1396 3710 14
1427 3668 1480 3712 et
1506 3658 1593 3712 17.
1623 3658 1761 3712 Plin.
1795 3659 1885 3714 lib.
1919 3676 2056 3725 χχιι,

469 3743 602 3798 Hist.
630 3755 827 3810 natur.,
861 3761 977 3818 pag.
1009 3748 1145 3812 18ος
1175 3763 1290 3817 cap.
1321 3749 1377 3815 2,
1409 3765 1526 3820 pag.
1558 3751 1682 3808 557.
1713 3751 1828 3806 Liv.
1861 3753 2056 3808 Decad.

463 3852 499 3900 ι,
555 3837 646 3891 lib.
701 3853 848 3904 xvnt,
898 3855 1017 3910 pag.
1063 3837 1183 3894 t2l.
1215 3838 1330 3896 Cic.
1379 3841 1470 3896 lib.
1505 3857 1540 3896 tt
1567 3843 1628 3896 de
1656 3841 1847 3897 Natur.
1877 3842 2057 3909 Deor.,

463 3943 586 3999 pag.
633 3927 771 3996 2t5;
815 3940 870 3985 et
921 3932 1012 3986 lib.
1067 3948 1144 3999 ut,
1195 3947 1315 4003 pag.
1357 3930 1512 4002 242).
1562 3953 1579 3985 ι
1634 3933 1861 3989 Tantum
1905 3936 2062 4006 igitur

463 4022 636 4089 abest,
667 4033 726 4078 ut
752 4025 805 4078 in
837 4024 934 4079 hac
955 4025 1178 4080 victoria
1210 4025 1482 4096 quidpiam
1513 4027 1774 4092 miraculi,
1818 4037 1910 4082 aut
1936 4027 2062 4082 deo-

463 4128 582 4170 rum
615 4117 957 4185 praesentium
989 4117 1172 4172 auxilii
1202 4119 1364 4174 fuisse
1397 4120 1686 4190 putaverit;
1725 4121 1850 4190 quin
1885 4123 2062 4190 potius

463 4209 753 4262 maximam
788 4209 1022 4277 illorum,
1057 4210 1102 4265 si
1133 4211 1184 4265 id
1227 4213 1498 4276 iecissent,
1546 4213 1877 4284 iniquitatem
1921 4213 2061 4268 hattd

465 4297 733 4355 immerito
761 4310 1034 4372 eoarguat.
1067 4302 1232 4357 Docet
1266 4302 1444 4374 itaque
1480 4303 1618 4359 hanc
1657 4305 1938 4359 Deciorum
1967 4305 2063 4360 de-

467 4393 738 4448 votionem
788 4395 920 4450 nihil
970 4397 1110 4451 aliud
1155 4398 1317 4453 fuisse
1362 4399 1464 4454 nisi
1507 4399 1892 4469 lmpcratorum
1921 4425 2066 4472 στρη-

466 4501 680 4558 ττςγημι,
715 4498 1106 4560 consuetasque
1150 4500 1292 4544 artes
1331 4504 1383 4544 et
1428 4492 1600 4554 dolos.
1647 4494 1840 4562 quibus
1885 4493 2066 4549 hostes

2155 3273 2303 3329 adire
2356 3277 2560 3344 poteris
2597 3277 2844 3349 (August.
2898 3282 2990 3334 lib.
3042 3298 3072 3335 χ
3115 3283 3175 3334 de
3202 3281 3319 3348 Civ.,
3357 3297 3447 3351 pag.
3467 3280 3555 3341 252;
3582 3291 3612 3334 et

2160 3367 2253 3420 lib.
2287 3383 2401 3433 xxi,
2431 3386 2548 3438 cap.
2585 3371 2618 3424 6
2644 3381 2696 3424 et
2733 3387 2908 3440 seqq.,
2941 3389 3059 3444 pag.
3095 3373 3197 3428 624
3219 3382 3268 3429 et
3289 3374 3427 3443 seqq).

2233 3462 2498 3518 Caeterum
2557 3481 2617 3520 ea
2667 3468 2844 3520 omnia
2890 3468 3207 3523 Christianis
3233 3466 3406 3537 objecta
3435 3463 3613 3521 aCxcilio

2161 3557 2349 3612 aliisve
2375 3559 2660 3628 gentilibus
2691 3561 2960 3630 exempla,
2995 3563 3108 3616 sive
3134 3571 3426 3633 argumenta,
3457 3559 3530 3630 jam
3557 3557 3613 3610 .lli-

2167 3650 2355 3704 nucitts
2388 3652 2754 3707 invictissimis
2784 3654 2890 3708 illis
2934 3655 3228 3710 rationibus
3267 3655 3452 3709 funditus
3479 3652 3614 3705 subter-

2165 3752 2320 3810 tcrat,
2351 3746 2542 3812 quibus
2577 3762 2737 3799 unum
2789 3749 3164 3803 tantummodo
3211 3748 3376 3813 Deum,
3410 3758 3474 3799 uec
3501 3744 3612 3810 plures

2165 3851 2284 3891 esse
2312 3837 2720 3892 demonstravit.
2753 3839 2949 3893 Verum
2984 3841 3084 3895 hac
3117 3839 3419 3910 resp0usiouc
3435 3849 3501 3889 non
3525 3847 3610 3885 Con-

2168 3942 2365 3997 tentus,
2403 3934 2574 4001 palam
2605 3933 2824 3987 cuilibet
2864 3933 2992 3988 facit
3031 3949 3094 3990 ea
3133 3933 3324 3998 omnia,
3353 3942 3394 3985 ut
3421 3927 3520 3997 paulo
3537 3933 3615 3977 all“!

2167 4023 2424 4090 diximus,
2455 4039 2518 4078 ac
2558 4027 2800 4094 sequenti
2832 4026 3009 4096 capite
3049 4025 3386 4086 ostendemus,
3409 4015 3616 4074 lactantia?

2167 4116 2470 4171 daemonum
2502 4116 2856 4172 fraudulentis
2881 4120 3091 4174 artibus
3116 4129 3168 4174 et
3201 4114 3454 4190 praestigiis.

2767 4248 3060 4288 ARTICULL‘S
3100 4249 3156 4287 ll.

2171 4369 2398 4426 Deorum
2448 4375 2771 4439 prwsentiam
2808 4392 2839 4427 α
2888 4373 3095 4428 chilio
3142 4390 3239 4428 non
3279 4369 3448 4443 probari
3473 4360 3617 4458 oraculis,

2248 4475 2521 4534 vatumque
2565 4474 2841 4536 responsis,
2881 4466 3063 4536 quibus
3104 4465 3343 4519 Minucius
3373 4458 3524 4529 opponit
3549 4452 3622 4503 Αω-
3695 4452 3697 4484 ⁵

467 4551 744 4643 fuderunt,
773 4595 835 4634 ac
863 4579 930 4634 de
958 4551 1384 4649 iis'reportaruut
1409 4551 1704 4637 victotiani.
1729 4587 1824 4639 Cui
1849 4586 2064 4656 quidem
2093 4551 2146 4611 Β
2247 4559 2468 4656 μί’ίαηὲίν
2519 4558 2760 4656 Τίνίῗδίίεν,
2782 4561 3054 4656 ,Αηοιιὲηίδ
3105 4559 3277 4656 ΡΨωί
3313 4552 3504 4622 eam?!“
3541 4555 3627 4613 Ψ

467 4670 661 4734 Cottas,
691 4685 786 4727 seu
817 4673 990 4738 malis,
1020 4672 1294 4728 Ciceronis
1338 4677 1615 4731 sententiae
1657 4677 1892 4733 Zonaras
1936 4681 2067 4734 sub-

469 4763 752 4833 scripsisse
803 4765 946 4819 visus
988 4773 1072 4819 est
1113 4764 1328 4836 (Zonar.
1371 4767 1464 4822 lib.
1520 4784 1588 4822 vti
1634 4771 1820 4824 Annal.
1872 4771 1920 4842 §.
1972 4773 2065 4840 26,

470 4873 590 4928 pag.
622 4858 771 4932 365).

545 4951 823 5007 Postremo
851 4952 999 5007 addit
1028 4952 1315 5008 Caecilius:
1361 4972 1380 5005 ς
1415 4954 1590 5011 Testis
1622 4965 1676 5011 et
1713 4957 1943 5024 Curtius,
1978 4961 2069 5029 qui

471 5043 668 5114 equitis
714 5045 795 5098 sui
823 5044 905 5097 vel
947 5045 1088 5099 mole
1115 5087 1130 5110 ,
1176 5045 1257 5100 vel
1301 5044 1501 5102 honore
1546 5046 1746 5102 hiatum
1793 5051 2069 5119 profundae

472 5138 739 5207 voraginis
764 5139 1081 5208 coaequavit.
1109 5158 1126 5191 ι
1162 5138 1388 5208 Quidam
1421 5151 1605 5210 putant
1629 5141 1697 5196 ibi
1728 5144 1927 5214 duplex
1950 5161 2071 5201 esse

473 5229 677 5284 librarii
707 5229 977 5296 mendum,
1007 5246 1069 5285 ac
1099 5246 1195 5300 pro
1230 5250 1247 5284 ι
1289 5233 1602 5302 cquitis.....
1629 5234 1849 5303 honore,
1890 5257 1906 5288 ι
1938 5239 2072 5292 seri-

473 5321 705 5375 benduin
739 5340 759 5372 ‹
797 5323 1084 5391 equi.......
1110 5339 1296 5379 curre.
1341 5346 1358 5376 ι
1395 5325 1499 5381 Sed
1533 5330 1910 5397 nequicquam.
1949 5330 2072 5383 Ete-

474 5414 583 5468 nim
615 5414 800 5469 scribit
826 5415 1004 5471 Livius
1027 5418 1263 5472 Curtium
1299 5437 1317 5470 ι
1353 5435 1492 5488 equo
1519 5436 1673 5490 quam
1707 5420 1944 5475 maxime
1976 5437 2072 5491 po-

476 5515 612 5562 terat
661 5519 850 5563 ornato
901 5510 1181 5566 insedisse.
1248 5533 1265 5563 ›
1319 5513 1584 5566 Οἱιεειιτνειι
1629 5521 1805 5567 autem
1855 5512 2072 5570 Servius

479 5620 497 5652 ι
535 5601 789 5672 equitem,
847 5623 866 5654 ι
910 5604 1196 5675 aliquando
1235 5603 1371 5673 apud
1405 5603 1683 5674 Virgilium
1725 5604 1866 5659 idem
1912 5615 2072 5676 atque

472 5711 668 5767 equum
699 5698 996 5768 signiﬁcare
1037 5699 1178 5770 (Liv.
1218 5697 1411 5752 Decad.
1455 5713 1492 5761 t,
1525 5697 1617 5753 lib.
1659 5714 1753 5765 vn,
1794 5714 1914 5770 pag.
1942 5699 2064 5755 106.

475 5789 663 5861 Virgil.
695 5790 788 5848 lib.
820 5807 874 5847 ιιι
905 5790 1092 5862 Georg.
1123 5807 1177 5846 v.
1213 5789 1363 5857 116).

2243 4653 2570 4704 oraculorum
2602 4651 3066 4723 Amp/tibologiam,
3107 4663 3154 4705 et
3179 4654 3414 4721 defectum.

2247 4764 2482 4818 'l‘ametsi
2506 4764 2569 4817 ad
2595 4765 2922 4834 probandam
2955 4765 3180 4819 deorum
3202 4759 3479 4834 praesentiam
3495 4763 3565 4804 non
3581 4748 3630 4798 in-

2177 4855 2286 4910 ﬁmi
2328 4859 2579 4910 momenti
2628 4859 2731 4909 sint
2771 4859 3002 4921 oracula,
3037 4859 3227 4928 quibus
3265 4869 3342 4909 res
3375 4852 3513 4906 fututa
3532 4838 3629 4907 modo

2176 4951 2354 5020 aliquo
2387 4966 2560 5005 rerum
2602 4961 2902 5005 creatarum
2936 4955 3038 5004 viui
3082 4959 3355 5021 superante
3387 4937 3630 5016 prft‘nuntiattc

2171 5054 2290 5111 tur;
2323 5047 2568 5102 Caecilius
2598 5047 2944 5101 nihilominus
2975 5066 2986 5100 :
3025 5065 3044 5096 ‹
3084 5045 3378 5108 Praedicta”
3407 5034 3542 5106 inquit,
3567 5026 3630 5080 ille

2173 5140 2406 5194 oraculis
2437 5139 2540 5194 fata
2577 5142 2836 5194 transitio.
2874 5162 2890 5191 ο
2927 5139 3205 5196 Rationem
3228 5150 3384 5194 autent
3410 5131 3632 5189 continenlﬂ

2176 5230 2376 5298 reddit,
2401 5247 2498 5285 cur
2527 5234 2655 5286 tanti
2685 5231 2940 5302 ponderis
2964 5242 3322 5302 argumentum
3345 5221 3628 5314 praetermittit"

2181 5342 2199 5376 ι
2238 5323 2314 5377 Ne
2337 5324 2512 5388 vobis,
2541 5345 2558 5375 ι
2591 5326 2662 5376 ait
2693 5325 2799 5390 ille,
2827 5343 2845 5375 ι
2877 5326 3165 5393 antiquitas
3187 5323 3386 5378 nimium
3409 5313 3575 5371 fabulosa

2173 5414 2365 5471 deatur
2399 5434 2413 5471 :
2445 5427 2500 5471 et
2529 5426 2671 5470 recte
2687 5415 3067 5487 quidcm.Natn
3087 5424 3280 5486 quanto
3305 5409 3634 5466 validiusenttl5

2174 5511 2446 5579 sacrisque
2471 5511 2854 5578 Prophetarum
2881 5519 3181 5564 nostrorum
3203 5506 3520 5570 oraculisque
3539 5490 3633 5548 εὔρει

2176 5613 2285 5658 tum
2319 5619 2472 5657 suum
2496 5603 2680 5658 sortita
2712 5614 2856 5669 sunt,
2885 5602 2949 5657 ad
2975 5600 3306 5656 asserendam
3330 5593 3627 5651 christiaqu

2177 5695 2389 5766 ligiunis
2422 5695 2699 5750 veritatem
2741 5703 3136 5765 argumentum,
3184 5702 3238 5747 ut
3277 5689 3386 5745 alibi
3420 5678 3632 5766 videbimus.

2175 5764 2404 5852 eruitur,
2439 5797 2586 5841 tanto
2616 5786 2786 5842 levius
2813 5764 2870 5839 et
2900 5783 3124 5840 debilius
3154 5793 3252 5846 est,
3281 5781 3320 5834 si
3351 5771 3518 5831 oracula
3540 5764 3631 5819 labu-

3653 92 3689 502 ι
