3818 6282
225 282 300 338 609
1582 282 1744 342 DlSSI

1924 285 2051 342 T10.

3342 298 3449 356 610

223 387 317 460 lusa,
335 392 492 458 dubia,
514 399 567 448 et
587 392 1004 466 amphibologiae
1031 394 1183 466 plena
1206 395 1331 450 sint.
1355 397 1425 452 At
1443 399 1565 454 talia
1590 399 1753 457 fuisse
1781 403 1831 464 Α
1862 401 2035 472 Pythii
2079 414 2332 473 responsa
2361 402 2637 471 confinxit,
2665 419 2785 461 cum
2813 404 2921 476 jam
2946 407 3136 480 Apollo
3158 425 3346 470 versus
3373 415 3451 469 fa.

225 493 497 547 ethnicorum
525 491 742 568 oracula
771 492 850 546 sic
879 503 1104 548 eventus
1132 494 1396 564 probavit,
1424 507 1480 552 ut
1510 499 1561 552 id
1585 499 1752 555 C(lfCi-

208 589 286 644 lius
309 601 394 640 non
419 585 642 656 potuerit
671 586 922 641 inticiari.

266 678 328 734 Ad
375 675 502 731 aliud
557 676 736 747 itaque
793 679 1032 750 confugit
1084 685 1558 755 propugnaculum,
1615 689 1755 745 unde

208 783 359 830 contra
392 769 802 825 CltriSIianorum
845 772 1075 843 impetus
1103 775 1235 831 deos
1272 793 1420 843 suos,
1463 796 1754 852 eorumque

210 865 554 938 superstitiosos
581 863 760 918 cultus
792 864 1001 922 felicius
1037 885 1096 923 se
1135 869 1480 927 defensurum
1525 875 1752 930 arbitra-

215 970 304 1014 tur.
334 958 477 1029 Urget
501 971 609 1025 ergo
641 970 928 1025 reSponsa,
958 975 1077 1029 qua:
1106 971 1254 1016 vates
1285 964 1334 1016 in
1374 966 1586 1034 templis
1625 967 1751 1021 red-

209 1052 327 1107 dere
361 1050 581 1106 solebant.
615 1047 912 1104 Contendit
961 1053 1102 1106 enim
1147 1053 1267 1108 illos
1313 1057 1363 1109 in
1414 1056 1600 1112 iisdem
1642 1060 1754 1113 suis

209 1142 410 1209 templis,
433 1139 504 1194 ubi
523 1138 646 1193 deos
674 1139 922 1196 habitare
944 1143 1322 1213 opinabantur,
1353 1148 1535 1204 dtvino
1564 1165 1749 1206 eurum

199 1233 358 1288 afﬂatu
375 1247 428 1286 ac
454 1230 656 1286 numine
681 1232 869 1302 plenos
896 1232 1070 1289 futura
1097 1238 1426 1304 prmdixisse,
1452 1256 1513 1295 ac
1538 1242 1753 1299 dedisse

189 1324 424 1379 cautelam
453 1322 718 1392 periculis,
759 1323 963 1379 morbis
1002 1326 1282 1393 medelam,
1327 1346 1475 1400 spem
1515 1332 1747 1400 afﬂictis,

182 1424 228 1471 et
254 1415 364 1470 aliis
406 1414 643 1469 solatium
693 1423 789 1469 aut
836 1417 1100 1472 levamen.
1136 1418 1328 1474 Verum
1369 1423 1639 1492 quomodo
1678 1425 1750 1480 dii

178 1509 248 1564 illi
292 1508 400 1563 lucc
449 1516 698 1576 praestare
746 1510 1066 1578 potuissent,
1111 1528 1247 1582 quos
1288 1515 1547 1572 Minucius
1592 1519 1752 1588 plane

175 1602 375 1657 ﬁctitios
401 1642 416 1666 ,
457 1601 735 1674 nullosque
761 1618 881 1661 esse
933 1622 1184 1676 perquam
1226 1609 1625 1667 evidentissime
1655 1614 1749 1668 tle-

175 1679 542 1750 monstraverat
561 1694 584 1746 ?

245 1786 322 1844 Ne
346 1798 502 1842 tamen
545 1788 766 1857 petitam
804 1807 869 1846 ex
905 1791 1188 1858 vaticiniis,
1229 1793 1437 1848 illorum
1482 1796 1554 1850 uti
1599 1807 1747 1866 puta-

168 1881 292 1935 bant
320 1879 521 1946 etltniei,
560 1880 744 1935 afﬂatu
777 1882 954 1949 editis,
988 1887 1525 1955 argumentationem,
1558 1907 1748 1960 quam-

165 1973 243 2027 vis
262 1972 368 2042 jam
391 1987 648 2037 eversam,
681 1974 934 2030 declinari
963 1975 1208 2032 Caecilius
1235 1977 1746 2052 causaretmy'plut-a

168 2063 358 2119 idcirco
394 2073 548 2133 atque
577 2064 875 2120 celebriora
912 2077 1090 2122 vatum
1131 2085 1385 2139 responsa
1439 2074 1746 2143 singillatim

165 2156 406 2218 confutat,
457 2172 516 2212 ac
561 2157 883 2215 Christianis
924 2177 1202 2232 perperam
1246 2164 1404 2234 objici
1458 2168 1691 2223 ostendit
1733 2191 1746 2225 :

169 2269 184 2301 ι
226 2249 353 2316 Quae
378 2267 503 2306 vero
534 2291 550 2316 ,
582 2262 636 2306 et
665 2263 863 2323 quanta
897 2255 966 2309 de
989 2256 1219 2312 oraculis
1249 2275 1539 2330 prosequar
1565 2266 1586 2316 ?
1625 2262 1754 2318 Post

159 2353 376 2399 mortem
410 2346 769 2416 Amphiaraus
795 2359 1020 2404 ventura
1046 2333 1339 2422 reSpondit,
1368 2356 1457 2424 qui
1485 2356 1750 2424 proditum

158 2434 217 2490 iri
239 2452 299 2492 se
330 2437 396 2492 ob
419 2438 617 2494 monile
641 2439 711 2494 ab
732 2456 900 2496 uxore
926 2443 1167 2499 nescivit.
1210 2465 1228 2497 ι
1262 2445 1533 2518 Eriphylae
1555 2465 1750 2505 nomen

151 2527 273 2584 huic
305 2531 408 2585 fuit
447 2533 760 2602 Amphiarai
796 2535 968 2600 uxori,
1015 2535 1083 2592 de
1131 2554 1233 2608 qua
1281 2539 1521 2595 Cicero:
1568 2559 1587 2593 ι
1634 2542 1754 2597 Eri-

151 2622 363 2696 pbylam
391 2627 702 2697 accepimus
741 2628 794 2682 itt
835 2627 1032 2685 fabulis
1070 2646 1131 2685 ea
1171 2633 1482 2702 cupiditate,
1529 2644 1585 2689 ut
1627 2650 1747 2691 cum

151 2716 375 2772 vidisset
418 2720 642 2786 monile,
677 2729 735 2774 ut
761 2721 974 2790 Opinor,
999 2737 1063 2777 ex
1090 2737 1223 2778 auro
1263 2734 1318 2779 et
1357 2728 1605 2796 gemmis,
1657 2749 1675 2780 ι
1721 2745 1749 2782 a

145 2806 401 2879 Polynice
426 2810 688 2876 oblatum,
711 2830 729 2863 ι
770 2812 1168 2884 pulchritudine
1195 2815 1310 2885 ejus
1338 2818 1574 2886 incensa,
1607 2821 1751 2876 Salu-

147 2911 252 2955 tem
299 2903 402 2957 viri
444 2904 703 2974 proderet
730 2905 972 2978 nfCicer.
1015 2908 1108 2962 lib.
1149 2925 1223 2976 ιχ,
1253 2910 1305 2964 in
1338 2909 1589 2979 Verrem,
1629 2930 1748 2986 pag.

152 2999 270 3064 167,
302 3000 400 3057 Ιὶη.
433 3002 530 3075 5).
591 3004 698 3060 Sed
739 3006 809 3060 de
853 3005 1184 3075 Amphiarao
1217 3007 1326 3077 jam
1365 3007 1752 3077 disputavimus

154 3092 322 3164 (Tom.
356 3111 374 3150 ι
403 3097 656 3167 Apparat.
708 3097 805 3152 lib.
852 3114 930 3164 ιιι,
965 3099 1179 3154 dissert.
1205 3099 1259 3167 2,
1292 3115 1408 3171 cap.
1443 3100 1533 3166 20,
1561 3111 1665 3156 art.
1691 3101 1746 3168 2,
1775 3095 1820 3158 C

158 3202 267 3254 pag.
303 3188 486 3258 1117).
529 3189 723 3245 Citatis
767 3205 930 3260 porro
975 3192 1044 3246 ibi
1092 3193 1446 3261 scriptoribus
1490 3193 1747 3264 adjunge-

157 3295 267 3335 mus
313 3281 720 3355 Hieronymum,
763 3284 855 3354 qui
895 3285 1193 3353 Ciceronis,
1227 3286 1548 3358 Mittuciiquc
1580 3289 1744 3344 nostri

163 3373 468 3429 sententiam
501 3374 584 3431 sic
608 3376 922 3445 comprobat
949 3393 964 3432 :
1000 3394 1019 3426 ι
1058 3375 1315 3448 Eripher
1345 3378 1540 3433 dicitur
1565 3380 1745 3449 prodi-

166 3465 296 3522 disse
319 3469 724 3539 Amphiaraum,
749 3479 803 3526 et
823 3472 978 3525 saluti
1009 3472 1107 3526 viri
1137 3473 1337 3527 monile
1362 3489 1582 3528 aureum
1611 3490 1745 3544 pra:-

167 3558 334 3612 tulisse
372 3578 392 3610 ι
423 3560 786 3632 (Hieronym..
813 3563 906 3618 lib.
944 3579 960 3617 ι
989 3563 1108 3617 adv.
1136 3565 1399 3618 Joviuian.
1431 3567 1562 3621 circ.
1597 3567 1741 3637 fin.).

167 3648 286 3706 Vide
311 3651 501 3722 adhuc,
535 3655 579 3708 si
608 3655 808 3723 lubeat,
841 3657 892 3710 in
933 3656 1124 3728 Odyss.
1178 3658 1394 3714 llomeri
1434 3660 1525 3716 lib.
1568 3677 1643 3730 XI,
1685 3678 1736 3717 v.

169 3741 260 3798 ἶ)ὶό
283 3745 510 3811 scholia;
541 3754 596 3802 et
625 3747 677 3801 in
702 3747 908 3819 Virgilii
935 3749 1026 3806 lib.
1054 3767 1105 3804 v1
1132 3749 1350 3806 AEneid.
1405 3767 1456 3806 ν.
1498 3753 1569 3808 44
1614 3755 1742 3812 Ser-

171 3835 227 3888 vii
258 3839 641 3896 annotationes.

229 3927 419 3987 Deinde
443 3947 568 3987 vero
600 3951 621 3984 ‹
657 3932 912 4002 Tiresias,
939 3956 956 3988 ι
982 3936 1055 3991 ait
1075 3944 1262 3992 auctor
1286 3947 1488 4005 noster,
1523 3960 1542 3992 ι
1564 3956 1742 3998 caecus

173 4018 326 4078 futura
371 4027 594 4092 videbat,
638 4029 726 4098 qui
768 4032 1052 4099 praesentia
1098 4047 1203 4086 non
1248 4033 1478 4091 videbat.
1536 4055 1554 4089 ›
1588 4037 1744 4093 Prius

184 4123 330 4171 autem
360 4119 562 4186 Cicero,
606 4135 672 4174 ex
704 4137 812 4191 quo
852 4136 943 4176 sua
977 4124 1066 4178 ille
1090 4124 1299 4180 videtur
1337 4126 1625 4194 delibasse,
1659 4130 1742 4183 di-

191 4219 299 4264 serte
327 4211 543 4268 aflirmat
574 4231 586 4267 :
633 4233 653 4265 ι
694 4217 962 4286 Augurem
1010 4216 1294 4285 Tiresiam,
1332 4236 1489 4290 quem
1525 4225 1735 4293 sapien-

195 4307 276 4354 tetn
319 4305 500 4376 tingunt
537 4317 734 4378 poetae,
782 4310 1346 4378 numquaminducunt
1375 4315 1742 4384 deplorantem

200 4394 446 4451 caecitatem
479 4415 625 4455 suam
658 4421 676 4454 ›
709 4401 844 4470 (Cic.
875 4402 966 4457 lib.
1002 4418 1032 4456 v
1059 4401 1294 4472 TuaenL,
1328 4422 1446 4476 pag.
1487 4407 1605 4473 194,
1645 4409 1738 4462 lin.

203 4479 314 4554 17).
374 4487 631 4548 Poetarum
677 4503 856 4548 autem
913 4495 1130 4550 nomine
1167 4498 1210 4550 si
1251 4513 1460 4566 gratcos
1494 4515 1739 4571 compre-

197 4570 368 4642 hendit,
394 4581 670 4640 Homerum
703 4601 889 4641 eorum
919 4588 1212 4657 principem
1247 4589 1384 4644 haud
1408 4590 1568 4646 dubie
1597 4570 1741 4649 desi-

191 4681 304 4736 liunt,
344 4677 422 4746 qui
462 4678 684 4736 Tiresia:
725 4683 1019 4736 caecitatem
1061 4681 1253 4753 Odyss.
1297 4697 1354 4747 χ,
1385 4700 1436 4738 v.
1465 4683 1571 4740 492
1595 4687 1739 4742 ceci-

191 4761 260 4817 nit.
281 4765 432 4837 llujus
459 4771 508 4824 in
537 4772 928 4828 commentario
955 4773 1074 4829 dum
1103 4775 1248 4831 illius
1278 4779 1535 4834 catcitatis
1563 4795 1740 4837 causa:

187 4860 505 4922 proferuntur.
546 4865 784 4921 Tertiam
813 4867 1032 4922 Ovidius
1063 4869 1364 4939 suppeditat
1397 4912 1411 4934 ,
1453 4872 1574 4941 quia
1616 4889 1738 4928 cum

187 4958 455 5013 sententiam
483 4960 552 5015 de
573 4961 818 5016 mulieris
856 4962 1066 5031 virique
1113 4964 1388 5033 voluptate
1420 4977 1606 5021 contra
1647 4967 1742 5022 .lu-

185 5049 309 5105 nonis
353 5055 654 5123 opinionem
695 5057 944 5122 tulisset,
985 5059 1051 5110 ab
1086 5072 1148 5111 ea
1190 5068 1490 5114 excaecatus
1542 5060 1740 5116 dicitur

185 5133 327 5202 (Ovid.
342 5145 432 5200 lib.
457 5163 516 5202 ιιι
538 5147 877 5219 Μϐῑαηιοι·ρ.,
899 5147 927 5219 §
946 5148 1001 5213 4,
1029 5165 1148 5219 pag.
1170 5150 1275 5205 106
1297 5151 1740 5223 ctseqq.).Quar-

179 5233 263 5287 tam
297 5236 399 5303 alii,
435 5239 577 5310 quod
609 5240 876 5296 lavantem
906 5240 1196 5297 Minervam
1227 5242 1463 5298 vidisset.
1525 5245 1598 5300 De
1645 5246 1738 5300 illo

171 5325 276 5384 ειιίὺί
302 5332 647 5390 disseruimus
705 5335 1199 5408 (Tom.t.4pparat.
1231 5338 1322 5392 lib.
1375 5355 1472 5400 ιιι,
1522 5340 1739 5396 dissert.

161 5410 216 5486 2,
241 5439 344 5495 cap.
372 5426 461 5490 20,
492 5437 597 5481 art.
625 5430 681 5493 4,
719 5446 772 5499 ιι.
799 5429 983 5498 1186).
1007 5432 1073 5485 At
1106 5430 1230 5486 hinc
1270 5439 1419 5486 certe
1471 5432 1744 5504 intellich

141 5514 260 5596 Quo
295 5517 410 5586 jure
446 5519 709 5576 Minucius
756 5532 941 5577 noster
974 5523 1130 5578 illum
1183 5522 1529 5596 irrideat,'qui
1567 5526 1734 5596 gloria

118 5591 300 5668 {)atur
339 5614 511 5668 futura
553 5615 868 5684 praevidere,
899 5616 990 5687 qui
1022 5619 1306 5687 praesentia
1351 5591 1470 5673 nonv
1498 5619 1733 5676 videbat.

211 5706 377 5777 Magis
415 5707 636 5772 serium,
687 5725 786 5764 nec
825 5711 1000 5765 minus
1047 5727 1232 5766 verum
1279 5711 1407 5767 illud
1453 5722 1554 5780 est,
1596 5713 1737 5781 quod

101 5797 478 5862 Vcominenter
521 5799 718 5870 adjecit
759 5819 771 5854 :
813 5801 885 5859 De
907 5801 1116 5876 Pyrrho
1160 5820 1178 5854 ι
1229 5803 1436 5860 Ennius
1478 5806 1738 5877 Apollinis

1855 509 1979 550 cere
2000 494 2268 550 desiisset.
2311 516 2328 548 ι
2365 497 2495 564 Qua:
2517 499 2701 568 procul
2729 498 2893 552 dubio
2921 500 3204 573 desumpta
3229 515 3358 560 sunt
3382 522 3450 562 ex

1858 585 1942 642 his
1987 587 2264 644 Ciceronis
2303 591 2476 646 verbis
2521 608 2534 645 :
2576 611 2595 644 ι
2642 592 2967 648 Herodotum
3019 612 3084 649 an
3125 600 3450 656 veraciorem

1855 679 2048 734 ducam
2082 682 2288 736 Ennio?
2315 682 2452 737 Nunt
2477 684 2652 738 minus
2675 685 2761 739 ille
2787 686 2961 756 potuit
2985 686 3053 740 de
3068 685 3268 756 Crteso,
3293 707 3451 761 quam

1856 772 1924 826 de
1955 773 2158 842 Pyrrho
2188 776 2386 845 lingere
2422 776 2658 832 Ennius?
2679 776 2810 844 Quis
2839 780 2980 833 enim
3012 790 3115 848 εει,
3149 782 3237 851 qui
3268 783 3454 839 credat

1859 864 2124 932 Apollinis
2146 880 2210 919 ex
2238 868 2460 922 oraculo
2491 867 2593 922 hoc
2618 883 2738 924 esse
2762 885 3112 940 responsum:

2105 977 2196 1028 Aio
2221 986 2292 1041 te,
2312 979 2525 1040 zEacida,
2545 981 2790 1033 Romanos
2814 986 3017 1036 vincere
3041 1001 3205 1050 posse.

1857 1083 2095 1140 Primum
2121 1087 2280 1143 latine
2309 1105 2596 1161 numquam
2638 1091 2832 1162 Apollo
2870 1095 3082 1152 locutus
3111 1107 3216 1153 est.
3251 1098 3456 1155 Deinde

1858 1179 1956 1231 ista
1990 1193 2110 1234 sors
2136 1180 2368 1235 inaudita
2398 1181 2604 1239 Graecis
2647 1193 2748 1238 est.
2801 1185 3071 1243 Praeterea
3099 1189 3288 1261 Pyrrhi
3316 1201 3452 1246 tem-

1854 1269 2070 1338 poribus
2095 1271 2205 1341 jatn
2229 1274 2422 1343 Apollo
2449 1290 2637 1330 versus
2659 1275 2839 1332 facere
2865 1278 3121 1335 desierat.
3146 1281 3452 1351 Posuemo,

1857 1375 2178 1431 quamquam
2207 1379 2422 1435 semper
2449 1365 2588 1433 fuit,
2619 1376 2677 1421 ut
2705 1369 2847 1438 apud
2880 1371 3106 1426 Ennium
3139 1383 3223 1429 est
3252 1416 3264 1438 ,
3306 1375 3453 1429 stoli-

1857 1453 1983 1508 dum
2014 1455 2354 1512 Aiacidarum
2407 1475 2701 1528 genus.....
2745 1473 2921 1518 tamen
2955 1465 3093 1521 hanc
3121 1467 3456 1539 amphibolo-

1855 1547 1995 1616 giam
2032 1565 2216 1604 versus
2245 1551 2546 1623 intelligere
2587 1557 2888 1626 potuisset,
2922 1560 3138 1617 vincere
3175 1575 3225 1618 te
3253 1564 3454 1620 Roma-

1857 1657 1976 1707 ttos,
2010 1641 2176 1696 nihilo
2204 1647 2374 1715 magis
2403 1645 2456 1701 in
2491 1663 2570 1712 se,
2601 1664 2760 1719 quam
2794 1651 2845 1704 in
2878 1651 3151 1709 Romanos
3179 1656 3451 1716 valcre....

1777 1750 1823 1810 Β
1855 1731 1962 1787 Sed
1989 1736 2130 1803 quod
2173 1749 2333 1806 caput
2361 1752 2460 1806 est,
2494 1756 2591 1795 cur
2622 1745 2722 1798 isto
2753 1745 2915 1799 modo
2939 1747 3047 1816 jattt
3081 1752 3293 1806 oracula
3331 1753 3453 1807 Del-

1853 1825 1974 1892 phis
2020 1842 2123 1880 non
2166 1828 2420 1898 eduntur,
2450 1848 2552 1886 non
2587 1835 2747 1892 modo
2782 1847 2960 1892 nostra
2991 1851 3170 1907 mtate,
3213 1844 3306 1898 sed
3343 1844 3453 1915 jam

1850 1919 1975 1985 ditt;
2021 1920 2131 1990 jam
2183 1932 2239 1977 ιιι
2293 1924 2422 1980 nihil
2465 1933 2633 1993 possit
2663 1945 2784 1986 esse
2811 1936 3172 2006 contemptius
3206 1957 3226 1991 ι
3255 1938 3452 2010 (Cicer.

1852 2012 1944 2067 lib.
1971 2029 2007 2067 ιι
2039 2014 2100 2068 de
2128 2013 2324 2084 Divin.,
2357 2034 2475 2090 pag.
2501 2019 2631 2088 296,
2666 2022 2762 2077 litt.
2797 2024 2913 2095 21).

1928 2105 2187 2178 lntelligis
2240 2124 2369 2165 sane
2421 2123 2675 2181 quantum
2727 2115 2949 2172 deducta
3001 2135 3063 2174 ex
3115 2121 3453 2182 ethnicorum

1851 2199 2082 2254 oraculis
2126 2200 2178 2255 in
2219 2201 2433 2257 illorum
2484 2205 2758 2276 religionis
2797 2209 3022 2279 gratiam
3061 2218 3456 2286 argumentatio

1855 2288 1922 2342 ab
1949 2290 2177 2358 ipsomet
2209 2293 2469 2350 Cicerone
2515 2298 2834 2356 inlirmetur.
2866 2302 2930 2356 Et
2959 2316 3104 2361 certe
3134 2318 3329 2378 praeter
3369 2327 3456 2366 ra-

1857 2381 2029 2435 tiones
2074 2383 2144 2438 ab
2186 2399 2252 2438 eo
2297 2387 2509 2452 allatas,
2558 2391 2705 2447 solus
2733 2393 2820 2449 ille
2857 2398 3195 2456 oraculorum
3237 2412 3362 2460 ante
3399 2416 3454 2462 et

1856 2473 2023 2528 multo
2074 2476 2242 2546 magis
2292 2488 2414 2548 post
2455 2479 2697 2539 Oratoris
2735 2496 2944 2543 aetatem
2985 2490 3248 2560 defectus,
3292 2505 3454 2568 atque

1855 2579 2041 2620 eorum
2083 2567 2501 2642 amphibologia,
2536 2575 2819 2632 manifeste
2855 2578 3185 2638 demonstrat
3216 2567 3453 2644 nihilex

1855 2658 1963 2713 illis
1993 2661 2044 2714 itt
2077 2661 2414 2718 ethnicorum
2459 2665 2733 2738 religionis
2771 2673 2995 2741 gratiam
3034 2685 3193 2746 posse
3233 2679 3448 2736 confici.

1853 2751 2020 2807 Recte
2049 2753 2208 2823 igitur
2236 2755 2359 2810 inde
2393 2768 2581 2813 contra
2614 2759 2886 2818 Caecilium
2925 2765 3168 2837 aliosque
3207 2770 3451 2827 ethnicos

1854 2859 1961 2898 non
1996 2845 2168 2899 solum
2201 2846 2483 2917 Minucius,
2514 2851 2606 2907 sed
2637 2853 2726 2908 alii
2753 2855 2913 2911 etiam
2940 2860 3298 2929 antiquissimi
3329 2880 3453 2920 nos-

1856 2937 1921 2990 tri
1951 2938 2244 3007 scriptores
2274 2944 2630 3010 argumentati
2651 2955 2793 3014 sunt,
2823 2948 2897 3002 uti
2928 2949 3053 3006 alibi
3081 2954 3449 3022 patefecimus.

1852 3031 2086 3086 Consule
2116 3032 2313 3098 adhuc,
2342 3034 2387 3089 si
2413 3035 2582 3098 lubet,
2615 3045 2774 3107 atque
2798 3049 3018 3108 attente,
3050 3045 3094 3098 si
3122 3056 3294 3109 vacat,
3339 3047 3454 3120 lege

1854 3138 1972 3192 quac
2020 3123 2282 3180 Eusebius
2323 3125 2391 3180 de
2437 3129 2684 3194 oraculis,
2728 3145 3021 3204 eorumque
3057 3137 3452 3211 amphibologia

1850 3230 1912 3269 ex
1947 3217 2192 3286 ipsismet
2215 3219 2446 3275 ethnicis
2473 3222 2824 3292 scriptoribus
2871 3229 3050 3284 retulit
3097 3231 3276 3302 (Tom.
3304 3249 3318 3287 ι
3347 3237 3454 3304 Αμ-

1847 3319 2044 3376 purat.,
2072 3325 2193 3380 pag.
2225 3311 2348 3367 770.
2383 3313 2580 3369 Euseb.
2615 3315 2708 3370 lib.
2738 3333 2769 3370 v
2805 3315 3042 3390 Prwpar.
3077 3321 3298 3395 Evaug.,
3327 3341 3448 3398 cap.

1847 3399 1935 3461 18,
1969 3402 2036 3456 19
2065 3411 2122 3456 et
2150 3417 2271 3473 pag.
2300 3403 2408 3459 208
2447 3414 2500 3461 et
2525 3421 2675 3478 seqq.
2724 3409 2798 3466 lib
2846 3425 2916 3478 vt,
2957 3427 3077 3485 cap.
3112 3416 3164 3482 1,
3199 3431 3319 3489 pag.
3341 3419 3452 3476 256

1846 3503 1898 3547 et
1927 3493 2128 3567 seqq.).

1919 3585 2096 3643 Unum
2140 3589 2222 3645 his
2263 3590 2497 3663 adjicere
2543 3592 2696 3648 nobis
2739 3594 2914 3664 liceat,
2955 3613 3022 3654 ex
3060 3599 3246 3656 eodem
3277 3601 3454 3661 adhuc

1845 3679 2103 3739 Cicerone
2143 3684 2392 3755 decerpta
2433 3685 2618 3753 fuisse,
2667 3703 2785 3758 quae
2827 3692 3082 3746 continuo
3111 3692 3246 3750 dixit
3277 3695 3451 3752 Μίιιιιο

1844 3777 1961 3829 cius
2005 3797 2017 3832 :
2072 3779 2459 3834 Demosthenes
2489 3781 2631 3849 quod
2673 3784 2835 3838 sciret
2877 3800 3133 3856 responsa
3178 3788 3448 3858 simulata,

1841 3875 2143 3940 φιλιππίζειν
2197 3872 2444 3944 Pythiam
2513 3877 2858 3945 querebatur.
2922 3897 2940 3928 ι
3013 3879 3166 3949 Apud
3227 3881 3449 3939 latinum

1842 3965 2122 4018 enimvero
2145 3965 2424 4021 Oratorem
2455 3967 2649 4022 litteris
2678 3968 2984 4023 mandatum
3006 3970 3267 4041 legimus:
3298 3992 3318 4024 ‹
3350 3974 3450 4030 De-

1845 4055 2158 4112 mosthenes
2184 4058 2422 4127 quidem,
2453 4060 2544 4130 qui
2569 4060 2639 4114 ab
2665 4058 2791 4114 hinc
2813 4075 2984 4116 annos
3009 4077 3174 4132 prope
3199 4080 3295 4120 ccc
3325 4065 3446 4134 fuit,

1841 4148 1951 4218 jam
1998 4161 2107 4204 tum
2153 4157 2460 4219 φιλιππίζειν
2488 4151 2736 4222 Pythiam
2769 4152 3002 4220 dicebat,
3049 4154 3104 4209 id
3147 4167 3249 4221 est,
3296 4159 3448 4227 quasi
3505 4189 3508 4192 λ

1846 4257 1967 4295 rum
2019 4242 2266 4312 Philippo
2309 4244 2502 4297 facere.
2556 4243 2670 4297 Hoc
2711 4252 2890 4298 autem
2935 4260 3001 4300 eo
3048 4249 3357 4317 spectabat,
3391 4262 3450 4308 ιιι

1848 4348 1966 4388 eam
2003 4349 2033 4386 a
2079 4333 2326 4404 Philippo
2367 4345 2675 4404 corruptam
2709 4334 2915 4390 diceret
2945 4336 3140 4409 (Cicer.
3176 4340 3266 4396 lib.
3301 4358 3334 4396 ιι
3385 4344 3449 4398 de

1848 4425 2048 4492 Divin.,
2081 4440 2201 4495 pag.
2234 4423 2363 4489 29G,
2405 4424 2499 4478 litt.
2529 4423 2640 4496 38).
2676 4425 2814 4494 Quid
2855 4439 3034 4482 autem
3066 4429 3132 4484 ad
3169 4432 3446 4501 explican-

1844 4519 1967 4574 dam
1995 4519 2232 4573 auctoris
2275 4517 2445 4572 nostri
2491 4528 2725 4574 mentem
2758 4519 2978 4589 clarius,
3011 4531 3065 4578 et
3089 4523 3156 4579 ad
3196 4525 3446 4582 refellen-

1842 4611 1942 4668 dos
1966 4611 2210 4668 Gentiles
2241 4609 2475 4666 validius
2505 4610 2734 4680 proferri
2763 4615 2982 4683 potest?

2416 4753 2708 4794 ARTICULUS
2747 4754 2826 4794 Ill.

1847 4855 2164 4926 Proponimr
2194 4853 2386 4910 cht'lt'i
2413 4864 2787 4926 argumentum,
2817 4871 2918 4925 quo
2943 4857 3160 4923 probare
3185 4858 3360 4914 nititur
3381 4860 3443 4917 ob

1918 4947 2145 5018 auspicia
2174 4957 2218 5000 el
2250 4947 2466 5019 auguria
2496 4965 2527 4999 a
2566 4946 2811 5015 Snlpitio,
2841 4945 3077 5013 Claudio,
3110 4948 3289 5014 Jttm'o,
3321 4951 3446 5007 Flu-

1919 5039 2075 5092 miuio
2121 5047 2164 5092 et
2192 5038 2376 5093 Crasso
2401 5046 2690 5106 contempta
2714 5078 2728 5100 ,
2775 5036 3128 5092 Romanorum
3173 5043 3444 5111 emercitus,

1916 5135 2013 5189 diis
2039 5132 2428 5197 vindicantibus,
2449 5141 2602 5201 atque
2627 5131 2754 5185 adeo
2784 5131 3156 5200 exsisteutibus,
3187 5151 3364 5204 cavsas,
3387 5152 3449 5189 ac

1917 5228 2240 5299 proﬂigatos.

1914 5342 2081 5396 Instat
2116 5338 2292 5394 adhuc
2315 5335 2582 5405 Caecilius,
2625 5346 2679 5393 et
2721 5347 3042 5409 argumento
3084 5355 3150 5396 ex
3191 5341 3446 5411 auspiciis

1840 5444 1895 5490 et
1925 5433 2166 5505 auguriis
2194 5431 2450 5500 deducto,
2482 5431 2614 5488 deos
2643 5446 2834 5502 reapse
2863 5433 3130 5489 exsistere
3165 5433 3448 5491 evidenter

1843 5526 2058 5596 probari
2091 5540 2248 5595 posse
2280 5527 2552 5594 opinatus,
2585 5522 2714 5578 illud
2744 5522 2904 5576 variis
2930 5524 3192 5595 exemplis
3233 5524 3448 5582 ﬁrmare

1841 5634 1905 5674 ac
1939 5616 2182 5673 Stabilirc
2209 5617 2426 5671 molitur
2469 5635 2480 5670 :
2513 5633 2531 5666 ι
2561 5614 2910 5685 Frequentius
2949 5633 2968 5667 ι
2998 5617 3222 5679 etenim,
3255 5633 3448 5687 qucma

1840 5709 2130 5766 admodum
2160 5708 2247 5764 ille
2270 5709 2527 5778 loquitur,
2579 5726 2597 5758 ι
2629 5722 2786 5776 quam
2836 5705 3172 5776 volebamus,
3221 5709 3445 5766 deorum

1841 5803 2185 5877 praesentiam
2215 5809 2521 5875 contempta
2551 5799 2789 5872 auspicia
2820 5807 3121 5856 contestata
3154 5811 3306 5858 sunt.
3357 5801 3450 5863 Sic
