3818 6282
220 351 310 409 613

1602 343 2071 403 DISSERTATIO.

3387 350 3493 417 6M

214 470 269 523 iis
304 471 581 539 perspicue
621 470 954 529 demonstrat
983 473 1097 528 sive
1128 467 1354 526 servatis
1408 461 1781 535 hujuscemodi
1813 464 1863 521 Α
1893 459 2096 528 (Aurel.
2155 461 2294 517 Vict.
2348 463 2411 517 de
2463 463 2599 521 Viris
2647 466 2858 534 illusit,
2906 482 3024 539 cap.
3073 469 3211 541 59.)
3279 469 3487 527 litenim

211 564 440 631 an~piciis
475 575 528 620 et
562 567 820 635 auguriis,
870 567 980 620 sive
1038 564 1231 633 Spretis
1281 577 1343 615 ac
1374 557 1660 629 neglectis.
1700 569 1784 608 ι’θε

207 669 300 706 ιιοιι
326 655 499 709 minus
541 654 791 722 feliciter,
843 667 932 711 aut
961 655 1247 711 infeliciter
1300 651 1524 706 ducibus
1557 648 1782 718 quibus-

207 745 315 800 dam
367 747 620 802 cessisse.
674 747 842 804 Recte
886 765 1013 820 ergo
1066 748 1190 802 inde
1240 745 1414 814 arguit
1452 758 1517 797 ex
1571 741 1636 797 iis
1679 755 1783 794 non

211 854 355 908 posse
391 840 613 896 deorum
647 844 990 911 praesentiam
1020 839 1401 898 demonstrari.
1433 837 1510 890 Ac
1552 835 1782 906 primum

216 931 447 1001 quidem:
483 931 679 1000 iQuid,
705 953 724 984 ι
760 934 950 1004 inquit,
995 954 1013 986 ι
1035 932 1305 1004 Regulus?
1341 929 1528 984 Nonne
1563 925 1783 993 auguria

221 1027 454 1089 servavit,
484 1035 728 1094 etcaptns
751 1025 866 1081 est?
892 1046 910 1078 ›
944 1024 1060 1080 Jam
1090 1042 1216 1080 vero
1239 1021 1572 1078 ostendimus
1589 1019 1656 1073 Μ.
1689 1017 1785 1073 At-

223 1116 375 1170 tilium
405 1115 650 1186 Regulum
684 1132 715 1170 a
747 1117 952 1183 Poenis,
985 1132 1117 1186 quos
1153 1114 1291 1170 haud
1338 1113 1505 1168 semel
1561 1111 1786 1174 vicerat,

217 1221 421 1278 captum,
463 1209 939 1281 crudelissimeque
965 1220 1137 1265 morte
1176 1210 1554 1278 interemptmn
1598 1204 1784 1259 fuisse.

215 1298 351 1369 Atqui
387 1297 456 1354 ab
500 1295 592 1354 illo
636 1312 765 1357 ante
808 1301 946 1357 hanc
991 1318 1220 1373 pugnam
1253 1300 1469 1370 auguria
1515 1313 1664 1352 more
1695 1305 1782 1350 so-

215 1391 293 1447 lito
320 1391 616 1462 observata,
654 1410 721 1449 ex
750 1387 898 1450 hisce
923 1389 1096 1465 colligi
1131 1401 1304 1464 potest
1335 1390 1534 1446 Valerii
1565 1387 1783 1443 Maximi

223 1483 389 1549 verbis,
419 1484 618 1555 quibus
644 1485 818 1556 palam
849 1481 1130 1555 profitetur
1159 1500 1217 1540 se
1251 1484 1458 1538 nescire
1489 1487 1663 1536 utrum
1696 1479 1785 1535 ille

228 1579 310 1632 ιὶιι
338 1578 432 1641 bis,
461 1595 576 1649 qua:
606 1578 672 1634 ad
700 1579 996 1635 custodiam
1036 1578 1310 1649 religionis
1350 1576 1638 1646 pertinent,
1670 1590 1785 1629 om-

227 1687 303 1727 nes
338 1686 432 1724 non
475 1671 812 1740 prtecesserit
846 1691 864 1724 ι
902 1669 1102 1744 (Valer.
1139 1669 1304 1737 Max.,
1347 1669 1441 1723 lib.
1480 1685 1516 1734 ι,
1575 1683 1690 1738 cap.
1730 1665 1783 1731 1,

231 1763 367 1837 ςιι).
390 1763 641 1832 Quocirca
673 1763 1002 1835 Augustinus
1034 1759 1155 1818 inde
1189 1778 1309 1817 cum
1344 1772 1564 1816 auctore
1591 1767 1781 1814 nostro

233 1855 458 1912 concludit
501 1856 764 1927 Regulum
805 1855 1050 1926 exemplo
1102 1872 1201 1911 suo
1248 1853 1536 1908 docuisse:
1587 1871 1604 1903 ι
1631 1850 1778 1905 Nihil

229 1952 338 2008 deos
373 1952 430 2004 ad
456 1953 606 2006 istam
651 1951 998 2020 temporalem
1033 1949 1342 2005 felicitatem
1386 1949 1498 2004 suis
1525 1946 1784 2018 prodesse

233 2043 523 2107 cultoribus;
551 2041 985 2113 quandoquidem
1019 2042 1106 2095 ille
1133 2057 1317 2095 eorum
1346 2039 1558 2094 deditus
1589 2037 1776 2104 cultui,

232 2143 274 2189 et
298 2134 470 2199 victus,
498 2139 550 2186 et
577 2133 820 2201 captivus
854 2129 1116 2187 abductus
1144 2150 1156 2185 :
1190 2141 1245 2188 et
1273 2133 1360 2202 qui
1395 2131 1564 2186 noluit
1605 2130 1777 2195 aliter,

225 2243 357 2298 quam
384 2242 470 2296 per
493 2240 583 2280 eos
605 2225 903 2295 ju'raverat,
938 2223 1135 2290 facere,
1171 2241 1310 2279 novo
1349 2240 1410 2278 ac
1451 2224 1595 2294 prius
1627 2223 1781 2276 inau-

224 2319 335 2385 dito,
361 2319 674 2388 nimiumque
698 2317 938 2372 horribili
981 2313 1226 2388 supplicii
1257 2333 1455 2390 genere
1486 2317 1776 2381 cruciatus,

220 2411 485 2465 exstinctus
509 2413 590 2465 est
621 2409 905 2482 “August.
937 2409 1028 2464 lib.
1056 2426 1071 2464 ι
1100 2410 1162 2462 de
1183 2407 1358 2476 Civit.,
1389 2424 1507 2480 cap.
1540 2407 1627 2473 l5,
1662 2425 1780 2480 pag.

220 2501 277 2556 is
295 2501 330 2570 ).

276 2593 559 2651 Secundum
585 2593 845 2650 Minucius
872 2593 1175 2664 exemplum
1207 2594 1393 2649 statuit
1420 2593 1470 2647 in
1501 2591 1775 2648 Mancino:

215 2705 231 2737 ι
259 2687 352 2753 Qui
383 2686 708 2756 religionem,
749 2707 766 2739 ι
804 2698 858 2740 ιιι
887 2685 980 2740 ille
1012 2687 1268 2756 loquitur,
1311 2705 1328 2736 ι
1366 2688 1553 2753 tenuit,
1599 2695 1652 2741 et
1683 2687 1782 2740 sub

198 2779 378 2848 jugum
409 2778 594 2833 missus
619 2788 720 2846 est,
759 2787 814 2833 et
861 2777 1093 2833 deditus.
1123 2798 1142 2830 ι
1174 2781 1244 2833 At
1271 2793 1399 2834 sane
1441 2793 1548 2850 quo
1588 2779 1784 2833 certius

199 2878 281 2925 est
328 2871 621 2925 Mancinum
676 2877 798 2942 post
842 2869 1070 2925 infausta
1124 2869 1381 2926 adversus
1432 2870 1785 2925 Numantinos

197 2965 399 3032 pra-lia,
446 2965 494 3019 in
536 2979 719 3021 eorum
765 2963 1051 3019 adduetum
1114 2963 1274 3021 fuisse
1325 2965 1659 3029 servitutem,
1719 2978 1785 3018 eo

195 3055 338 3111 dictu
365 3056 651 3123 difficilius,
701 3073 804 3128 qua
848 3057 1055 3111 ratione
1087 3053 1400 3126 religionem
1443 3055 1676 3111 tenuisse
1704 3055 1787 3110 di—

1901 573 1915 604 ι
1943 566 2158 610 senatus
2180 576 2198 608 ι
2237 566 2370 613 teste
2392 561 2550 613 etiam
2579 560 2743 614 Paulo
2758 561 2968 629 Orosio,
2999 582 3017 614 ι
3041 563 3258 617 dissolvi
3292 565 3485 630 foedus,

1889 658 1942 702 et
1981 649 2281 705 Mancinum
2326 652 2446 706 dedi
2477 652 2814 709 Numantinis
2847 657 3128 727 prcccpit,
3162 658 3253 730 qui
3285 658 3482 713 nudato

1888 754 2135 808 corpore,
2172 743 2414 797 manibus
2445 754 2565 813 post
2606 753 2810 815 tergum
2846 748 3118 814 revinctis,
3153 757 3277 803 ante
3306 759 3488 819 portas

1888 830 2335 889 Nmnantinorum
2388 837 2686 904 eitpositns,
2745 839 2921 908 ibique
2966 854 3132 910 usque
3177 841 3229 896 in
3275 849 3488 896 noctem

1891 937 2133 988 manens,
2170 941 2196 978 a
2230 926 2340 981 suis
2371 925 2637 994 desertus,
2665 929 2735 983 ab
2767 929 3008 985 hostibus
3028 944 3203 986 autem
3237 949 3342 988 non
3375 949 3492 989 sus-

1875 1023 2097 1084 ‘ceptns,
2157 1019 2501 1089 lacrymabile
2543 1021 2780 1092 utrisque
2811 1025 3172 1093 spectaculum
3207 1025 3428 1096 praebuit
3467 1046 3484 1077 ›

1889 1109 2081 1177 (Oros.
2117 1109 2208 1165 lib.
2241 1123 2272 1164 v
2319 1111 2480 1178 Hist.,
2508 1123 2626 1184 cap.
2658 1113 2690 1168 4
2721 1113 2762 1186 ).
2814 1113 3001 1170 Nonne
3034 1132 3161 1187 ergo
3193 1126 3299 1172 tam
3334 1119 3492 1172 mise-

1890 1202 2076 1257 rabilis
2104 1204 2341 1258 consulis
2386 1205 2691 1274 exemplum
2739 1206 2907 1278 magis
2940 1201 3063 1264 facit
3094 1220 3190 1280 pro
3236 1208 3452 1267 Caecilio
3475 1197 3492 1277 ,λ

1889 1295 1979 1364 qui
2019 1311 2084 1350 eo
2140 1297 2408 1353 conficere
2457 1309 2668 1371 poterat
2717 1299 3019 1356 Mancinum
3073 1305 3234 1358 tantis
3288 1321 3487 1360 cresum

1889 1387 2053 1444 fuisse
2099 1391 2288 1462 plagis,
2331 1393 2454 1463 quia
2495 1392 2718 1448 deorum
2772 1396 3009 1465 auspicia
3059 1399 3112 1452 et
3166 1395 3483 1468 religionem

1889 1483 2204 1552 spreverat?

1964 1575 2160 1629 Verum
2214 1576 2435 1632 Orosius
2464 1577 2661 1634 ibidem
2706 1595 2804 1635 nos
2832 1580 3088 1637 admonet
3127 1583 3267 1639 hunc
3290 1600 3357 1640 ex
3385 1584 3489 1642 illis

1889 1676 2054 1722 unum
2084 1681 2224 1735 esse,
2252 1685 2280 1724 a
2330 1671 2521 1740 quibus
2557 1690 2575 1722 ι
2597 1677 2854 1742 quantum
2895 1674 2945 1728 in
2979 1673 3106 1745 ipsis
3159 1673 3275 1739 fuit,
3309 1679 3489 1748 prodi-

1887 1759 1969 1829 gia
2002 1775 2067 1814 ex
2105 1769 2256 1816 more
2282 1767 2464 1816 enrata
2507 1769 2629 1818 Sunt
2668 1781 2686 1815 ι
2722 1763 2930 1836 (Ibid),
2953 1773 3006 1820 et
3037 1774 3212 1822 tamen
3241 1769 3308 1824 ab
3335 1785 3489 1824 arus-

1887 1851 2092 1922 picibus
2116 1851 2445 1907 fallaciarum
2478 1857 2834 1912 structoribus
2859 1857 3114 1927 deceptus
3147 1869 3251 1914 est.
3284 1861 3483 1929 Quam~

1887 1941 2072 1997 obrem
2122 1945 2451 2014 Augustinus
2483 1945 2619 2001 ridet
2670 1948 2784 2002 haec
2811 1948 2923 2018 ipsa
2956 1951 3198 2019 auguria,
3249 1953 3486 2023 petitque

1886 2049 1952 2088 an
1980 2034 2071 2088 alii
2107 2036 2231 2104 pulli
2264 2046 2448 2090 coutra‘
2482 2037 2819 2091 Numantiam
2852 2049 3221 2108 proceSserant
3249 2041 3482 2114 (Augus-

1887 2128 1984 2181 tin.
2011 2129 2103 2182 lib.
2130 2145 2185 2182 ιιι
2215 2129 2277 2184 de
2300 2127 2473 2194 ϐιυίι..
2497 2146 2616 2202 cap.
2647 2132 2739 2198 2|,
2775 2148 2895 2204 pag.
2919 2135 3036 2204 80).
3060 2135 3337 2206 Perpende
3357 2154 3484 2208 ergo

1887 2237 1953 2276 an
1982 2222 2257 2276 Mancinus
2294 2238 2359 2278 eo
2403 2239 2564 2278 sensu
2615 2226 2929 2296 religionem
2985 2228 3219 2284 tenuisse
3257 2229 3487 2296 dicatur,

1881 2316 2002 2384 quia
2037 2329 2186 2370 more
2218 2316 2378 2370 solito
2428 2316 2841 2381 sacrificaverat,
2872 2334 2935 2374 ac
2965 2318 3278 2377 fallentibus
3305 2339 3446 2394 augu
3472 2354 3480 2364 ι

1883 2407 2048 2470 ribus,
2101 2408 2336 2475 auspicia
2371 2407 2469 2461 sibi
2521 2410 2748 2476 prapilia
2787 2421 2909 2464 esse
2952 2411 3268 2469 crediderit.

1954 2496 2166 2552 Cet-tius
2217 2499 2397 2567 itaque
2451 2508 2534 2552 est
2580 2502 2916 2570 propositum
2970 2502 3165 2558 deinde
3193 2520 3221 2558 a
3252 2503 3485 2562 Minucio

1885 2592 2195 2661 exemplum
2240 2591 2413 2656 Pauli,
2447 2592 2535 2660 qui
2584 2592 2723 2646 sicut
2768 2593 2857 2648 ille
2901 2594 2993 2658 ait,
3056 2613 3074 2644 ι
3101 2596 3271 2664 pullos
3298 2595 3491 2654 edaces

1889 2684 2096 2750 habuit,
2123 2705 2140 2738 ι
2199 2695 2360 2755 atque
2408 2686 2528 2740 ideo
2570 2685 2780 2741 felicem
2836 2689 3036 2741 exitum
3079 2691 3488 2761 praesagiente-3,

1895 2799 1912 2830 ι
1939 2790 2112 2836 tamen
2137 2795 2259 2835 cum
2282 2780 2487 2849 majore
2507 2781 2820 2850 reipublicm
2849 2791 2996 2850 parte
3017 2793 3318 2858 prostratus
3340 2796 3440 2840 est.
3466 2805 3484 2838 ι

1894 2874 1965 2927 lle
1997 2872 2264 2927 Catinensi
2307 2888 2480 2942 pugna
2513 2872 2772 2942 loquitur,
2807 2889 2969 2942 quant
3007 2890 3197 2929 mnnes
3234 2876 3492 2931 Romanae

1891 2964 2148 3029 historiae,
2183 2965 2381 3034 aliique
2422 2965 2712 3033 scriptores
2743 2973 2795 3019 et
2825 2965 3008 3030 Paulo,
3043 2975 3097 3021 et
3122 2966 3379 3022 Romanis
3408 2968 3490 3022 fu.-

1893 3057 2255 3110 nestissimam
2300 3056 2466 3110 fuisse
2494 3057 2748 3121 fatentur,
2795 3071 2858 3110 ac
2903 3055 3092 3111 Livius
3129 3057 3350 3114 Alliensi
3393 3075 3492 3115 no-

195 3159 366 3204 catur.
398 3149 604 3205 Ethnici
631 3149 892 3219 siquidem
924 3150 1214 3220 scriptores
1246 3148 1385 3202 haud
1414 3150 1644 3203 obscure
1673 3158 1782 3204 tes-
1809 3152 1853 3214 C
1889 3151 2093 3206 bilitate
2113 3166 2294 3220 parem
2346 3166 2468 3207 esse
2509 3160 2787 3207 asseverat
2823 3151 2963 3221 (Liv.
3019 3153 3115 3209 lib.
3142 3171 3273 3221 χχιι,
3301 3156 3350 3227 ﬁ.
3376 3156 3491 3227 50).

196 3244 465 3299 tilicantur
487 3245 635 3298 illum
658 3241 857 3298 idcirco
891 3241 1052 3295 tantis
1083 3241 1474 3296 calamitatibus
1501 3241 1781 3306 afflictum,

194 3337 318 3405 quia
351 3337 533 3391 invitis
578 3351 638 3390 ac
671 3335 1058 3391 reluctantibus
1099 3335 1349 3404 auspiciis
1380 3333 1587 3406 diisque
1640 3337 1782 3401 suis,

197 3423 396 3482 bellum
441 3437 763 3496 susceperat.
799 3426 976 3499 Audi,
1029 3441 1243 3496 quzcso,
1295 3425 1473 3480 Titum
1531 3423 1780 3480 Livium:

206 3520 306 3577 «C.
357 3521 574 3577 Hostilio
618 3515 864 3577 Mancino
893 3515 1113 3601 cottsule
1161 3517 1516 3582 sacrificante,
1553 3520 1676 3590 pulli
1709 3535 1778 3575 ex

200 3616 361 3667 eavea
403 3615 763 3676 evolaverunt;
821 3609 1206 3666 conscendenti
1253 3611 1304 3665 in
1361 3626 1578 3672 navem,
1624 3621 1678 3665 nt
1731 3613 1783 3666 itt

205 3703 505 3775 Hispaniam
527 3704 978 3776 proficisceretur,
1008 3701 1202 3757 accidit
1226 3703 1396 3756 audiri
1429 3721 1440 3756 :
1474 3699 1646 3766 Mane,
1673 3719 1788 3757 ma-

206 3813 289 3864 ne,
323 3795 588 3863 Mancine;
621 3815 743 3870 quae
775 3799 1008 3869 auspicia
1045 3797 1213 3850 tristia
1249 3795 1411 3852 fuisse
1442 3806 1636 3852 eventu
1665 3813 1787 3866 pro-

203 3888 387 3944 batum
417 3903 531 3947 est:
569 3889 709 3964 (Liv.
744 3891 893 3962 epit.,
928 3889 1020 3944 lib.
1049 3887 1160 3958 ιν).
1194 3888 1434 3944 Valerius
1463 3899 1639 3944 autem
1682 3880 1791 3944 Ma-

211 3985 382 4038 ximus
421 3986 522 4039 bmc
573 3985 729 4056 paulo
785 3983 1020 4048 uberius,
1071 3984 1263 4054 hisque
1318 3973 1495 4037 verbis
1549 3992 1788 4052 enarrat,

219 4075 467 4134 «Consuli
507 4077 768 4146 Mancino,
829 4079 879 4132 in
939 4073 1244 4147 Hispaniam
1293 4075 1453 4140 ituro,
1500 4077 1614 4134 ha'c
1662 4093 1785 4144 pro-

216 4170 350 4240 digia
406 4175 721 4230 acciderunt.
783 4173 913 4226 Cum
971 4172 1175 4227 Lavinii
1227 4171 1546 4225 sacrificium
1604 4169 1785 4227 facere

219 4264 397 4330 vellet,
423 4266 532 4336 pulli
579 4283 740 4320 cavea
772 4265 976 4328 emissi,
1031 4265 1082 4318 iu
1133 4264 1427 4333 proximam
1461 4262 1662 4333 sylvam
1707 4261 1788 4316 fu-

236 4365 430 4422 gerunt,
460 4375 764 4429 summaque
805 4357 1078 4428 diligentia
1132 4356 1364 4426 quaesiti,
1423 4355 1646 4426 reperiri
1695 4369 1788 4410 ne-

244 4449 506 4516 quiverunt.
537 4455 779 4524 Cumque
803 4452 872 4506 ab
927 4451 1173 4506 llerculis
1203 4460 1379 4520 portu,
1412 4466 1518 4521 quo
1560 4449 1786 4520 pedibus

1892 3244 1988 3299 Rei
2037 3242 2196 3313 igitur
2237 3253 2398 3298 certa:
2448 3243 2761 3315 neminique
2809 3245 3094 3316 incognita:
3143 3247 3325 3318 plures
3374 3247 3489 3302 dari

1895 3343 2060 3390 testes
2104 3335 2238 3390 nihil
2289 3349 2513 3390 necesse
2561 3346 2664 3390 est.
2715 3337 2821 3392 Sed
2853 3337 3152 3394 audiendus
3189 3338 3367 3408 Cotta,
3403 3343 3491 3412 qui

1890 3427 2030 3497 apud
2059 3426 2375 3482 Ciceronem
2405 3427 2528 3481 inde
2549 3428 2722 3498 arguit
2745 3429 2944 3483 nullam
2975 3444 3098 3486 esse
3117 3430 3340 3488 deorum
3372 3447 3494 3502 pro-

1891 3519 2183 3574 videntiam
2225 3536 2237 3571 :
2281 3515 2338 3572 Si
2393 3518 2536 3573 enim
2575 3517 2926 3586 «hominum,
2979 3522 3189 3592 generi,
3215 3541 3233 3572 ›
3286 3523 3492 3593 inquit,

1892 3616 2270 3682 consulebant,
2327 3631 2464 3671 «cur
2505 3616 2730 3673 Paulum
2763 3614 2963 3672 Canna:
3003 3618 3374 3674 sustulerunt?
3402 3634 3498 3676 cur

1893 3709 2182 3766 Poenorum
2222 3706 2521 3762 crudelitati
2553 3707 2769 3778 Reguli,
2808 3706 2875 3762 de
2915 3724 3022 3779 quo
3063 3725 3190 3768 mox
3229 3712 3494 3780 loqueba-

1892 3819 2032 3871 mur,
2084 3817 2280 3872 corpus
2303 3810 2386 3856 est
2433 3801 2809 3871 praebitum?»
2861 3801 2996 3875 (Cic.
3057 3803 3132 3860 lib
3158 3820 3216 3858 tu
3260 3805 3322 3856 dc
3365 3804 3494 3859 Νιιι.

1893 3895 2077 3961 Deor.,
2110 3911 2229 3966 pag.
2261 3894 2390 3961 252,
2420 3894 2518 3952 litt.
2552 3895 2583 3949 7
2610 3905 2658 3948 et
2689 3893 2868 3967 seqq.)
2908 3895 3046 3962 Quin
3077 3896 3239 3951 etiam
3269 3898 3500 3966 ipsemet

1894 3987 2084 4045 Cicero
2112 3988 2240 4043 hinc
2267 3988 2540 4044 concludit
2571 3989 2721 4042 nulla
2771 4002 2892 4043 esse
2946 3987 3172 4045 deorum
3221 3991 3457 4058 auspicia
3479 4032 3494 4054 ,

1889 4083 2084 4154 quibus
2125 4081 2320 4136 Paulus
2349 4082 2543 4150 paruit,
2573 4094 2673 4135 nec
2700 4080 2879 4134 minus
2917 4079 3110 4136 cecidit
3141 4081 3192 4134 in
3227 4080 3498 4139 Cannensi

1893 4191 2063 4245 pugna
2086 4189 2206 4228 cum
2229 4174 2468 4228 exercitu
2491 4171 2683 4243 (Idem,
2705 4171 2796 4226 lib.
2821 4187 2857 4226 ιι
2877 4171 2940 4224 de
2964 4171 3199 4238 divinat.,
3217 4189 3340 4244 pag.
3367 4174 3496 4245 989,

1890 4267 1985 4321 lin.
2018 4264 2130 4336 24).

1962 4358 2164 4413 Eodem
2203 4355 2379 4410 adhuc
2407 4354 2568 4410 modo
2600 4370 2659 4410 ea
2690 4354 2890 4410 ibidem
2918 4355 3226 4424 confirmat,
3258 4375 3376 4427 quae
3405 4361 3492 4415 ul-

1893 4451 2022 4505 timo
2071 4449 2192 4503 loco
2230 4448 2299 4502 de
2347 4445 2488 4502 Julio
2534 4443 2745 4502 Caesare
2787 4455 2978 4502 auctor
3034 4459 3320 4516 memorat,
3373 4467 3495 4508 eum

243 4553 529 4612 pervenerat,
557 4561 754 4603 navem
798 4543 1206 4610 conscenderet,
1238 4544 1359 4599 talis
1393 4560 1494 4598 vox
1524 4545 1641 4598 sine
1674 4535 1783 4598 ullo
1810 4533 1864 4595 D
1891 4540 2242 4598 renitentibus
2300 4540 2601 4609 spretisque
2658 4540 2897 4610 auguriis
2949 4548 3000 4596 et
3048 4542 3331 4612 auspiciis,
3372 4552 3500 4600 ante

238 4645 427 4693 auctore
443 4629 498 4694 ad
525 4656 680 4696 aures
714 4639 830 4710 ejus
863 4639 1136 4708 pervenit:
1170 4636 1432 4706 Mancine,
1461 4652 1641 4692 mane.
1670 4635 1784 4703 Qua

238 4727 425 4785 territus
461 4748 572 4788 cum
623 4732 814 4788 itinere
855 4745 1140 4794 converso,
1174 4728 1414 4786 Genuam
1449 4731 1701 4800 petisset,
1732 4739 1787 4784 et

239 4829 278 4871 In
303 4822 528 4891 scapham
555 4834 696 4881 esset
731 4825 1024 4894 ingressus,
1057 4821 1245 4893 anguis
1273 4823 1484 4876 eximiae
1517 4822 1785 4892 magnitu-

234 4903 354 4965 dinis
387 4915 536 4983 visus,
585 4932 614 4972 e
657 4912 948 4986 conspectu
977 4907 1123 4968 abiit.
1185 4911 1324 4982 Ergo
1352 4923 1633 4968 numerum
1664 4928 1787 4981 pro-

232 4999 460 5076 digiorum
483 5027 701 5066 numero
721 5011 1084 5066 calamitatum
1112 5007 1566 5079 acquavit,infelici
1589 5022 1784 5077 pugna,

228 5099 350 5168 turpi
383 5101 592 5169 fmdere,
622 5103 897 5157 deditione
937 5100 1147 5156 funesta
1185 5098 1418 5173 r(Valer.
1445 5088 1608 5167 Max.,
1635 5099 1786 5166 lib.t,

227 5196 330 5259 cap.
361 5189 465 5264 6,§
518 5193 614 5264 7).
675 5193 1009 5263 Prmcipiteni
1055 5193 1268 5266 itaque,
1301 5190 1451 5246 addit
1495 5187 1615 5259 ille,
1669 5189 1794 5246 Fla-

212 5280 375 5351 minii,
403 5285 467 5341 de
508 5302 615 5357 quo
667 5284 825 5356 paulo
862 5293 986 5340 ante
1021 5284 1397 5352 disseruimus,
1432 5298 1794 5354 vesanumque

207 5381 646 5444 perseverantiam
691 5378 1016 5433 subsecutus
1047 5387 1148 5436 est.

283 5471 546 5540 Quomodo
574 5473 734 5543 igitur
783 5473 1096 5543 religionem
1147 5471 1398 5537 servavit,
1432 5471 1521 5542 qui
1558 5489 1576 5522 ι
1600 5467 1790 5525 adver-

209 5578 324 5619 sum
362 5563 744 5629 Numantinos,
778 5582 794 5613 ι
831 5565 966 5618 sicut
991 5564 1241 5620 Aurelius
1269 5563 1456 5618 Victor
1486 5557 1659 5618 adhuc
1683 5577 1798 5633 per-

207 5649 367 5721 hibet,
405 5674 422 5706 ι
447 5655 750 5711 vetantibus
796 5655 1006 5721 avibus,
1035 5665 1090 5711 et
1121 5655 1302 5710 nescio
1333 5671 1438 5725 qua
1465 5671 1596 5712 voce
1637 5669 1796 5710 revo-

216 5747 360 5805 cante
383 5746 748 5818 profectus...
781 5747 833 5802 in
867 5745 1010 5818 leges
1038 5747 1270 5802 hostium
1304 5745 1479 5803 foedus
1510 5747 1794 5817 percussit,

219 5851 314 5913 quo
341 5854 429 5911 per
457 5845 708 5897 senatum
725 5837 1043 5912 improbato,
1067 5838 1404 5896 Numantinis
1419 5839 1628 5896 deditus
1641 5848 1722 5897 est
1739 5837 1792 5893 ?)

1890 4637 2136 4692 brumam
2182 4635 2233 4688 in
2279 4632 2518 4688 Africam
2567 4633 2797 4690 feliciter
2851 4636 3141 4706 navigasse
3183 4652 3246 4692 ac
3277 4638 3494 4693 vicisse.

1891 4727 2040 4782 Hanc
2100 4726 2382 4782 enimvero
2433 4725 2487 4780 in
2539 4741 2652 4783 rem
2698 4725 2814 4781 haec
2861 4727 3129 4796 ipsissima
3179 4739 3304 4785 sunt
3359 4731 3500 4785 illius

1890 4819 2131 4874 Oratoris
2177 4819 2377 4874 verba:
2418 4837 2436 4869 ‹
2461 4818 2599 4886 Quid
2639 4819 2759 4888 ipse
2803 4817 3019 4875 Caesar?
3050 4820 3180 4876 Cum
3225 4837 3254 4875 a
3285 4837 3500 4882 summo

1893 4913 2176 4982 haruspice
2213 4922 2544 4974 moneretur,
2589 4927 2655 4967 ne
2703 4917 2754 4966 in
2799 4912 3034 4969 Africam
3081 4924 3206 4972 ante
3249 4917 3496 4974 brumam

1892 5004 2302 5071 transmitteret,
2355 5020 2536 5064 nonne
2589 5005 2923 5058 transmisit?
2967 5006 3118 5076 Quod
3146 5008 3202 5065 ni
3260 5009 3499 5082 fecisset,

1895 5114 2057 5153 unum
2089 5098 2140 5152 in
2174 5099 2348 5156 lucum
2391 5112 2579 5152 omnes
2620 5096 3050 5153 adversariorum
3086 5101 3255 5167 copim
3300 5117 3501 5163 conve-

1897 5190 2117 5276 nissent
2145 5209 2164 5242 ι
2193 5187 2406 5259 (Cicer.
2447 5189 2603 5254 ibid..
2640 5204 2760 5260 pag.
2799 5189 2929 5254 286,
2972 5191 3070 5249 lin.
3111 5193 3177 5250 15
3205 5204 3260 5250 et
3290 5195 3495 5272 seqq.).

1896 5281 2033 5337 Tum
2067 5281 2153 5337 ille
2196 5282 2535 5336 continenter
2577 5281 2714 5348 haec,
2767 5297 2888 5351 quae
2926 5284 2994 5338 ad
3038 5287 3275 5342 auctoris
3324 5291 3496 5345 nostri

1899 5375 2237 5444 pr0positum
2261 5375 2490 5429 maxime
2530 5362 2750 5440 faciunt,
2789 5375 2985 5446 adjecit
3014 5394 3027 5430 :
3063 5397 3080 5428 ι
3104 5378 3241 5446 Quid
3263 5396 3369 5451 ego
3405 5382 3502 5436 ba-

1899 5469 2171 5538 ruspicum
2213 5482 2487 5538 responsa:
2516 5482 2933 5524 commemorem
2967 5468 3216 5541 (possem
3247 5475 3502 5544 equidem

1899 5559 2349 5632 innumerabilia)
2393 5576 2513 5632 qum
2543 5570 2633 5618 aut
2665 5561 2840 5619 nullos
2871 5552 3175 5624 habuerunt
3201 5567 3378 5624 exitus
3405 5583 3504 5626 aut

1899 5655 2238 5710 contrarios?
2267 5673 2284 5704 ›
2338 5653 2505 5710 Totus
2533 5668 2692 5723 porro
2721 5643 2810 5711 hic
2857 5665 2909 5710 et
2939 5655 3080 5716 alius
3115 5658 3506 5720 describendas

1903 5759 2048 5805 esset
2079 5749 2353 5804 Ciceronis
2380 5748 2538 5815 liber,
2570 5748 2614 5803 si
2647 5750 2827 5810 omnia
2854 5750 3056 5812 referre
3087 5753 3368 5823 vellemus,
3399 5758 3508 5828 qui-

1904 5841 2004 5896 bus
2029 5834 2335 5911 hujusmodi
2361 5842 2744 5912 auspiciorum,
2765 5841 3097 5919 aliarumque
3118 5847 3508 5914 divinationum
