3824 6282
409 320 514 376 013

1685 320 1773 376 DE
1811 317 2071 377 MINUCII
2100 318 2398 376 OCTAVlO
3569 321 3654 380 6l6

412 436 701 492 vanitatem
740 434 1089 492 demonstrat.
1118 433 1224 492 Sed
1249 435 1374 506 quia
1400 434 1452 492 id
1481 433 1690 506 longius
1727 435 1883 501 foret,
1932 435 1996 490 ad
2025 444 2074 500 Α
2102 435 2244 505 gnit?
2266 435 2454 490 Nonne
2480 433 2610 488 satis
2639 440 2825 504 aperte
2856 431 3137 490 declarare
3164 433 3378 490 videtur
3401 434 3651 506 prioribus,

414 525 557 582 hunc
603 527 815 593 librttm,
844 526 1194 596 eamdemque
1223 529 1293 582 ob
1319 543 1533 584 causam
1565 529 1632 582 ad
1675 528 1962 582 Eusebium
1984 570 1999 594 ,

413 629 468 676 et
514 620 887 691 Augustinum,
932 619 1189 676 adversus
1219 621 1307 676 illa
1347 621 1593 676 similiter
1630 622 2000 692 diSpntantes,

413 713 732 768 mittendum
758 722 810 769 te
835 729 955 769 esse
975 715 1140 770 satius
1161 715 1411 770 duximus
1432 716 1655 788 (Euseb.
1683 717 1774 772 lib.
1798 731 1834 771 tt
1859 715 2005 770 Prw-

413 821 526 876 par.
559 804 784 876 Evang.,
817 821 936 875 cap.
975 808 999 860 ί
1027 816 1084 862 et
1127 823 1303 878 seqq.,
1338 823 1452 878 etp.
1493 810 1561 864 l5
1591 818 1645 863 et
1673 825 1860 879 seqq;
1892 812 2002 863 At:-

409 899 608 969 guslin.
651 898 746 955 lib.
780 915 832 954 tv
861 899 924 953 de
952 899 1126 965 Civit.,
1153 915 1253 970 cap
1278 899 1368 968 29,
1402 916 1519 972 pag.
1556 902 1658 957 l09
1688 910 1741 956 et
1770 917 1922 973 seqq.
1953 911 2008 957 et

406 989 502 1044 lib.
523 989 586 1044 de
611 989 753 1056 Die,
772 999 905 1046 tom.
940 1006 1011 1057 vr,
1038 1007 1158 1062 pag.
1181 993 1286 1048 505
1306 1003 1360 1049 et
1383 993 1586 1064 seqq).
1619 993 1692 1048 Ex
1722 994 1786 1048 iis
1806 1003 2010 1066 autem,

407 1094 568 1156 atque
589 1100 653 1140 ex
683 1085 940 1140 hactenus
962 1085 1268 1156 disputatis,
1297 1085 1403 1141 cito
1431 1087 1690 1157 facileque
1709 1087 2003 1156 perspicies

407 1193 564 1249 quam
597 1179 807 1234 infirma
836 1175 1120 1234 sitCzccilii
1146 1189 1202 1234 et
1223 1179 1450 1234 aliorum
1478 1179 1755 1250 gentilium
1782 1180 1848 1234 ad
1879 1196 2005 1250 pro-

406 1271 635 1328 bandam
661 1271 884 1327 deorum
915 1286 1135 1328 suorum
1167 1272 1507 1341 prmsentiam
1537 1272 1763 1328 deducta
1804 1289 1875 1328 ex
1906 1289 2001 1328 au-

405 1369 572 1440 guriis
605 1376 661 1424 et
687 1367 940 1439 aUSpiciiS
989 1370 1401 1439 argumentatio.

1013 1499 1240 1558 CAPUT
1266 1501 1387 1556 ΧΧ.

409 1652 744 1694 ESPENDITUR
788 1652 1079 1694 GENEBALIS
1113 1652 1313 1692 MINUCII
1350 1653 1651 1704 RESPONSIO,
1705 1655 1808 1702 QL'A
1851 1654 2000 1693 IIRA°

478 1750 634 1798 CULA,
667 1750 928 1800 οιιΑευιΑ,
961 1748 1218 1798 AUSPICIA,
1252 1750 1499 1798 AUGURIA,
1531 1749 1741 1796 δοκΝιΑ,
1776 1751 1843 1789 ET
1877 1750 1995 1789 ΑιιΑ

2108 529 2197 598 qni
2246 529 2296 582 in
2342 543 2426 592 ea,
2473 542 2576 598 qua
2619 527 2786 582 creati
2833 527 3062 591 fuerant,
3105 527 3386 583 sanctitate
3426 537 3476 584 et
3517 534 3656 601 gratia

2110 631 2542 692 perseverarunt,
2577 620 2876 689 simplicem
2905 622 3126 675 omnino
3143 621 3328 686 fuisse,
3352 621 3655 691 spiritualem,

2110 722 2163 769 et
2187 713 2254 768 ab
2270 716 2412 768 omni
2436 729 2655 783 prorsus
2676 729 2734 768 re
2757 727 3015 782 corporea
3034 723 3296 769 secretam
3327 714 3655 769 substantiam?

2111 806 2241 875 Quae
2266 808 2408 862 enim
2461 807 2565 862 alia
2602 822 2632 860 a
2663 808 2811 872 mali,
2858 808 2948 877 qui
3002 806 3244 877 ejusdem
3283 822 3401 862 cum
3450 807 3544 862 illis
3582 825 3657 862 na-

2115 911 2250 958 tura:
2294 912 2486 968 erant,
2540 903 2642 958 nisi
2669 902 2984 973 simplicitas
3023 902 3322 957 sanctitatis
3359 902 3538 956 amissa
3579 903 3659 960 dici

2111 1000 2330 1066 potest?
2357 997 2490 1052 Nant
2529 1012 2625 1051 eos
2672 1006 2791 1065 post
2836 1006 3111 1063 peccatum
3157 1004 3322 1050 vocat
3349 994 3512 1049 adhuc
3539 998 3663 1066 rspi~

2109 1089 2274 1154 ritus,
2310 1108 2328 1140 ι
2371 1088 2465 1144 sed
2499 1088 2729 1144 terrenis
2779 1087 2988 1142 labibus
3019 1094 3075 1140 et
3115 1085 3495 1156 cupiditatibus
3516 1087 3663 1156 degra-

2109 1187 2278 1234 vatos.
2311 1179 2427 1234 Non
2459 1181 2608 1250 plura
2640 1179 2710 1234 ibi
2748 1179 2839 1233 ille
2871 1177 3092 1232 tradidit
3131 1179 3202 1233 de
3245 1178 3456 1234 illorum
3483 1191 3661 1247 natura,

2105 1271 2174 1327 de
2221 1288 2324 1343 qua
2353 1288 2450 1326 nos
2495 1273 2546 1330 in
2591 1273 2754 1342 priori
2783 1272 3084 1342 Apparatus
3115 1279 3286 1339 tomo,
3325 1281 3379 1327 et
3409 1272 3458 1326 in
3482 1285 3663 1344 sequen-

2102 1362 2245 1418 tibus
2282 1363 2748 1418 dissertationibus
2781 1363 2969 1436 (Tom.
3023 1378 3040 1416 ι
3087 1363 3369 1432 Apparat.,
3421 1379 3528 1433 pag.
3559 1365 3662 1420 l9l-

2101 1454 2209 1508 555
2237 1465 2288 1508 et
2311 1470 2461 1524 seqq.
2493 1454 2599 1509 988
2626 1463 2680 1508 et
2709 1452 2909 1525 seqq.).
2937 1453 3045 1509 Nec
3075 1453 3245 1532 magis
3270 1454 3536 1510 enucleate
3553 1456 3662 1512 edis.

2103 1546 2292 1610 seruit,
2341 1561 2459 1616 quae
2489 1545 2596 1600 sint
2624 1545 2728 1600 illic
2753 1557 2980 1601 terrente
3011 1545 3180 1611 labes,
3206 1545 3400 1616 quibus
3424 1548 3653 1614 pristinam

2103 1640 2416 1696 substantia:
2446 1641 2843 1712 simplicitatem
2877 1643 3190 1698 amiserunt.
3217 1641 3357 1698 Nulli
3389 1652 3546 1698 tamen
3579 1645 3656 1700 nti-

2103 1747 2222 1786 rum
2252 1732 2304 1786 id
2335 1748 2454 1788 esse
2476 1732 2655 1798 debet,
2686 1732 3116 1804 quandoquidem
3148 1733 3216 1789 ad
3248 1732 3527 1790 refellenda
3553 1751 3657 1791 vana

475 1842 941 1882 EXTRAORDINARIA
968 1841 1104 1881 aeuo
1140 1841 1398 1882 summos
1428 1843 1741 1891 “ammon
1772 1844 1840 1881 ex
1870 1841 2001 1882 neo-
2030 1843 2076 1901 B
2107 1825 2454 1880 Ethnicorum
2496 1836 2805 1896 argumenta
2853 1827 2953 1882 sibi
2997 1828 3127 1882 satis
3171 1841 3294 1883 esse
3336 1831 3526 1898 putavit
3552 1829 3657 1884 indi-

476 1936 582 1974 NII!
613 1935 821 1976 ευοειωι
849 1935 1177 1984 ΡΟΤΕΞΤΔΤΕ,
1207 1936 1304 1974 SED
1326 1936 1592 1976 D£MONUM
1623 1936 1914 1976 FRAUDIBUS
1930 1935 1996 1976 AC

477 2026 782 2067 ΗΚΛ-35⁸1⁸16115
819 2026 1086 2066 PBOFECTA
1114 2026 1236 2066 ESSE
1265 2027 1639 2067 DEIONSTRAT.

927 2165 1218 2206 ABTICULUS
1261 2166 1469 2206 PRIMUS.

408 2291 622 2356 Qualem
661 2287 923 2343 Minucius
954 2289 1201 2356 putaverit
1247 2305 1353 2342 esse
1393 2289 1682 2344 dwntonunt
1726 2297 1996 2354 naturam,

474 2394 520 2439 et
564 2401 716 2454 quant
758 2394 890 2437 recte
935 2382 1064 2436 dixit
1101 2383 1218 2436 illos
1256 2385 1435 2452 poetis,
1488 2383 1824 2454 philowpltis,
1858 2399 1917 2436 ac
1945 2383 1998 2436 in

473 2477 653 2546 primis
695 2475 903 2529 Platoni
943 2485 990 2529 et
1035 2474 1270 2540 Socrati,
1317 2484 1468 2544 atque
1521 2475 1675 2529 etiam
1725 2473 1893 2546 Magia
1940 2490 1999 2527 ac

474 2569 733 2639 praecipue
777 2566 1018 2622 Holstani
1045 2567 1204 2638 fuisse
1232 2568 1484 2638 cognitos.

471 2730 614 2798 Quas
656 2728 917 2784 Minucius
943 2728 1249 2799 singillatim
1281 2736 1549 2783 everterat
1597 2725 1794 2782 Caecilii
1826 2736 1992 2784 crete-

399 2835 692 2892 rorumque
717 2820 1001 2892 gentilium
1043 2820 1555 2890 argumentationes,
1584 2817 1681 2872 has
1708 2819 1850 2889 ipsas
1880 2821 1994 2876 sive

399 2927 464 2969 ex
495 2913 746 2984 auspiciis
789 2923 844 2967 et
871 2912 1128 2982 auguriis.
1167 2913 1280 2965 sive
1321 2926 1389 2965 ex
1421 2910 1650 2965 oraculis
1679 2919 1732 2965 et
1765 2911 1992 2980 praedic—

401 3005 653 3071 tionibus,
681 3005 793 3060 sive
816 3020 881 3060 ex
916 3003 1141 3060 somniis
1185 3013 1241 3059 et
1290 3002 1409 3057 aliis
1439 3002 1866 3073 quibuscumque
1893 3018 1992 3059 ex-

401 3098 769 3154 traordinariis
807 3096 1031 3163 effectis,
1077 3095 1351 3166 prodigiis,
1376 3105 1537 3166 atque
1567 3101 1740 3160 veris,
1787 3096 1861 3150 uti
1893 3112 1994 3166 pu-

2104 1931 2227 1970 care
2255 1927 2466 1986 quantm
2493 1918 2822 1984 subtilitatis,
2851 1918 3106 1990 agilitatis
3133 1934 3197 1974 ac
3220 1921 3485 1975 tenuitatis
3501 1921 3659 1976 sitdtc-

2105 2024 2324 2064 monunt
2355 2019 2565 2076 natura,
2615 2011 2773 2082 idque
2803 2028 2910 2066 non
2956 2011 3118 2069 modo
3145 2013 3570 2084 ριιίιοεομιιίπυιη
3611 2031 3660 2070 ac

2106 2110 2403 2169 poetarum,
2445 2117 2630 2158 verum
2680 2103 2839 2158 etiam
2887 2103 3182 2176 Magorum,
3224 2106 3417 2176 quibus
3444 2107 3658 2179 refragari

2105 2207 2210 2249 non
2241 2203 2504 2263 poterant,
2555 2195 2873 2250 confirmare
2903 2195 3232 2252 testimonio.

2177 2287 2332 2343 Plato
2370 2298 2570 2352 autem,
2603 2288 2679 2342 ait
2701 2288 2812 2354 ille,
2849 2308 2867 2340 ι
2903 2291 2952 2343 itt
2996 2288 3283 2361 Symposio
3311 2299 3538 2346 naturam
3567 2291 3658 2345 dte-

2103 2391 2320 2432 monutn
2363 2379 2664 2445 exprimere
2704 2381 3023 2436 connititur.
3069 2379 3197 2436 Vult
3236 2383 3379 2438 enim
3415 2397 3524 2438 esse
3548 2381 3654 2437 sub-

2100 2472 2352 2526 stantiam
2403 2472 2540 2528 inter
2596 2473 2876 2528 mortalem
2924 2474 3428 2547 immortalemqne,
3477 2476 3522 2531 id
3568 2486 3653 2541 est,

2101 2564 2242 2619 inter
2270 2580 2466 2635 corpus
2503 2575 2556 2622 et
2584 2567 2830 2637 spiritum
2869 2569 3131 2634 mediam,
3163 2572 3360 2626 terreni
3411 2570 3654 2641 ponderis,

2099 2665 2154 2710 et
2184 2657 2420 2712 caelestis
2461 2657 2694 2714 levitatis
2729 2659 3058 2716 admixtione
3095 2672 3425 2718 concretam.
3459 2684 3474 2715 ι
3524 2663 3582 2718 Et
3613 2679 3656 2719 re

2097 2749 2314 2819 quidem
2336 2765 2462 2806 vera
2487 2749 2601 2806 haec
2622 2762 2748 2806 sunt
2775 2752 2919 2807 illius
2941 2753 2993 2807 in
3016 2754 3177 2808 citato
3194 2753 3472 2826 Symposio
3491 2754 3653 2810 verba:

2105 2858 2124 2892 ‹
2166 2840 2328 2896 Vides
2383 2852 2432 2896 te
2473 2857 2538 2897 eo
2584 2842 2886 2910 devenisse,
2948 2853 3006 2900 ut
3053 2845 3308 2901 Amorem
3361 2846 3511 2902 deum
3558 2861 3655 2901 esse

2101 2933 2320 2988 minime
2363 2935 2675 2992 existimes?
2709 2934 2846 3003 Quid
2890 2951 3041 3008 ergo,
3079 2938 3338 3008 inquam?
3368 2939 3493 2994 Num
3532 2955 3654 2994 mor-

2101 3023 2223 3077 talis
2273 3035 2356 3078 est
2414 3026 2630 3080 Amor?
2685 3025 3052 3098 Nequaquam.
3110 3027 3440 3100 Ecquidnam
3492 3032 3656 3101 igitur?

2101 3115 2271 3172 Sicuti
2309 3118 2360 3172 in
2401 3118 2772 3188 superioribus
2802 3120 3053 3187 diximus,
3085 3123 3287 3193 aliquid
3318 3125 3651 3179 intermedium

399 3193 603 3258 tabant,
645 3193 918 3247 miraculis
969 3191 1304 3259 desumptas,
1359 3189 1597 3260 generali
1644 3191 1994 3260 responsione

2100 3209 2240 3264 inter
2292 3211 2520 3265 mortale
2573 3222 2626 3265 et
2681 3213 3004 3269 immortale.
3062 3189 3200 3282 Quid
3254 3231 3406 3288 ergo,
3459 3217 3653 3271 Dietiutc

398 3287 649 3343 dissolvit
689 3302 752 3342 ac
804 3287 1018 3356 penitus
1064 3283 1300 3339 conficit.
1347 3284 1573 3339 Omissis
1623 3293 1802 3340 autem
1857 3285 1994 3340 bene

399 3378 605 3442 multis,
639 3392 758 3445 quae
787 3375 996 3431 etiamsi
1027 3390 1244 3446 prorsus
1267 3376 1477 3431 insolita
1507 3375 1844 3442 videbantur,
1873 3375 1994 3432 solo

398 3480 577 3526 tamen
608 3483 734 3524 casu
763 3469 899 3524 facta
933 3469 1158 3532 fuerant,
1200 3470 1252 3524 in
1284 3471 1570 3540 ipsummet
1608 3470 1809 3524 invadit
1843 3485 1994 3524 erro-

397 3563 494 3630 ris,
535 3562 801 3632 totiusque
830 3562 1103 3632 pravitatis
1138 3570 1298 3634 caput
1319 3603 1335 3627 ,
1383 3563 1468 3618 vel
1497 3573 1554 3617 ut
1581 3563 1697 3632 ipse
1726 3564 1988 3634 loquitur,

396 3655 462 3711 ad
494 3654 634 3710 iliius
684 3653 906 3721 fontem,
953 3655 1093 3711 ttnde
1133 3655 1308 3710 omnis
1345 3655 1518 3726 caligo
1564 3657 1816 3720 manavit,
1864 3671 1996 3727 ape:

395 3746 640 3803 tiendum
682 3747 1010 3818 aggreditur.
1049 3747 1208 3802 Docet
1237 3747 1418 3818 itaque
1451 3747 1714 3811 omnium,
1747 3763 1866 3817 qua:
1896 3763 1991 3803 ex-

397 3848 479 3895 tra
508 3849 820 3895 consuetum
872 3854 1049 3894 rerum
1095 3838 1340 3893 ordinem
1382 3837 1522 3907 apud
1559 3837 1807 3894 ethnicos
1852 3839 1986 3894 facta

397 3931 834 4003 perhibebantur,
870 3946 974 3986 non
1019 3931 1258 4000 ipsorum
1293 3931 1449 3998 deos,
1503 3930 1596 3986 sed
1647 3931 1816 3986 malos
1872 3932 1986 3987 dre-

395 4039 586 4080 ntones
611 4039 732 4080 esse.
773 4039 960 4080 revera
986 4034 1255 4078 auctores.
1301 4022 1569 4094 Quidquid
1595 4033 1771 4078 autem
1802 4023 1874 4079 ibi
1899 4025 1986 4080 ille

391 4119 576 4186 refert,
608 4119 659 4174 id
698 4117 1000 4190 Cyprianus
1020 4117 1298 4189 (Cyprian.
1324 4117 1388 4172 de
1412 4117 1613 4172 fdofor.
1646 4118 1830 4185 vanit.,
1863 4133 1982 4189 pag.

389 4215 463 4271 15
507 4225 562 4270 et
605 4218 796 4284 seqq.)
842 4229 972 4278 suo,
1006 4223 1064 4268 ut
1103 4228 1247 4282 saepe
1284 4213 1538 4279 vidimus,
1570 4227 1720 4268 more
1748 4212 1802 4267 in
1828 4229 1982 4268 suum

396 4325 415 4359 ι
436 4307 502 4362 de
525 4306 792 4361 [dolorum
822 4307 1054 4362 vanitate
1075 4327 1094 4358 ι
1141 4307 1333 4363 librum
1359 4307 1646 4362 transtulit.
1676 4305 1986 4361 Lactantius

391 4399 642 4472 (Lactan.
672 4399 766 4454 lib.
797 4415 854 4464 tt,
894 4415 1012 4467 cap.
1046 4401 1113 4454 Η
1144 4408 1199 4454 et
1224 4415 1399 4472 seqq.,
1430 4416 1550 4472 pag.
1586 4399 1694 4455 216
1721 4410 1774 4456 et
1800 4397 1978 4470 seqq.)

387 4507 601 4562 quoque
627 4491 770 4546 idem
814 4501 1186 4562 argumentum
1233 4491 1402 4547 fusius
1449 4504 1798 4563 prosecutus,
1830 4493 1981 4563 plura

2095 3299 2336 3371 Magnus,
2365 3301 2691 3369 OSocrates,
2741 3303 2955 3359 daemon
3007 3324 3019 3359 :
3071 3315 3170 3360 Πᾶν
3217 3313 3314 3378 γὰρ
3361 3321 3412 3365 τὸ
3461 3313 3656 3377 δαιμόνων

2093 3402 2276 3462 [urch
2329 3402 2429 3450 im
2478 3403 2586 3450 θεοῧ
2636 3420 2727 3464 τε,
2781 3401 2865 3450 καὶ
2905 3401 3079 3459 Θνητοῦ
3109 3417 3121 3452 :
3152 3401 3340 3455 Omnis
3387 3404 3516 3456 enim
3561 3401 3655 3454 da:-

2095 3499 2316 3540 mOnum
2345 3493 2531 3540 natura
2556 3486 2694 3542 inter
2725 3486 2886 3542 deum
2937 3499 2992 3544 ct
3041 3491 3323 3546 mortalem
3377 3492 3654 3547 intermedia

2097 3577 2271 3656 (Plat.
2323 3579 2565 3650 Sympos.
2617 3593 2750 3637 tom.
2781 3598 2820 3648 ι,
2856 3597 2974 3652 pag.
3018 3583 3183 3653 202).
3221 3605 3240 3638 ι
3275 3586 3358 3641 Ab
3397 3585 3656 3657 Augustino

2094 3683 2272 3726 autem
2315 3671 2571 3730 di~cimus
2612 3673 2878 3730 dazmonia
2913 3677 2984 3730 ab
3027 3677 3256 3746 Apuleio
3293 3677 3548 3734 Platonico
3577 3676 3658 3734 de-

2095 3761 2257 3829 finiri,
2318 3781 2338 3814 ι
2369 3764 2618 3818 animalia
2659 3766 2841 3820 animo
2887 3765 3118 3836 passiva,
3156 3780 3338 3824 mente
3375 3767 3644 3831 rationalia,

2091 3869 2317 3926 corpore
2353 3857 2521 3924 aeria,
2561 3869 2804 3929 tempore
2829 3869 3052 3927 acterna,
3100 3881 3119 3914 ι
3159 3871 3284 3932 post
3319 3878 3451 3918 suam
3476 3875 3651 3930 nempe

2090 3951 2441 4016 creationem,
2489 3951 2534 4006 si
2578 3951 2649 4007 ibi
2694 3952 2780 4008 ille
2812 3952 3050 4010 Platonis
3093 3956 3327 4027 magistri
3357 3955 3432 4010 sui
3452 3953 3646 4024 opinio-

2089 4057 2211 4098 nem
2255 4043 2515 4114 sequitur.
2569 4044 2816 4117 (August.
2869 4046 2961 4102 lib.
3023 4063 3074 4103 ις
3121 4049 3186 4103 de
3233 4048 3378 4104 Civit.
3425 4063 3538 4119 cap.
3587 4046 3651 4111 8,

2091 4152 2210 4209 pag.
2267 4137 2428 4209 224.)

2159 4227 2278 4284 Non
2338 4230 2515 4286 mintts
2563 4239 2741 4288 autem
2780 4234 2892 4288 noti
2942 4243 3097 4290 erant
3139 4234 3415 4293 daemones
3451 4230 3645 4296 Samii,

2094 4340 2114 4375 ‹
2147 4324 2237 4392 qui
2281 4321 2346 4378 ad
2391 4332 2633 4390 nutum,»
2669 4324 2744 4380 ait
2772 4325 3053 4390 Minucius,
3093 4346 3112 4380 ‹
3137 4337 3193 4384 et
3219 4329 3518 4394 arbitrium,
3540 4321 3652 4379 δεδί-

2089 4414 2267 4472 dentis
2317 4416 2419 4472 sibi
2477 4417 2772 4484 daemonis,
2826 4420 2906 4476 vel
2961 4421 3270 4477 declinabat
3333 4423 3532 4495 negotia
3577 4416 3649 4472 vel

2088 4497 2330 4580 petebat:
2356 4529 2374 4562 ι
2404 4519 2496 4564 aut
2524 4510 2660 4564 sicut
2688 4519 2868 4581 postea
2892 4511 3023 4567 dixit
3040 4511 3365 4585 Cyprianus,
3389 4534 3407 4566 ι
3431 4512 3657 4569 instruise

387 4584 551 4642 etiam
599 4599 663 4640 ex
707 4592 930 4640 auctore
971 4593 1156 4639 nostro
1183 4594 1454 4639 mutuatus
1481 4596 1593 4650 est;
1634 4588 1984 4657 quemadmo-
2009 4581 2062 4642 D
2088 4612 2142 4658 ει
2171 4603 2281 4672 regi
2317 4603 2384 4657 ad
2421 4603 2684 4660 damonis
2711 4605 2990 4661 arbitrium
3014 4581 3393 4676 prgaicabn,
3417 4606 3658 4681 (σηπίη,
3743 4589 3755 4681 Δ]

386 4679 536 4744 dum,
561 4678 675 4746 ipse
699 4677 959 4733 Minucius
976 4693 1041 4734 ex
1058 4677 1386 4734 Tertulliano
1407 4678 1657 4751 (Tertull.
1684 4681 1977 4753 Apologet.,

385 4788 505 4844 cap.
557 4771 630 4828 22
664 4781 718 4829 et
747 4773 932 4843 seqq.)
987 4787 1081 4827 sua
1112 4772 1474 4842 desumpsisse
1525 4773 1667 4828 haud
1713 4774 1981 4830 immerito

384 4867 612 4923 videtur.
642 4865 753 4922 Nec
779 4865 977 4922 desunt
1025 4863 1186 4919 etiam
1227 4865 1317 4919 alii
1348 4866 1440 4919 illo
1488 4865 1664 4922 adhuc
1714 4869 1979 4939 antiquio-

385 4973 474 5014 res
511 4959 766 5015 Ecclesiaa
812 4958 1021 5024 Patres,
1073 4957 1164 5028 qui
1193 4958 1274 5012 his
1318 4957 1512 5012 similia
1551 4959 1767 5029 scriptis
1812 4963 1976 5018 tradi-

383 5052 534 5114 dere.
559 5068 694 5125 quos
716 5051 852 5108 infra
869 5067 970 5108 suo
991 5052 1110 5107 loco
1129 5051 1440 5108 citabimus.

455 5146 586 5216 Qua:
626 5154 807 5203 autem
852 5145 921 5199 ab
951 5146 1068 5216 ipso
1115 5145 1338 5202 dicenda
1385 5155 1556 5212 erant,
1601 5157 1660 5203 ut
1689 5149 1757 5203 ab
1806 5149 1979 5204 omni-

383 5237 486 5294 bus
531 5237 738 5293 facilius
795 5236 1019 5308 intelligi
1079 5245 1332 5308 possent,
1389 5241 1538 5310 prius
1597 5241 1974 5311 explicandum

383 5345 504 5387 esse
548 5330 700 5386 duxit
745 5329 987 5400 quinam.
1025 5331 1247 5401 cujusve
1295 5341 1499 5388 natura:
1529 5333 1638 5387 sint
1678 5332 1973 5401 daemones,

381 5439 446 5480 ac
478 5423 547 5480 de
582 5422 686 5479 illis
712 5424 790 5479 sic
809 5425 996 5479 statuit
1025 5442 1038 5480 :
1078 5443 1098 5476 ‹
1131 5426 1364 5497 Spiritus
1391 5436 1532 5491 sunt,
1561 5447 1579 5480 ι
1616 5428 1807 5501 inquit,
1847 5449 1864 5483 α
1897 5431 1975 5487 ἰη-

380 5515 597 5581 sinceri,
627 5516 767 5586 vagi,
793 5530 824 5571 a
852 5515 1059 5572 ccelesti
1087 5517 1270 5588 vigore
1301 5521 1528 5576 terrenis
1554 5520 1762 5577 labibus
1801 5532 1858 5580 et
1877 5539 1974 5579 cu-

381 5605 692 5676 piditatibus
735 5606 1028 5678 degravati.
1075 5607 1164 5664 lsti
1208 5609 1369 5680 igitur
1410 5613 1630 5682 spiritus
1665 5615 1978 5686 simplicita-

382 5705 494 5752 tem
519 5697 832 5753 substantia:
858 5714 992 5765 suae,
1023 5701 1200 5755 onusti
1240 5710 1296 5756 et
1329 5702 1565 5760 immersi
1592 5707 1760 5773 vniis,
1790 5708 1974 5780 perdi-

380 5789 597 5845 derunt.
631 5809 650 5842 ι
700 5791 889 5847 Nonne
926 5801 1106 5847 autem
1130 5793 1215 5848 his
1249 5797 1424 5852 verbis
1449 5799 1711 5857 bonorum
1758 5807 1978 5876 angelo-

377 5893 528 5948 rum,
575 5881 947 5953 malorumque
986 5883 1102 5940 sive
1135 5885 1442 5945 daemonum
1491 5901 1736 5950 naturam
1785 5895 1976 5955 distin-

2085 4693 2149 4747 de
2192 4692 2331 4749 1άοί.
2381 4693 2553 4750 Venit.
2615 4711 2733 4768 pag.
2775 4698 2843 4754 l3
2885 4711 2939 4754 et
2989 4699 3055 4754 14
3097 4698 3139 4770 ).
3190 4699 3510 4771 Augustinus
3550 4710 3661 4752 vero

2085 4801 2274 4841 rursus
2339 4798 2521 4842 narrat
2579 4788 2706 4858 quid
2769 4788 2838 4845 de
2905 4791 2997 4844 illo
3049 4791 3319 4859 Apuleius
3386 4787 3660 4847 Platonicus

2081 4879 2361 4949 scripserit
2401 4877 2652 4953 (August.
2700 4880 2793 4936 lib.
2837 4897 2910 4936 vtt
2950 4881 3012 4935 de
3055 4882 3204 4938 Civil.
3251 4899 3376 4955 cap.
3439 4884 3521 4945 η,
3551 4896 3655 4952 pag.

2082 4969 2257 5041 202).
2308 4972 2377 5026 At
2425 4971 2492 5027 de
2547 4973 2648 5028 hoc
2690 4973 2832 5028 bello
2877 4975 3007 5028 tanti
3041 4974 3352 5045 philosophi
3379 4977 3566 5032 comite
3607 4986 3657 5025 ac

2084 5062 2332 5130 custode,
2374 5063 2457 5118 vel
2495 5063 2636 5120 sicut
2662 5065 2735 5120 ait
2760 5063 3149 5131 Tertullianus,
3193 5069 3509 5141 paedagogo,
3547 5065 3657 5122 alibi

2085 5155 2462 5214 disseruimus.
2503 5159 2656 5214 Alios
2698 5174 2860 5227 porro
2893 5159 3244 5232 philos0phos
3286 5176 3476 5220 auctor
3502 5170 3658 5218 noster

2082 5261 2188 5302 non
2237 5249 2387 5315 citat,
2427 5249 2566 5304 haud
2606 5251 2766 5308 dubie
2807 5253 2931 5322 quia
2977 5257 3178 5310 nemini
3227 5258 3447 5313 cthnico
3507 5258 3654 5327 ignota

2081 5350 2196 5396 erat
2247 5341 2462 5397 illorum
2529 5343 2596 5398 de
2649 5344 2985 5402 daemonibus
3032 5348 3239 5418 opinio,
3277 5366 3377 5407 nec
3419 5352 3521 5407 ulla
3559 5354 3655 5406 erat

2080 5449 2272 5505 magna
2352 5434 2624 5506 fusiusque
2702 5437 3018 5508 explicanda
3098 5445 3372 5498 contentio
3429 5444 3651 5514 (Tom.l

2081 5527 2334 5600 Apparet.
2368 5545 2487 5601 pag.
2525 5531 2664 5586 1115
2691 5541 2747 5587 et
2775 5533 2967 5604 1115).

2151 5619 2298 5678 Idem
2354 5637 2482 5677 sane
2524 5622 2808 5680 dicendum
2863 5625 2932 5681 de
2984 5629 3176 5698 poetis.
3226 5645 3360 5701 quos
3412 5630 3494 5686 his
3557 5640 3648 5683 tan-

2082 5724 2192 5770 tum
2237 5715 2448 5772 duobus
2474 5717 2672 5783 verbis,
2708 5737 2727 5770 ‹
2761 5719 2944 5776 Poeta:
2979 5722 3178 5791 sciunt,
3209 5741 3229 5775 ι
3275 5738 3375 5778 nec
3409 5723 3558 5778 ullius
3575 5731 3649 5772 no-

2081 5809 2225 5862 mine
2287 5808 2602 5880 designato,
2665 5820 2827 5869 testes
2887 5813 3128 5871 adhibet.
3205 5815 3309 5874 Sed
3365 5816 3434 5873 de
3491 5822 3639 5884 pocla-

2079 5913 2224 5966 t'um,
2269 5908 2428 5977 atque
2469 5901 2634 5962 etiam
2660 5903 3118 5980 philosophorum
3154 5907 3224 5967 de
3254 5916 3440 5967 natura
3463 5907 3635 5966 όεωο·
