3818 6282
230 300 325 356 617

1632 319 2098 382 DlSSERTATIO.

3421 342 3525 399 618

220 429 342 470 num
374 419 746 488 Opinionibus,
777 421 828 478 in
851 424 1115 494 superiori
1142 426 1444 497 Apparatus
1469 437 1616 487 tomo
1640 443 1816 489 actum
1843 440 1898 497 Α
1923 438 2101 494 Laert.
2148 438 2305 495 Proc.
2349 441 2377 514 §
2423 458 2464 511 ι,
2496 443 2725 516 Apulei;
2757 448 2974 522 Apolog.
3005 465 3126 523 pag.
3168 453 3290 523 100,
3323 462 3450 512 tom.
3481 474 3522 513 ι.

212 517 315 573 est,
360 519 420 564 et
465 513 894 584 insequentibus
923 517 1099 573 adhuc
1125 531 1310 590 agetur
1348 522 1505 591 (lbid.
1565 542 1686 597 pag.
1711 529 1814 585 991

207 606 261 651 et
312 617 440 673 seq.
472 604 749 662 dissertat.
790 610 843 663 in
872 608 1112 667 Lactant.
1166 627 1284 683 cap.
1328 613 1421 679 ΞΟ,
1473 625 1575 672 art.
1635 618 1714 687 4;
1766 630 1822 676 et

203 689 255 743 in
281 690 604 752 Tertullian.
637 714 759 770 cap.
794 701 882 765 10,
910 713 1012 758 art.
1045 703 1127 774 ‘5).

279 784 528 860 Denique
576 790 766 863 Magis,
815 795 891 850 uti
935 795 1201 854 Minucius
1246 809 1452 870 uoster,
1497 812 1657 874 atque
1686 806 1817 862 'l‘cr-

214 879 508 951 tullianus,
564 893 619 938 ct
674 885 985 943 Lactantius
1034 890 1221 946 aiunt.
1285 894 1482 964 cogniti
1533 906 1658 952 sunt
1703 899 1816 954 dte-

218 986 435 1031 mones.
466 976 656 1047 Ecquis
688 994 822 1035 vero
852 995 945 1037 eos
971 982 1168 1038 melius
1205 998 1534 1055 cognoscere
1578 996 1811 1057 poterat,

224 1080 391 1137 quam
445 1069 591 1141 Magi,
647 1071 741 1140 qui
802 1072 958 1128 sicuti
1019 1075 1167 1130 citati
1220 1091 1252 1131 a
1315 1078 1469 1133 nobis
1523 1083 1813 1150 scriptores

228 1160 589 1230 testiﬁcantur,
648 1164 969 1221 earumdem
1024 1167 1329 1224 daemonum
1383 1171 1561 1240 impiis
1606 1174 1813 1230 artibus

227 1264 289 1304 ac
330 1253 607 1324 praestigiis
666 1269 733 1311 ea
793 1255 1018 1325 faciunt,
1074 1260 1268 1331 quibus
1320 1261 1552 1318 illudunt
1583 1267 1811 1323 incautis

228 1338 536 1410 hominibus,
575 1360 642 1402 ac
687 1349 945 1404 miracula
985 1366 1046 1407 se
1076 1353 1241 1409 edere
1268 1348 1636 1424 persuadent?
1671 1358 1811 1427 Quin

228 1433 381 1491 immo
406 1438 452 1492 si
490 1437 760 1496 Clementi
798 1442 1164 1500 Alexandrino
1199 1446 1492 1514 credimus,
1529 1449 1667 1521 Magi
1730 1452 1810 1507 illi

235 1530 390 1600 palam
440 1530 757 1601 jactitabant
806 1536 1084 1593 ministros
1130 1539 1464 1612 famulosque
1505 1556 1566 1599 se
1607 1542 1809 1602 habere

230 1621 503 1690 daemones,
532 1639 668 1695 quos
707 1628 1036 1685 carminibus
1062 1632 1176 1686 suis
1204 1634 1447 1691 fecerant
1482 1639 1805 1697 necessitate

227 1715 447 1771 adactus.
498 1717 656 1784 Vide,
711 1721 757 1775 si
794 1721 983 1789 lubet,
1051 1738 1169 1794 qua:
1223 1727 1278 1782 in
1325 1726 1469 1784 hunc
1515 1729 1807 1789 Clementis

222 1807 551 1865 Alexnndrini
620 1810 797 1868 locum
861 1816 1274 1885 annotavimus,
1330 1831 1385 1875 et
1451 1821 1668 1877 citatum
1725 1823 1798 1881 ibi
1826 1829 1877 1891 B

221 1911 258 1951 a
301 1900 437 1956 nobis
474 1900 789 1971 Eusebium,
836 1907 925 1976 qui
967 1923 1033 1962 ex
1079 1909 1241 1964 variis
1280 1911 1633 1983 scriptoribus
1678 1916 1800 1987 plu-

216 1991 356 2045 rima
395 1993 459 2048 de
503 1993 840 2052 daemonibus
885 2001 1182 2070 congessit.
1240 2003 1315 2058 De
1374 2003 1652 2062 Lactantio
1702 2024 1800 2064 au-

220 2089 331 2137 tem
365 2082 757 2142 etTertulliano
781 2102 880 2144 nos
909 2105 1009 2145 suo
1051 2091 1171 2147 loco
1199 2092 1594 2163 disputabimus
1650 2097 1803 2169 (Ter-

215 2174 321 2228 tul.
353 2176 552 2249 Apolog.
583 2193 704 2249 cap.
734 2179 837 2247 22;
886 2182 1130 2239 Lactant.
1174 2185 1265 2241 lib.
1307 2202 1366 2241 ιι.
1401 2186 1634 2244 Institut.
1676 2207 1796 2263 cap.

212 2267 313 2336 14,
338 2284 444 2340 pag.
478 2270 613 2337 216;
647 2273 902 2330 Clcmeus
946 2275 1238 2333 Alexandr.
1269 2278 1530 2335 Aduionit.
1563 2283 1632 2336 ad
1657 2294 1793 2354 gent.

202 2373 340 2433 pag.
365 2362 448 2427 59;
475 2361 624 2418 Tom.
658 2367 710 2419 1.
740 2366 993 2437 Apparat.
1028 2385 1148 2441 pag.
1186 2369 1368 2442 1259).

297 2455 551 2512 Dainioues
608 2474 770 2528 porro
835 2460 999 2529 Magis
1066 2464 1331 2533 cognitos
1370 2464 1541 2522 fuisse
1603 2466 1800 2537 probat

196 2544 458 2604 Minucius
479 2560 682 2615 uoster,
714 2551 957 2621 Ostanis,
988 2568 1082 2609 seu
1112 2555 1362 2613 llostauis
1398 2559 1608 2615 illorum
1653 2546 1807 2630 prin:

195 2638 345 2709 cipis
400 2650 721 2699 auctoritate.
793 2645 920 2701 Haec
972 2657 1148 2703 autem
1208 2660 1332 2705 sunt
1386 2650 1503 2719 ejus
1567 2653 1731 2708 verba
1778 2671 1792 2707 :

202 2749 229 2783 ι
297 2732 471 2787 Eorum
492 2774 507 2800 ,
534 2735 782 2793 videlicet
834 2738 1134 2795 daemonum
1159 2783 1172 2808 ,
1202 2741 1478 2813 Magorum
1504 2746 1718 2816 eloquio
1741 2756 1798 2803 et

187 2827 414 2897 negotio
429 2829 623 2898 primus
648 2830 914 2889 HOSIanes
952 2834 1069 2906 (ms.
1096 2853 1206 2907 reg.
1224 2836 1502 2909 Sostaues)
1526 2849 1580 2894 ct
1608 2855 1794 2896 verum

186 2919 371 2976 Deum
414 2925 591 2979 merita
642 2926 923 2997 majestate
976 2930 1359 3000 prosequitur;
1405 2941 1462 2987 et
1524 2933 1791 3004 Angelos,

186 3012 261 3068 id
292 3024 393 3080 est,
425 3017 693 3075 ministros
742 3028 797 3075 et
830 3022 1048 3076 nuntios
1097 3023 1214 3091 Dei,
1263 3024 1358 3080 sed
1400 3026 1535 3093 veri,
1571 3026 1794 3098 ejusque

184 3111 515 3165 venerationi
544 3112 693 3166 novit
729 3115 1007 3182 assistere,
1047 3124 1105 3170 ut
1134 3125 1188 3171 et
1215 3127 1347 3172 nutu
1379 3119 1518 3188 ipso,
1554 3130 1609 3175 et
1640 3122 1792 3177 vultu

1925 530 2177 602 Apparet,
2211 550 2325 605 pag.
2360 535 2487 592 550.

1997 623 2354 695 Exposuimus
2409 630 2669 687 hactenus
2718 634 2845 703 quid
2898 635 3156 693 Minucius
3211 650 3395 697 noster
3450 643 3520 700 dc

1922 726 2111 773 natura
2168 720 2491 786 daemonum,
2545 740 2651 780 non
2709 735 2817 782 tam
2865 744 2931 784 ex
2975 745 3093 799 sua,
3147 735 3222 788 uti
3271 736 3515 805 videtur,

1922 825 2081 877 quam
2133 814 2412 881 gentilium
2454 816 2917 889 pbilOSOpborum,
2974 834 3273 894 poetarum,
3316 840 3371 884 et
3406 830 3517 886 Ma-

1920 915 2109 971 gorum
2159 906 2506 974 Opinionibus
2549 912 2802 969 traditum
2840 915 3007 972 fuisse
3054 920 3328 977 docuerit.
3370 924 3515 991 Quo-

1920 993 2082 1050 modo
2115 1010 2292 1053 autem
2328 1015 2395 1056 ex
2426 1002 2492 1058 iis
2538 1003 2630 1060 ille
2679 1009 2949 1074 ostendat,
2992 1026 3098 1066 non
3146 1014 3390 1070 lictorum
3448 1018 3516 1074 ab

1919 1084 2163 1143 Etlmicis
2214 1090 2436 1147 deorum
2476 1109 2663 1164 opera,
2710 1100 2804 1154 sed
2855 1102 3167 1159 eorumdem
3209 1106 3516 1165 dmmonum

1919 1180 2206 1250 prirstigiis
2241 1197 2303 1238 ea
2344 1184 2478 1239 facta
2506 1202 2646 1253 esse,
2680 1206 2800 1261 quae
2839 1202 2988 1248 extra
3023 1204 3231 1252 naturae
3266 1200 3514 1257 ordinem

1916 1271 2205 1341 contigisse
2235 1271 2565 1343 ferebantur,
2590 1281 2702 1350 jam
2732 1286 3149 1343 examinandum
3177 1300 3278 1346 cst.
3492 1290 3495 1293 ’

2516 1410 2810 1455 ARTICULUS
2842 1404 2899 1455 ιι.

1914 1501 2259 1574 Εατροηυηιιιν
2309 1507 2529 1564 Minucii
2573 1525 2902 1584 argumenta,
2941 1518 3120 1588 quibus
3174 1519 3507 1591 demonstrat,

1985 1612 2076 1651 cur
2136 1610 2184 1652 et
2241 1603 2495 1669 quomodo
2553 1603 2840 1661 dmuonum
2889 1609 3081 1663 artibus
3127 1628 3186 1665 ac
3239 1617 3511 1687 prmstigiis

1985 1703 2045 1740 ea
2093 1691 2265 1744 omnia
2304 1695 2443 1762 facta
2483 1693 2602 1760 sint,
2655 1713 2775 1766 qua:
2815 1714 2971 1769 supra
3005 1713 3270 1759 consuetas
3314 1717 3512 1761 natura:

1984 1778 2113 1833 vires
2152 1780 2330 1847 e/I'ecta
2355 1785 2689 1854 videbantur;
2732 1790 2819 1843 ubi
2855 1791 3006 1861 plura
3045 1794 3108 1850 de
3142 1799 3374 1867 somniis,
3414 1815 3506 1853 va-

1978 1870 2068 1925 riis
2094 1872 2332 1940 sortibus,
2368 1891 2429 1931 ac
2455 1887 2625 1932 vatum
2653 1879 2848 1950 furore.

1981 2002 2221 2061 Vidimus
2257 2007 2308 2062 in
2350 2011 2616 2079 superiori
2647 2013 2876 2071 articulo
2926 2031 3030 2086 qua
3077 2020 3284 2077 ratione
3326 2023 3504 2079 Miuu-

1903 2096 2018 2151 cius
2072 2097 2268 2154 dixerit
2319 2099 2593 2159 dmmones
2654 2107 2900 2163 amisisse
2959 2129 2978 2163 ‹
3013 2112 3332 2170 substantia:
3383 2132 3533 2188 suae,

1902 2187 2294 2258 simplicitatem
2324 2210 2372 2260 ι,
2432 2194 2513 2249 vel
2561 2196 2698 2251 sicut
2749 2199 2948 2254 niitiori
3002 2203 3167 2258 verbo
3223 2206 3492 2277 interpres

1902 2281 2018 2352 ejus
2049 2283 2357 2341 Lactantius
2394 2287 2608 2355 effatur,
2647 2311 2666 2343 ε
2698 2292 3013 2350 substantia:
3051 2298 3289 2355 cmleSIis
3336 2302 3505 2373 digni-

1900 2381 2087 2440 tatem,
2130 2395 2148 2427 ι
2184 2377 2234 2431 id
2281 2389 2381 2444 est,
2412 2382 2777 2448 praestantiam
2801 2396 2855 2441 et
2880 2374 3282 2459 excellentiam,
3333 2410 3497 2464 quam

1901 2465 2013 2519 suis
2060 2467 2309 2524 nimirum
2366 2473 2598 2539 peccatis
2658 2475 2993 2534 ftedaveruut
3022 2481 3288 2550 (Lactant.
3316 2486 3409 2542 lib.
3439 2506 3497 2544 ιι.

1902 2552 2132 2610 Institut.
2165 2572 2285 2629 cap.
2316 2560 2406 2627 14,
2449 2578 2571 2632 pag.
2601 2564 2904 2637 2t6).Cum
2937 2572 3095 2641 igitur
3126 2576 3319 2630 merito
3342 2577 3498 2635 dam-

1900 2648 2013 2703 nati
2060 2665 2249 2705 eorum
2288 2668 2478 2722 poenas
2519 2656 2692 2725 luunt,
2740 2679 2759 2712 ‹
2796 2661 2864 2716 ad
2895 2665 3144 2722 solatium
3180 2670 3499 2730 calamitatis

1900 2757 2013 2798 sua:
2049 2763 2067 2796 ι
2110 2754 2168 2800 ιιι
2213 2748 2288 2801 ait
2341 2749 2545 2804 Auctor
2593 2761 2799 2820 noster,
2846 2764 2901 2811 et
2920 2773 3018 2813 nos
3038 2761 3173 2817 infra
3205 2767 3503 2834 explicabi—

1898 2851 2040 2902 mus,
2080 2855 2100 2889 r
2138 2853 2243 2894 non
2274 2839 2525 2896 desinunt
2554 2843 2744 2912 perditi
2783 2866 2802 2898 ι
2833 2848 2941 2915 jam
2970 2850 3215 2909 homines
3242 2858 3490 2928 perdere,

1897 2942 2100 2999 eosque
2154 2946 2187 2985 a
2244 2932 2355 2986 veri
2404 2933 2494 2988 Dei
2553 2936 2698 2991 cultu
2745 2952 2991 3009 avocant,
3044 2958 3107 2999 ac
3155 2949 3495 3018 prwcipitant

1896 3018 1950 3073 in
2012 3037 2173 3077 omne
2226 3025 2427 3078 erroris
2480 3030 2809 3099 scelerisque
2869 3047 3040 3102 genus
3101 3034 3123 3108 (
3153 3038 3370 3096 Dissert.
3437 3046 3494 3099 in

1895 3111 2157 3181 Laclant.,
2190 3130 2309 3185 cap.
2340 3116 2431 3180 κο,
2455 3127 2560 3173 art.
2596 3118 2673 3192 6).
2708 3122 2908 3178 Eadem
2937 3126 3126 3183 iisdem
3152 3147 3285 3199 pene
3311 3136 3495 3192 verbis

184 3198 398 3254 domini
423 3203 587 3257 territi
634 3208 1073 3262 contremiscunt.
1120 3207 1265 3263 Idem
1311 3209 1474 3265 etiam
1513 3211 1788 3269 daemones

1970 3207 2028 3261 tit
2073 3207 2392 3278 Cyprianus,
2442 3221 2496 3266 et
2536 3222 2759 3284 uterque
2784 3219 3029 3288 sequitur
3074 3221 3486 3298 Tertullianum,

183 3292 422 3362 prodidit
458 3304 715 3363 terrenos,
763 3312 946 3369 vagos,
989 3299 1335 3355 humanitatis
1366 3302 1636 3359 inimicos.
1678 3323 1698 3357 ι
1736 3304 1785 3360 Is

184 3398 327 3456 ergo
352 3385 603 3444 Hostanes
631 3389 829 3446 dicitur
874 3390 1149 3463 Magorum
1185 3394 1387 3462 primus
1434 3414 1453 3446 ι
1484 3394 1718 3466 eloquio,
1757 3415 1778 3450 ι

182 3476 255 3533 id
283 3491 380 3547 εει,
412 3480 667 3549 doctrina,
716 3483 832 3540 sive
877 3487 1106 3556 magiam
1135 3485 1362 3542 docendi
1404 3488 1629 3557 peritia;
1674 3507 1693 3541 ι
1728 3498 1784 3545 et

182 3571 456 3641 negotio,»
488 3573 588 3629 hoc
606 3584 711 3641 est,
742 3592 909 3648 opere
937 3586 994 3633 ct
1031 3578 1259 3634 artibus.
1292 3581 1361 3633 At
1386 3578 1593 3634 Plinius
1611 3580 1781 3651 scrip-

182 3664 264 3719 sit
288 3665 425 3723 hunc
454 3668 703 3726 Ostanem
731 3687 825 3728 seu
867 3672 1184 3741 Hostanem,
1226 3673 1353 3729 dum
1397 3675 1450 3728 in
1490 3673 1779 3731 Persarum

180 3756 334 3813 bello
382 3759 603 3818 Xerxem
660 3765 1041 3831 comitaretur,
1097 3766 1231 3821 artis
1300 3767 1522 3837 magicae
1570 3768 1776 3823 semina

182 3852 445 3918 sparsisse
489 3848 825 3927 quocumque
858 3859 1230 3927 commeabat,
1298 3864 1393 3915 sed
1447 3875 1478 3914 a
1552 3861 1774 3931 quibus-

185 3943 311 4000 dam
360 3945 712 4019 Zoroastrem,
762 3955 831 4008 ab
868 3953 989 4008 aliis
1020 3954 1438 4010 Proconnesium
1476 3955 1565 4010 illo
1612 3956 1772 4026 paulo

186 4038 505 4109 antiquiores
530 4046 741 4100 censeri
791 4047 951 4117 (Plin.
982 4048 1079 4103 lib.
1118 4064 1221 4104 xxx
1251 4047 1442 4105 Natur.
1485 4049 1617 4105 Hist.
1648 4060 1796 4124 cap.‘

190 4140 232 4193 1,
273 4145 393 4202 pag.
440 4134 586 4207 726.)
637 4136 901 4194 Eusebius
958 4156 1089 4195 vero
1136 4141 1293 4197 nobis
1341 4141 1560 4198 exhibet
1607 4143 1766 4200 citata

1891 3299 2062 3372 iisque
2106 3300 2438 3371 Lactantius,
2479 3322 2543 3361 ac
2588 3308 2912 3366 Prudentius
2941 3314 3318 3387 suli‘i'agantur.
3360 3322 3492 3379 Om-

1889 3393 2046 3447 nibus
2085 3403 2262 3449 autem
2310 3395 2413 3451 illis
2452 3403 2739 3468 przeiverat
2781 3403 3073 3475 Tatiauus,
3106 3426 3264 3480 quem
3308 3414 3490 3486 legere

1887 3485 2110 3554 poteris,
2159 3496 2320 3558 atque
2360 3489 2412 3545 in
2460 3491 2648 3561 primis
2677 3496 3057 3566 Augustinum,
3110 3505 3199 3573 qui
3254 3485 3375 3563 haec
3404 3509 3487 3565 fu-

1881 3576 1995 3632 sius
2024 3580 2363 3649 prosequitur
2402 3580 2677 3653 (Cyprian.
2720 3585 2810 3641 lib.
2859 3589 2923 3644 de
2949 3590 3090 3647 ldol.
3145 3593 3312 3652 Vanit.
3359 3616 3484 3673 pag.

1884 3671 1988 3735 l5;
2013 3670 2239 3728 Tertull.
2269 3674 2490 3747 Apolog.
2524 3693 2640 3749 cap.
2669 3681 2774 3747 22;
2806 3683 3027 3741 Lactan.
3059 3688 3153 3745 lib.
3178 3707 3216 3746 ιι
3247 3670 3481 3755 Institut.

1880 3777 1999 3833 cap.
2049 3764 2139 3829 14,
2199 3782 2316 3838 pag.
2360 3768 2489 3835 218;
2518 3770 2771 3830 Prudeut.
2823 3777 2998 3849 Ityutn.
3047 3781 3100 3835 in
3129 3782 3189 3838 S.
3246 3784 3479 3847 Vincent.

1879 3866 2049 3927 Str0p.
2079 3858 2153 3914 20
2181 3868 2234 3914 et
2258 3860 2348 3926 ‘21;
2377 3860 2587 3916 Tatian.
2621 3864 2768 3920 Orat.
2798 3880 2961 3924 contr.
2994 3870 3160 3927 Gram.
3195 3890 3317 3944 pag.
3351 3881 3481 3948 L55;

1877 3949 2104 4033 A.ugust.
2144 3952 2236 4008 lib.
2271 3969 2328 4008 ιι.
2371 3953 2595 4010 deCivit.
2630 3972 2749 4030 cap.
2783 3959 2873 4027 25,
2921 3972 2975 4017 et
3017 3978 3194 4036 seqq.,
3229 3982 3347 4041 pag.
3382 3973 3473 4040 55,

1875 4051 1930 4098 et
1966 4046 2168 4115 seqq.).

1943 4136 2195 4204 Quamvis
2247 4147 2425 4195 autem
2476 4141 2750 4199 daemones
2811 4146 3090 4203 amiserint
3148 4150 3468 4213 substantiae

1871 4239 1984 4281 suae.
2034 4227 2435 4296 simplicitatem
2481 4238 2537 4285 et
2578 4232 2916 4302 dignitatem,
2969 4253 3346 4299 remanserunt
3393 4256 3473 4304 ta-

1870 4332 1993 4372 men
2056 4336 2074 4367 ‹
2118 4320 2340 4388 spiritus
2363 4321 2657 4384 insinceri,
2690 4342 2710 4375 ι
2773 4333 2830 4378 ut
2877 4325 3117 4397 loquitur
3170 4332 3465 4408 Minucius,

204 4403 364 4465 Prius
377 4428 479 4469 vero
502 4416 619 4488 ipse
664 4419 928 4475 Eusebius
957 4421 1167 4476 dixerat
1187 4422 1444 4490 scriptum
1469 4420 1537 4475 ab
1565 4419 1765 4476 Ostane

1970 4426 1977 4466 ι
2022 4415 2164 4484 vagi,
2208 4433 2226 4465 ι
2272 4430 2392 4482 qua:
2434 4414 2691 4487 Cypriani
2736 4435 2949 4489 quoque
2989 4425 3148 4480 verba
3195 4438 3335 4495 sunt,
3373 4403 3470 4490 sed

206 4495 552 4565 oculeuchum
585 4511 859 4578 volume",
895 4513 948 4566 in
995 4529 1099 4583 quo
1144 4513 1211 4568 de
1258 4513 1391 4580 Deo,
1424 4514 1499 4567 υιί
1540 4522 1762 4568 anno”;
1874 4524 1891 4555 ι
1934 4513 2142 4569 tenues,
2185 4524 2204 4557 ι
2260 4515 2353 4560 aut
2401 4507 2541 4562 sicut
2585 4509 2661 4563 ait
2702 4509 3033 4581 Lactantius,
3067 4535 3086 4569 ε
3138 4518 3353 4588 spiritus
3386 4533 3470 4581 te-

192 4588 457 4663 Minucius,
501 4603 576 4659 ιε’
606 4603 676 4660 de
714 4604 846 4674 ipsis
895 4604 1036 4659 haud
1083 4604 1246 4661 dubie
1276 4605 1612 4661 daemonibus
1654 4605 1839 4667 dis-D
1869 4613 2001 4653 nues
2040 4607 2095 4654 et
2126 4599 2725 4669 incomprelieusibiles.
2765 4624 2785 4657 ι
2825 4604 2933 4661 Sua
2975 4617 3154 4667 autem
3184 4616 3464 4683 tenuitate,

179 4694 474 4760 potaverat,
523 4709 588 4752 ac
647 4696 802 4766 cujus
856 4697 924 4752 de
981 4712 1161 4753 rerum
1226 4705 1415 4753 natura
1465 4699 1761 4754 doctrinam

1972 4689 2178 4755 tilitate,
2233 4701 2394 4762 atque
2428 4692 2669 4763 agilitate
2696 4715 2716 4748 ι
2768 4696 2935 4753 vitam
2969 4701 3202 4773 turbant,
3239 4724 3259 4758 ι
3295 4710 3466 4781 pergit

168 4777 370 4849 reliqui
411 4798 590 4842 omnes
653 4787 823 4843 secuti
872 4799 996 4844 sunt
1040 4789 1278 4853 (Euseb.
1308 4790 1403 4846 lib.
1437 4806 1489 4858 v,
1522 4789 1757 4862 Prtepar.

1972 4782 2122 4837 ucius
2164 4792 2368 4851 noster,
2400 4800 2464 4840 ac
2503 4796 2626 4856 post
2654 4803 2777 4844 eum
2808 4790 3132 4863 Cyprianus,
3188 4816 3207 4849 ‹
3242 4777 3460 4858 somnos

158 4865 375 4946 λίκνῳ,
426 4893 537 4950 ηρ,
570 4880 660 4944 μ’
710 4896 828 4952 με,
871 4881 999 4938 202,
1029 4881 1175 4938 [dem
1204 4882 1300 4937 lib.
1334 4898 1373 4951 ι,
1413 4899 1533 4954 cap,
1584 4883 1757 4939 “nim,
1862 4875 2179 4955 inquietant,
2243 4878 2543 4949 irrepentes
2608 4883 2773 4938 etiam
2831 4889 3150 4956 corporibus
3205 4896 3455 4965 occulte,

150 4974 303 5034 pag.
345 4967 453 5041 12).
485 4970 550 5025 Ει
589 4980 740 5029 certe
769 4973 1095 5044 Augustinus
1141 4973 1257 5030 h:rc
1292 4974 1360 5031 de
1402 4975 1593 5031 eodem
1625 4976 1762 5033 Hos-
1861 4974 2078 5029 morbos
2101 4975 2324 5044 lingunt,
2352 4984 2556 5031 terrent
2576 4987 2806 5040 mentes,
2831 4981 3074 5036 membra
3096 4984 3453 5058 distorquent,

146 5057 305 5112 Iane
352 5063 471 5117 citat
528 5062 781 5137 Cypriani
834 5068 995 5122 verba
1032 5085 1045 5121 :
1099 5085 1118 5117 i
1152 5067 1390 5137 Quorum
1421 5067 1760 5141 (Magorum)
1862 5072 1920 5119 ut
1963 5064 2029 5119 ad
2076 5066 2156 5120 sui
2209 5066 2409 5121 cultum
2461 5077 2675 5137 cogant,
2716 5088 2734 5120 ι
2772 5080 2819 5124 et
2874 5071 2942 5124 ab
2980 5071 3284 5132 hominibus
3312 5057 3455 5138 tam?

135 5152 471 5225 Umeipuus
505 5158 794 5224 HoSIanes,
837 5170 893 5216 ct
931 5162 1156 5217 formam
1186 5164 1301 5217 veri
1332 5163 1427 5217 Dei
1451 5173 1607 5234 negat
1630 5180 1760 5220 con-

1970 5172 2019 5211 m
2089 5157 2202 5212 veri
2255 5157 2329 5211 dii
2382 5157 2631 5213 colantur
2682 5168 2737 5214 et
2757 5160 3081 5229 adorentur,
3145 5177 3304 5239 atque
3364 5189 3457 5229 sa-

133 5242 312 5307 ξιιίοί
353 5262 524 5318 posse,
577 5260 633 5307 et
679 5253 916 5324 Angelos
965 5270 1123 5310 veros
1152 5256 1265 5311 sedi
1293 5255 1411 5325 ejus
1436 5256 1566 5312 dicit
1594 5258 1760 5312 assis-
1862 5264 2024 5305 nasse
2069 5264 2164 5304 eos
2206 5249 2509 5313 videantur,
2554 5266 2782 5320 quorum
2824 5253 3187 5314 valetudinem
3236 5261 3461 5322 vitiave-

168 5333 313 5389 ‘cre.
345 5358 364 5392 ι
411 5340 517 5397 Sed
560 5343 678 5398 haec
719 5343 1020 5416 Cyprianus
1047 5362 1119 5403 ex
1159 5346 1395 5402 Minucio
1428 5356 1632 5411 nostro,
1680 5350 1761 5403 uti
1862 5351 2002 5397 tant.
2055 5341 2254 5397 Eadem
2295 5341 2475 5397 verbis
2517 5343 2677 5411 paulo
2717 5345 2948 5402 diversis
2992 5349 3301 5410 Lactantius
3356 5366 3457 5415 tra-

203 5429 395 5501 asSolet,
427 5437 784 5507 proculdubio
815 5449 1085 5495 mutuatus
1112 5439 1307 5495 fuerat.
1343 5439 1596 5509 Ejusdem
1625 5454 1753 5511 por-
1859 5435 2009 5492 didit.
2068 5435 2174 5491 Sed
2235 5433 2290 5489 hi
2343 5448 2531 5488 omnes
2590 5451 2975 5506 praecursorem
3028 5445 3452 5521 magistrumque

193 5517 244 5563 ὀ
290 5527 390 5584 Hos
415 5531 535 5585 anis
572 5514 904 5588 mentionem
941 5534 1140 5588 faciunt
1187 5532 1458 5598 Laertius,
1497 5532 1757 5596 Apuleius
1859 5527 2161 5584 habuerunt
2207 5526 2616 5592 Tertullianum,
2674 5530 2763 5598 qui
2809 5530 2910 5585 illis
2940 5532 3107 5588 facem
3153 5536 3235 5593 bis
3270 5543 3450 5599 verbis

182 5606 228 5700 ξι
274 5618 380 5688 alii,
434 5637 644 5695 nosque
694 5623 819 5678 alibi
871 5625 938 5681 de
990 5625 1085 5680 illo
1118 5626 1426 5680 audivimus
1469 5625 1754 5681 Tatianum

1975 5623 2168 5676 tulerat
2219 5639 2232 5675 :
2301 5641 2318 5673 ι
2359 5619 2598 5689 Suppetit
2662 5622 2784 5688 illis,
2820 5642 2838 5675 ι
2898 5625 3264 5700 daemonibus,
3326 5656 3344 5688 ι
3378 5639 3444 5693 ad

164 5684 517 5773 disserentem
556 5684 826 5788 '(August.
878 5718 968 5775 lib.
1021 5734 1093 5772 vn
1133 5718 1197 5773 de
1232 5717 1432 5789 Buptis.
1490 5734 1611 5787 cap.
1661 5719 1754 5785 41,
1859 5684 2141 5784 utramque
2190 5712 2538 5768 substantiam
2589 5713 2836 5779 hominis,
2877 5737 2895 5770 ι
2946 5718 3047 5776 hoc
3097 5734 3200 5790 est,
3250 5742 3448 5799 corpus

142 5780 283 5887 βεδε.
318 5809 444 5880 185,
470 5780 607 5867 ιοιιι.
639 5780 724 5873 ixi;
749 5807 930 5882 Cypr.,
955 5811 1047 5867 lib.
1079 5812 1142 5868 de
1169 5780 1325 5869 Ιάοιί
1346 5810 1477 5869 Van.
1510 5780 1630 5885 pag.
1664 5780 1753 5881 141

1970 5780 2212 5875 intimum,
2250 5824 2269 5858 ‹
2301 5804 2599 5864 adeundam
2642 5807 2929 5875 subtilitas,
2975 5822 3029 5868 et
3071 5817 3300 5876 tenuitas
3327 5836 3450 5891 sua,

608 5907 886 5970 Ρηιιοι.
932 5905 1036 5970 lII.

2910 5904 2990 5973 ‘20

197 4233 224 4273 a
270 4222 551 4298 Porpliyrio
600 4231 869 4302 Apollinis
925 4235 1200 4300 carmina,
1274 4234 1467 4305 quibus
1539 4235 1767 4292 Ostanes

197 4317 477 4384 δνυειιιιιιτ
513 4340 527 4378 :
556 4331 741 4396 Μάγων
764 4327 838 4395 ὄχ’
863 4334 1072 4397 ἄριστος,
1114 4328 1415 4397 «Magorum
1444 4328 1760 4394 maximus.»
