3818 6282
309 300 413 354 6'23

1618 292 1706 345 DE.
1735 289 1990 347 MINUCII
2029 290 2330 348 OCTAVIO
3459 308 3545 364 liii

309 431 373 469 :tc
421 414 540 482 igne
591 411 714 467 torti
757 410 983 473 aet-iore,
1016 406 1347 478 cogebantur
1386 407 1454 462 ab
1494 406 1735 461 obsessis
1773 418 1898 460 cor-

2019 410 2156 473 υιόνον,
2181 412 2262 462 καὶ
2284 417 2451 476 ὄψεται
2480 418 2576 469 πῶς
2597 410 2659 462 δι’
2685 414 2833 467 αὐτοῦ
2864 413 3081 478 δαίμονες
3105 419 3192 477 μὲν
3219 416 3426 479 φεύγουσι,
3450 443 3546 483 μιν.

309 507 534 575 poribus
561 501 825 560 excedere
864 515 927 554 ac
976 499 1150 569 palam
1207 498 1357 553 fateri
1396 515 1457 554 sc
1499 499 1714 554 illorutn
1744 496 1906 553 effec-

309 607 456 654 tuum
486 594 825 652 insolitorum
855 591 1015 647 fuisse
1041 605 1315 647 auctores.

286 688 290 692 ’
381 690 512 755 Quae
567 701 694 740 vero
742 684 849 738 siut
886 698 946 738 ea
984 682 1410 740 Christianorum
1460 685 1644 751 verba,
1694 691 1750 739 et
1790 697 1908 752 qure

312 793 514 851 preces,
545 778 622 832 sic
645 776 908 831 Minucius
940 784 1124 831 uoster
1153 776 1406 844 explicat.
1438 792 1458 824 α
1488 774 1730 845 Adjurati
1761 773 1906 827 enim

312 887 408 942 per
432 871 599 925 Deum
623 883 806 923 verum
836 876 892 923 et
916 867 1115 933 solum,
1140 867 1311 933 inviti,
1355 866 1536 921 miseri
1585 865 1906 935 corporibus

307 962 709 1027 inhorrescunt,
732 966 790 1015 et
831 958 919 1014 vel
945 958 1201 1014 exsiliunt
1224 958 1425 1025 statim,
1460 959 1543 1012 vel
1582 963 1911 1012 evanescunt

306 1055 593 1127 gradatim,
626 1050 934 1124 proutﬁdes
966 1050 1216 1121 patientis
1240 1051 1474 1121 adjuvat,
1505 1049 1786 1121 autgratia
1815 1063 1910 1103 cu-

308 1148 478 1203 rantis
523 1147 743 1216 aspirat.
781 1165 800 1199 »
858 1144 963 1201 Sed
998 1147 1113 1200 hare
1168 1144 1327 1215 paulo
1376 1144 1540 1198 fusius
1582 1142 1906 1214 Cyprianus,

302 1240 391 1311 qui
419 1248 473 1295 et
494 1238 737 1310 quaedam
768 1237 911 1293 illius
928 1237 1090 1293 verba
1113 1245 1386 1292 mutuatus
1409 1246 1510 1292 est.
1541 1254 1560 1286 ί
1598 1235 1684 1301 Hi,
1712 1234 1903 1304 inquit,

306 1332 536 1403 adjurati
576 1346 673 1402 per
699 1332 867 1386 Deum
911 1346 1095 1387 verum
1128 1345 1158 1385 a
1188 1329 1364 1396 nobis,
1417 1328 1594 1383 statim
1635 1327 1831 1382 cedunt
1856 1336 1912 1382 et

303 1425 559 1493 fatentur,
603 1434 658 1480 et
703 1424 772 1481 de
802 1424 1039 1481 obsessis
1083 1423 1403 1494 corporibus
1440 1422 1588 1477 exire
1609 1430 1893 1490 coguntur.

304 1518 502 1574 Videas
534 1517 653 1572 illos
691 1527 875 1573 nostra
925 1532 1076 1583 voce,
1131 1525 1187 1571 ct
1238 1515 1549 1585 operatione
1615 1513 1910 1583 tnajcstatis

303 1611 527 1667 occulta:
558 1610 736 1680 flagris
764 1610 918 1674 credi,
952 1610 1075 1680 igue
1114 1607 1325 1674 torreri,
1365 1608 1702 1662 incremento
1736 1620 1910 1675 ptentc

304 1703 646 1774 prepagantis
691 1702 932 1766 eitteudi,
988 1700 1215 1771 ejulare,
1291 1714 1532 1770 gemere,
1593 1698 1905 1768 deprecari;

2015 512 2117 556 reid.
2139 506 2188 554 δὲ
2212 506 2440 565 παύεται,
2463 514 2643 573 μιγείη
2663 507 2711 556 δὲ
2732 511 2861 557 πᾶσα
2882 513 2963 556 καὶ
2990 513 3268 572 φαρμακεία.
3287 525 3387 559 καττ
3397 530 3547 576 nem,

2017 612 2036 646 ε
2075 594 2264 649 Veniat
2288 605 2341 650 et
2371 595 2614 666 quisquis
2640 611 2703 651 ea
2733 611 2853 666 qua:
2896 595 3130 651 diximus
3168 597 3387 665 experiri
3420 601 3555 671 cupit,

2010 697 2170 757 atque
2207 688 2259 742 in
2292 689 2483 745 mediis
2514 688 2645 759 ipsis
2680 688 2987 744 dannouum
3035 688 3333 760 pr:rstigiis,
3376 702 3423 744 et
3463 709 3559 749 ora-

2010 780 2252 835 culorum
2293 780 2535 846 Iallaciis,
2585 795 2649 837 ac
2693 781 2881 851 magia:
2912 780 3187 851 prodigiis,
3232 779 3373 850 signo
3398 785 3557 854 crucis,

2015 887 2137 942 qua:
2162 872 2302 942 apud
2336 873 2482 942 ipsos
2511 872 2743 928 ludibrio
2766 881 2868 933 est.
2901 881 3101 939 utatur,
3141 871 3411 942 solumque
3440 873 3562 932 Chri-

2011 973 2151 1019 stum
2179 965 2451 1031 nominet;
2482 982 2608 1020 mox
2648 966 2846 1022 videbit
2868 980 3027 1036 quam
3055 966 3164 1020 cito
3188 979 3283 1035 per
3318 966 3470 1033 ipsum
3496 970 3558 1023 lu-

2011 1066 2202 1127 geutur
2225 1057 2525 1124 daemones,
2567 1066 2781 1114 cessent
2808 1058 3049 1120 oracula,
3082 1071 3173 1111 ars
3197 1055 3368 1110 omnis
3395 1059 3560 1129 magica

2012 1146 2358 1218 veneﬁcnque
2410 1158 2734 1204 evanescant
2766 1168 2785 1201 ι
2824 1147 2842 1219 (
2880 1148 3164 1215 Athanas.,
3196 1148 3289 1202 lib.
3333 1147 3391 1202 de
3424 1148 3565 1208 Incar.

2024 1238 2176 1295 Verb.
2209 1284 2224 1307 ,
2256 1255 2380 1311 pag.
2405 1242 2475 1297 75
2500 1252 2553 1297 et
2582 1240 2671 1297 88.
2698 1240 2830 1297 Ibid.
2864 1256 2982 1313 pag.
3006 1239 3123 1314 89).

2082 1332 2345 1389 Minucius
2386 1344 2564 1390 autem
2609 1349 2673 1389 ac
2702 1334 3084 1399 Tertulliauus,
3141 1333 3340 1404 aliique
3381 1350 3409 1389 a
3446 1337 3566 1394 nobis

2010 1427 2123 1497 jam
2174 1426 2375 1483 laudati
2428 1438 2744 1485 constanter
2791 1436 3106 1484 asseverant
3170 1426 3299 1482 illud
3342 1442 3439 1482 non
3484 1431 3571 1486 solo

2011 1519 2189 1601 crucis
2233 1517 2434 1573 Christi
2489 1519 2645 1589 signo
2678 1518 2816 1585 ﬁeri,
2848 1518 2943 1574 sed
2984 1517 3407 1575 Christianorum
3447 1520 3572 1576 etiam

2012 1612 2458 1682 adjuratiouibus.
2489 1614 2619 1680 Quis
2641 1623 2845 1680 autem,
2881 1614 2981 1668 uisi
3008 1613 3100 1684 qui
3133 1627 3192 1668 se
3232 1613 3402 1678 ipsum
3438 1629 3575 1670 excar-

2013 1720 2138 1762 care
2166 1706 2315 1771 velit,
2348 1715 2534 1775 aperte
2573 1721 2678 1761 non
2717 1705 2915 1770 videat,
2967 1719 3126 1775 quant
3169 1702 3221 1758 id
3254 1712 3455 1759 certum
3494 1706 3570 1771 sit,

305 1796 446 1851 unde
477 1795 718 1858 veniant.
749 1804 802 1849 et
830 1793 1046 1864 quando
1096 1793 1397 1858 discedunt.
1452 1792 1580 1862 ipsis
1624 1792 1783 1846 etiam
1815 1790 1903 1860 qui
1933 1798 1982 1858 B
2010 1814 2073 1853 ac
2094 1798 2294 1869 sepius
2328 1796 2523 1853 factum
2578 1807 2633 1853 et
2684 1798 2981 1854 testatum?
3010 1795 3115 1853 Sed
3154 1794 3279 1852 inde
3308 1796 3578 1853 conﬁrmari

301 1904 362 1944 se
390 1889 571 1943 colunt
601 1886 940 1942 audientibus
969 1884 1236 1951 conﬁteri,
1280 1885 1363 1939 vel
1417 1884 1674 1938 exsiliunt
1701 1882 1905 1949 statim,

301 1984 389 2037 vel
414 1992 741 2038 evanescunt
786 1980 1068 2050 gradatim,
1102 1988 1258 2049 prout
1300 1978 1430 2033 ﬁdes
1461 1977 1713 2047 patientis
1750 1974 1908 2046 adju-

305 2083 418 2139 vat,
459 2086 551 2128 aut
580 2073 751 2144 gratia
774 2074 1013 2127 curantis
1045 2072 1248 2142 aspirat
1269 2068 1456 2141 (Cypr.
1481 2068 1544 2122 de
1567 2067 1709 2121 Idal.
1727 2067 1906 2129 vanit.,

304 2182 427 2237 pag.
458 2163 568 2238 M).
624 2164 825 2219 Eadem
855 2163 947 2219 ille
1001 2162 1121 2218 aliis
1153 2164 1205 2216 in
1263 2161 1413 2217 libris
1457 2160 1684 2230 aliisque
1733 2158 1909 2214 verbis

303 2260 516 2330 repetit,
543 2273 663 2328 qua:
687 2257 937 2312 omnibus
962 2255 1140 2326 legere
1188 2270 1312 2310 cum
1353 2264 1659 2324 promptum
1708 2251 1797 2318 sit,
1846 2265 1909 2305 ca

304 2352 394 2406 hic
430 2365 534 2404 non
577 2348 993 2405 trattscribetuus
1026 2347 1192 2421 (Idem
1223 2348 1317 2403 lib.
1350 2346 1418 2401 ad
1451 2345 1644 2400 Donat.
1696 2360 1819 2416 pag.
1853 2346 1907 2409 4;

310 2451 366 2497 et
396 2442 490 2498 lib.
519 2441 586 2495 ad
613 2441 954 2505 Demetrian.,
988 2456 1107 2511 pag.
1157 2437 1307 2510 191).

376 2534 666 2604 Utriusque
712 2531 949 2603 vestigiis
976 2532 1175 2587 insistit
1204 2530 1540 2597 Lactantius,
1593 2543 1657 2584 ac
1704 2527 1772 2583 de
1815 2528 1909 2583 iis-

305 2630 429 2685 dem
458 2625 789 2682 daemonibus
817 2625 948 2681 dixit
978 2643 993 2682 ι
1031 2644 1049 2676 ‹
1079 2624 1280 2691 Justos,
1310 2622 1361 2678 id
1393 2633 1495 2687 est,
1534 2623 1771 2678 cultores
1812 2619 1907 2675 Dei

308 2727 576 2786 metuunt,
599 2720 752 2789 cujus
782 2719 999 2773 nomine
1029 2717 1258 2788 adjurati
1284 2716 1353 2772 de
1394 2715 1710 2787 corporibus
1748 2728 1908 2769 exce—

304 2819 470 2882 dunt,
504 2812 933 2885 quorum‘verbis
965 2822 1238 2883 tamquam
1270 2810 1455 2881 flagris
1484 2809 1774 2875 verberati,
1798 2822 1907 2861 non

305 2909 466 2965 modo
507 2922 565 2963 se
593 2906 866 2963 daemones
900 2919 1021 2961 esse
1060 2904 1404 2967 conﬁtentur,
1460 2901 1555 2957 sed
1600 2903 1759 2955 etiam
1808 2916 1908 2954 no-

307 3003 448 3057 mina
493 3015 589 3056 sua
636 2998 822 3065 edunt,
862 2997 954 3053 illa
982 3013 1103 3068 quae
1137 2998 1191 3051 in
1238 2995 1455 3065 templis
1491 2994 1805 3058 adorantur,
1855 3000 1911 3048 et

303 3094 444 3165 quod
478 3093 790 3164 plerumque
816 3106 998 3147 coram
1027 3089 1325 3144 cultoribus
1376 3087 1489 3143 suis
1521 3086 1743 3153 faciunt,
1799 3100 1906 3140 non

2015 1892 2190 1947 adhuc
2232 1901 2432 1963 potest,
2489 1892 2631 1962 quod
2662 1892 2731 1947 ab
2756 1901 2977 1948 auctore
3005 1900 3215 1957 nostro,
3254 1902 3309 1948 et
3352 1890 3579 1963 Cypriane

2022 1987 2295 2068 adjicitur,
2332 2006 2350 2039 ‹
2385 1996 2545 2058 prout
2574 1987 2707 2042 ﬁdes
2749 1986 3002 2058 patientis
3041 1985 3279 2055 adjuvat,
3325 1996 3415 2039 aut
3447 1986 3580 2056 gratia

2013 2083 2249 2137 curantis
2291 2086 2517 2152 aspirat,
2558 2100 2578 2133 ι
2625 2080 2677 2136 id
2722 2089 2826 2144 est,
2861 2088 3019 2151 prout
3075 2077 3249 2147 major
3298 2087 3393 2133 aut
3445 2078 3581 2134 miuor

2011 2183 2096 2229 est
2123 2172 2259 2228 ﬁdes
2293 2171 2594 2227 daemonem
2644 2172 2920 2241 patientis,
2959 2170 3040 2224 vel
3072 2169 3245 2239 major
3298 2178 3391 2224 aut
3441 2171 3579 2225 minor

2019 2267 2189 2336 gratia
2217 2262 2510 2319 Christiani
2537 2263 2856 2334 adjurantis,
2883 2263 3092 2317 daemon
3134 2261 3297 2317 citius
3327 2269 3419 2316 aut
3460 2262 3582 2331 paulo

2018 2357 2223 2412 tardius
2250 2356 2484 2426 ejicitur.
2512 2354 2713 2410 Verum
2744 2356 2858 2410 sive
2890 2355 3050 2415 illico.
3091 2354 3207 2410 sive
3245 2362 3362 2424 post
3406 2353 3583 2410 brevem

2014 2464 2219 2504 moram
2275 2449 2507 2517 aliquam
2574 2447 2784 2502 daemon
2836 2447 3143 2516 ejiceretur,
3196 2454 3323 2501 tunc
3378 2444 3581 2516 profecto

2012 2544 2303 2612 cogebatur
2323 2541 2442 2612 quis
2468 2540 2585 2610 ipse
2613 2550 2760 2596 ess-et
2783 2540 2994 2610 publice
3031 2540 3301 2595 conﬁteri.
3340 2538 3583 2610 Quaprop-

2025 2648 2107 2693 ter
2128 2636 2391 2692 Miuucius
2424 2635 2950 2706 argumentationem
2981 2649 3156 2700 suam,
3202 2633 3458 2703 ipsosmet
3483 2630 3584 2686 Eth-

2013 2733 2163 2788 uicos
2208 2729 2552 2802 alloquendo,
2590 2731 2669 2785 sic
2706 2729 2933 2785 absolvit
2965 2746 2977 2782 :
3013 2747 3031 2778 ι
3064 2726 3199 2797 Ipsis
3240 2726 3479 2788 testibus,
3512 2739 3584 2779 eos

2011 2826 2288 2882 daemonas
2328 2824 2397 2879 de
2446 2840 2506 2880 se
2534 2823 2915 2879 conﬁtentibus
2945 2822 3172 2877 credite.
3215 2842 3235 2873 ι
3277 2821 3444 2876 Antea
3485 2833 3584 2874 vero

2011 2920 2377 2976 Tertullianus
2443 2917 2556 2988 pari
2601 2917 2762 2973 modo
2811 2918 3073 2971 adversus
3118 2914 3339 2971 eosdem
3385 2913 3581 2984 gentiles

2012 3010 2355 3082 diSputaudo,
2384 3010 2468 3065 his
2497 3026 2593 3067 cos
2621 3009 3045 3079 compellaverat
3091 3006 3271 3062 verbis
3300 3023 3314 3059 :
3350 3024 3369 3058 ι
3403 3004 3580 3062 Credite

2011 3104 2118 3160 illis
2142 3100 2548 3173 (daemonibus),
2580 3117 2702 3158 cum
2745 3116 2929 3157 verum
2979 3100 3047 3156 de
3072 3114 3131 3154 se
3179 3098 3482 3169 loquuntur,
3512 3096 3580 3167 qui

307 3188 488 3258 utique
516 3186 567 3241 in
596 3184 945 3256 Opprubrium
993 3182 1299 3252 religionis;
1347 3181 1469 3250 quia
1502 3196 1601 3237 nec
1633 3180 1760 3245 Deo,
1812 3195 1906 3249 per

2019 3194 2395 3251 mentientibus
2420 3193 2664 3250 creditis.
2697 3192 2866 3247 Nemo
2896 3191 2962 3246 ad
3002 3206 3159 3247 suum
3189 3189 3419 3245 dedecus
3454 3203 3577 3244 meu-

304 3295 462 3350 quem
490 3279 833 3349 adjurantur;
864 3290 964 3332 nec
999 3276 1180 3345 justis,
1223 3290 1450 3346 quorum
1488 3289 1619 3329 voce
1651 3283 1907 3343 torquen—

307 3385 415 3439 tur,
452 3373 669 3427 mentiri
720 3379 945 3442 possunt
986 3369 1292 3441 (Lactant.,
1324 3369 1421 3425 lib.
1468 3385 1506 3423 tt
1554 3366 1755 3436 Instit.,
1783 3383 1904 3439 cap.

306 3468 395 3530 14,
422 3480 540 3536 pag.
570 3462 720 3533 218).

380 3560 550 3613 Antea
603 3569 729 3610 vero
789 3554 1020 3626 ipsemet
1076 3553 1332 3610 Minucius
1407 3563 1589 3610 noster
1654 3553 1903 3610 dixerat:

314 3668 331 3699 ι
370 3645 490 3717 Ipse
516 3646 775 3701 Saturnus
797 3655 850 3700 et
895 3646 1134 3716 Serapis,
1183 3656 1235 3701 ct
1274 3646 1514 3717 Jupiter,
1570 3654 1624 3700 ct
1652 3646 1908 3716 quidquid

308 3741 613 3796 dremouum
636 3738 832 3806 colitis,
872 3739 994 3794 victi
1016 3739 1221 3805 dolore,
1252 3739 1394 3811 quod
1416 3750 1541 3794 sunt
1563 3739 1906 3810 eloquuntur,

311 3848 411 3888 uec
440 3832 623 3902 utique
670 3829 725 3885 in
766 3829 1150 3900 turpitudinem
1190 3829 1293 3893 sui,
1351 3829 1621 3885 nonnullis
1671 3842 1909 3885 vestrum

308 3922 700 3987 assistentibus,
734 3923 1089 3979 mentiuntur.
1126 3942 1144 3974 ι
1172 3922 1242 3978 At
1261 3920 1625 3977 Tertullianus
1651 3921 1911 3977 Etlmicos

312 4027 469 4091 urget
494 4018 654 4089 longe
683 4015 1075 4081 vehementius,
1107 4029 1307 4085 e03quc
1320 4014 1574 4071 audacter
1591 4023 1845 4085 provocat
1858 4024 1915 4070 ut

313 4111 588 4182 quodlibet
613 4109 832 4180 hujusce
856 4108 930 4164 rei
956 4107 1250 4178 periculum
1272 4107 1488 4174 faciant,
1520 4108 1698 4162 acuisi
1714 4107 1914 4163 diemo-

314 4222 410 4261 nes
437 4220 465 4257 a
497 4203 689 4275 quovis
709 4200 1022 4257 Christiano
1046 4201 1297 4270 adjurati,
1328 4210 1435 4254 tum
1455 4200 1543 4271 qui
1564 4200 1666 4270 ipsi
1695 4200 1801 4255 sint
1819 4216 1913 4269 pa-

314 4297 419 4352 lam
437 4294 927 4360 couﬁteantur,vult
939 4302 1193 4364 oplalque
1209 4292 1429 4363 hujusce
1444 4290 1730 4348 Christiani
1751 4292 1917 4363 proti-

315 4404 436 4453 nus,
462 4396 514 4443 et
528 4385 787 4442 codemin
814 4386 935 4440 loco
971 4384 1118 4440 fundi
1151 4384 1463 4456 sanguinem
1496 4384 1744 4456 (Tertull.
1774 4386 1915 4455 Apo-

316 4483 587 4554 log.,cup.
639 4479 731 4547 23,
765 4494 888 4549 pag.
933 4477 1051 4547 21).
1097 4476 1281 4548 Neque
1311 4479 1364 4532 iu
1408 4479 1666 4543 animum,
1710 4492 1915 4547 quaeso,

2013 3288 2161 3353 titur,
2189 3270 2316 3356 quin
2360 3285 2537 3356 potius
2564 3284 2632 3339 ad
2681 3284 2965 3339 honorem.
2998 3282 3165 3353 Magis
3193 3280 3325 3336 ﬁdes
3376 3283 3575 3351 proxima

2011 3388 2096 3436 est
2155 3379 2413 3435 adversus
2467 3380 2788 3449 semetipsos
2838 3374 3179 3440 conﬁtentes,
3217 3388 3373 3441 quam
3410 3389 3496 3443 pro
3532 3385 3577 3426 se

2013 3467 2144 3536 ipsis
2171 3474 2434 3538 negantes
2463 3484 2482 3518 ι
2516 3463 2766 3534 (Tertull.
2796 3462 3044 3532 Apolog.,
3075 3475 3198 3528 cap.
3240 3458 3332 3523 25,
3373 3472 3479 3527 pag.
3503 3455 3572 3511 9.3.

2012 3557 2149 3614 Ibid.
2181 3574 2298 3629 pag.
2334 3558 2454 3628 25).
2505 3557 2638 3611 'l'am
2691 3565 2836 3610 certa
2864 3562 3068 3618 autem,
3104 3563 3213 3605 tam
3259 3548 3511 3603 manifesta
3534 3557 3574 3601 et

2013 3651 2222 3723 publica
2276 3660 2393 3705 erat
2446 3649 2565 3704 haec
2612 3647 2914 3703 daemonum
2964 3642 3270 3707 confessio;
3318 3650 3373 3696 ut
3411 3639 3571 3695 ibidem

2014 3743 2378 3799 Tertullianus
2433 3726 2747 3798 constanter
2794 3737 3027 3794 afﬁrmet
3080 3736 3184 3793 hac
3225 3738 3339 3808 ipsa
3388 3747 3568 3790 consue—

2014 3837 2159 3892 visse
2187 3848 2356 3890 novos
2387 3832 2502 3889 ﬁeri
2528 3832 2890 3889 Christianos.

2086 3929 2215 3998 Quis
2236 3944 2365 4001 ergo
2404 3943 2511 3983 non
2562 3926 2846 3982 mirabitur
2884 3923 3145 3995 quosdam
3203 3931 3394 3978 nostra:
3424 3917 3552 3975 atatis

2015 4021 2370 4085 Christianos,
2401 4021 2565 4075 immo
2590 4019 2748 4074 etiam
2779 4029 2835 4073 et
2877 4015 3157 4072 catholica:
3207 4014 3335 4070 ﬁdei
3383 4018 3562 4069 sociale

2017 4133 2127 4184 res,
2155 4131 2223 4172 eo
2245 4114 2527 4170 devenisse
2561 4120 2620 4167 ut
2660 4110 2817 4168 editis
2847 4109 3113 4180 publicam
3165 4108 3218 4162 in
3266 4107 3425 4162 lucem
3450 4104 3563 4158 libris

2018 4225 2262 4266 asserere
2297 4224 2402 4263 non
2431 4204 2794 4262 dubitaverint
2830 4218 2937 4257 non
2967 4201 3143 4272 aliqua
3192 4209 3410 4261 tantum,
3451 4193 3555 4266 quod

2019 4302 2150 4373 ipsis
2175 4301 2540 4365 concedimus,
2589 4296 2686 4353 sed
2727 4311 2790 4351 ea
2818 4294 3000 4350 omnia
3058 4307 3179 4362 quae
3222 4288 3552 4351 recensuituttS,

2021 4394 2258 4457 oracula,
2290 4392 2552 4463 prodigia,
2582 4397 2852 4461 portenta,
2885 4397 3067 4458 atque,
3096 4396 3154 4439 ut
3197 4384 3421 4446 aiebant,
3443 4380 3561 4434 mira-

2023 4487 2141 4545 cula
2190 4501 2484 4556 omnesque
2538 4482 2858 4539 vaticinandi
2904 4480 3091 4538 modos
3148 4479 3313 4534 nullis
3365 4488 3559 4544 umquam

318 4573 595 4630 induxeris
622 4572 759 4625 hanc
800 4584 920 4624 esse
970 4569 1207 4623 Africani
1230 4570 1508 4641 scriptoris
1532 4570 1698 4625 nimio
1719 4572 1915 4642 ingenii
1941 4577 1996 4636 D
2023 4584 2346 4648 dmmonum,
2374 4579 2469 4634 sed
2492 4576 2621 4633 solis
2646 4574 2986 4632 sacerdotum
3013 4588 3078 4628 ac
3104 4573 3452 4628 ministrorum
3478 4565 3559 4621 idow

318 4662 639 4720 ardentioris
654 4660 853 4730 impetu
876 4658 1083 4728 abrepti
1102 4659 1591 4729 exaggerationem,
1610 4670 1701 4715 aut
1717 4662 1766 4715 id
1789 4678 1916 4718 casu

320 4767 524 4812 tantum
543 4753 741 4823 aliquo,
774 4760 867 4805 aut
904 4751 1022 4820 ejus
1051 4750 1327 4805 dumtaxat
1355 4760 1596 4822 tempore
1636 4754 1918 4811 accidiSse.

320 4853 454 4908 Nam
481 4857 663 4921 postea
690 4846 1016 4902 Athanasius
1040 4845 1209 4900 semel
1238 4853 1292 4900 et
1326 4845 1518 4899 iterum
1548 4857 1921 4904 asseverantcr

321 4944 558 4999 afﬁrmat
594 4941 770 4997 crucis
793 4936 992 4993 Christi
1023 4937 1176 5006 signo
1200 4952 1412 4991 omnem
1437 4939 1695 5009 magicam
1724 4949 1916 5008 artem,

321 5035 607 5104 omniaque
637 5033 1031 5087 incantamenta
1063 5044 1406 5097 evanescere,
1462 5047 1526 5086 ac
1554 5040 1778 5088 cunctas
1807 5033 1918 5089 da:-

320 5140 540 5183 Inonum
585 5121 797 5177 fraudes
841 5120 1046 5191 repelli.
1109 5120 1449 5192 Experientia
1495 5133 1672 5180 autem
1734 5124 1788 5180 id
1838 5126 1915 5184 sic

321 5215 727 5286 comprobatum
760 5227 880 5266 esse
905 5220 1256 5276 contestatur,
1283 5223 1340 5269 ιιι
1368 5230 1473 5271 non
1506 5216 1684 5272 minus
1713 5218 1913 5275 audac-

320 5318 425 5372 ter,
457 5319 619 5376 quam
651 5303 1028 5367 Tertullianus.
1062 5304 1316 5361 Etlmicos
1342 5306 1406 5362 ad
1438 5310 1733 5378 periculum
1772 5311 1914 5368 illius

317 5400 624 5459 faciendum
653 5409 924 5470 provocet.
956 5400 1154 5456 Audias
1181 5403 1337 5458 vclim
1375 5403 1493 5475 ejus
1519 5406 1680 5461 verba
1708 5422 1721 5459 :
1751 5401 1914 5462 Ηκέτω

319 5503 369 5551 δὲ
393 5502 418 5550 ὁ
455 5499 621 5564 πῑῖριν
661 5510 754 5549 τῶν
795 5503 1138 5567 προλεχοέντων
1163 5500 1444 5568 βουλόμενρς
1481 5505 1659 5566 λαϐεῖν,
1704 5505 1787 5553 καὶ
1836 5501 1910 5555 ἔπ’

318 5595 467 5652 αὐτῆς
500 5602 582 5651 τίς
610 5599 869 5662 φαντασίας
897 5606 986 5646 τῶν
1035 5594 1283 5661 δαιμόνων,
1331 5595 1410 5646 καὶ
1438 5610 1525 5655 τῆς
1566 5610 1654 5650 τῶν
1689 5607 1919 5662 μαντειῶν

320 5687 533 5746 ἀπάτης,
554 5687 636 5738 καὶ
654 5698 742 5743 τῶν
762 5700 844 5746 τῖς
869 5697 1063 5753 μαγείας
1092 5694 1360 5756 Occepi-raw,
1381 5696 1625 5759 χρησάσθω
1644 5702 1705 5759 τῷ
1734 5699 1914 5760 σημείῳ

315 5783 400 5837 rei;
439 5785 693 5852 γελωμὶνου
729 5779 843 5852 παρ’
875 5784 1032 5843 αὐτοῖς
1054 5786 1279 5853 σταυροῦ,
1307 5789 1389 5837 τὸν
1432 5788 1643 5853 Χριστὸν
1677 5786 1912 5852 etiamin;

2021 4673 2086 4728 Iis
2110 4671 2454 4727 servientium
2483 4668 2642 4733 dolis,
2675 4667 2900 4731 artibus,
2948 4662 3253 4728 fraudibus,
3306 4670 3359 4718 et
3397 4656 3556 4733 persti-

2020 4766 2121 4836 giis
2150 4766 2283 4819 facta
2310 4761 2494 4818 fuisse.
2528 4759 2711 4831 Neque
2738 4774 2832 4813 eos
2858 4766 3105 4813 moratur
3124 4754 3552 4823 antiquissimorum

2020 4866 2445 4925 cacterorumque
2478 4851 2733 4908 Ecclesiae
2774 4850 2987 4905 Patrum
3020 4846 3330 4903 veneranda
3379 4840 3557 4898 auctori-

2022 4955 2121 5008 tas.
2152 4946 2454 5001 testiﬁcatio
2484 4944 2703 4998 minime
2736 4941 2918 5005 dubia,
2950 4948 3004 4994 et
3039 4938 3342 4994 communis
3363 4932 3557 4990 omnium
3583 4939 3587 4944 ‘

2019 5053 2313 5096 consensus
2367 5036 2610 5107 (Euseb.,
2669 5034 2760 5089 lib.
2803 5049 2880 5088 ix.
2915 5030 3115 5085 Hister.
3162 5028 3334 5095 Eat-1.,
3367 5039 3471 5095 cap.
3497 5021 3564 5084 Il,

2018 5150 2137 5205 pag.
2192 5134 2339 5204 567).
2390 5131 2492 5186 Pro
2533 5138 2681 5185 certo
2709 5128 2874 5194 enim,
2927 5124 3193 5197 inquiunt,
3247 5132 3302 5178 et
3329 5130 3435 5176 rato
3471 5127 3563 5171 cum

2018 5204 2249 5296 poSitum
2300 5222 2489 5278 fuisset
2530 5223 2710 5292 plures
2734 5235 2855 5277 esse
2907 5217 3202 5283 d.-rmones,
3256 5224 3363 5269 tum
3400 5204 3563 5267 creduli

2017 5317 2395 5386 simplicesque
2443 5314 2517 5369 illi
2570 5313 2672 5368 viri
2720 5313 2773 5367 in
2822 5311 3059 5366 animum
3089 5307 3244 5364 facile
3292 5304 3561 5360 induxerunt

2015 5410 2288 5466 dasmunes
2314 5408 2432 5463 illos
2462 5407 2655 5462 borum
2687 5407 2925 5463 omnium
2955 5403 3287 5460 insolitorum
3317 5397 3556 5455 cifectuum

2018 5501 2184 5558 fuisse
2213 5508 2479 5556 auctores.

2090 5592 2226 5663 Quid
2249 5593 2413 5663 ergo?
2434 5590 2700 5662 Numquid
2729 5587 3086 5660 antiquissimi
3111 5583 3354 5643 Ecclesia:
3379 5579 3545 5635 Patres,

2016 5688 2303 5755 cmteriquc
2337 5684 2626 5756 scriptores
2649 5681 2948 5745 christiani,
2975 5695 3073 5752 per
3111 5687 3185 5735 tot
3220 5673 3397 5734 saecula
3440 5666 3545 5722 adeo

2017 5779 2173 5847 tardi,
2207 5777 2449 5848 hebetes,
2503 5785 2556 5835 et
2580 5774 2710 5834 caeci
2729 5774 2963 5845 fuerunt,
2989 5780 3047 5831 ut
3069 5766 3440 5845 deprehendere
3458 5771 3540 5815 non
