3818 6282
257 345 343 403 6ἐό
1067 417 1072 420 _
1638 364 2106 423 DISSERTATIO.

3437 389 3543 443 626

247 466 506 570 potuerint
528 471 843 570 neutiquam
869 474 1196 570 daemonum,
1240 479 1336 535 sed
1366 480 1707 538 ethnicorum
1748 498 1835 537 sa-
1864 484 1917 544 Α
1943 484 2019 537 ait
2048 484 2331 553 Minucius,
2369 510 2386 541 ι
2409 495 2731 564 consecrati,
2776 517 2794 549 ι
2817 499 3136 570 Cyprianus,
3172 522 3189 556 ι
3212 508 3540 560 consecratis

246 560 511 617 cerdotmn
543 566 789 622 artificiis
826 577 882 624 et
920 568 1145 627 fallaciis
1194 573 1339 628 edita
1387 575 1552 631 fuisse
1596 574 1832 640 oracula,

240 660 386 723 atque
415 656 521 711 alia
548 661 734 727 etiam,
765 678 886 733 qua:
915 680 1077 736 supra
1122 682 1463 725 communem
1494 680 1701 724 naturae
1750 685 1837 724 or-

244 745 413 805 dinem
447 752 564 809 ﬁeri
605 756 965 815 videbantur?
995 761 1262 833 Numquid
1306 782 1434 837 ergo
1475 767 1693 837 majoris
1722 778 1837 823 erat

249 853 434 911 operte.
464 849 742 915 gentilium
772 854 1112 910 sacerdotum
1134 857 1354 913 fraudes
1382 871 1641 931 retegere,
1675 876 1834 930 quam

255 940 354 987 tam
415 938 644 1005 upemsis
680 940 1134 1011 disputationibus
1199 950 1468 1019 explicare
1511 968 1629 1019 qute
1673 952 1837 1006 fuerit

266 1024 538 1084 demonum
571 1042 785 1101 natura,
842 1038 965 1107 quid
998 1040 1064 1095 de
1124 1040 1211 1095 illa
1258 1043 1586 1113 philo.~0phi,
1636 1056 1831 1115 poetae,

271 1124 392 1193 magi
415 1124 593 1194 aliique
616 1129 849 1197 gentiles
886 1135 1196 1189 censuerint
1241 1146 1294 1190 et
1340 1136 1675 1203 tradiderint,
1714 1153 1834 1207 qua:

266 1211 439 1267 fuerint
462 1229 643 1271 eorum
671 1219 917 1281 artiﬁcia.
947 1222 1080 1291 doli,
1109 1234 1271 1291 artes,
1316 1228 1597 1298 praestigiae
1642 1230 1833 1298 quibus

264 1304 437 1358 tamdiu
450 1306 686 1364 Ethnicis
704 1312 866 1367 etiam
891 1315 1298 1382 oculatioribus,
1325 1320 1489 1373 immo
1510 1332 1563 1374 et
1579 1317 1835 1375 Christia-

260 1398 353 1463 nis,
380 1397 484 1454 ha-c
512 1403 654 1457 omni
681 1405 862 1461 studio
891 1407 1355 1479 investigantibus,
1384 1411 1650 1466 illuserint
1675 1413 1698 1465 ?
1727 1413 1831 1469 Sed

261 1488 354 1555 dic,
369 1493 596 1560 obsecro,
614 1511 717 1567 qua
742 1496 918 1554 fronte
940 1500 1323 1570 Tertullianus,
1345 1503 1688 1568 Athanasius,
1713 1507 1833 1561 alii-

261 1582 637 1652 quetloctissimi
655 1590 941 1659 cujuslibet
962 1596 1133 1649 aetatis
1148 1595 1249 1649 viri
1270 1596 1515 1651 ethnicos
1537 1612 1831 1667 provocare

255 1677 516 1745 audebant,
546 1691 601 1735 ut
644 1686 1022 1752 experirentur
1066 1685 1243 1742 utrum
1296 1690 1573 1745 daemones
1612 1692 1830 1746 oracula

253 1767 533 1837 fundentes,
565 1774 697 1828 mira
726 1778 969 1847 quaadam
1009 1779 1250 1846 edentes,
1285 1797 1511 1853 c0rpora
1558 1784 1830 1839 hominum

1940 574 2264 634 delitescunt
2292 581 2561 654 (Cyprian.
2598 588 2684 642 lib.
2720 589 2783 644 de
2816 589 2954 645 ldol.
3000 590 3198 661 Vanil.,
3233 611 3348 667 pag.
3373 598 3481 667 M).
3512 616 3531 649 ι

1940 667 2235 742 Utriusque
2264 684 2443 732 autem
2477 678 2635 750 hujus
2664 682 2909 738 lectionis
2962 686 3104 742 idem
3139 688 3291 756 plane
3323 705 3531 747 sensus.

1941 761 2182 823 Gentiles
2227 771 2423 841 quippe
2468 773 2585 829 illas
2636 775 2858 832 deorum
2890 794 3105 833 suorum
3152 781 3409 851 imagines
3451 799 3540 838 so-

1939 855 2104 913 lemni
2160 862 2498 921 dedicatione
2543 872 2952 926 consecrabant.
3009 873 3223 929 Testem
3292 876 3337 929 si
3403 878 3535 932 velis

1942 948 2034 1003 tibi
2063 950 2540 1022 locupletissimum
2567 962 2816 1029 proferri,
2847 965 3133 1023 citabimus
3179 965 3495 1023 Ciceronem
3518 1012 3533 1035 ,

1938 1043 2029 1110 qui
2075 1054 2198 1113 post
2235 1049 2400 1103 multa
2429 1050 2497 1107 de
2519 1054 2739 1123 antiquo
2764 1059 3251 1115 eonsecrandarum
3276 1059 3534 1117 dedican-

1939 1134 2238 1208 darumque
2272 1141 2467 1197 mdium
2512 1162 2662 1201 more
2690 1158 2745 1202 et
2793 1150 2897 1204 ritu
2940 1152 3204 1220 disputata
3228 1195 3243 1219 ,
3291 1164 3473 1209 narrat
3506 1170 3536 1209 a

1937 1228 2043 1295 Qu.
2074 1230 2274 1287 Marcio
2303 1250 2530 1292 censore
2561 1240 2754 1295 factum
2781 1244 3083 1299 concordia)
3113 1246 3319 1317 signum
3347 1256 3399 1301 et
3429 1248 3541 1302 col-

1938 1321 2169 1376 locatum
2225 1325 2278 1379 in
2322 1329 2559 1395 publico.
2614 1331 2750 1387 Cum
2772 1345 2949 1389 autem
2975 1332 3035 1390 C.
3093 1336 3309 1392 Cassius
3343 1353 3536 1394 censor

1937 1412 2068 1469 illud
2128 1418 2492 1475 transtulisset
2527 1423 2579 1476 in
2626 1427 2853 1489 curiam,
2931 1428 3199 1481 consuluit
3251 1429 3533 1497 collegium

1938 1509 2252 1578 pontiﬁcum
2288 1514 2545 1584 numquid
2594 1532 2771 1573 causae
2809 1519 3099 1587 videretur,
3135 1521 3261 1590 qttin
3289 1520 3418 1575 illud
3444 1521 3540 1575 de-

1936 1600 2160 1656 dicaret.
2231 1603 2328 1658 Cui
2383 1605 2452 1660 Μ.
2506 1607 2763 1665 JEmilius
2820 1614 3055 1681 pontifex
3103 1614 3366 1667 maximus
3439 1628 3536 1682 pro

1936 1693 2162 1766 collegio
2214 1699 2521 1768 respondit,
2582 1702 2733 1757 «nisi
2797 1719 2919 1758 eum
2974 1705 3201 1774 populus
3260 1705 3535 1761 Romanus

1936 1787 2252 1841 nominatim
2304 1790 2670 1857 praefecisset,
2724 1803 2885 1864 atque
2923 1797 3038 1867 ejus
3084 1798 3236 1868 jussu
3288 1797 3532 1863 faceret,

248 1860 553 1927 obsidentes,
601 1880 632 1918 a
685 1865 1007 1925 Christianis
1080 1874 1329 1943 adjurati,
1405 1884 1498 1929 aut
1562 1876 1824 1945 protinus,
1859 1875 1908 1934 B
1937 1892 2043 1931 non
2086 1878 2251 1933 videri
2320 1880 2450 1935 illud
2504 1893 2653 1938 recte
2703 1860 2859 1952 posse
2900 1860 3137 1943 dedicari
3167 1888 3345 1959 (Cicer.
3393 1860 3527 1944 orat.

244 1964 332 2007 aut
391 1956 536 2024 paulo
587 1968 728 2027 post,
807 1962 1022 2030 quinam
1085 1965 1184 2034 ipsi
1253 1967 1334 2020 vel
1398 1982 1507 2037 quo
1584 1969 1831 2039 appellati

244 2055 416 2100 essent
466 2048 693 2116 nomine,
755 2053 925 2122 palam
981 2056 1404 2112 conﬁterentur?
1460 2060 1512 2115 Si
1586 2077 1715 2116 vero
1747 2077 1831 2116 sa-

246 2140 475 2193 cerdotes
492 2140 709 2209 ethnici,
738 2160 842 2198 non
868 2156 1044 2200 autem
1076 2148 1348 2205 dtrmoues
1379 2152 1491 2206 hare
1518 2153 1825 2210 frauduleno

248 2240 331 2286 ινι-
352 2233 578 2302 agebant,
609 2252 706 2290 cur
736 2239 981 2295 sinebant
1011 2256 1070 2296 se
1118 2242 1397 2313 adjurari?
1444 2259 1543 2301 cur
1579 2248 1828 2317 atljuran-

249 2332 329 2377 tes
356 2326 776 2396 nonirridebanl,
809 2346 905 2385 cur
942 2347 1037 2387 eos
1079 2333 1157 2388 vel
1182 2335 1298 2388 solo
1352 2351 1450 2392 suo
1498 2338 1708 2392 silentio
1761 2340 1827 2394 ad

240 2416 528 2486 pudendum
559 2436 664 2475 non
695 2423 1062 2480 inducebant?
1094 2442 1190 2482 cur
1217 2443 1323 2484 non
1355 2445 1473 2496 suo,
1499 2433 1591 2486 sed
1624 2431 1826 2486 d:en‘.o-

244 2521 369 2562 num
392 2513 588 2567 nomine
612 2528 671 2569 se
696 2516 876 2570 vocari
906 2520 1332 2575 mentiebantur?
1362 2536 1458 2578 cur
1489 2525 1827 2595 patiebantur

247 2601 576 2672 imperatores
601 2622 727 2662 suos
750 2609 1156 2681 Diocletianum,
1203 2613 1271 2670 de
1309 2630 1417 2686 quo
1447 2632 1546 2673 nos
1566 2618 1713 2683 alibi,
1770 2626 1827 2673 et

252 2697 500 2753 Julianum
532 2702 862 2772 Apostatam,
916 2705 984 2762 de
1023 2721 1130 2776 quo
1179 2722 1277 2762 nos
1328 2709 1493 2774 infra,
1555 2710 1825 2780 mysteriis

248 2790 360 2845 suis
385 2791 614 2861 turbatis,
641 2797 831 2851 terreri
851 2805 908 2851 et
930 2799 1255 2869 fugari‘icur
1287 2801 1502 2856 tandem
1546 2802 1645 2857 hac
1691 2802 1820 2858 falsa

244 2885 584 2944 declaratione
610 2888 848 2946 funditus
869 2895 1183 2949 evertebant
1211 2895 1434 2951 deorum
1464 2911 1683 2952 suorum
1711 2898 1825 2952 cul-

246 2984 376 3038 tum,
403 2993 682 3051 omnesque
706 2996 832 3038 suas
877 2985 1197 3055 religiones?
1246 2986 1550 3060 (Dissertat.
1599 2990 1653 3043 in
1691 2989 1820 3044 Luc.

243 3067 405 3125 Ctecil.
437 3088 546 3142 cap.
580 3075 633 3142 5,
662 3088 764 3131 art.
794 3076 851 3132 9..
879 3077 1097 3133 Dissert.
1132 3080 1184 3133 in
1214 3079 1449 3141 Lactant.
1477 3097 1597 3152 cap.
1631 3082 1686 3149 9,
1716 3091 1818 3138 art.

242 3163 324 3233 Ξ).
361 3165 528 3222 Nonne
548 3169 834 3226 Chrisdani
864 3181 990 3226 tunc
1017 3172 1253 3228 divinum
1286 3190 1442 3229 suum
1476 3175 1821 3231 imitabantur

247 3270 627 3329 praeceptorem,
656 3264 744 3332 qui
787 3263 1087 3321 daemonem
1119 3281 1149 3320 a
1177 3282 1404 3337 corpore
1457 3267 1691 3323 hominis
1730 3284 1823 3322 ex-
1849 3258 1895 3321 C

252 3350 497 3418 pellendo,
542 3370 733 3409 nomen
788 3371 941 3412 suum
985 3360 1295 3414 renuntiare
1335 3361 1512 3431 coegit
1540 3360 1822 3432 (Mare.,v,

247 3443 306 3501 9:
334 3442 472 3510 Luc.,
498 3462 606 3511 vni,
631 3447 764 3519 56)?
791 3450 919 3515 Quis
938 3452 1265 3521 respondere
1287 3454 1480 3509 audeat
1498 3454 1633 3508 hanc
1661 3453 1826 3510 fuisse

244 3533 456 3603 alicujus
495 3536 688 3592 ethnici
716 3540 1011 3594 sacerdotis
1043 3541 1305 3610 fraudem,
1356 3546 1567 3614 ipsimet
1612 3544 1826 3600 Christo

208 3620 211 3623 ’
247 3624 545 3697 incognitam
570 3632 592 3684 ?
622 3629 792 3687 Nemo
817 3645 921 3700 eSI,
948 3636 1037 3705 qui
1064 3634 1336 3691 imminent
1359 3637 1728 3706 christianum,
1754 3639 1824 3695 ita

248 3716 552 3790 loquentem,
586 3725 773 3781 audire
801 3744 906 3781 non
939 3730 1356 3797 perhorrescat?
1395 3733 1535 3787 Bene
1565 3748 1693 3805 ergo
1736 3749 1826 3791 ac-

251 3818 361 3865 tttm
386 3814 445 3867 ab
470 3831 567 3868 uno
593 3833 624 3872 e
652 3818 910 3875 societate
953 3821 1078 3875 Jesu
1114 3822 1229 3876 viro
1258 3823 1571 3888 clarissimo,
1598 3825 1686 3895 qui
1728 3825 1825 3881 ab-

247 3904 450 3960 surdam
480 3907 614 3963 illam
638 3911 1069 3980 opinionem,vel
1092 3913 1266 3983 potius
1298 3915 1646 3983 paradoxum.
1680 3916 1825 3971 edito

246 4012 412 4064 nuper
437 4000 563 4055 libro
589 4003 744 4071 plane
791 4006 1105 4075 penitusque
1156 4006 1433 4061 subvertit.
1482 4007 1598 4063 Jam
1640 4024 1824 4064 veroa

252 4091 399 4146 nobis
422 4094 739 4150 ronfutatum
771 4106 853 4152 est
880 4098 980 4152 alia
1013 4099 1063 4151 in
1096 4097 1490 4163 dissertatione.
1526 4101 1612 4156 ubi
1631 4103 1696 4156 de
1722 4102 1823 4157 mi-

256 4182 400 4237 rabili
427 4186 547 4257 signi
605 4188 890 4244 dominica:
937 4191 1112 4245 crucis
1147 4193 1382 4259 potentia
1411 4192 1823 4263 disputavimus,

266 4286 327 4325 ac
351 4290 506 4332 rursus
536 4280 616 4334 his
660 4279 956 4346 refelletur,
987 4296 1104 4351 qua:
1150 4283 1205 4336 in
1251 4285 1597 4352 sequentibus
1628 4284 1827 4339 nostris

275 4362 693 4427 dissertationibus
720 4373 953 4429 dicenda
1000 4383 1125 4429 sunt
1192 4373 1393 4446 (Balth.
1437 4374 1688 4445 Respons.
1759 4380 1827 4431 ad

291 4452 574 4528 llist.0rac.;
593 4464 818 4519 Dissert.
852 4466 903 4519 in
931 4464 1058 4518 Luc.
1082 4464 1253 4520 Ca’cit.
1285 4467 1477 4536 cap.5,
1499 4466 1676 4533 art.2,
1703 4483 1823 4539 pag.

278 4545 387 4611 £80,
411 4560 451 4604 ct
471 4567 634 4624 seqq;
664 4554 889 4611 Dissert.
917 4557 970 4610 in
1003 4556 1239 4613 Lactant.
1287 4571 1405 4628 cap.
1436 4558 1491 4624 9,
1534 4568 1635 4614 art.
1662 4558 1728 4625 2;
1774 4568 1828 4615 et

268 4640 319 4692 in
346 4640 608 4703 Tertullian.
636 4664 756 4721 cap.
788 4651 879 4716 Η,
905 4659 1006 4705 art.
1034 4649 1113 4720 6)-

816 4784 1041 4843 CAPUT
1079 4784 1223 4840 XXI.

261 4906 323 4947 DE
350 4911 539 4954 υεοιιωσ
568 4913 864 4957 ιιιΑοιΝιΒυε
899 4916 965 4955 ΕΤ
993 4914 1319 4965 εηιυωοιιις,
1353 4913 1448 4955 SUB
1472 4914 1657 4964 QUIBUS
1678 4916 1826 4956 DELI-

328 5001 603 5047 τειεεκτεε
657 5005 918 5047 D£IONES
977 5006 1362 5046 CREDEBANTUB
1423 5007 1553 5045 IIRA
1599 5006 1824 5054 QUIEDAII

322 5093 545 5152 OPEBARI,
578 5100 642 5140 AC
668 5099 786 5147 ρυδ
818 5100 882 5138 ΔΒ
913 5098 1154 5138 ETHNICIS
1183 5099 1324 5137 IEPIE
1351 5097 1715 5138 COLEBANTUR.

667 5209 1039 5250 Λιιτιευιυδ
1115 5209 1388 5249 PRIMUS.

257 5307 444 5379 Quanta
485 5312 742 5382 impietate
766 5309 974 5365 Ethnici
1015 5309 1291 5365 simulacra
1334 5309 1543 5364 deorum
1584 5325 1790 5364 suorum
1811 5351 1824 5377 ,

306 5406 398 5463 sub
445 5407 621 5478 quibus
663 5406 917 5462 dwmones
971 5403 1288 5470 habitabant,
1348 5402 1570 5457 colerent
1609 5411 1656 5456 et
1704 5403 1831 5457 ado-

303 5511 512 5566 rarent,
541 5509 692 5570 atque
743 5498 806 5553 ab
847 5498 937 5563 eis,
980 5497 1241 5552 hominum
1292 5498 1527 5553 manibus
1554 5497 1831 5568 aliquando

301 5611 365 5650 ra:
390 5608 509 5647 vase
535 5590 891 5645 sordidissimo
924 5589 1106 5661 factis,
1148 5590 1373 5645 divinam
1403 5607 1550 5662 opem
1575 5599 1828 5662 peterent,

300 5705 362 5745 ac
411 5694 784 5757 exspectarent.

303 5782 427 5841 Alio
459 5779 525 5835 ad
585 5776 939 5848 decipiendos
988 5765 1234 5834 homines
1290 5777 1516 5835 artiﬁcio
1561 5778 1833 5833 daemones

229 5875 615 5940 abutebantur.
688 5870 899 5927 Etenim
957 5870 1058 5927 sub
1106 5870 1299 5929 statuis
1347 5871 1419 5943 fet
1463 5870 1785 5941 imaginibus
1815 5912 1831 5941 ,

1848 4645 1905 4705 D

1935 1984 2085 2035 xxtx,
2111 1987 2203 2039 pro
2230 1969 2395 2026 Domo
2427 1991 2540 2041 sua,
2573 1975 2640 2027 ad
2672 1974 2872 2048 Pontif.
2901 1994 3022 2048 pag.
3053 1979 3181 2039 424,
3213 1988 3260 2032 et
3289 1994 3406 2048 seqq
3432 1978 3474 2050 ).
3504 1998 3521 2029 ι

1934 2062 2109 2117 Variis
2140 2064 2319 2135 itaque
2359 2069 2704 2123 carreinoniis
2731 2069 3019 2137 cujuslibet
3062 2070 3148 2124 dei
3181 2069 3527 2125 simulacrum

1932 2156 2389 2224 consecrabatur,
2434 2169 2489 2214 et
2532 2158 2604 2214 ita
2646 2160 2779 2215 deus
2840 2162 3018 2216 licbat.
3076 2161 3209 2215 Nam
3270 2164 3531 2232 quemad-

1930 2247 2149 2302 modum
2198 2250 2402 2305 Auctor
2445 2261 2629 2307 noster
2675 2254 2893 2324 arguit:
2937 2273 2957 2304 ι
3013 2253 3238 2321 Quando
3291 2255 3376 2308 hic
3403 2269 3529 2309 nas-

1930 2342 2089 2407 citur,
2137 2358 2264 2399 ecce
2307 2346 2563 2410 funditur,
2613 2346 2936 2412 fabricatur,
2966 2350 3255 2419 scalpitur;
3290 2350 3528 2405 nondum

1930 2437 2063 2492 deus
2119 2449 2243 2493 est:
2276 2454 2402 2496 ecce
2457 2441 2784 2511 plumbatur,
2851 2444 3201 2510 construitur,
3266 2445 3527 2515 erigitur,

1932 2529 2169 2585 nondum
2194 2531 2324 2586 deus
2346 2542 2429 2587 est
2451 2550 2465 2590 :
2489 2549 2615 2589 ecce
2645 2545 2890 2600 ornatur,
2910 2546 3279 2602 consecratur,
3308 2546 3526 2599 oratur;

1929 2632 2056 2678 tunc
2087 2634 2358 2694 postremo
2406 2624 2539 2681 deus
2560 2634 2678 2692 est,
2726 2642 2847 2681 cum
2879 2626 3040 2681 homo
3066 2626 3216 2681 illum
3246 2626 3410 2681 voluit
3432 2667 3446 2691 ,
3477 2636 3534 2682 et

1930 2718 2225 2774 dedicavit.
2264 2738 2281 2769 ι
2316 2718 2397 2773 lta
2424 2720 2514 2775 ille
2544 2719 2827 2790 gentilium
2856 2719 3045 2773 irridet
3073 2719 3368 2774 ca-citatem
3401 2760 3414 2781 ,
3439 2718 3529 2789 qui

1927 2809 2046 2865 haec
2086 2811 2407 2879 simulacra,
2460 2826 2558 2882 pro
2586 2811 2865 2867 hominum
2910 2812 3132 2867 arbitrio
3173 2821 3483 2866 consecrata
3513 2854 3528 2876 ,

1927 2911 2020 2957 aut
2073 2902 2204 2958 deos
2262 2918 2390 2958 suos
2439 2918 2602 2969 esse,
2662 2914 2754 2958 aut
2805 2903 2857 2958 in
2923 2902 3003 2957 cis
3071 2902 3314 2957 habitare
3369 2903 3531 2956 stulte

1926 2996 2309 3066 Opinahanlur.

1997 3092 2068 3148 At
2098 3093 2374 3147 daemones
2404 3093 2503 3149 sub
2531 3092 2615 3148 his
2644 3092 2812 3163 signis
2838 3107 2901 3147 ac
2940 3091 3244 3145 simulacris
3269 3089 3526 3157 maxima,

1927 3191 1986 3237 ut
2037 3182 2307 3249 diximus,
2355 3194 2560 3240 natura:
2606 3200 2718 3239 sua:
2763 3184 3061 3240 subtilitate
3110 3184 3524 3250 delitescentes,

1931 3275 1999 3330 iis
2040 3292 2159 3342 sua,
2211 3280 2349 3333 sicut
2399 3279 2473 3335 ait
2530 3279 2917 3350 Athenagoras,
2950 3281 3163 3334 nomina
3225 3282 3530 3335 communi-

1929 3367 2143 3434 cabaut,
2196 3378 2287 3424 aut
2358 3370 2522 3425 veluti
2580 3370 2785 3426 addidit.
2842 3371 3248 3437 Tertullianus,
3317 3372 3525 3440 signis,

1929 3467 2228 3534 miraculis,
2290 3470 2557 3534 oraculis,
2614 3484 2735 3540 qua:
2783 3468 3037 3525 nimirum
3084 3468 3212 3523 falsa
3262 3477 3353 3523 aut
3395 3470 3523 3522 sub-

1928 3557 2052 3611 dola
2081 3573 2202 3613 esse
2232 3559 2598 3625 ostendimus,
2648 3577 2668 3609 ‹
2708 3559 2868 3615 ﬁdem
2898 3559 3192 3615 divinitatis
3222 3560 3525 3630 operaban—

1930 3660 2017 3706 tur
2062 3650 2335 3722 (Athenag.
2370 3652 2521 3722 legat.
2568 3669 2663 3724 pro
2690 3651 2967 3709 Christian.
2999 3672 3118 3727 pag.
3174 3655 3264 3722 9.9;
3307 3654 3535 3710 Tertull-

1928 3743 2148 3815 Apotog.
2181 3759 2300 3815 cap.
2333 3744 2397 3799 21
2425 3788 2437 3808 ,
2468 3760 2587 3816 pag.
2633 3742 2749 3817 25).
2785 3766 2805 3798 ι
2836 3746 3004 3814 Quam
3052 3747 3288 3802 insulsus
3347 3755 3525 3801 autem

1929 3846 2043 3892 erat
2076 3836 2162 3893 hic
2189 3837 2524 3892 ethnicorum
2556 3853 2739 3905 error,
2799 3838 3038 3893 ostendit
3068 3840 3239 3907 primo
3264 3839 3527 3894 Minucius

1929 3944 1993 3984 ex
2037 3930 2349 3987 earumdem
2404 3932 2815 3987 simulacrorum
2861 3932 3089 4000 origine.
3119 3931 3346 3999 Majorcs
3382 3933 3526 3986 enim

1930 4026 2123 4089 nostri,
2155 4024 2265 4089 ait,
2322 4024 2607 4095 improvidi
2657 4033 2712 4079 et
2780 4023 3017 4087 creduli,
3074 4023 3322 4077 colebant
3371 4039 3527 4094 rcges

1930 4128 2091 4179 suos,
2147 4123 2305 4184 atque
2339 4115 2465 4170 ideo
2518 4115 2900 4170 desiderabant
2926 4134 2945 4167 ί
2974 4113 3257 4169 defunctos
3311 4115 3365 4170 in
3394 4117 3528 4173 ima-

1928 4208 2143 4279 ginibus
2192 4208 2402 4271 videre,
2447 4226 2465 4259 ι
2511 4208 2623 4262 sive
2677 4207 3131 4278 quemadmodum
3166 4208 3398 4277 loquitur
3421 4209 3528 4280 Cy-

1932 4300 2155 4370 prianus
2186 4317 2197 4350 :
2230 4317 2248 4349 t
2275 4298 2403 4353 lnde
2424 4300 2489 4351 ad
2517 4299 2892 4353 defunctorum
2921 4299 3097 4353 vultus
3124 4314 3218 4368 per
3241 4300 3524 4368 imaginem

1931 4391 2252 4445 detiueutlos
2292 4404 2547 4459 expressa
2596 4398 2724 4443 sunt
2770 4389 3057 4444 simulacra
3116 4389 3297 4463 (Cypr.
3351 4390 3417 4444 lib
3465 4392 3528 4445 de

1930 4482 2131 4538 Idolor.
2174 4480 2339 4535 Vanit.
2378 4495 2498 4552 pag.
2536 4480 2646 4552 Η).
2688 4500 2706 4533 ι
2756 4479 2897 4549 Quin
2945 4481 3103 4535 etiam
3153 4484 3195 4535 si
3247 4480 3527 4537 Lactantio

1930 4573 2223 4639 credimus,
2245 4573 2458 4643 ipsimet
2475 4571 2751 4628 daemones
2781 4572 3083 4629 docuerunt
3113 4574 3314 4643 ﬁngere
3333 4574 3494 4641 imagi
3508 4602 3526 4614 -

1930 4680 2028 4722 nes
2056 4676 2108 4721 et
2137 4665 2441 4733 simulacra,
2471 4674 2557 4721 tet
2587 4667 2740 4721 ﬁctos
2767 4674 3099 4721 mortuorum
3118 4680 3303 4734 regum
3324 4663 3525 4730 vultus,

1929 4769 1984 4815 ct
2006 4769 2255 4827 ornatos,
2291 4757 2418 4829 (ms.
2452 4774 2498 4814 r.
2531 4758 2788 4828 ornatus),
2841 4756 3105 4828 exquisita
3132 4755 3529 4827 pulchritudine

1929 4852 2516 4924 statuicousecrarique
2531 4851 2802 4907 fecerunt»
2824 4848 3087 4921 (Lactant.
3102 4848 3190 4902 lib.
3218 4862 3274 4901 tt.
3296 4844 3528 4900 Institut.

1929 4960 2048 5014 cap.
2088 4944 2177 5000 16.
2217 4958 2337 5014 pag.
2386 4942 2514 5008 228;
2570 4941 2716 4996 Tom.
2754 4957 2792 4994 ι.
2843 4940 3091 5010 Apparet.
3148 4954 3268 5010 pag.
3329 4939 3432 4994 452
3477 4947 3534 4995 et

1931 5037 2109 5108 756).
2196 5034 2302 5091 Sed
2352 5034 2420 5089 de
2489 5034 2589 5089 hac
2657 5032 3066 5086 simulacrorum
3133 5030 3339 5101 origine
3401 5030 3535 5084 alibi

1934 5130 2307 5187 disseruimus.
2340 5126 2471 5195 Quae
2517 5139 2648 5196 ergo
2677 5122 2849 5193 major
2886 5121 3119 5176 amentia
3140 5163 3154 5186 ,
3193 5136 3353 5191 quam
3382 5135 3532 5175 mor-

1938 5235 2148 5280 tuorum
2187 5266 2200 5289 ,
2250 5237 2394 5292 smpe
2436 5221 2634 5291 saepius
2676 5217 3061 5275 sceleratorum
3110 5216 3409 5279 hominum.
3442 5226 3536 5271 aut

1936 5317 2097 5390 plane
2153 5316 2459 5371 ﬁctitiorum
2514 5313 2774 5380 deorum,
2827 5312 3088 5382 imagines
3138 5321 3194 5365 et
3246 5309 3533 5365 simulacra

1936 5407 2119 5464 colere
2149 5415 2206 5462 et
2231 5404 2457 5460 adorare
2491 5414 2759 5474 tamquam
2789 5417 2948 5458 veros
2976 5403 3108 5457 deos
3127 5441 3141 5468 ,
3176 5408 3266 5455 aut
3293 5402 3532 5471 ipsorum

1932 5500 2116 5557 sedem
2144 5508 2200 5555 et
2224 5498 2591 5553 domicilium?

2006 5591 2190 5663 Neque
2219 5590 2344 5645 illttd
2398 5590 2793 5659 incompertum
2821 5587 2919 5642 fuit
2946 5586 3293 5658 peritioribus
3338 5587 3533 5643 saltem

1934 5683 2253 5757 quibusdam
2296 5683 2573 5744 Ethuieis;
2606 5681 3036 5752 quandoquidem
3067 5679 3307 5735 Justinus
3335 5680 3535 5752 Martyr

1940 5775 2187 5848 (Justin.,
2219 5772 2443 5852 Cohort.
2474 5773 2538 5829 ad
2560 5782 2731 5843 gent.,
2760 5788 2882 5844 pag.
2913 5771 3279 5844 l8),Clemens
3308 5773 3546 5831 Alexan-

1937 5868 2125 5928 drinus
2168 5867 2360 5943 (Clctn.
2417 5868 2597 5934 Alex.,
2631 5866 2726 5923 lib.
2772 5882 2806 5920 v
2857 5864 3077 5937 Strom.,
3111 5880 3230 5947 pag.
3281 5863 3441 5937 603),
3487 5872 3544 5932 et
