3730 6270
303 381 409 436 627

1616 368 1705 423 DE
1744 363 2002 422 MINUCII
2044 365 2343 422 OCTAVIO

3409 385 3484 447 (328

305 496 568 554 Eusebius
598 498 846 571 (Euseb,
878 492 970 547 lib.
1010 504 1105 544 xut
1134 487 1309 556 Priap.
1347 485 1571 555 Evang.,
1619 496 1738 552 pag.
1772 478 1900 551 680)
1928 482 1979 541 A
2011 481 2226 571 impune
2257 481 2564 551 patiuntur?
2588 476 2694 536 cur
2709 480 2949 538 homines
2976 494 3219 563 coguntur
3242 503 3292 543 ea
3317 501 3485 567 tergere,

304 604 492 649 contra
533 592 821 650 absurdam
852 587 997 644 illam
1038 582 1316 655 gentilium
1366 578 1749 649 plerorumque
1781 588 1901 667 om-

303 686 453 741 nium
482 685 789 756 opinionem
820 680 993 737 citant
1031 674 1133 730 hos
1159 670 1442 743 Sophoclis
1459 681 1646 724 versus
1677 686 1688 721 :

557 831 692 881 θνητοὶ
708 827 751 869 δὶ
772 828 903 868 πολλοὶ
1077 822 1304 870 πλανώμενοι

557 885 828 946 ίδρυσάμισθα,
850 893 1026 938 τηεμ-τῶν
1046 884 1275 946 παραψυχὴν.

553 960 652 995 eum
667 954 848 1006 ἀγάλματ’
868 954 905 990 ιι
928 951 1035 988 λὶοων
1052 962 1093 986 τι
1110 948 1173 985 καὶ
1197 945 1321 988 ξύλων,

558 1006 589 1057 ἦ
612 1018 895 1070 lpus-ordinati.
915 1013 938 1062 ἧ
962 1012 1191 1062 {luminati
1210 1008 1344 1051 τὺπους

554 1083 691 1126 Θυσίας
715 1094 755 1118 τι
776 1079 938 1122 τοὺτοις,
958 1074 1018 1112 καὶ
1040 1072 1152 1116 καλὰς
1168 1070 1377 1119 summa;

555 1144 764 1194 Τιυχόντις,
786 1139 898 1184 οὕτως
924 1135 1084 1177 ὠσισιῖν
1105 1130 1309 1183 νομιζομεν.

492 1254 730 1318 Plerique
754 1259 992 1318 nostrum,
1022 1253 1191 1318 mente
1214 1243 1301 1318 se_d
1318 1243 1469 1318 capti,
1486 1241 1633 1290 deum

496 1305 765 1366 Simulacra
787 1316 947 1370 nobis,
961 1305 1053 1362 seu
1077 1308 1188 1357 mali
1210 1305 1458 1370 solatium,

494 1378 614 1429 Cum
634 1391 783 1428 saxea
801 1368 950 1439 atque
985 1374 1154 1434 lignea
1173 1368 1565 1439 consecravimus
1577 1379 1590 1425 ;

496 1439 620 1490 Tum
641 1448 691 1489 et
712 1431 904 1493 aureas,
935 1431 1283 1493 eburneasque
1306 1431 1559 1493 imagines.

496 1476 1124 1565 t‘é‘BbEiiEid's'.
1132 1476 1230 1542 ﬁbi‘s
1241 1476 1537 1565 festosldes

498 1552 723 1628 Agimus,
748 1552 871 1626 pios'
887 1563 981 1611 hoc
1001 1570 1117 1610 esse
1141 1568 1233 1605 nos
1254 1555 1346 1603 rati
1372 1552 1532 1602 modo.

308 1711 364 1767 Si
414 1712 503 1781 qui
561 1712 740 1782 itaque
806 1705 1111 1777 sagaciores
1159 1698 1373 1757 Ethnici
1426 1697 1545 1752 hzec
1595 1694 1907 1766 opinionum

311 1815 551 1861 monstra
584 1803 913 1867 deriderent,
947 1814 1106 1854 nemo
1130 1806 1307 1850 tamen
1353 1791 1584 1858 dubitat,
1623 1792 1901 1853 «horum,»

2010 570 2303 638 mundare,
2355 569 2626 625 erodere?
2679 571 2783 627 Sed
2838 573 2933 641 ipsi
2979 570 3261 644 ethnici,si
3288 583 3408 652 plane
3428 604 3491 644 ex-

2010 661 2201 717 cmcati
2256 677 2363 717 non
2410 660 2672 728 fuissent,
2713 662 2783 717 ab
2825 663 2926 718 illis
2953 665 3159 732 avibus,
3194 679 3330 742 atque
3351 678 3479 734 anim,

1986 753 2150 809 'libus
2198 753 2412 810 discere
2464 754 2761 809 debuerant
2815 755 2929 810 haec
2978 755 3274 825 simulacra,
3314 765 3423 821 sicut
3447 772 3497 826 ait

2009 848 2171 903 etiam
2221 846 2473 903 Clemens
2542 847 2970 913 Alexandrinus,
3039 853 3173 904 omni
3235 867 3367 908 sensu
3416 875 3499 917 esse

2008 938 2297 1005 destituta,
2343 955 2407 993 ac
2460 955 2567 994 non
2616 941 2734 995 sine
2786 954 2992 994 summa
3054 942 3299 1013 impietate
3352 950 3429 1002 coli
3468 966 3503 1008 et

2010 1031 2245 1086 adorari.
2313 1031 2419 1087 Sed
2460 1031 2528 1086 de
2580 1030 2661 1086 his
2730 1032 2783 1085 in
2834 1033 3188 1102 superioribus
3238 1039 3427 1106 nostris,
3459 1043 3503 1098 de

2010 1124 2252 1194 ejusdem
2278 1122 2573 1179 Clementis
2598 1123 2943 1179 Alexandrini
2966 1168 2977 1185 ,
3009 1135 3060 1183 et
3079 1142 3251 1182 rursus
3274 1130 3318 1183 in
3340 1147 3504 1202 sequen-

2011 1217 2151 1271 libus
2198 1217 2266 1273 de
2313 1217 2574 1283 Arnobii,
2622 1217 2916 1284 Lactantii,
2977 1229 3029 1273 et
3078 1220 3355 1279 Tertulliani
3395 1229 3499 1285 libris

2009 1312 2496 1368 dissertationibus.
2522 1312 2682 1367 Plura
2705 1312 2882 1367 adhuc
2903 1313 3039 1383 apud
3061 1312 3314 1370 Philonem
3330 1318 3506 1378 Jttdzrttat

2010 1403 2386 1469 Athanasium,
2438 1414 2492 1457 et
2548 1382 2946 1473 Hieronymum
2973 1404 3144 1473 legere
3173 1409 3348 1477 poteris
3379 1409 3508 1481 (Clem.
3574 1382 3579 1391 ι

2011 1492 2415 1548 Αιεεῑ.αάηιοιιίι.
2449 1495 2517 1547 ad
2539 1492 2686 1548 Gem.
2719 1494 2938 1565 pagi“;
2962 1493 3102 1550 Tom.
3130 1494 3175 1550 Ι.
3201 1496 3411 1568 Αρραται,
3430 1518 3511 1573 pag.

2012 1584 2116 1641 756
2130 1594 2177 1639 et
2195 1584 2491 1653 seq.;l’liilo
2516 1584 2578 1638 de
2603 1584 2780 1640 Decal.
2814 1601 2934 1656 pag.
2956 1586 3078 1648 75⁵5,
3106 1588 3164 1641 de
3189 1589 3413 1646 Monarclr.
3431 1609 3513 1664 pag.

2010 1677 2135 1733 8l3.
2179 1676 2242 1732 de
2291 1674 2410 1730 Vita
2439 1678 2713 1742 cantempl.
2765 1692 2888 1747 pag.
2945 1676 3074 1744 890;
3132 1677 3357 1735 Albanas.
3402 1695 3514 1739 contr.

2012 1779 2148 1840 gent.
2182 1768 2321 1842 513.
2358 1785 2479 1842 pag.
2516 1771 2604 1835 l3;
2641 1767 2946 1841 Hieronym.
2982 1771 3068 1826 lib.
3096 1788 3186 1826 xu.
3217 1774 3264 1827 in
3298 1790 3396 1845 cap.
3419 1793 3517 1832 xm.

312 1899 488 1968 inquit
517 1896 779 1951 Minucius
803 1937 817 1961 ,
849 1912 867 1943 ί
899 1863 1165 1961 'imagines
1190 1893 1532 1942 consecratas
1556 1881 1746 1952 vulgus
1782 1895 1905 1934 om-
1941 1871 1988 1930 Β
2016 1863 2197 1933 lsai.).
2249 1864 2390 1919 Nihil
2438 1866 2616 1935 itaque
2647 1880 2791 1919 nunc
2822 1863 3113 1931 addemus,
3137 1867 3232 1921 nisi
3257 1881 3315 1922 ex
3354 1877 3437 1923 tota
3456 1869 3521 1926 hac

315 2008 413 2058 re,
474 2001 527 2046 ct
576 1991 785 2063 publice
835 1988 1053 2047 colere,
1097 2004 1114 2036 »
1176 1992 1441 2050 tamquam
1503 1976 1672 2040 deos,
1732 1990 1761 2029 a
1793 1975 1913 2044 qui.

314 2086 420 2140 bus
462 2084 624 2138 etiam
683 2080 940 2137 miracula
985 2074 1137 2143 ﬁeri,
1186 2089 1249 2129 ac
1283 2072 1386 2128 sibi
1426 2068 1696 2127 subveniri
1724 2065 1914 2122 exiSti-

315 2175 469 2231 maba
480 2185 559 2230 nt.

395 2267 591 2322 Verum
643 2266 697 2320 lti
754 2276 857 2319 tam
908 2263 1267 2334 perniciosum
1302 2272 1542 2315 errorem
1573 2270 1677 2311 non
1710 2263 1916 2309 tantum

321 2376 385 2416 ex
429 2360 649 2433 praefata
681 2357 1096 2413 simulacrorum
1123 2352 1363 2424 origine,
1388 2349 1481 2405 sed
1511 2362 1616 2425 quo
1649 2346 1919 2415 fingeban-

318 2460 408 2506 tur
451 2451 611 2507 modo
651 2463 948 2525 agnoscere
986 2446 1306 2502 debuerunt.
1334 2442 1546 2497 Etenim
1579 2458 1597 2491 ί
1632 2440 1677 2495 si
1713 2439 1915 2502 deus,»

319 2542 435 2599 sive
458 2543 802 2598 simulacrum
832 2541 1102 2611 «ligneus»
1139 2545 1242 2603 est,
1262 2537 1434 2606 inquit
1456 2535 1736 2599 Minucius,
1770 2551 1788 2584 ι
1808 2534 1923 2604 rogi

324 2634 557 2691 fortasse
608 2635 690 2690 vel
745 2632 969 2688 infelicis
1024 2630 1216 2700 stipitis
1279 2629 1486 2699 portio,
1530 2616 1922 2697 suspenditur,

326 2727 580 2793 cmditur,
625 2725 867 2792 dolatur,
929 2723 1321 2787 runcinatur,»
1395 2719 1498 2774 hoc
1541 2726 1655 2785 est,
1715 2726 1926 2773 secatur

326 2818 622 2889 majoribus
653 2817 849 2881 serris,
882 2816 963 2870 vel
994 2815 1168 2885 potius
1198 2855 1211 2877 ,
1258 2822 1315 2868 ut
1364 2812 1485 2867 aliis
1513 2811 1719 2882 placet,
1771 2825 1923 2866 com-

322 2912 574 2981 planatur
608 2925 670 2964 ac
717 2910 950 2980 politur:
1013 2926 1032 2958 ι
1069 2907 1124 2963 Si
1180 2904 1459 2976 lapideus,
1500 2904 1759 2969 caeditur,
1788 2903 1926 2958 scal-

330 3007 504 3075 pitur,
557 3013 611 3058 et
651 3004 718 3057 ab
750 3004 1015 3073 impurato
1044 3001 1261 3055 homine
1287 2999 1567 3067 levigatur.
1620 2997 1857 3063 Denique
1879 2998 1925 3052 si

330 3111 503 3152 arreus
549 3096 633 3151 vel
683 3105 968 3166 argenteus
1017 3101 1134 3158 est,
1181 3088 1463 3155 conflatur,
1534 3103 1596 3142 ac
1642 3086 1927 3143 incudibus

335 3199 388 3242 et
442 3187 650 3242 malleis
709 3187 999 3257 ﬁguratur,
1065 3183 1182 3236 «de
1228 3179 1503 3235 immundo
1564 3181 1810 3245 vasculo,
1869 3187 1925 3233 ut

2018 1959 2229 2015 Minucii
2259 1961 2426 2015 nostri
2456 1959 2713 2014 adversus
2762 1958 3038 2015 Cincilium
3066 1960 3119 2014 et
3147 1960 3375 2015 Ethnicos
3396 1964 3522 2034 dispu-

2021 2054 2225 2108 tatione
2251 2052 2393 2107 haud
2422 2052 2651 2106 obscure
2678 2051 2855 2123 colligi
2874 2051 2989 2107 sive
3014 2052 3254 2108 eumdem
3281 2053 3522 2122 Minucium,

2022 2145 2136 2199 sive
2164 2145 2322 2210 alios,
2350 2143 2796 2214 quotiescumque
2824 2155 3152 2213 negaverunt
3172 2143 3271 2198 ulla
3290 2143 3525 2201 Christianis

2022 2246 2148 2289 nota
2187 2235 2353 2290 fuisse
2405 2233 2716 2296 simulacra,
2763 2247 2868 2288 non
2918 2233 2988 2288 de
3031 2234 3169 2298 aliis,
3214 2235 3351 2288 sicuti
3374 2252 3525 2306 supra:

2025 2327 2181 2382 nobis
2224 2327 2569 2381 observatum
2597 2334 2708 2389 est,
2754 2326 2924 2395 loqui,
2975 2339 3132 2393 quam
3179 2325 3399 2380 falsorum
3442 2328 3529 2381 dco-

2026 2437 2142 2477 rum
2186 2420 2521 2487 simulacris,
2564 2434 2683 2490 qua:
2709 2402 2760 2472 'a
2802 2417 3092 2489 gentilibus
3145 2418 3431 2474 colebantur.

2629 2569 2921 2619 Λιιτιουιυε
2953 2570 3009 2618 Π.

2030 2671 2108 2727 De
2149 2672 2389 2742 efﬁgiata,
2422 2680 2599 2735 uncto,
2628 2680 2674 2722 et
2712 2677 2958 2723 coronato
3007 2667 3263 2740 Serapidis
3299 2669 3531 2726 simulacro,

2099 2764 2236 2834 quod
2257 2763 2493 2818 Caeciliae
2523 2763 2774 2827 adoravit,
2806 2760 2890 2815 ubi
2919 2762 2984 2815 de
3013 2759 3280 2814 Gentilium
3298 2760 3535 2814 rarioribu-

2100 2856 2244 2910 lucra
2290 2855 2543 2909 adorandi
2569 2855 2691 2919 ritu,
2719 2863 2764 2906 et
2791 2863 2967 2907 utrum
2999 2851 3130 2906 illud
3157 2851 3396 2923 Serapidis
3428 2853 3535 2904 simu.

2103 2950 2297 3003 lucrum
2329 2946 2616 3002 Termiuale
2655 2947 2824 3015 fuerit.

2106 3082 2280 3139 Unum
2330 3081 2709 3152 proculdubio
2747 3096 2813 3135 ex
2857 3081 2956 3146 iis,
3010 3079 3079 3135 de
3141 3081 3319 3151 quibus
3360 3081 3534 3150 egimus.

2031 3173 2256 3229 deorum
2306 3172 2607 3227 simulacris
2654 3170 2784 3226 illud
2833 3170 2933 3225 fuit
3004 3168 3271 3241 Serapidis
3319 3169 3534 3239 lapideum,

331 3284 527 3351 smpius
596 3280 790 3335 factum
840 3276 1096 3349 [Egyptio
1148 3276 1290 3345 rogi,
1334 3295 1351 3326 »
1425 3273 1672 3328 videlicet
1726 3274 1927 3326 Atuasi.
1957 3260 2003 3324 C
2036 3265 2363 3336 efﬁgiatum,
2420 3273 2660 3329 unctum,
2705 3273 2757 3317 et
2784 3274 3139 3327 coronatum,
3166 3277 3283 3331 quo,
3319 3271 3365 3315 ιιι
3386 3262 3441 3315 ait
3472 3260 3534 3313 lli-

330 3374 525 3429 Narrat
572 3372 714 3426 enim
770 3370 1074 3425 llerudotus
1119 3367 1186 3422 ab
1242 3369 1330 3422 illo
1371 3366 1565 3420 factum
1598 3372 1795 3434 ἄγαλμα.
1823 3360 1931 3419 διιέ-

331 3490 487 3535 μονον,
522 3483 541 3516 ε
576 3465 889 3529 daemonis,»
925 3478 1017 3518 seu
1046 3463 1149 3523 dei,
1192 3462 1601 3535 «simulacrum,
1640 3481 1658 3513 »
1692 3478 1760 3516 ex
1791 3461 1930 3531 pclvi

334 3572 534 3621 aurea,
593 3556 644 3609 in
692 3571 795 3623 qua
840 3557 954 3624 ipse
994 3565 1151 3624 atque
1193 3554 1281 3608 alii
1311 3555 1583 3620 convivm,
1630 3544 1932 3621 iur/1:79,in

333 3658 552 3720 ἔνουρεῖν,
584 3653 667 3701 καὶ
716 3650 864 3710 *πόδας
914 3652 1291 3713 ἐκειπίνίςεσοσιι,
1343 3665 1360 3696 ι
1407 3661 1658 3713 vomere,
1714 3647 1931 3700 immin-

335 3755 495 3810 gere,
548 3748 601 3793 ct
656 3739 819 3809 pedes
874 3738 1095 3793 abluere
1145 3737 1411 3801 solebant,
1452 3756 1469 3788 »
1512 3736 1752 3807 [Egyptii
1805 3751 1933 3792 vero

336 3830 680 3885 simulacrum
734 3829 864 3885 illud
922 3845 1130 3884 summa
1200 3831 1546 3884 veneratione
1616 3830 1929 3898 coluerunt,

336 3921 460 3988 vel,
492 3930 548 3975 ut
575 3923 648 3976 ait
675 3921 995 3986 Herodotus,
1027 3928 1240 3992 meum;
1266 3928 1500 3976 σέϐεσθαι.
1535 3919 1805 3990 (Herodot.
1841 3921 1928 3976 lib.

333 4017 390 4069 tt.
446 4013 473 4083 ᾗ
527 4013 676 4083 172.)
757 4014 1116 4083 Quamobrem
1188 4014 1432 4070 Justinus
1484 4024 1687 4084 martyr
1738 4016 1943 4095 acriter,

334 4110 558 4179 corripit
605 4108 882 4175 ethnicos,
928 4109 1019 4180 qui
1059 4118 1110 4176 ἕξ
1152 4115 1333 4177 ἀτίμων
1382 4112 1615 4168 πολλάκις
1656 4125 1826 4164 σκευῶν
1854 4113 1935 4163 διὰ.

332 4211 522 4270 τέχνης,
555 4212 609 4257 τὸ
636 4219 801 4272 σχῆμα
828 4207 965 4273 μόνον
995 4210 1303 4269 ἀλλάξαντες,
1340 4207 1422 4257 καὶ
1463 4218 1897 4275 μορφοποιῆσαντες
1917 4245 1934 4271 ,

333 4303 461 4357 θεοὺς
491 4304 853 4364 ἐπονομάζουσι,
889 4286 915 4349 ι’
941 4312 1004 4353 ex
1047 4295 1345 4353 inhonesﬁs
1374 4310 1748 4366 sarpenumero
1769 4296 1932 4365 vasis,

336 4388 560 4458 ﬁguram
601 4397 804 4443 tantum
858 4398 1125 4443 mutantes
1177 4396 1231 4443 et
1301 4388 1728 4455 conformantes,
1778 4395 1936 4455 atque

341 4479 538 4535 exinde
555 4481 685 4536 deos
698 4483 1140 4552 cognominantes
1169 4479 1419 4552 »(Juslin.
1445 4480 1665 4552 Apolog,
1691 4480 1936 4553 pag.57).

406 4574 593 4643 Neque
649 4573 982 4643 respondere
1012 4582 1281 4643 poterant.
1329 4572 1572 4627 Gentiles
1627 4572 1934 4643 hujusmodi

336 4664 623 4720 simulacra
675 4664 808 4718 deos
852 4679 963 4718 non
999 4679 1122 4718 esse
1143 4705 1158 4729 ,
1219 4663 1321 4717 ttisi
1361 4673 1480 4731 post
1509 4679 1659 4718 suam
1687 4706 1702 4732 ,
1731 4665 1797 4720 de
1827 4682 1928 4736 qua
1955 4647 2009 4708 Ῑ)

335 4774 435 4814 nos
484 4758 641 4827 paulo
686 4766 811 4813 ante
850 4755 1115 4821 diximus,
1158 4755 1619 4809 consecrationem
1674 4764 1729 4809 et
1780 4758 1932 4811 dedi-

336 4849 623 4905 cationem.
678 4846 815 4916 Quid
859 4847 1001 4901 enim
1059 4845 1324 4899 divinitati
1354 4845 1522 4916 magis
1576 4848 1932 4903 contumelio-

336 4957 495 5008 sum,
549 4956 709 5010 quam
760 4939 926 4994 Deum
971 4934 1086 4992 fieri
1142 4952 1206 4992 ex
1256 4936 1565 5007 turpissimo
1612 4936 1933 4995 inhonestis-

332 5034 588 5104 simoque
605 5047 761 5099 vase,
805 5030 947 5102 quod
994 5031 1241 5100 impurati
1272 5072 1284 5095 ,
1319 5031 1402 5086 vel
1436 5040 1492 5086 ut
1519 5031 1763 5088 Justinus
1805 5050 1931 5092 mox

333 5130 560 5191 citatus,
595 5126 699 5193 ait,
748 5131 825 5180 ὅτι
856 5133 899 5179 οἱ
926 5130 1103 5180 τούτων
1151 5130 1363 5196 τεχνῖται
1399 5127 1630 5194 ἀσελγεῖς,
1667 5138 1749 5183 καὶ
1779 5137 1933 5183 πᾶσαν

332 5230 505 5276 κακίαν
532 5228 693 5286 ἔχουσι
745 5235 763 5267 ι
798 5216 1018 5286 Opiﬁces
1070 5216 1320 5288 impudici
1364 5226 1416 5271 et
1466 5219 1612 5272 omni
1667 5219 1933 5291 pravitate

333 5311 681 5368 contaminati
712 5308 1055 5365 simulacrum
1085 5307 1406 5365 eflinxerant
1436 5308 1623 5382 (Ibid).
1660 5328 1679 5362 »

408 5400 613 5458 Deinde
663 5415 792 5456 vero
840 5417 942 5473 qua
986 5402 1193 5458 ratione
1223 5402 1306 5457 hac
1335 5402 1595 5471 imagines
1641 5409 1695 5456 et
1741 5409 1931 5457 stature

333 5504 455 5566 post
490 5495 947 5551 consecrationem
979 5494 1050 5551 dii
1098 5503 1224 5562 aut,
1254 5510 1441 5550 eorum
1491 5492 1763 5549 domicilia
1811 5490 1929 5549 fieri

333 5588 659 5658 potuerunt?
702 5587 837 5656 Quid
883 5589 962 5644 eis
993 5589 1059 5644 ad
1104 5588 1436 5644 divinitatem
1484 5602 1546 5643 ea
1593 5589 1932 5644 consecratio

333 5678 598 5734 contulit?
645 5678 751 5736 Cur
812 5689 997 5751 postea
1078 5681 1144 5735 ab
1200 5679 1433 5746 araneis,
1512 5678 1926 5749 hirundinibus,

335 5775 544 5842 milvis,
568 5773 796 5846 aliisque
817 5773 1141 5829 animalibus
1180 5773 1354 5828 adhuc
1384 5772 1649 5828 roduntur
1672 5783 1727 5828 et
1775 5772 1927 5828 coin-

333 5866 655 5937 quinantur?
706 5866 813 5923 Cur
857 5865 975 5922 haec
997 5863 1204 5933 Jupiter
1225 5863 1598 5933 omnipotens,
1629 5864 1826 5934 aliique
1851 5862 1927 5921 dii

2037 3357 2226 3413 nucins
2272 3369 2455 3412 noster
2480 3400 2493 3420 ,
2529 3376 2546 3409 ι
2582 3357 2899 3421 denotato,»
2932 3357 3210 3421 Cmcilius,
3248 3370 3444 3409 imannm
3483 3354 3534 3405 oti

2034 3453 2361 3517 admovens,
2411 3450 2651 3505 osculum
2708 3450 2863 3505 labiis
2907 3452 3129 3521 pressit.
3168 3469 3187 3502 »
3237 3449 3348 3517 Qua-
3384 3449 3536 3500 vernile

2036 3545 2450 3600 simulacrorum
2489 3544 2895 3603 consecratione
2925 3586 2939 3609 ,
2967 3544 3229 3611 superiori
3248 3541 3429 3596 articulo
3443 3539 3534 3592 dicta

2037 3647 2190 3701 sunt,
2246 3635 2361 3690 lucc
2412 3616 2637 3691 cuilibet
2683 3633 2837 3688 facile
2885 3634 3282 3703 persuadebunt
3305 3631 3406 3686 illud
3428 3632 3535 3683 siaut-

2038 3731 2240 3786 lacrutn
2262 3774 2274 3796 ,
2333 3730 2473 3801 quod
2501 3729 2815 3798 Serapidem
2845 3729 3300 3797 repraesentabat,
3324 3728 3414 3799 ipso
3445 3740 3530 3778 con-

2037 3822 2355 3877 secrationis
2405 3837 2467 3876 ac
2524 3821 2875 3879 dedicationis
2927 3821 3036 3888 die,
3099 3836 3306 3877 unctum
3349 3820 3457 3873 fuisse
3488 3826 3525 3869 et

2037 3925 2376 3975 coronatum.
2440 3916 2505 3973 Et
2535 3927 2685 3972 certe
2714 3926 2870 3970 uncta
2904 3917 3073 3972 fuisse
3110 3913 3524 3987 ejuscemodisimu-

2039 4012 2181 4069 lucra
2227 4021 2391 4067 testes
2433 4010 2575 4065 haud
2629 4010 2821 4066 incerti
2875 4010 3035 4065 nobis
3063 4019 3187 4065 sunt
3221 4008 3392 4078 antiqui
3419 4003 3530 4071 scrip-

2039 4111 2201 4158 tores.
2228 4101 2555 4173 Augustinus
2583 4101 2780 4156 etenim
2809 4110 2931 4171 post
2955 4101 3118 4156 citata
3152 4102 3258 4154 haec
3283 4095 3383 4153 libri
3415 4093 3532 4149 ϐθηεο

2017 4200 2162 4250 'seos
2187 4193 2255 4247 de
2285 4191 2588 4247 Patriarcba
2610 4191 2777 4246 Jacob
2802 4191 2965 4245 verba
3007 4212 3020 4247 :
3056 4211 3075 4245 ‹
3113 4190 3333 4260 Sumpsit
3360 4185 3524 4256 lapidem,

2038 4297 2091 4341 et
2130 4284 2429 4357 superfudit
2477 4285 2654 4340 oleum
2683 4299 2846 4355 super
2872 4298 3136 4339 cacumen
3164 4285 3326 4353 ejus,»
3361 4274 3527 4348 scripit:

2040 4379 2152 4436 lloc
2194 4380 2258 4437 ad
2302 4378 2636 4453 prophetiam
2677 4378 2938 4449 pertinet,
2976 4394 3078 4434 nec
3106 4393 3252 4435 mure
3290 4371 3533 4432 idololatriae.

2040 4477 2267 4548 lapidem
2322 4476 2550 4547 perfudit
2594 4475 2717 4530 oleo
2769 4474 2957 4538 Jacoh,
3030 4476 3178 4530 velut
3223 4472 3393 4527 faciens
3436 4465 3535 4519 illum

2040 4570 2197 4625 deum
2227 4585 2247 4633 ;
2295 4585 2470 4638 neque
2520 4562 2663 4624 enim
2703 4566 2947 4622 adoravit
2976 4569 3227 4624 eumdem
3259 4563 3461 4635 lapidem,
3483 4555 3536 4609 vel

2036 4664 2084 4718 ei
2131 4661 2454 4717 sacriﬁcavit
2480 4659 2666 4733 (Genes
2715 4676 2919 4727 xxvm,
2953 4658 3048 4726 l8;
3074 4660 3281 4730 August.
3307 4656 3372 4710 lib.
3399 4665 3473 4713 ΠΙ,
3490 4645 3534 4698 de

2038 4755 2145 4810 Civ.
2176 4769 2293 4825 cap.
2318 4754 2410 4821 28,
2438 4753 2702 4824 pag.“9,
2727 4763 2773 4807 et
2799 4751 2983 4824 θείη).

2110 4848 2380 4918 Scriptum
2399 4862 2611 4917 quoque
2627 4861 2656 4899 a
2682 4843 2958 4902 Clemente
2979 4837 3535 4911 Alexandrinoleginrus;

2038 4948 2100 4995 Οἱ
2125 4944 2260 4996 εὖτ-οἱ
2286 4942 2335 4993 δὲ
2360 4942 2485 4999 οὗτοι
2517 4948 2610 4992 πᾶν
2638 4946 2791 5005 ξύλον,
2829 4945 2911 4993 καὶ
2946 4945 3108 4993 πέντα
3132 4945 3271 5000 λίθον,
3299 4942 3345 4991 τὸ
3371 4937 3417 4984 δῦ
3450 4930 3538 4995 πῖθ’

2034 5060 2174 5104 μενον
2206 5044 2409 5106 λιπαρὸν
2432 5042 2808 5106 προσκυνοῦντες.
2840 5054 2859 5088 ε
2894 5034 2997 5104 Ipsi
3022 5042 3199 5091 autem
3222 5028 3536 5095 mtttleiigﬂlmi

2036 5141 2090 5186 et
2120 5146 2335 5185 omnem
2367 5129 2630 5199 lapidem,
2673 5138 2730 5185 ut
2771 5129 2996 5196 dicitur,
3035 5138 3247 5183 unctum
3283 5124 3533 5178 adorantes!

2035 5219 2219 5290 (Clem.
2268 5221 2415 5275 Alex.
2447 5220 2532 5274 lib.
2570 5237 2693 5274 xvn.
2731 5220 2926 5277 Strom.
2959 5235 3079 5291 pag.
3112 5220 3235 5284 715,
3285 5216 3356 5281 D).
3407 5211 3536 5263 Postea

2037 5327 2168 5366 vero
2194 5312 2464 5369 Arnobius
2491 5313 2558 5368 de
2586 5328 2644 5368 se
2674 5314 2790 5383 ipso
2818 5328 2941 5367 cum
2966 5312 3144 5367 adhuc
3172 5308 3392 5366 ethnicus
3414 5305 3534 5360 esset.

2036 5404 2180 5460 hunc
2209 5405 2441 5476 loquitur
2480 5405 2534 5460 in
2584 5404 2802 5459 modum
2835 5421 2847 5457 :
2889 5424 2907 5456 ι
2948 5403 3209 5461 Picturas,
3238 5392 3477 5454 veternosis
3501 5389 3534 5440 in

2033 5499 2315 5552 arboribus
2365 5499 2552 5553 tmnias
2595 5497 2640 5552 si
2687 5496 2900 5565 quando
2947 5506 3334 5567 eortspexeram,
3373 5481 3535 5541 lubrica-

2035 5599 2143 5643 tum
2196 5589 2459 5659 lapidum,
2493 5597 2546 5643 et
2574 5604 2640 5642 ex
2665 5587 2791 5640 olivi
2825 5586 3061 5657 unguine
3109 5581 3530 5637 sordidatttut,tatn-

2032 5696 2190 5752 quam
2244 5682 2445 5735 inesset
2497 5680 2577 5734 vis
2629 5693 2908 5748 prmseus,
2958 5675 3247 5740 adulabar,
3284 5669 3468 5725 affabar,
3499 5665 3534 5712 el

2032 5773 2296 5828 beneficia
2348 5772 2635 5843 poscebam
2665 5813 2679 5838 ,
2742 5770 2875 5825 nihil
2921 5770 3187 5825 sentiente
3234 5766 3295 5819 de
3355 5765 3527 5813 trunco!

2033 5862 2247 5936 (Arnob.
2280 5864 2366 5919 lib.
2401 5881 2435 5919 ι.
2463 5866 2513 5919 in
2543 5863 2691 5918 Gem.
2728 5879 2849 5935 pag.
2881 5862 2994 5931 ‘23).
