3730 6270
204 387 290 448 629

1638 343 2108 444 DlSSERTATtt).

3344 391 3366 464 ἶ
3382 388 3487 450 650

252 502 385 571 Quid
431 502 631 576 plura?
690 504 1017 562 Emilianus
1069 502 1138 559 ab
1203 502 1430 575 Apuleio
1497 509 1783 575 propterea
1810 502 1863 563 A
1888 502 2075 557 festius
2101 502 2213 571 ﬂat,
2243 502 2634 563 observandum
2657 513 2738 563 est
2760 507 2965 563 varium
3000 507 3161 566 fuisse
3186 508 3326 565 hunc
3353 510 3485 567 deos

191 595 489 666 corripitur,
549 597 695 667 quod
743 596 947 652 nullum
980 597 1137 667 plane
1168 597 1414 652 habuerit
1440 596 1616 651 incum
1655 610 1787 650 con-

194 698 473 757 secratum,
533 704 637 745 nec
689 688 856 745 ullum
935 698 1152 744 unctum
1214 688 1445 757 lapidem
1482 705 1495 742 :
1537 686 1745 744 Nullum
1765 674 1791 753 ,⁸

198 779 387 853 inquit,
428 780 481 836 in
528 780 651 835 villa
699 781 817 850 ejus
856 780 1140 837 delubrum
1183 781 1365 847 situm,
1419 778 1598 834 nullus
1637 779 1787 851 lucus

210 881 552 930 consecratus.
584 872 651 928 Et
677 873 804 947 quid
833 889 933 945 ego
961 874 1026 930 de
1055 875 1177 929 luco
1222 882 1275 929 et
1296 872 1520 929 delubro
1551 872 1785 942 loquor?

216 952 409 1037 lNegant
445 963 636 1019 vidisse
687 979 780 1031 se,
845 965 937 1035 qui
996 961 1184 1031 fuere,
1246 980 1410 1019 unum
1474 966 1664 1019 saltem
1730 964 1783 1019 in

234 1058 403 1115 linibus
446 1058 552 1128 ejus
601 1066 698 1121 aut
741 1056 971 1127 lapidem
1002 1067 1252 1121 unctum.
1294 1067 1386 1113 aut
1416 1072 1623 1112 ramum
1688 1071 1784 1112 co-

235 1162 443 1209 ronatum
469 1149 760 1221 (Apuleius,
787 1149 1007 1221 Apolog.
1033 1161 1072 1205 ι.
1106 1166 1226 1222 pag.
1257 1149 1407 1219 549).
1448 1169 1468 1205 ι
1502 1151 1622 1205 Alio
1651 1165 1785 1220 quo-

234 1260 319 1316 que
341 1244 387 1297 in
407 1242 535 1297 libro
561 1242 697 1309 base,
737 1258 857 1312 qua:
878 1241 944 1295 ad
970 1242 1206 1298 auctoris
1255 1241 1423 1297 nostri
1450 1241 1782 1313 propositum

233 1352 322 1393 non
348 1336 508 1391 minus
560 1334 791 1401 faciunt,
826 1335 1023 1391 litteris
1050 1335 1323 1390 mandavit
1354 1354 1367 1390 :
1403 1354 1421 1387 ι
1456 1334 1639 1406 Neque
1663 1336 1784 1407 jus-

231 1430 322 1484 tius
353 1425 639 1497 religiosam
694 1441 901 1482 moram
955 1428 1147 1483 viatori
1217 1427 1494 1497 objecerit,
1550 1437 1640 1482 aut
1690 1443 1783 1483 ara

229 1520 423 1577 ﬂoribus
442 1520 701 1587 redimita,
730 1534 823 1575 aut
850 1522 1107 1594 spelunca
1147 1520 1425 1577 frondibus
1454 1521 1782 1588 inumbrata,

225 1622 309 1668 aut
333 1627 544 1684 quercus
577 1613 832 1669 cornibus
891 1625 1132 1681 onerata,
1196 1624 1288 1670 aut
1355 1613 1504 1686 fagus
1558 1614 1785 1686 pellibus

223 1715 468 1774 coronata,
501 1706 582 1762 vel
607 1709 767 1763 etiam
798 1708 1078 1764 colliculus
1107 1710 1371 1780 sepimine
1411 1721 1781 1777 consecratus,

217 1798 299 1854 vel
340 1807 543 1854 truncus
581 1798 852 1855 dolamine
878 1798 1165 1871 efﬁgiatus,
1201 1800 1281 1855 vel
1310 1815 1499 1871 cespes
1529 1801 1782 1856 libamine

1888 593 2145 657 adorandi
2175 599 2410 654 modum.
2467 598 2693 667 Quidam
2726 599 2866 654 enim
2897 598 3117 655 deorum
3144 616 3366 658 suorum
3403 603 3482 659 si-

1889 687 2126 742 mttlacra
2150 688 2475 756 adorantes,
2508 690 2592 745 his
2618 692 2859 746 osculum
2887 691 3105 760 dabant,
3137 693 3486 764 quemadmo—

1889 774 2014 830 dum
2055 776 2244 834 Cicero
2278 780 2425 836 hisce
2452 782 2630 837 verbis
2653 781 2854 837 diserte
2880 781 3146 852 significat
3174 804 3189 839 :
3223 803 3242 836 ι
3283 785 3487 842 liercu-

1888 864 1955 923 lis
1999 871 2252 940 templum
2281 883 2364 927 est
2388 872 2526 942 apud
2559 874 3008 944 Agrigentinus...
3051 874 3124 931 ibi
3169 885 3253 932 est
3280 892 3348 932 ex
3380 892 3489 934 tere

1888 960 2230 1017 simulacrum
2253 963 2420 1034 ipsius
2456 964 2716 1031 llerculis,
2746 982 2853 1041 quo
2886 983 2989 1022 non
3019 967 3172 1024 facile
3199 968 3484 1040 quidquam

1888 1054 2114 1109 dixerim
2140 1073 2225 1111 me
2254 1058 2452 1113 vidisse
2478 1059 2817 1129 pulchrius...
2856 1075 3023 1131 usque
3048 1076 3134 1126 eo,
3163 1060 3402 1132 judices,
3434 1072 3492 1118 ιιι

1888 1147 2054 1200 rictus
2093 1134 2231 1217 ejus,
2276 1164 2339 1203 ac
2388 1161 2624 1205 mentum
2681 1151 2837 1220 paulo
2863 1152 2933 1206 sit
2976 1153 3228 1218 attritius,
3269 1154 3411 1224 quod
3437 1154 3488 1208 itt

1887 1240 2155 1310 precibus,
2201 1251 2255 1297 et
2284 1243 2722 1313 gratulationibus
2766 1260 2869 1299 non
2915 1245 3086 1301 solum
3118 1245 3168 1301 id
3216 1249 3489 1316 venerari,

1888 1348 2071 1387 verum
2107 1335 2266 1389 etiam
2290 1337 2518 1391 osculari
2550 1342 2725 1392 solent
2762 1358 2781 1391 ι
2806 1337 3022 1410 (Cicero,
3048 1338 3135 1394 lib.
3169 1356 3220 1393 tv
3250 1341 3303 1394 in
3343 1338 3485 1395 Verr.

1888 1441 2009 1496 pag.
2044 1425 2166 1480 177.
2202 1426 2296 1481 lin.
2323 1427 2394 1481 22
2438 1439 2485 1482 et
2516 1429 2698 1502 seqq.)
2736 1430 2837 1485 Alii
2878 1446 3006 1486 vero
3054 1430 3328 1486 dexteram
3378 1443 3493 1487 tan-

1888 1524 1999 1572 tum
2029 1535 2244 1579 manum
2273 1536 2425 1575 suam
2466 1520 2936 1580 deosculabantnr.
2994 1522 3094 1579 Ubi
3125 1525 3268 1579 enim
3296 1525 3488 1580 Lucin-

1889 1627 1989 1666 ntts
2016 1611 2083 1667 de
2106 1612 2452 1669 Ethnicorum
2477 1614 2757 1670 sacriﬁciis
2777 1625 2830 1671 et
2861 1616 3093 1671 victimis
3114 1616 3351 1683 disserit,
3368 1617 3488 1699 inec

1886 1702 1956 1759 de
1980 1706 2306 1775 pauperibus
2330 1706 2636 1762 hominibus
2665 1717 2928 1763 memorat
2956 1725 2968 1761 :
3008 1727 3026 1759 ι
3058 1710 3128 1763 At
3148 1709 3191 1762 si
3218 1709 3336 1780 quis
3362 1724 3490 1780 pau-

1890 1812 2000 1866 per,
2036 1798 2081 1851 is
2111 1797 2180 1851 ita
2212 1797 2315 1853 deo
2344 1798 2482 1865 litat,
2513 1809 2569 1855 ut
2610 1800 2887 1856 dexteram
2922 1800 3199 1856 dumtaxat
3237 1818 3386 1857 suam
3407 1802 3491 1873 ip-

218 1892 522 1961 humigatus,
576 1893 660 1949 vel
710 1894 844 1965 lapis
893 1882 1126 1964 unguine
1163 1893 1648 1966 deiibutusUdem.
1685 1895 1766 1951 lib.

1918 1890 1999 1944 ius
2045 1888 2418 1956 deosculetur,
2472 1911 2492 1943 ι
2548 1901 2748 1963 φιλήσας
2799 1902 2938 1961 μόνον
2975 1902 3063 1952 τὴν
3109 1897 3258 1948 αὐτοῦ
3312 1899 3488 1960 δεξιάν.

220 1998 259 2038 ι.
286 1982 605 2052 Floridorum,
628 1985 741 2040 init.
777 2002 894 2057 pag.
926 1974 1075 2057 217).
1112 2006 1131 2039 ›

285 2080 517 2135 Coronata
534 2095 749 2150 quoque
777 2076 941 2135 fuisse
957 2079 1221 2149 ejusmodi
1243 2080 1465 2137 deorum
1492 2081 1779 2138 simulacra

210 2175 314 2246 jam
335 2189 394 2230 ex
412 2175 579 2229 citatis
607 2175 961 2245 scriptoribus
989 2177 1311 2231 audivimus.
1353 2175 1460 2234 Sed
1482 2176 1536 2232 id
1559 2175 1783 2248 insuper

212 2270 443 2325 Clemens
465 2268 888 2337 Alexandrinus,
935 2269 1221 2341 Sophoclis
1248 2270 1566 2340 Saphusque
1594 2278 1780 2326 aucto-

214 2361 358 2416 ritate
391 2358 681 2427 conﬁrmat,
734 2360 1039 2431 ibidemque
1084 2360 1327 2430 adjecit:
1362 2377 1382 2410 ι
1411 2360 1572 2439 Quia
1612 2360 1779 2417 verbo

216 2452 556 2518 instituuntur,
572 2470 592 2503 ι
616 2452 667 2505 id
683 2463 789 2518 est,
807 2451 1119 2519 Christiani,
1144 2466 1202 2506 ra
1221 2454 1436 2507 coronis
1451 2461 1771 2509 arcentur...

213 2545 341 2615 quod
392 2558 448 2600 ea
491 2544 667 2601 dicata
716 2545 785 2600 sit
826 2544 1147 2600 simulacris.
1190 2529 1434 2602 Ᾰλλόῦδι
1482 2558 1568 2605 fit!
1621 2550 1780 2601 εἰκόνα

213 2643 291 2691 ιεοὸ
304 2641 398 2692 Θεοῦ
419 2647 503 2693 τὴν
527 2642 706 2703 ζῶσαν,
722 2639 858 2699 δίκην
881 2641 1080 2690 ιὶδώλων
1096 2653 1186 2693 τῶν
1201 2653 1384 2708 νεκρῶν,
1405 2647 1772 2695 καταστατέον.

210 2728 310 2783 Sed
344 2743 433 2784 nec
472 2729 555 2784 dei
607 2730 805 2799 imago,
840 2740 1174 2784 mortuorum
1215 2729 1629 2784 simulacrorum
1671 2730 1775 2785 ritu

209 2830 287 2875 est
311 2820 598 2877 coronanda
622 2821 806 2891 (Clem.
846 2823 996 2876 Alex.
1029 2821 1115 2875 lib.
1159 2836 1215 2876 ιι.
1264 2819 1485 2894 Ptedag.
1539 2836 1657 2892 cap.
1717 2823 1771 2879 8.

210 2930 319 2984 pag.
346 2914 481 2985 i8t).
520 2932 539 2969 ι
599 2915 754 2971 Prius
795 2924 973 2971 autem
1020 2916 1262 2971 Justinus
1286 2925 1511 2989 martyr,
1544 2931 1644 2972 nec
1670 2917 1774 2973 mi-

208 3022 300 3062 nus
347 3000 615 3077 persﬂue
652 3024 666 3062 :
701 3026 723 3060 ι
757 3005 943 3075 Neque
990 3006 1220 3063 victimis
1282 3007 1497 3075 multis,
1559 3009 1772 3078 inquit,

205 3105 281 3153 καὶ
306 3105 488 3161 πλοκαῖς
512 3102 659 3155 ἀνθῶν
685 3115 917 3168 τιμῶμεν,
948 3109 1003 3155 et
1041 3100 1235 3154 ﬂorum
1265 3101 1480 3155 coronis
1521 3100 1770 3168 colimus,

206 3206 329 3261 quos
361 3192 593 3248 homines
634 3192 949 3262 efﬁgiantes,
993 3202 1047 3248 et
1098 3193 1150 3248 in
1194 3194 1404 3263 templis
1447 3194 1774 3251 collocantes

1885 1979 2003 2035 Alio
2033 1990 2211 2037 autem
2242 1981 2293 2035 in
2316 1981 2491 2036 libro:
2529 2000 2549 2032 ι
2585 1981 2729 2059 lnde,
2762 1983 2949 2053 inquit,
2981 1993 3329 2054 posteaquam
3371 2000 3488 2039 ma-

1884 2089 1952 2129 ne
1997 2090 2028 2128 e
2092 2082 2261 2129 strato
2319 2086 2699 2141 surrexerunt,
2750 2075 2918 2131 solem
2975 2086 3333 2145 venerantur,
3404 2082 3491 2147 οὐχ

1883 2174 2035 2238 ὥσπερ
2059 2158 2193 2236 ipsi;
2216 2178 2303 2222 τηὶν
2329 2172 2468 2239 χεῖρα.
2489 2174 2726 2233 κῦσειντες,
2761 2178 2993 2241 ἡγούμεθα.
3018 2178 3173 2234 ἐντελῆ
3211 2180 3341 2242 ἡμῶν
3365 2173 3489 2226 εἶναι

1882 2271 1971 2312 τοῗν
1993 2264 2155 2328 εὖχτξν.
2189 2277 2208 2315 ι
2243 2260 2361 2316 Non
2390 2261 2843 2331 quemadmodum
2883 2278 2981 2318 nos
3009 2264 3321 2320 deosculata
3362 2281 3481 2319 ma.

1882 2368 1954 2406 nu
1982 2353 2271 2423 perfectam
2292 2356 2655 2426 precationem
2683 2371 2805 2412 esse
2825 2358 3150 2414 arbitramur
3182 2376 3201 2412 ι
3237 2358 3483 2429 (Lucian.

1883 2444 1945 2499 de
1967 2444 2157 2517 Sacrif.
2191 2463 2312 2518 pag.
2335 2448 2458 2504 186.
2489 2446 2638 2502 Idem
2666 2449 2728 2502 de
2764 2446 2980 2514 Saltat.,
3014 2466 3136 2522 pag.
3157 2448 3307 2520 505).
3342 2449 3490 2520 Quo-

1882 2536 2022 2590 circa
2090 2538 2342 2606 Apuleius
2400 2537 2690 2593 {Emiliano
2740 2539 2868 2595 illud
2921 2541 3053 2596 vitio
3074 2542 3263 2609 vertit,
3291 2543 3481 2614 quod:

1888 2646 1908 2678 ι
1947 2628 2002 2683 Si
2042 2628 2221 2683 fanum
2252 2630 2463 2700 aliquod
2495 2640 2803 2702 prtetereat,
2853 2629 3006 2688 nefas
3031 2633 3190 2689 habet
3223 2633 3483 2690 adorandi

1880 2722 2046 2792 gratia
2072 2737 2286 2777 manum
2314 2722 2480 2778 labris
2506 2724 2796 2781 admovere
2819 2742 2838 2776 ›
2865 2724 3406 2800 (Apuleius,Apaloy.
3436 2744 3479 2794 ι,

1883 2830 2001 2886 pag.
2025 2815 2174 2887 549).

1952 2908 2069 2975 Quo
2090 2918 2269 2964 autem
2292 2907 2455 2964 modo
2477 2923 2694 2964 manum
2718 2909 2801 2965 ori
2828 2908 3196 2973 admoverent,
3235 2909 3326 2965 ille
3354 2909 3483 2967 alibi

1880 3000 1960 3057 sic
1985 3001 2217 3071 explicat
2241 3018 2254 3055 :
2284 3019 2305 3053 ι
2334 3001 2481 3055 Multi
2510 2998 2726 3066 civium,
2765 3010 2820 3056 et
2844 3000 3064 3057 advena:
3089 3001 3313 3073 copiosi,
3343 3016 3481 3073 quos

1878 3095 2061 3150 eximii
2100 3095 2388 3165 spectaculi
2419 3109 2601 3149 rumor
2632 3093 2870 3150 studiosa
2914 3094 3227 3150 celebritate
3251 3110 3479 3165 congre-

1878 3187 2056 3257 gabat,
2080 3188 2336 3243 inacesszc
2395 3178 2742 3263 formositatis
2770 3185 3119 3243 admiratione
3160 3186 3380 3257 stupidi,
3422 3195 3479 3242 et

205 3284 325 3339 deos
346 3285 798 3356 cognominarunt,
816 3285 1247 3358 quandoquidem
1276 3286 1388 3342 haec
1414 3287 1592 3343 anima
1613 3302 1766 3343 caren

1918 3277 2228 3333 dmoventes
2252 3279 2437 3333 oribus
2461 3279 2573 3333 suis
2608 3277 2907 3345 dexteram,
2949 3279 3185 3349 primore
3228 3279 3394 3347 digito
3418 3279 3475 3333 in

208 3376 293 3443 tia,
319 3389 527 3445 mortua,
560 3388 615 3435 et
647 3379 738 3435 Dei
786 3377 1012 3434 formam
1044 3395 1151 3433 non
1192 3380 1441 3434 habentia
1482 3376 1770 3435 simulacra

206 3473 444 3528 novimus.
489 3471 651 3547 (Just.
695 3471 914 3545 Apolog.
953 3488 1008 3538 tt,
1038 3488 1161 3544 pag.
1193 3473 1260 3527 5'7
1291 3472 1379 3542 (1.)
1422 3491 1439 3522 ι
1475 3472 1642 3539 Quam
1700 3472 1772 3527 ob

201 3575 399 3618 causam
438 3561 702 3620 Arnobius
726 3583 738 3618 :
780 3585 799 3616 ι
835 3564 1085 3620 Etiamne
1112 3564 1182 3619 dii
1211 3568 1388 3629 sertis,
1413 3566 1625 3620 coronis
1652 3563 1771 3618 affi-

200 3653 415 3722 ciuntur,
462 3668 514 3712 et
554 3656 819 3713 ﬂoribus?
857 3678 875 3712 ι
923 3658 1231 3714 Lactantius
1262 3674 1430 3735 vero:
1465 3676 1484 3710 ‹
1524 3657 1766 3726 Alacres,

198 3743 375 3815 inquit,
417 3748 478 3803 ad
515 3749 737 3805 deorum
791 3750 987 3819 templa
1038 3759 1396 3817 concurrunt,
1449 3749 1534 3804 his
1566 3750 1765 3815 libant,

196 3836 278 3894 bis
318 3843 620 3909 sacriﬁcant,
659 3844 756 3901 bos
784 3855 1044 3901 coronant
1078 3866 1096 3900 ι
1134 3847 1343 3919 (Arnob.
1387 3847 1476 3901 lib.
1508 3863 1597 3901 VII.
1645 3847 1761 3901 adv.

190 3944 324 4001 gent.
353 3949 464 4007 pag.
487 3935 614 4003 237;
640 3937 880 3994 Lactant.
912 3939 1000 3993 lib.
1045 3953 1102 3995 tt.
1137 3936 1365 3994 lnstitut.
1396 3955 1514 4010 cap.
1549 3942 1601 3995 1.
1640 3955 1759 4013 pag.

193 4025 348 4098 iss).

264 4117 368 4174 Huc
392 4137 591 4179 rursum
627 4124 849 4181 accedat
878 4140 943 4180 ex
976 4124 1324 4180 Ethnicorttm
1357 4140 1581 4179 numero
1618 4128 1762 4193 Apu-

193 4207 339 4281 leius,
367 4226 414 4269 et
437 4216 713 4274 audiemus
738 4219 1005 4274 dicentem
1034 4237 1044 4270 :
1080 4237 1100 4272 ι
1134 4219 1379 4289 Respicio
1400 4218 1516 4287 pilae
1548 4217 1759 4283 mcdizr,

198 4317 313 4371 qua:
334 4308 505 4364 stabuli
534 4311 712 4365 trabes
739 4312 1053 4375 sustinebat,
1091 4312 1141 4366 in
1172 4312 1288 4382 ipso
1320 4310 1431 4365 fere
1461 4308 1763 4365 meditullio

205 4389 387 4463 Epona:
404 4399 507 4455 dea:
531 4402 899 4467 simulacrum,
930 4403 1173 4457 residens
1209 4402 1467 4467 mdiculaa,
1498 4401 1638 4473 quod
1667 4415 1761 4454 ac.-

108 4498 123 4511 ’
207 4496 372 4543 curate
406 4493 610 4548 corollis
651 4497 842 4556 roseis,
885 4502 938 4548 ct
977 4494 1190 4564 quiden
1242 4495 1546 4549 recentibus
1590 4493 1763 4550 fuerat

198 4590 499 4639 coronatum.
540 4607 558 4639 ι
589 4586 855 4642 Praeterea
885 4587 1084 4642 Plinius
1114 4606 1127 4641 :
1187 4606 1204 4639 ι
1230 4588 1293 4642 Et
1326 4588 1435 4657 jam
1467 4598 1575 4641 tum
1606 4580 1781 4643 coro?

1877 3384 2115 3426 erectum
2152 3370 2400 3440 pollicem
2427 3370 2716 3436 residente,
2757 3379 2814 3425 ut
2866 3371 3035 3441 ipsam
3068 3386 3288 3441 prorsus
3312 3371 3469 3427 deam

1878 3466 2142 3521 Venerem
2171 3465 2435 3537 relig'osis
2462 3465 2865 3521 adorationibus
2892 3474 3278 3521 venerarentur
3302 3465 3470 3535 (idem

1875 3556 1967 3611 lib.
1996 3573 2048 3613 tv
2071 3556 2340 3612 Metamor.
2365 3572 2482 3628 pag.
2501 3556 2618 3623 67).
2644 3574 2663 3609 ι
2689 3557 2890 3612 Plinius
2904 3567 3083 3613 autem
3104 3573 3118 3611 :
3140 3559 3228 3612 «in
3242 3557 3469 3613 adoran—

1876 3648 1967 3712 do,
1993 3648 2368 3715 ait,dexteram
2383 3650 2449 3704 ad
2465 3649 2705 3704 osculum
2720 3648 3024 3717 referimus,
3048 3659 3323 3721 totumque
3348 3663 3469 3705 cor-

1875 3756 1973 3810 pus
2000 3741 2435 3812 circumagimus,
2461 3740 2603 3811 quod
2636 3742 2686 3795 in
2716 3740 2902 3795 lmvam
2932 3741 3124 3798 iecisse
3158 3741 3346 3797 Galliae
3375 3755 3467 3796 re-

1871 3833 2110 3904 ligiosius
2139 3833 2365 3888 credunt
2384 3851 2402 3884 »
2421 3832 2608 3904 (Plin.,
2637 3831 2729 3889 lib.
2746 3848 2925 3888 xxvnt
2949 3830 3145 3888 Natur.
3164 3831 3327 3896 Hist.,
3345 3845 3462 3903 cap.

1869 3926 1938 3991 2,
1972 3940 2092 3997 pag.
2140 3925 2292 3994 564).
2342 3925 2699 3995 Hieronymus
2725 3924 2887 3979 etiam
2926 3925 2978 3978 in
3008 3924 3122 3979 haec
3163 3922 3318 3977 Oscae
3344 3938 3466 3978 vcr-

1869 4020 1932 4075 ba
1962 4038 1973 4073 :
2008 4039 2027 4071 ‹
2063 4019 2340 4075 lmmolate
2366 4018 2633 4081 homines,
2658 4016 2852 4072 vitulos
2878 4015 3165 4070 adorantes
3199 4034 3219 4067 ι
3248 4015 3462 4085 (Hiero-

1867 4128 2015 4183 nym.
2061 4114 2111 4166 in
2142 4110 2287 4165 Osetc
2311 4125 2432 4180 cap.
2465 4125 2579 4176 χιιι,
2610 4107 2691 4180 2),
2725 4107 2939 4175 scripsit
2967 4125 2980 4162 :
3017 4107 3151 4162 «Pro
3205 4123 3271 4163 eo
3317 4110 3460 4179 quod

1862 4205 2011 4275 juxta
2051 4203 2432 4275 Symmachum
2481 4212 2535 4257 et
2578 4200 3006 4256 Theodotionem
3052 4201 3311 4261 vertimus
3335 4200 3466 4257 ado-

1865 4307 2068 4363 rantes,
2099 4296 2290 4366 Aquila
2321 4296 2699 4365 interpretatus
2719 4302 2821 4357 est,
2859 4301 3243 4366 καταφιλοῦντες,
3276 4294 3328 4349 id
3357 4305 3459 4358 est,

1865 4390 2259 4447 deosculantes.
2305 4388 2406 4455 Qui
2453 4387 2596 4442 enim
2636 4387 2897 4451 adorant,
2950 4388 3128 4442 solent
3160 4388 3463 4444 deosculari

1868 4497 2085 4537 manum
2115 4496 2291 4547 suam,
2324 4480 2463 4550 quod
2494 4478 2597 4534 Job
2623 4478 2814 4535 fecisse
2842 4487 3000 4548 negat
3022 4480 3206 4535 dicens
3231 4499 3243 4532 :
3273 4479 3329 4537 Si
3352 4478 3463 4535 vidi

1865 4573 2104 4629 Solem...
2145 4574 2189 4628 si
2216 4572 2488 4628 osculatus
2532 4586 2672 4637 sum,
2720 4586 2936 4626 manum
2970 4586 3145 4626 meam
3181 4586 3461 4642 apponens

191 4684 290 4739 me,
320 4676 491 4748 inquit,
523 4680 745 4734 deorum
778 4679 949 4733 honos
980 4688 1151 4744 erant,
1194 4690 1245 4735 et
1274 4678 1485 4733 Larium
1518 4679 1756 4749 publico.
1784 4670 1840 4731 D
1866 4666 1945 4721 ori
1978 4682 2119 4733 meo,
2149 4675 2201 4720 et
2228 4665 2329 4720 hoc
2358 4664 2487 4720 mihi
2514 4664 2581 4720 ad
2609 4664 2942 4736 iniquitatem
2965 4674 3242 4737 reputetur
3268 4685 3288 4719 ι
3315 4663 3459 4740 (Jobi

185 4781 323 4836 rum,
362 4775 806 4846 privatorumque,
849 4790 912 4831 ac
950 4773 1378 4846 sepulchrorum,
1426 4785 1480 4830 et
1523 4774 1756 4830 Manium

184 4862 557 4934 (Apuleius,lib.
588 4886 645 4926 tu
664 4869 1007 4940 Metamorplt.
1036 4870 1187 4938 paulo
1212 4880 1329 4924 ante
1344 4869 1465 4939 ﬁn.;
1498 4869 1636 4924 Plin.
1666 4869 1755 4923 lib.

182 4972 269 5012 xvt
300 4957 477 5017 Natur.
502 4962 641 5017 Hist.
661 4979 777 5034 cap.
796 4962 865 5029 4;
892 4979 1010 5033 pag.
1042 4959 1240 5033 227).)
1276 4962 1513 5032 Denique
1545 4971 1601 5016 ut
1630 4962 1760 5017 Ter-

181 5049 575 5127 tullianum,’qui
604 5056 672 5111 de
696 5053 915 5109 Corona"
934 5052 1127 5108 ltbrutn
1157 5053 1340 5119 edidit,
1370 5064 1423 5108 et
1448 5053 1579 5108 alios
1606 5069 1757 5108 corn-

186 5141 356 5209 plttres
406 5147 594 5203 missos
640 5146 893 5203 faciamus
923 5163 937 5213 ;
969 5144 1190 5200 Ovidius
1235 5144 1303 5201 de
1354 5145 1456 5202 deo
1504 5143 1760 5200 Termino

186 5233 295 5291 hate
314 5241 509 5295 cmeinit
533 5260 546 5296 ς
1782 5238 1783 5241 “

276 5330 455 5397 Te_duo
476 5335 672 5384 diversa
697 5333 879 5397 domini
901 5333 965 5382 de
983 5339 1125 5397 parte
1161 5338 1414 5397 coronant,

328 5392 539 5459 Binaque
552 5405 689 5447 serta
707 5396 813 5456 tibi,
839 5392 1055 5459 binaque
1074 5405 1199 5446 dona
1223 5396 1407 5445 ferunt.

830 5480 1021 5542 (om,
1040 5480 1075 5529 ι.
1100 5495 1151 5541 ιι,
1176 5478 1379 5543 Fast.,§
1406 5480 1509 5544 ιι.)

248 5579 368 5639 Tale
397 5583 555 5655 igitur
578 5593 695 5641 erat
713 5584 988 5655 Serapidis
1006 5586 1370 5649 simulacrum,
1407 5604 1427 5638 ι
1457 5601 1562 5657 quo
1588 5585 1757 5641 deno-

183 5684 329 5743 tato,»
382 5676 647 5745 Gecilius,
668 5681 741 5734 uti
764 5680 839 5734 ait
868 5679 1148 5744 Minucius,
1187 5695 1434 5736 «manum
1468 5680 1546 5736 ori
1578 5682 1765 5736 admo-

183 5786 319 5837 reus,
367 5772 605 5825 osculum
657 5772 807 5826 labiis
852 5773 1064 5841 pressit,
1112 5791 1132 5824 ι
1166 5773 1215 5827 id
1271 5770 1761 5839 est,Ethnieornm

178 5865 274 5922 ritu
308 5872 590 5918 veneratus
622 5872 703 5917 est
731 5874 781 5918 et
831 5864 1093 5920 adoravit.
1152 5864 1348 5921 Verum
1373 5875 1431 5921 ttt
1459 5868 1559 5923 hoc
1592 5869 1764 5922 mani-

1862 4774 1982 4829 cap.
2028 4775 2173 4826 xxxr,
2219 4758 2324 4824 27;
2374 4757 2709 4830 llieronym.,
2748 4756 2842 4812 lib.
2873 4772 2908 4810 ι.
2941 4758 3058 4812 adv.
3100 4757 3300 4824 Ruﬁn.,
3336 4773 3459 4828 pag.

1863 4855 2012 4926 571).
2064 4854 2181 4909 Alia
2233 4854 2314 4909 bis
2361 4853 2518 4923 plane
2562 4851 2749 4907 similia
2797 4851 2935 4921 apud
2962 4867 3082 4906 eum
3115 4861 3169 4906 et
3193 4851 3328 4906 alios
3371 4865 3456 4906 sa-

1862 4964 1969 5003 erat
1999 4948 2288 5018 Scriptum
2328 4948 2648 5017 interpretes
2671 4946 2723 5000 in
2753 4945 2908 5000 citata
2936 4944 3053 5000 Jobi
3084 4945 3246 5000 verba
3277 4946 3458 5018 legere

1863 5042 2083 5112 poteris.
3270 5054 3283 5065 '

1939 5133 2030 5185 llis
2061 5145 2217 5201 porro
2253 5131 2324 5184 ita
2374 5129 2684 5193 observatis,
2717 5128 3091 5200 inquirendum
3142 5139 3224 5185 est
3252 5130 3369 5201 quis
3391 5130 3462 5185 sit

1864 5222 2108 5278 Auctoris
2140 5222 2307 5277 nostri
2334 5237 2542 5290 sensus,
2575 5223 2642 5276 de
2688 5238 2794 5292 quo
2836 5237 2941 5276 non
2971 5222 3185 5276 minima
3212 5234 3291 5277 est
3316 5224 3459 5279 inter

1863 5318 2104 5373 celebres
2142 5315 2276 5371 duos
2320 5315 2493 5370 artatis
2534 5325 2732 5370 nostrae
2787 5323 3075 5382 scriptores
3127 5314 3363 5384 Lipsium
3400 5327 3459 5372 et

1863 5409 2182 5466 Salmasium
2227 5408 2563 5478 disceptatio.
2625 5406 2777 5461 Prior
2830 5407 3104 5462 enimvero
3147 5417 3333 5462 censet
3380 5407 3457 5460 sic

1864 5518 1983 5558 esse
2010 5498 2350 5570 intelligenda
2376 5498 2532 5552 citata
2554 5514 2583 5552 a
2617 5498 2770 5552 nobis
2796 5497 2937 5551 illius
2968 5498 3167 5561 verba;
3209 5508 3267 5553 ut
3288 5496 3458 5553 Caeci-

1864 5595 1964 5648 lius
1997 5609 2209 5647 manum
2255 5607 2441 5646 versus
2481 5590 2752 5660 Serapidis
2796 5589 3141 5644 simulacrum
3190 5590 3335 5661 prius
3363 5605 3461 5644 ex~

1866 5686 2117 5752 tenderit,
2147 5699 2371 5754 eamque
2402 5681 2614 5749 deinde,
2647 5690 2913 5752 tamquam
2941 5698 3008 5737 ex
3036 5681 3304 5736 simulacri
3329 5695 3459 5737 con-

1869 5768 2011 5833 tactu
2041 5778 2306 5846 expiatam
2336 5775 2608 5830 osculatus
2635 5774 2723 5830 sit.
2777 5772 2972 5829 Contra
3010 5789 3140 5829 vero
3169 5772 3462 5829 Salmasius

1868 5870 2141 5927 contendit
2178 5870 2364 5928 iisdem
2402 5868 2617 5926 Minucii
2663 5868 2836 5924 verbis
2872 5866 3156 5941 signiﬁcari
3192 5867 3461 5924 Caecilium
