3824 6282
319 305 416 358 65t
1595 310 1684 364 DE
1722 307 1899 366 MINUt

2010 307 2097 365 ΟΕ
2104 309 2236 367 ΤΑν
2248 311 2311 367 10
3470 331 3549 391 0'53

314 440 415 495 pro
453 428 727 495 gentilium
770 441 918 482 more
965 435 1119 483 antea
1176 428 1471 484 oseulatum
1529 444 1649 486 esse
1693 443 1908 484 manum
1935 434 1989 495 Α
2015 430 2067 484 in
2098 430 2197 486 hac
2220 432 2598 504 mysteriorum
2620 434 2981 495 celebratione
3007 439 3074 496 de
3092 440 3199 496 diis
3222 445 3329 498 suis
3351 446 3548 509 exhibere

315 532 493 584 suam,
522 536 585 575 ac
604 537 719 576 eam
748 530 928 589 postea
954 536 1139 576 versus
1167 522 1532 590 simulacrum,
1563 521 1704 592 quod
1727 523 1919 579 adora-

312 607 441 675 bat,
499 614 817 680 porrexisse.
856 613 1045 669 Plures
1105 624 1282 669 autem
1337 616 1389 669 in
1442 615 1604 686 Lipsii
1658 616 1915 671 inclinant

211 726 228 743 κ
313 704 629 757 sententiam
657 713 709 758 et
738 704 1165 772 explicationem.
1236 707 1370 774 Quid
1412 723 1572 773 vero,
1627 708 1671 761 si
1713 706 1922 763 dicatur

310 793 398 847 his
426 794 635 849 Minucii
664 796 838 850 verbis
862 797 1122 852 declarari
1167 798 1435 854 Caecilium
1483 808 1538 854 et
1585 815 1799 855 manum
1828 800 1922 855 ad-

310 887 544 943 movisse
568 889 645 942 ori
674 905 790 952 suo,
820 901 872 944 et
902 889 1174 959 Serapidis
1202 892 1491 947 simulacro
1512 893 1725 948 dedisse
1763 909 1920 949 oscu-

312 981 463 1031 lum?
508 978 764 1034 Solebant
789 981 929 1035 enim
961 982 1208 1051 gentiles,
1250 982 1323 1036 uti
1364 998 1427 1038 ex
1473 984 1633 1053 paulo
1660 992 1815 1038 antea
1845 986 1919 1039 ci-

313 1079 427 1125 tato
470 1072 728 1127 Cicerone
773 1074 1037 1140 vidimus,
1093 1075 1314 1130 deorum
1371 1091 1589 1131 suorum
1637 1078 1919 1132 simulacra

309 1164 560 1219 osculari.
620 1164 874 1234 Expende
939 1176 1114 1220 tamen
1144 1168 1366 1236 singula,
1416 1177 1469 1222 et
1494 1170 1545 1223 in
1578 1183 1716 1235 eam,
1752 1185 1911 1239 quam

316 1255 735 1322 probabiliorem
772 1257 1057 1326 judicabis,
1111 1258 1274 1314 abeas
1316 1261 1656 1325 sententiam,
1698 1276 1793 1330 per
1814 1275 1915 1316 nos

312 1362 532 1415 semper
555 1347 753 1402 licebit.
789 1347 862 1403 De
889 1349 989 1403 hoc
1015 1364 1178 1418 porro
1204 1350 1483 1405 simulacra
1520 1351 1772 1406 adorandi
1801 1368 1915 1406 mo-

320 1454 380 1492 re
413 1440 573 1493 niulta
606 1441 937 1507 Brissnuius,
976 1441 1044 1495 ad
1079 1457 1237 1511 quem
1282 1451 1332 1497 te
1362 1443 1554 1509 potius,
1586 1445 1914 1512 quamplura

312 1546 365 1585 ιιι
416 1549 530 1587 rem
562 1536 693 1588 satis
735 1532 999 1604 cognitam
1034 1538 1372 1602 congerenda
1411 1552 1565 1605 esse,
1598 1538 1914 1593 mittendum

317 1624 574 1678 duximus
604 1625 867 1697 (Brisson.
891 1627 979 1682 lib.
1020 1644 1058 1682 II
1085 1628 1147 1681 de
1169 1626 1348 1683 Form.
1369 1645 1489 1699 pag.
1508 1630 1613 1684 840
1643 1639 1697 1684 et
1716 1629 1912 1701 δίψῃ).

382 1713 605 1768 Demunt
633 1731 731 1785 pro
760 1728 910 1772 Certo
940 1719 1154 1789 quidam
1187 1729 1391 1788 ponunt
1412 1728 1652 1775 notatum
1684 1736 1714 1775 a
1744 1721 1916 1775 Militi-

2022 522 2287 578 solebant.
2332 525 2714 583 Verumtamen
2759 528 3021 587 Minucius
3077 543 3263 590 noster
3291 534 3400 592 illud
3425 542 3549 599 variis

2020 614 2281 684 exemplis
2310 616 2710 675 evidentissime
2734 621 2988 677 ostendit.

2092 707 2174 761 Ab
2204 707 2358 762 Isidis
2384 721 2563 766 autem
2594 715 2760 769 sacris
2792 715 2871 771 sic
2904 716 2992 772 ille
3019 716 3243 789 incipit:
3281 719 3392 775 clsis
3415 724 3555 792 perdi-

2023 804 2130 850 tum
2165 798 2332 854 filium
2358 815 2478 856 cum
2517 802 2901 875 Cynocephalo
2925 820 3045 873 suo,
3092 818 3148 862 et
3177 809 3336 864 calvis
3358 816 3555 872 sacerdo-

2020 890 2161 945 tibus
2203 892 2368 963 luget,
2416 895 2636 968 plangit,
2687 899 2938 969 inquirit;
2996 913 3053 956 et
3092 900 3252 956 Isiaci
3302 904 3455 960 miseri
3477 922 3557 963 cte-

2020 980 2150 1036 dunt
2180 995 2420 1052 pectora,
2443 992 2501 1041 ‘et
2523 987 2763 1043 dolorem
2794 989 3175 1047 infelicissimae
3197 995 3372 1049 matris
3394 996 3560 1054 imitan-

2022 1082 2125 1127 tur.
2161 1075 2278 1130 Mox
2304 1078 2538 1144 invento,
2596 1082 2792 1151 gaudet
2836 1083 2954 1149 Isis,
3003 1086 3248 1141 exultant
3288 1090 3555 1159 sacerdotes,

2018 1163 2430 1235 Cynocephalus
2451 1170 2697 1228 inventor
2717 1175 2996 1246 gloriatur.
3052 1177 3161 1233 Nec
3187 1179 3422 1236 desinunt
3443 1186 3559 1241 annis

2019 1259 2266 1314 omnibus
2297 1263 2378 1316 vel
2412 1264 2656 1332 perdere,
2706 1267 2847 1336 quod
2888 1269 3201 1336 inveniunt;
3230 1272 3311 1327 vel
3344 1273 3558 1347 invenire,

2018 1350 2159 1419 quod
2216 1353 2463 1421 perdunt.
2503 1375 2521 1408 ι
2557 1360 2599 1411 Α
2650 1356 2927 1415 Lactantio
2973 1371 3154 1417 autem
3206 1362 3319 1419 haec
3343 1381 3471 1422 sacra
3503 1372 3561 1427 sic

2018 1441 2429 1502 des=~ribuntur:
2462 1466 2480 1497 ι
2526 1447 2682 1504 Isidis
2715 1450 2965 1522 Egyptia
2991 1468 3145 1509 sacra
3175 1467 3319 1523 sunt,
3350 1468 3561 1526 quatenus

2017 1533 2183 1588 filium
2234 1538 2513 1605 parvulum
2547 1540 2629 1595 vel
2674 1541 2986 1611 perdiderit,
3021 1545 3105 1601 vel
3146 1545 3418 1605 invenerit.
3462 1551 3563 1607 Nam

2019 1627 2191 1696 primo
2244 1629 2572 1696 sacerdotes,
2629 1631 2942 1703 dcglabrato
2989 1652 3241 1708 corpore,
3294 1654 3381 1695 sua
3421 1651 3564 1712 pecto-

2018 1733 2074 1773 ra
2123 1720 2371 1785 tundunt,
2424 1722 2819 1791 lamentantur,
2872 1728 3014 1783 sicut
3078 1730 3214 1800 ipsa.
3263 1746 3378 1787 cum
3429 1734 3567 1801 perdi-

309 1804 396 1859 cio
420 1805 697 1875 Serapidis
722 1808 1069 1864 simulacrum
1117 1810 1285 1866 fuisse
1336 1812 1641 1877 terminale,
1673 1812 1788 1867 sive
1817 1828 1914 1883 pro
1944 1825 1992 1884 Β
2019 1810 2118 1880 dit,
2155 1812 2372 1870 fecerat.
2406 1816 2605 1873 Deinde
2629 1835 2760 1889 puer
2786 1821 3118 1890 producitur,
3161 1825 3310 1894 quasi
3335 1825 3566 1893 iuventus;

305 1896 410 1952 deo
437 1897 694 1952 Termino
736 1902 989 1970 positum.
1062 1902 1251 1958 Nonne
1278 1914 1455 1958 autem
1487 1919 1675 1959 eorum
1726 1905 1912 1975 opinio

302 1989 390 2045 bis
419 1988 727 2046 conﬁrmari
759 2002 933 2063 potest
968 1994 1167 2049 Tibulli
1195 1995 1442 2050 versibus
1468 2014 1482 2048 :

394 2108 517 2160 Nam
543 2123 775 2177 veneror,
802 2125 894 2177 seu
914 2114 1070 2173 stipes
1102 2114 1256 2164 habet
1278 2114 1512 2164 desertus
1532 2116 1582 2164 in
1601 2115 1753 2177 agris,

540 2173 644 2223 Seu
671 2182 817 2225 vetus
836 2176 883 2222 in
908 2177 1051 2225 trivio
1076 2177 1243 2225 ﬂorida
1268 2185 1402 2227 serta
1420 2177 1562 2241 lapis.

1025 2261 1251 2324 (Tibull.,
1277 2263 1312 2312 ι.
1345 2280 1380 2324 ι,
1406 2265 1565 2331 Eteg.,
1584 2265 1656 2330 ι.)

305 2342 711 2409 Verumtamen,
743 2354 800 2401 ut
824 2361 1010 2401 verum
1043 2347 1324 2415 fateamur,
1354 2349 1508 2404 nobis
1536 2352 1588 2406 lti
1616 2351 1766 2407 facile
1801 2366 1905 2408 non

305 2434 698 2504 persuade-bunt
725 2436 852 2491 illud
882 2447 984 2491 tatu
1003 2448 1153 2493 certo
1185 2454 1342 2510 posse
1368 2456 1433 2495 ex
1458 2442 1709 2498 Auctoris
1735 2446 1904 2499 nostri

304 2529 481 2584 verbis
512 2531 705 2599 colligi.
756 2532 831 2586 Ibi
878 2534 1015 2587 enim
1072 2534 1163 2589 ille
1216 2535 1353 2589 baud
1371 2535 1598 2593 obscure
1643 2539 1906 2610 significat

304 2619 408 2676 hoc
434 2623 778 2677 simulacrum
806 2639 909 2679 non
941 2626 993 2679 in
1034 2627 1194 2696 agt-is,
1233 2628 1324 2681 sed
1353 2629 1491 2683 circa
1526 2628 1754 2685 mediam
1791 2632 1903 2687 cnl-

306 2712 547 2767 locatum
581 2712 745 2768 fuisse
774 2715 920 2769 urbis
943 2716 1103 2771 Ostia:
1135 2731 1363 2787 partem,
1420 2736 1539 2790 quae
1570 2721 1717 2776 littus
1739 2724 1901 2777 maris

300 2804 636 2873 respiciebat.
680 2806 932 2874 Quamvis
962 2823 1089 2878 ergo
1118 2810 1187 2864 ibi
1237 2812 1446 2866 trivium
1479 2812 1685 2875 fuisset,
1728 2815 1900 2869 Minu-

298 2896 414 2950 cius
450 2906 623 2952 tamen
652 2899 780 2952 illud
813 2916 916 2953 non
947 2900 1205 2968 Termini,
1254 2904 1346 2957 sed
1388 2904 1659 2974 Serapidis
1679 2908 1900 2962 simula-

300 3000 449 3040 crum
475 2990 785 3045 nominatim
810 2993 1113 3061 appellavit.
1137 2998 1207 3047 At
1232 2995 1299 3049 de
1332 2994 1412 3048 liis
1439 2996 1663 3052 aliorum
1682 3009 1797 3053 esto
1813 2999 1900 3069 ju-

299 3077 515 3134 dicium.
552 3080 739 3152 Degdeo
762 3093 937 3137 autem
961 3084 1216 3140 Termino
1236 3087 1375 3141 alius
1400 3088 1575 3145 adhuc
1600 3093 1791 3161 agendi
1814 3093 1894 3148 lo-

299 3185 392 3223 cus
410 3171 560 3227 nobis
575 3171 786 3228 dabitur
802 3173 1047 3247 (Dissert.
1076 3178 1128 3231 in
1147 3175 1409 3246 Lactanl.,
1433 3194 1550 3251 cap.
1576 3183 1665 3249 52,
1682 3194 1783 3240 art.
1812 3184 1892 3257 2).

888 3332 1117 3390 CAPUT
1148 3335 1311 3391 XXII.

301 3437 633 3478 EXPENDITUR
673 3441 869 3481 MINUCII
899 3441 1281 3495 ARGUMENTUM,
1310 3445 1410 3493 QUO
1440 3447 1726 3499 ιτψβΑειιιδ
1749 3450 1894 3500 11³818,

369 3532 489 3579 ρυε
513 3533 724 3572 ETHNICI
755 3536 802 3573 IN
829 3536 1041 3576 DEOBUM
1071 3537 1291 3578 ευοιιωιν
1328 3540 1578 3583 ΗΟΝΟΒΕΜ
1626 3544 1898 3585 CELEBRA-

307 3594 313 3602 ι
369 3625 531 3673 ΒΑΝΤ,
567 3625 843 3666 MYSTERIIS
871 3628 1046 3678 ATQUE
1077 3630 1256 3672 FESTIS
1277 3659 1291 3682 ,
1318 3634 1467 3675 ILLOS
1495 3636 1599 3676 NON
1633 3637 1898 3679 EXISTERE

373 3717 589 3757 ABCUIT.

838 3815 1129 3857 ARTICULUS
1149 3819 1357 3859 ιδῐιιιιυς.

298 3909 379 3966 De
406 3911 567 3967 Isidis
592 3914 751 3969 sacris
777 3923 822 3969 et
850 3917 1123 3986 mysteriis,
1156 3918 1337 3986 quibus
1358 3919 1453 3974 illa
1484 3921 1648 3989 ﬁlium
1674 3933 1762 3977 aut
1790 3941 1898 3978 tua-

367 4006 521 4059 ritum
551 4022 697 4060 suum
729 4008 983 4078 perditum
1012 4025 1125 4063 cum
1170 4008 1535 4082 Cynoceplmlo’
1564 4030 1808 4083 (paterere,
1851 4027 1899 4071 et

381 4118 439 4156 eo
481 4103 704 4166 invento,
754 4104 979 4174 gaudere
1008 4104 1288 4175 ﬁngebatur
1318 4122 1331 4157 :
1360 4122 1511 4174 quam
1548 4107 1767 4161 ridicula
1810 4107 1898 4161 Ito-

364 4208 480 4245 rum
508 4194 859 4263 mysteriorum
879 4194 941 4248 ab
964 4193 1230 4266 ngyptiis
1250 4196 1319 4247 ad
1337 4196 1594 4250 Romanos
1622 4200 1895 4254 transmis-

362 4299 536 4338 sorum
566 4301 772 4354 pompa.
796 4294 843 4339 et
865 4302 1016 4354 quam
1038 4287 1265 4341 validum
1284 4297 1459 4342 contra
1483 4286 1758 4346 Gentilium
1776 4291 1896 4345 deos

291 4373 309 4440 ἶ
366 4387 718 4445 argumentum
736 4378 855 4431 inde
876 4378 1174 4432 deducatur.

367 4485 620 4555 Quamvis
648 4490 1008 4545 celebrataab
1044 4493 1285 4549 Etlmicis
1312 4495 1534 4551 deorum
1566 4512 1787 4561 suorum
1822 4500 1893 4554 fc-

296 4589 377 4636 sta
411 4592 465 4637 et
504 4585 757 4653 mysteria
799 4585 1135 4640 manifesmm
1167 4587 1417 4643 omnibus
1466 4590 1641 4645 facere
1680 4591 1893 4648 debuis-

295 4683 418 4730 sent
453 4690 633 4729 veram
676 4676 887 4730 illorum
934 4678 1304 4747 divinitatem;
1348 4699 1412 4737 ex
1463 4683 1527 4738 iis
1560 4693 1734 4740 tamen
1765 4688 1896 4755 ipsis

295 4765 556 4823 Minucius
598 4766 932 4824 demonstrat
984 4771 1126 4825 illam
1184 4775 1394 4842 penitus
1444 4774 1630 4830 falsam
1680 4793 1801 4833 esse
1842 4788 1896 4834 et

294 4862 758 4916 commcn'itiam:
805 4882 823 4913 ‹
858 4862 1171 4929 Considera,
1218 4867 1408 4937 inquit,
1469 4883 1618 4923 saera
1660 4869 1794 4941 ipsa,
1841 4882 1895 4928 et

294 4955 411 5023 ipsa
444 4956 715 5026 mysteria,
748 4957 987 5012 invenies
1013 4960 1186 5013 exitus
1214 4960 1413 5027 tristes,
1448 4962 1574 5022 fata.
1602 4973 1656 5019 et
1686 4964 1893 5033 funera,

294 5059 348 5103 et
375 5050 569 5114 luctus,
604 5059 761 5120 atque
791 5051 1036 5121 planctus
1083 5053 1401 5109 miserorum
1440 5056 1683 5131 deorum.
1721 5078 1740 5111 ι
1779 5060 1894 5127 Qua

290 5154 422 5210 ergo
471 5141 711 5197 caecitate
752 5144 979 5211 perculsi
1027 5144 1236 5200 fuerunt
1265 5147 1506 5205 infelices
1544 5150 1793 5219 Ethnici,
1838 5164 1896 5208 ut

286 5248 383 5286 eos
428 5247 525 5302 pro
558 5234 659 5289 diis
700 5233 987 5302 baberent,
1030 5237 1287 5301 colerent,
1331 5249 1384 5294 et
1406 5241 1712 5310 adorarent,
1754 5261 1889 5315 quos

287 5323 419 5391 ipsis
441 5321 746 5378 hominibus
775 5322 1083 5381 miseriores
1133 5329 1356 5400 singulis
1405 5336 1561 5387 annis
1588 5351 1886 5403 repraesen-

287 5414 469 5475 abant.
500 5415 874 5488 fingebantque
923 5420 1098 5475 exitus
1128 5436 1276 5489 suos,
1326 5423 1458 5490 fata,
1491 5442 1552 5480 ac
1581 5425 1770 5483 funera
1804 5430 1886 5485 lu-

285 5519 411 5575 gere
437 5516 489 5560 et
512 5506 836 5563 lamentari?
879 5509 1155 5567 Miraberis
1179 5512 1424 5578 forsitan,
1456 5532 1518 5571 ac
1539 5520 1622 5573 vix
1649 5520 1884 5589 tandem,

287 5603 426 5649 etne
457 5596 540 5649 vix
574 5599 787 5667 quidem
822 5600 915 5654 tibi
943 5603 1249 5670 persuaderi
1291 5606 1435 5662 sines
1484 5618 1685 5667 tantam
1716 5617 1886 5683 genti-

286 5682 439 5748 lium,
483 5700 710 5754 qnorum
754 5688 941 5743 saltem
974 5692 1261 5749 multorum
1293 5713 1446 5752 mens
1490 5716 1617 5757 sana
1644 5719 1764 5760 esse
1791 5706 1884 5761 de-

289 5773 470 5839 bebat,
497 5776 659 5831 fuisse
687 5777 1011 5838 dementiam
1040 5800 1054 5848 ;
1086 5795 1145 5839 ut
1169 5800 1230 5839 ea
1261 5789 1407 5844 serio
1428 5793 1713 5850 crederent
1764 5812 1884 5866 quce

2019 1911 2075 1957 et
2125 1902 2177 1958 in
2224 1906 2464 1963 laetitiam
2513 1911 2689 1965 luctus
2714 1912 2803 1968 ille
2832 1924 3091 1968 mutatur.
3145 1913 3273 1970 Ideo
3322 1914 3566 1972 Lucanus:

2283 2060 2295 2072 .
2358 2024 2735 2091 Numquamque
2760 2031 2881 2081 satis
2909 2036 3147 2095 quaesitus
3167 2034 3342 2098 Osiris,

2013 2127 2240 2203 Semper
2260 2138 2404 2191 enim
2432 2137 2682 2206 perdunt,
2703 2151 2760 2196 et
2788 2156 3002 2212 semper
3031 2144 3335 2202 inveniunt.
3366 2147 3570 2203 Refertur

2013 2236 2143 2292 ergo
2185 2225 2236 2279 in
2277 2230 2445 2283 sacris
2469 2229 2647 2301 imago
2675 2232 2774 2297 rei,
2824 2249 2943 2303 qtne
2995 2250 3123 2292 vere
3145 2247 3299 2308 gesta
3351 2250 3443 2308 est,
3479 2256 3572 2312 qua

2011 2314 2273 2385 profecto,
2304 2320 2350 2374 si
2377 2322 2503 2391 quid
2538 2324 2795 2393 sapimus,
2843 2326 3081 2383 declarat
3110 2332 3387 2389 mortalem
3418 2336 3572 2393 mulie-

2010 2422 2125 2464 rem
2172 2403 2358 2474 fuisse.
2399 2430 2463 2469 ac
2493 2431 2629 2485 pene
2673 2421 2882 2486 orbam,
2914 2422 3013 2477 nisi
3044 2425 3260 2481 unicum
3288 2429 3568 2499 reperisseti

2012 2500 2276 2574 (Lactant.
2312 2506 2405 2563 lib.
2438 2526 2477 2575 ι,
2505 2525 2623 2580 cap.
2648 2513 2739 2579 21,
2771 2530 2888 2584 pag.
2924 2516 3047 2571 117.
3095 2528 3150 2574 et
3203 2523 3401 2595 seqq.).
3426 2525 3484 2580 At
3519 2524 3574 2580 ibi

2008 2598 2416 2657 autLactantius
2433 2614 2525 2660 aut
2540 2607 2784 2662 librarius
2796 2615 3015 2667 erravit.
3034 2613 3150 2669 Non
3167 2616 3500 2675 Lucanienim
3511 2629 3575 2675 est

2008 2688 2201 2744 citatus
2221 2692 2394 2748 abillo
2424 2712 2629 2762 versus,
2663 2699 2756 2754 sed
2771 2700 2945 2756 Ovidii
2978 2703 3091 2776 (tib.
3115 2723 3165 2761 ιχ
3196 2707 3405 2763 Metam.
3425 2709 3574 2781 fab.8)

2004 2781 2093 2850 qui
2119 2784 2265 2851 plura
2282 2800 2311 2838 a
2328 2784 2558 2842 Minucio
2584 2797 2788 2853 nostro,
2814 2804 2865 2847 et
2887 2794 3077 2849 eodem
3105 2796 3384 2855 Laetantio
3403 2814 3574 2855 memo-

2003 2882 2117 2928 rata
2142 2877 2465 2936 decantavit.
2512 2885 2582 2938 At
2607 2883 2880 2941 Lucanum
2909 2889 2955 2944 si
2994 2891 3161 2947 citare
3193 2895 3442 2951 voluisset
3466 2896 3575 2951 Lac‘

2005 2968 2220 3035 tantius,
2252 2980 2461 3042 poterat
2483 2978 2663 3047 utique
2694 2979 2829 3047 bare,
2864 2998 2984 3052 qua:
3011 3001 3117 3040 non
3149 2984 3339 3057 par.
3364 2990 3426 3044 ad
3450 3005 3575 3060 argu-

2001 3070 2240 3117 mentum
2283 3078 2437 3121 suum
2469 3068 2703 3138 faciunt,
2760 3072 2813 3127 in
2878 3063 3114 3133 medium
3174 3083 3412 3152 proferre
3461 3083 3575 3139 illius

2000 3168 2239 3213 carmina
2272 3175 2287 3213 2

2129 3277 2230 3355 gos
2254 3280 2303 3355 in
2322 3283 2508 3344 templa
2533 3290 2664 3335 tuam
2689 3285 2905 3355 Romana
2930 3291 3211 3355 accepimus
3234 3291 3370 3355 Isim,

2131 3340 2491 3412 Semideosque
2508 3358 2678 3412 canes,
2701 3357 2753 3398 et
2775 3350 2918 3400 sistra
2936 3340 3169 3411 iubentia
3196 3340 3380 3412 luctus,

2128 3401 2193 3454 Et
2214 3418 2363 3467 quem
2389 3401 2443 3458 tu
2482 3401 2739 3473 plangens,
2770 3401 3022 3462 homin-em
3043 3401 3452 3476 testarisiilsirint,

2440 3495 2665 3559 (Lucam,
2688 3494 2724 3542 l.
2751 3509 2831 3544 vni
2856 3492 3109 3559 Pharsal.,
3139 3498 3229 3549 cit.
3261 3498 3363 3565 fin.)

2002 3596 2317 3653 Confirmari
2365 3609 2541 3654 autem
2598 3603 2713 3658 lucc
2759 3605 2936 3658 omnia
2982 3618 3216 3683 possunt
3267 3624 3366 3665 non
3414 3606 3561 3662 solum

2004 3688 2296 3768 Theophili
2348 3695 2689 3764 Antiocbeui,
2731 3708 2785 3753 et
2825 3697 3044 3754 Seneca:
3066 3701 3135 3756 ab
3176 3700 3568 3774 Augustinolau-

2001 3783 2110 3839 dati
2160 3788 2484 3853 tcsumonio,
2533 3789 2628 3845 sed
2659 3790 2784 3845 Julii
2812 3791 2973 3846 etiam
3007 3792 3255 3860 Firmici,
3290 3795 3371 3866 qui
3408 3790 3556 3847 eadem

2001 3876 2158 3932 Isidis
2187 3881 2441 3950 mysteria
2467 3882 2551 3937 sic
2578 3882 2812 3938 breviter
2837 3884 3067 3954 explicat
3091 3904 3103 3941 :
3143 3904 3165 3937 ι
3212 3888 3335 3942 "me
3355 3877 3556 3940 estIsiacl

2001 3970 2142 4025 saeri
2167 3988 2392 4026 summa.
2450 3973 2507 4028 In
2537 3974 2711 4045 adytis
2739 3976 2934 4032 habent
2957 3977 3157 4033 idolum
3190 3980 3406 4036 Osiridis
3423 3972 3563 4044 sepul-

2004 4070 2148 4124 tum;
2182 4063 2282 4117 hoc
2329 4066 2524 4118 annuis
2569 4066 2800 4121 luctibus
2849 4069 3126 4138 plangunt,
3187 4072 3375 4126 radunt
3399 4067 3563 4137 capita:

2004 4163 2067 4209 ut
2114 4156 2476 4210 miserandum
2509 4173 2690 4213 casum
2739 4162 2877 4230 regis
2917 4162 3021 4225 sui,
3066 4164 3399 4233 turpitudine
3432 4158 3566 4214 debo-

2003 4246 2197 4301 nestati
2230 4246 2690 4320 defleantcapitis,
2723 4253 3169 4323 tunduntpectus,
3194 4254 3562 4312 lacerantlaccr-

2006 4348 2111 4406 tos,
2156 4348 2399 4395 veterum
2435 4342 2713 4398 vulnerum
2743 4355 2987 4400 resecant
3011 4348 3315 4416 cicatrices,
3339 4358 3388 4402 ut
3414 4342 3567 4400 annuis

2000 4432 2233 4489 luctibus
2262 4435 2315 4489 in
2339 4436 2532 4491 animis
2552 4454 2739 4493 eorum
2774 4439 2998 4495 funestm
3020 4453 3083 4492 ac
3102 4440 3419 4498 miseranda:
3445 4435 3566 4492 necis
3640 4478 3645 4487 .

1998 4525 2218 4579 exitium
2264 4536 2576 4582 renascatur
2611 4539 2707 4584 :et
2732 4544 2852 4584 cum
2892 4532 3006 4588 haec
3034 4535 3206 4589 certis
3236 4534 3421 4590 diebus
3446 4527 3563 4583 fece-

1917 4606 1971 4666 D
1999 4617 2123 4684 rint,
2154 4627 2278 4673 tunc
2306 4619 2508 4689 lingunt
2553 4635 2613 4675 se
2643 4621 2859 4677 lacerati
2890 4627 3134 4696 corporis
3167 4628 3417 4697 reliquias
3442 4634 3566 4689 repe-

1996 4710 2126 4778 rire,
2158 4721 2210 4765 et
2256 4728 2378 4767 cum
2428 4715 2752 4779 invenerint,
2786 4720 2937 4787 quasi
2971 4720 3163 4789 sapitis
3215 4722 3435 4775 luctibus
3456 4725 3563 4785 gau—

1996 4800 2127 4857 dent
2151 4822 2169 4855 ι
2203 4802 2511 4875 (Theopltil.
2546 4806 2757 4860 lib.|ad
2788 4808 3050 4879 Autolyc.,
3092 4827 3214 4882 pag.
3247 4813 3337 4875 75;
3372 4812 3563 4876 AuguSl.

1996 4892 2092 4948 lib.
2126 4910 2177 4947 γι
2206 4896 2269 4948 de
2307 4894 2455 4950 Civil.
2494 4912 2613 4966 can
2648 4899 2736 4963 10,
2756 4914 2878 4971 pag.
2911 4899 3036 4966 159;
3085 4899 3196 4957 Jul.
3231 4900 3464 4965 Firmic.,
3488 4894 3566 4950 lib.

2001 4995 2065 5049 de
2092 4993 2273 5049 Error.
2296 5001 2501 5067 profari.
2532 4997 2682 5069 relig.
2714 4998 2879 5070 init.).

2069 5088 2260 5144 Nonne
2298 5101 2479 5147 autem
2521 5091 2634 5148 lucc
2664 5104 2713 5147 et
2758 5093 2970 5149 Minucii
3001 5093 3167 5150 nostri
3212 5093 3371 5150 dietis
3394 5088 3567 5162 optime

1994 5190 2315 5251 congruunt,
2354 5194 2408 5237 et
2434 5184 2497 5239 iis
2512 5184 2669 5240 etiam
2693 5201 2811 5256 quae
2833 5201 2991 5256 supra
3013 5187 3080 5241 de
3099 5185 3325 5242 Osiridis
3346 5194 3566 5253 corpore.

1992 5273 2332 5328 membratim
2360 5274 2672 5343 dilacerate,
2720 5286 2879 5347 atque
2905 5278 2973 5332 ab
2999 5278 3135 5339 l~ide
3166 5292 3351 5348 postea
3381 5282 3567 5346 reperto

1989 5366 2415 5423 observavimus.
2467 5369 2571 5425 Sed
2593 5369 2660 5425 ab
2690 5372 2804 5425 aliis
2828 5372 2915 5427 ille
2934 5379 2988 5426 et
3010 5370 3320 5427 Lactantius
3344 5387 3408 5427 eo
3432 5368 3566 5424 dissi-

1990 5458 2142 5528 dent,
2173 5461 2312 5529 quod
2334 5462 2530 5517 Osirim
2562 5462 2713 5519 Isidis
2742 5464 2905 5518 filium
2934 5464 3230 5535 appellent,
3254 5466 3342 5535 qui
3364 5463 3428 5520 ab
3462 5460 3564 5516 aliis

1991 5551 2131 5607 illius
2160 5552 2324 5610 frater
2349 5564 2404 5610 et
2440 5558 2665 5612 maritus
2693 5567 2931 5615 vocatur.
2991 5558 3261 5614 Arnobius
3290 5574 3413 5615 vero
3436 5558 3562 5612 illum

1988 5641 2131 5698 haud
2157 5645 2465 5702 dubitanter
2488 5659 2644 5704 Vocat
2665 5650 2911 5705 maritum
2951 5660 3005 5706 et
3031 5651 3219 5719 filium,
3259 5652 3358 5707 nisi
3386 5647 3563 5705 dixeris

1986 5732 2123 5788 duos
2151 5736 2218 5791 ab
2244 5752 2309 5791 eo
2339 5739 2595 5811 distingui
2639 5741 2787 5798 bisee
2813 5742 2976 5813 ipsius
3003 5742 3180 5799 verbis
3215 5763 3229 5799 ε
3264 5763 3284 5796 ι
3319 5741 3561 5810 Ᾰὶιιιίορὶ-

1986 5826 2064 5880 cis
2094 5827 2297 5884 solibus
2345 5831 2439 5887 Isis
2479 5831 2658 5902 furva,
2714 5851 2948 5894 IIlfBl‘eﬂS
2991 5835 3258 5908 perditum
3319 5837 3473 5895 filium
3510 5840 3555 5889 ct

3738 2964 3744 3097 l
