3730 6270
76 417 165 475 θδὸ
1224 453 1243 469 ,
1403 398 1611 456 DISSEI

1800 396 1871 452 l0.

3230 379 3334 437 θδι

79 522 681 595 membratimconjugem
712 520 1071 578 lancinatumi
1108 519 1451 592 (Arnob.lib.
1482 520 1629 575 tadv.
1662 519 1715 579 A
1742 516 1979 587 Denique
2006 514 2322 573 Ambrosius
2359 513 2426 569 ad
2477 511 2731 569 Sabinum
2763 506 2977 577 scripsit
3005 524 3018 562 :
3057 526 3076 559 ι
3107 504 3211 575 Ipsi
3242 517 3333 558 ca-

82 621 201 677 Gelu.
226 632 340 688 pag.
371 614 489 685 20).

139 709 376 781 Numquid
420 723 554 778 ergo
591 716 908 764 erraverunt
942 708 1201 764 Minucius
1248 717 1433 763 noster
1477 717 1636 776 atque

83 806 368 869 Lactantius,
393 803 547 870 cujus
569 802 683 872 jam
703 802 865 857 alium
891 816 1129 858 errorem
1150 802 1365 857 citando
1386 800 1633 857 Ovidium

88 895 381 955 notavimus?
424 894 625 949 Verum
685 892 949 949 Diodorus
992 894 1226 961 Siculus,
1278 892 1366 963 qui
1410 891 1634 947 0-iridis

91 1010 258 1052 necem
282 1009 355 1056 eo,
382 1008 475 1063 quo
500 990 807 1058 retulimus,
842 991 1002 1047 modo
1047 990 1303 1055 narravit,
1336 990 1451 1045 hanc
1492 999 1635 1044 trau-

94 1092 267 1161 scripta
304 1087 473 1141 deinde
518 1086 587 1141 ab
620 1085 852 1140 Eusebio
901 1084 967 1140 de
1017 1085 1176 1152 Iside,
1223 1094 1276 1139 et
1304 1083 1411 1138 Oro
1439 1084 1556 1154 ejus
1582 1090 1637 1137 et

93 1187 286 1243 Osiridis
315 1187 429 1249 ﬁlio,
463 1186 628 1241 verba
669 1186 814 1241 fecit.
854 1204 872 1236 ι
911 1183 1118 1243 Invenit
1143 1184 1231 1238 illa
1261 1179 1633 1239 immortalita-

86 1281 144 1333 tis
188 1278 527 1350 pharmacum,
555 1294 663 1349 quo
689 1277 853 1333 ﬁlium
882 1293 1037 1333 suum
1065 1279 1253 1346 Orum,
1281 1276 1530 1331 Titanum
1554 1273 1634 1329 iu-

75 1370 211 1425 sidiis
243 1386 567 1439 oppressum,
619 1382 674 1428 et
718 1382 1011 1439 mortuum,
1057 1372 1110 1426 in
1156 1372 1309 1441 aquis
1337 1371 1630 1434 inventum,

68 1480 166 1519 non
190 1475 374 1518 tantum
398 1464 602 1519 reddita
629 1466 827 1533 anima,
850 1466 902 1520 in
925 1465 1087 1519 vitam
1107 1463 1338 1530 reduxit,
1358 1456 1449 1519 sed
1473 1465 1632 1519 etiam

64 1556 458 1611 immortalitatis
499 1558 810 1629 participem
845 1557 987 1613 fecit.
1042 1576 1058 1609 ι
1100 1557 1364 1612 Praeterea
1396 1556 1636 1612 Herodo—

59 1656 155 1712 tus,
189 1657 237 1703 et
255 1648 567 1704 Plutarchus
586 1649 750 1707 Orum
775 1648 1013 1716 Osiridis,
1039 1660 1093 1707 et
1112 1650 1265 1705 Isidis
1288 1649 1452 1706 ﬁlium
1472 1650 1635 1706 fuisse

57 1740 430 1795 testiﬁcantur:
456 1750 512 1796 et
541 1742 844 1798 Ilerodotus
882 1742 1097 1811 quidem
1136 1742 1285 1798 illum
1329 1742 1630 1813 Apollinem

53 1841 99 1887 et
144 1831 326 1896 Orum,
355 1834 675 1903 Plutarchus
718 1851 847 1890 vero
874 1835 1251 1905 Harpocratem
1288 1837 1633 1906 cognomina-

53 1936 152 1979 tum
192 1942 311 1982 esse
352 1926 657 1997 perhibent.
716 1929 874 2001 Atqui
916 1930 967 1984 in
1015 1929 1170 1984 Isidis
1218 1929 1507 2000 mySIetiis,
1553 1930 1629 1998 uti

53 2018 398 2075 Tertullianus
446 2030 648 2090 narrat,
675 2021 885 2078 Ethnici
937 2021 1285 2093 Serapidem,
1338 2022 1527 2078 Isidem
1576 2031 1631 2078 et

54 2110 418 2180 llarpol-mtem
448 2130 561 2169 cum
592 2114 949 2187 Cynocephalo
985 2135 1098 2184 suo,
1144 2117 1296 2187 cujus
1324 2117 1483 2172 etiam
1518 2119 1628 2171 Au—

53 2204 281 2275 gustiuus
327 2207 598 2275 meminit,
672 2210 835 2280 impio
864 2210 1020 2280 plane
1060 2210 1206 2264 cultu
1240 2211 1630 2266 venerabantur

55 2296 297 2364 (Diodor.
327 2299 423 2354 lib.
472 2315 511 2363 ι,
552 2299 798 2356 Bibliotlt.
843 2298 961 2372 pag.
1013 2303 1111 2369 15;
1164 2303 1360 2357 Euseb.
1412 2304 1502 2359 lib.
1535 2319 1625 2370 vn,

49 2386 273 2457 Pro-par.
298 2388 504 2461 Evaug.
526 2409 644 2464 cap.
660 2395 680 2449 I
696 2437 710 2459 ,
737 2410 858 2465 pag.
874 2393 966 2458 48;
984 2394 1240 2451 Herodot.
1267 2396 1360 2452 lib.
1381 2396 1481 2468 tt,§
1500 2397 1627 2462 “4;

52 2479 240 2537 Plator.
263 2484 354 2539 lib.
380 2486 444 2539 de
462 2486 597 2540 Isid.
616 2497 663 2541 et
680 2484 817 2541 Osir.
836 2502 954 2559 pag.
987 2486 1094 2544 556
1117 2497 1170 2542 et
1186 2503 1359 2560 seqq;
1401 2489 1626 2545 Tertull.

45 2575 251 2648 Apolog,
269 2593 393 2649 cap.
414 2579 467 2643 6,
484 2594 602 2651 pag.
634 2580 685 2646 7;
704 2582 923 2650 August.
947 2580 1040 2636 lib.
1062 2597 1135 2635 ut.
1158 2581 1219 2635 de
1238 2581 1383 2637 Civit.
1400 2598 1517 2651 cap.
1540 2581 1626 2648 12,

45 2684 152 2738 pag.
177 2668 292 2741 66).
312 2674 385 2725 At
407 2680 553 2727 certe
576 2674 692 2728 hzrc
716 2689 835 2729 cum
862 2673 1075 2728 Minucii
1102 2676 1266 2729 nostri
1292 2685 1345 2729 et
1372 2674 1629 2729 Lactantii

43 2762 188 2818 dictis
214 2769 444 2841 optime,
477 2767 631 2821 sicuti
663 2767 832 2833 vides,
887 2768 1231 2822 conveniunt.
1293 2766 1406 2822 Non
1455 2767 1628 2822 solum

42 2858 170 2911 enim
187 2856 330 2913 Orus
355 2858 495 2913 idem
514 2869 673 2930 atque
700 2859 1073 2930 Ilarpocrates,
1099 2860 1191 2915 sed
1213 2860 1427 2931 Serapis
1444 2863 1625 2927 etiam,

40 2956 480 3023 quemadmodum
504 2956 806 3012 Lactantiu<
831 2958 986 3025 paulo
1026 2967 1150 3012 ante
1179 2957 1441 3021 laudatus,
1469 2963 1629 3025 atque

42 3046 120 3099 alii
147 3032 533 3115 observarurﬂ,
564 3050 792 3119 ipsemet
817 3059 935 3104 erat
962 3048 1152 3114 Osiris,
1184 3049 1335 3102 sicuti
1366 3061 1465 3103 nos
1491 3063 1625 3118 quo-

38 3155 133 3209 que
158 3141 285 3195 alibi
315 3144 712 3197 aunotavimus.
738 3142 791 3198 Si
824 3142 944 3213 quis
973 3152 1147 3197 tamen
1175 3140 1372 3197 Osirim
1400 3140 1468 3196 ab
1488 3140 1628 3197 Iside

40 3232 175 3287 hisce
216 3234 271 3287 in
302 3234 477 3289 sacris
522 3236 802 3304 quaesitum
827 3235 1210 3305 inventumque
1240 3234 1380 3288 illius
1407 3233 1626 3288 fratrem

37 3339 93 3379 ac
136 3326 390 3381 maritum
434 3325 598 3383 fuisse
647 3328 954 3395 contendat,
998 3338 1053 3383 et
1100 3337 1245 3383 recte
1297 3326 1578 3397 prohaveri

37 3419 157 3487 quin
184 3420 230 3474 is
255 3420 308 3473 in
341 3434 437 3475 sua
465 3430 679 3477 maneat
704 3423 991 3488 sententia,
1018 3421 1237 3476 minime
1260 3420 1624 3492 prohibemus.

35 3512 99 3564 At
145 3511 459 3570 meminisse
514 3528 728 3585 semper
774 3515 933 3571 debet
979 3530 1084 3570 non
1137 3514 1298 3569 modo
1344 3515 1627 3568 obscuram

37 3617 257 3671 prorsus
311 3620 376 3662 ac
426 3606 705 3663 confusam
773 3623 893 3665 esse
970 3609 1108 3662 hanc
1156 3607 1471 3674 historiam,
1533 3622 1628 3662 seu

30 3698 202 3765 potius
249 3699 516 3767 fabulam,
571 3701 665 3757 sed
718 3702 1001 3757 Minucium
1048 3716 1260 3773 quotue
1310 3715 1365 3758 et
1400 3701 1626 3758 Lactan-

30 3788 160 3843 tium
207 3791 389 3861 plures
432 3792 684 3850 habuisse
739 3795 1005 3864 opinionis
1052 3811 1163 3850 sum
1212 3806 1513 3852 assertores
1562 3811 1625 3851 ac

32 3897 305 3955 patronos.

104 3981 335 4036 Probatu
364 3982 521 4053 longe
549 3982 781 4038 faciliora
813 3983 926 4038 haec
956 3982 1132 4037 muuia
1161 3992 1305 4052 sunt,
1337 4000 1456 4055 qua:
1496 4000 1624 4041 auc-

34 4082 119 4127 tor
146 4086 326 4129 nostcr
367 4075 418 4129 in
464 4074 722 4131 horumce
750 4077 1032 4146 impiorum
1082 4079 1456 4148 mysteriorum
1484 4079 1625 4134 cele-

37 4162 282 4219 bratione
324 4166 502 4237 peragi
550 4167 723 4236 palam
771 4168 1158 4238 conqueritur;
1196 4187 1214 4219 ι
1249 4168 1369 4236 Isis,
1429 4172 1620 4240 inquit,

38 4254 298 4323 perditum
326 4258 488 4312 ﬁlium
516 4274 640 4313 cum
672 4260 1050 4330 Cynocephalo
1073 4276 1192 4327 suo,
1225 4261 1396 4326 idest,
1424 4263 1619 4330 Anuhi,

39 4346 201 4411 cuius
241 4346 389 4417 ﬁgura
418 4349 634 4421 publice
661 4350 1152 4416 circumferebatur,
1182 4367 1303 4407 cum
1330 4351 1496 4407 calvis
1539 4368 1624 4406 sa-

47 4436 347 4494 cerdolibns
368 4441 528 4513 luget,
562 4442 781 4513 plangit,
817 4445 1054 4513 inquirit.
1096 4462 1115 4496 ι
1168 4444 1462 4499 Ridiculum
1496 4460 1623 4498 vero

41 4541 265 4595 prorsus
302 4530 476 4589 harum
510 4538 952 4591 ca‘remoniarum
986 4553 1233 4607 pompam
1262 4537 1517 4608 graphice
1539 4537 1622 4591 his

32 4622 289 4691 Apuleius
317 4627 601 4698 descripsit
634 4630 808 4685 verbis
835 4649 846 4685 :
886 4650 904 4682 ι
936 4629 998 4684 Hi
1022 4631 1272 4700 capillum
1298 4631 1471 4686 derasi
1502 4631 1620 4685 fun-

32 4714 197 4783 ditus,
219 4722 409 4777 vertice
437 4722 809 4792 praenitentes,
840 4740 1046 4792 magna:
1081 4725 1355 4795 religionis
1406 4734 1616 4779 terrena

33 4808 221 4877 sydera
256 4816 427 4871 cereis
464 4828 522 4872 et
558 4818 847 4888 argenteis,
899 4819 1062 4873 immo
1089 4833 1216 4874 vero
1252 4819 1429 4874 aureis
1456 4818 1616 4873 etiam

28 4902 203 4959 sistris
232 4917 478 4978 argutum
522 4911 767 4965 tinnitum
813 4920 1309 4980 constrepentes....
1340 4910 1434 4965 Ille
1462 4926 1619 4979 supe-

27 5008 154 5049 rum
190 5013 519 5057 commeator
554 5015 606 5057 et
653 5004 904 5070 inferum,
943 5019 1084 5058 nunc
1110 5014 1246 5066 atra,
1279 5019 1419 5058 nunc
1455 5019 1619 5058 aurea

30 5085 167 5145 [acie
187 5095 449 5163 sublimis,
478 5097 729 5153 attollens
746 5098 893 5153 cauis
913 5099 1152 5153 cervices
1174 5097 1368 5152 arduas
1389 5095 1616 5163 Anubis,

26 5180 165 5237 133V:
210 5190 523 5246 cadueteutu
569 5206 797 5263 gerens,
842 5191 1026 5246 dextra
1081 5191 1309 5261 palmam
1358 5193 1618 5246 virentem

29 5279 267 5341 quatiens
298 5302 317 5335 ι
372 5283 577 5355 (Apul.
649 5284 739 5339 lib.
799 5301 832 5338 ιι
885 5282 1227 5354 Metutttorplt.
1280 5297 1400 5353 pag.
1445 5282 1613 5355 201).

33 5364 181 5427 Unde
199 5374 454 5430 Martialis
480 5377 674 5431 cecinit
700 5395 713 5430 :

236 5465 460 5531 Linigeri
483 5467 681 5531 fugiunt
697 5469 993 5531 sistrataque
1019 5468 1183 5517 turba.

615 5529 870 5593 (Martial.,
892 5529 925 5579 ιζ
951 5543 1017 5579 xu
1051 5532 1346 5594 Epigramm.
1365 5529 1469 5594 29.)

34 5598 350 5671 Expressius
378 5626 513 5667 vero
542 5613 816 5669 Juvenalis
848 5656 860 5669 .

99 5688 215 5798 (largo
237 5704 319 5753 hic
343 5705 644 5767 praecipuum
669 5719 1009 5769 summumque
1033 5715 1255 5757 meretur
1276 5707 1515 5759 honorem

111 5797 114 5798 ,
135 5774 176 5798 ιιι
198 5779 362 5798 mann
383 5766 470 5798 lini
494 5780 600 5798 .nIIn
619 5768 945 5798 ηί-..ιιι-πὶσιιηιι
972 5777 1017 5798 nl
1043 5781 1199 5798 nnnnn
1218 5770 1354 5798 nnlun

108 5766 176 5841 ἔξιί
197 5779 362 5841 grege
383 5766 601 5841 linigero
618 5766 948 5841 circumdatus
972 5777 1023 5841 et
1040 5781 1199 5841 grege
1218 5770 1374 5830 calvo,

98 5814 386 5890 l‘lnigcii’tts
402 5814 567 5892 populi
580 5814 956 5892 ait-rigabant
979 5814 1183 5880 Χιῖἷίιῖιὲξ

689 5891 955 5954 (Juvenal.,
978 5894 1143 5957 Satyr.
1172 5909 1235 5953 vt,
1264 5900 1378 5945 ante
1402 5893 1509 5958 ﬁn.)

1740 610 1847 680 pita
1874 618 1929 664 et
1965 608 2244 679 supercilia
2272 621 2367 662 sua
2407 604 2623 668 radunt,
2656 603 2701 657 si
2731 599 2944 670 quando
2986 598 3139 653 Isidis
3165 596 3333 652 susci-

1739 701 1893 771 piunt
1923 713 2072 754 sacra
2110 719 2128 751 ι
2164 698 2452 771 (Ambros.
2485 696 2652 765 Epist.
2691 692 2815 762 Lv'ut
2870 690 2937 743 ad
2984 688 3163 744 Subiit.
3205 702 3329 758 pag.

1741 790 1926 863 1015).
1960 790 2113 857 Vide,
2170 791 2214 845 si
2254 790 2452 855 lubeat,
2497 803 2620 865 quae
2648 787 2699 840 in
2730 786 2870 838 hunc
2899 784 3071 837 locum
3108 787 3332 833 annota-

1739 886 1931 950 vimus,
1957 894 2010 939 et
2026 884 2427 954 Hieronymum,
2451 878 2819 938 Prudentium.
2844 885 3004 944 atque
3028 873 3161 928 alios
3185 870 3334 942 (Hie-

1736 992 1949 1049 ronytn.
1980 976 2033 1029 in
2076 991 2192 1046 cap.
2222 990 2343 1029 xuv
2378 970 2662 1035 Ezechiel;
2691 967 2949 1025 Prudeut.
2985 966 3076 1021 lib.
3106 981 3162 1020 ιι.
3192 972 3330 1018 cont.

1738 1068 2037 1141 Syumtaclt.
2930 1057 2934 1060 ’

1809 1161 1919 1217 Nec
1946 1163 2123 1217 minus
2151 1168 2361 1215 constat
2384 1159 2601 1226 Isiacos,
2634 1160 2768 1212 sicut
2795 1155 2869 1210 ait
2895 1156 3095 1210 Auctor
3124 1157 3328 1214 noster,

1740 1254 1822 1310 his
1845 1254 1995 1310 festis
2040 1253 2251 1309 caedere
2295 1261 2534 1323 pectora,
2583 1261 2638 1307 et
2670 1250 2910 1305 dolorem
2952 1240 3329 1300 infelicissima!

1738 1351 1925 1405 matris
1968 1348 2186 1403 imitari.
2263 1347 2469 1403 Praeter
2506 1344 2750 1400 laudatos
2793 1339 3055 1411 siquidem
3103 1350 3133 1390 a
3176 1333 3332 1389 nobis

1737 1442 2073 1498 Lactantium
2114 1450 2169 1496 et
2200 1439 2399 1496 Julium
2442 1439 2729 1494 Firmicum
2756 1476 2773 1501 ,
2824 1430 3130 1488 Herodotus
3179 1434 3327 1481 certe

1739 1536 1826 1592 ubi
1853 1536 1919 1590 de
1945 1536 2028 1601 iis,
2051 1534 2142 1606 qui
2164 1533 2317 1589 Isidis
2345 1531 2535 1587 festum
2564 1528 2809 1600 agebant,
2834 1524 3106 1593 disputat:
3143 1536 3162 1569 ‹
3192 1516 3327 1571 Vero

1736 1629 2019 1693 berantur,
2072 1627 2263 1695 inquit,
2295 1630 2571 1689 τύπτονται,
2622 1628 2741 1689 post
2790 1614 3109 1672 sacriﬁcium
3151 1608 3328 1665 cuncti

1736 1735 1792 1780 et
1839 1730 2066 1788 cunctm,
2126 1726 2290 1780 πάντες
2318 1728 2400 1771 και
2444 1725 2620 1779 πᾶσαι,
2673 1710 2836 1768 multa
2885 1722 3015 1762 sane
3053 1703 3329 1759 hominum

1738 1816 1925 1873 millia.
1981 1814 2100 1883 Quo
2130 1823 2308 1867 autem
2348 1809 2699 1864 verberantur
2740 1819 2847 1858 non
2876 1809 2955 1856 est
2985 1797 3114 1853 mihi
3142 1795 3221 1850 fas
3247 1793 3330 1849 di-

1669 1912 1715 1974 B
1744 1924 1893 1974 cere,
1942 1906 2035 1961 sed
2063 1921 2127 1961 ex
2168 1903 2418 1958 omnibus
2455 1899 2721 1970 prtecipue
2756 1896 2857 1950 hoc
2904 1892 3103 1948 faciunt
3140 1888 3327 1955 Cares,

1733 2004 1824 2075 qui
1847 2001 2137 2074 Egyptum
2171 1997 2446 2063 incolunt;
2482 1994 2619 2048 adeo
2647 1990 2862 2060 quidem
2890 1996 2947 2041 ut
2972 1984 3159 2056 gladiis
3191 1997 3329 2053 quo-

1729 2112 1835 2169 que
1866 2097 2066 2151 frontes
2096 2092 2401 2155 concidant,
2424 2097 2486 2148 τὰ
2511 2095 2712 2157 μέτωπα
2730 2088 2985 2140 κόπτονται
3008 2090 3280 2149 μαχαίρῃσι
3301 2094 3320 2128 1

1732 2187 2011 2263 (Herodot.
2050 2187 2142 2241 lih.
2177 2201 2231 2249 ιι,
2266 2183 2295 2257 §
2339 2182 2400 2238 6i
2443 2183 2480 2251 ).
2544 2178 2819 2247 Descripta
2863 2185 3039 2229 autem
3062 2171 3130 2226 ab
3158 2170 3329 2263 Athe-

1733 2260 1931 2351 nagora
1962 2278 2077 2333 tunc
2107 2274 2362 2331 Herodoti
2402 2272 2566 2328 verba
2614 2269 2873 2333 invenies,
2905 2281 2972 2320 ex
3014 2264 3207 2334 quibus
3234 2260 3328 2317 ille

1732 2371 2005 2429 concludit
2026 2370 2159 2426 deos
2179 2365 2504 2423 immortales
2525 2379 2630 2419 non
2649 2377 2787 2427 esse,
2808 2361 2898 2432 qui
2917 2370 3022 2414 tam
3042 2365 3326 2413 cruentum

1732 2466 1785 2523 in
1813 2464 2028 2519 modum
2057 2461 2345 2522 verberati,
2370 2460 2420 2513 in
2456 2459 2622 2512 sacris
2652 2457 2763 2511 suis
2783 2454 3109 2509 exhibentur
3128 2449 3322 2522 (Athe-

1732 2573 1854 2629 nag.
1875 2555 2053 2627 Legat.
2086 2570 2178 2624 pro
2205 2551 2509 2617 Chrisﬁam,
2544 2564 2661 2620 pag.
2689 2549 2781 2604 3%.
2830 2545 2965 2601 Ibid.
3019 2559 3137 2615 pag.
3195 2542 3261 2597 14
3282 2542 3325 2613 ).

1732 2650 1869 2719 Quid
1913 2652 2054 2704 enim
2100 2647 2267 2717 magis
2310 2644 2626 2708 absurdum,
2666 2656 2823 2711 quam
2866 2639 2933 2693 ab
2970 2635 3237 2701 Ethnicis,
3270 2642 3327 2688 ut

1733 2741 1891 2813 paulo
1934 2750 2060 2796 ante
2083 2740 2311 2802 dixerat,
2363 2738 2495 2794 deos
2536 2734 2734 2807 plangi,
2788 2741 3079 2803 pectusque
3106 2736 3327 2800 propter

1732 2836 1852 2891 illos
1875 2845 2143 2905 tamquam
2175 2843 2416 2888 mortuos
2440 2829 2732 2886 crudeliter
2775 2823 2945 2890 tuudi,
2978 2822 3181 2892 etipsis
3210 2830 3321 2874 tum

1731 2926 2021 2985 sacriﬁcari
2071 2936 2339 2992 tamquam
2368 2924 2472 2980 diis
2516 2919 2928 2979 immortalibus.
2981 2915 3085 2973 Sed
3131 2913 3201 2968 de
3241 2910 3326 2967 his

1731 3020 1971 3078 ridiculis
2013 3020 2290 3091 gentilium
2331 3018 2523 3073 ritibus
2569 3016 2718 3088 plura
2764 3011 3048 3081 Dionysius
3091 3007 3326 3064 Halicar-

1731 3128 1974 3180 nasseus,
2002 3111 2198 3183 aliique
2224 3128 2251 3164 a
2283 3110 2437 3166 nobis
2463 3124 2586 3164 mox
2612 3106 2811 3163 citaudi
2843 3103 3098 3177 (Dionys.
3127 3098 3320 3163 Halic.,

1732 3207 1826 3262 lib.
1856 3223 1912 3260 tt.
1938 3206 2187 3275 Antiquit.
2217 3203 2397 3271 Rom.,
2423 3218 2541 3274 pag.
2565 3201 2677 3273 91).

1653 3306 1698 3369 C
1810 3297 1987 3368 Pergit
2016 3296 2278 3352 Minucius
2309 3313 2322 3351 :
2359 3314 2377 3349 ι
2414 3295 2540 3350 Haae
2566 3303 2743 3349 tamen
2779 3288 3026 3362 Aﬂgyptia
3054 3283 3323 3357 quondam

1730 3408 1881 3448 sacra
1903 3401 1958 3447 et
1986 3384 2253 3462 mysteria.
2299 3408 2317 3442 ›
2347 3388 2562 3458 Optime
2586 3386 2826 3458 quidem,
2856 3393 2912 3439 ut
2941 3390 3083 3453 patet
3108 3395 3175 3436 ex
3202 3392 3326 3450 pro-

1730 3485 1873 3540 xime
1911 3483 2140 3538 laudatis
2162 3498 2287 3537 cum
2314 3480 2606 3548 Herodoto,
2639 3488 2749 3533 tttm
2777 3478 3137 3545 Athenagora,
3166 3480 3324 3541 atque

1729 3579 1849 3634 aliis
1882 3597 1894 3633 :
1931 3597 1950 3630 ι
1985 3577 2136 3634 Nunc
2160 3587 2214 3632 et
2242 3592 2415 3638 sacra,
2472 3596 2491 3628 ι
2525 3575 2597 3629 ait
2628 3572 2803 3628 adhuc
2830 3570 3110 3633 Minucius,
3157 3584 3176 3617 ς
3217 3565 3326 3620 Bo-

1728 3688 1884 3728 mana
1914 3682 2054 3728 sunt.
2096 3693 2115 3725 ι
2163 3672 2316 3739 Quod
2355 3672 2515 3727 etiam
2550 3668 2724 3724 citatis
2757 3666 2913 3737 paulo
2959 3672 3085 3719 ante
3123 3659 3323 3715 Lucani

1731 3767 1975 3823 versibus
2004 3766 2256 3822 traditum
2286 3775 2662 3833 assertumque
2691 3762 2937 3816 vidimus.
2990 3756 3165 3812 Testis
3190 3768 3325 3825 quo-

1728 3876 1832 3932 que
1859 3872 1940 3915 est
1963 3860 2250 3916 Suetonius
2291 3859 2578 3924 Othonem,
2620 3856 2982 3911 Romanorum
3029 3850 3324 3916 Imperato—

1727 3968 1861 4018 rem,
1917 3968 2068 4007 sacra
2112 3952 2263 4008 Isidis
2290 3967 2431 4021 sche
2481 3951 2532 4004 in
2589 3950 2747 4003 lintea
2795 3943 3323 4013 rehgiosaqueveste

1727 4045 2001 4116 propalam
2027 4043 2332 4099 celebrasse
2357 4042 2603 4112 (Sueten.
2632 4040 2722 4095 lib.
2755 4052 2845 4102 vn,
2870 4034 2897 4105 §
2925 4030 3038 4103 12).
3070 4029 3325 4083 Commo-

1726 4137 1827 4192 dus
1853 4147 2028 4192 autem
2060 4136 2421 4190 Romanorum
2446 4132 2629 4187 itidem
2662 4131 2977 4199 Imperator,
3011 4129 3143 4176 teste
3166 4118 3323 4173 Lam-

1726 4230 1917 4300 pridio,
1968 4248 1986 4278 t
2021 4243 2171 4283 sacra
2221 4227 2373 4281 Isidis
2410 4224 2595 4287 coluit,
2628 4231 2683 4275 et
2714 4229 2768 4273 ut
2807 4226 2966 4286 caput
3012 4212 3227 4269 raderet
3269 4218 3325 4265 et

1725 4322 1937 4377 Anubin
1974 4328 2301 4390 portaret....
2330 4318 2527 4371 Isiacos
2556 4328 2684 4367 vero
2716 4310 2884 4381 pineis
2911 4322 3077 4377 usque
3107 4304 3174 4360 ad
3205 4318 3324 4374 per-

1726 4413 1918 4467 niciem
1952 4419 2135 4479 pectus
2165 4407 2388 4462 tundere
2419 4404 2667 4476 cogehat.
2720 4401 2850 4456 Cum
2896 4397 3108 4453 Anubin
3147 4404 3325 4466 porta-

1724 4512 1825 4570 ret,
1854 4504 2026 4572 capita
2064 4500 2355 4556 Isiacorum
2394 4496 2630 4570 graviter
2654 4489 2988 4550 obtundebat
3026 4503 3120 4542 ore
3157 4487 3321 4540 simu-

1726 4597 1876 4652 lacri.
1915 4614 1933 4647 ι
1966 4595 2155 4649 Postea
2186 4608 2316 4648 vero
2342 4591 2473 4647 illud
2515 4588 2693 4645 adhuc
2722 4586 2918 4658 repetit
2960 4594 3014 4640 et
3042 4582 3326 4641 conﬁrmat

1646 4696 1696 4755 D
1725 4686 2049 4760 (Lamprid.,
2086 4701 2205 4756 pag.
2233 4685 2340 4740 515
2372 4695 2426 4740 et
2451 4679 2602 4753 527).

1792 4778 1906 4833 Huc
1934 4777 2163 4843 accedit,
2195 4775 2337 4848 quod
2357 4776 2585 4846 posteris
2617 4770 2847 4842 prodidit
2883 4769 3128 4826 Valerius
3154 4765 3323 4822 Maxi~

1722 4885 1863 4939 mus,
1892 4869 2045 4926 Isidis
2067 4869 2210 4934 fana,
2236 4884 2266 4922 a
2296 4868 2357 4922 L.
2377 4866 2600 4922 {Emilio
2621 4863 2787 4918 Paulo
2808 4862 3050 4924 consule,
3083 4859 3323 4912 Itotnauo

1721 4973 1909 5019 senatu
1932 4963 2172 5032 jubente,
2199 4959 2373 5015 diruta
2400 4969 2453 5014 et
2481 4970 2668 5012 eversa
2699 4954 2866 5008 fuisse
2897 4970 2908 5005 :
2935 4971 2954 5003 ι
2981 4949 3042 5005 L.
3072 4948 3325 5004 Eminus

1726 5055 1922 5111 Paulus
1948 5053 2167 5118 Consul,
2203 5069 2322 5107 cum
2352 5060 2569 5105 senatus
2600 5046 2773 5109 Isidis,
2798 5043 2989 5112 inquit,
3023 5051 3076 5095 et
3104 5039 3323 5110 Serapis

1724 5149 1846 5205 fana
1876 5147 2134 5203 diruenda
2160 5143 2479 5203 censuisset,
2508 5154 2678 5209 eaque
2705 5150 2867 5191 nemo
2890 5133 3141 5204 opiﬁcum
3161 5130 3324 5185 attin—

1723 5257 1849 5313 gere
1887 5240 2128 5302 auderet,
2165 5237 2329 5308 posita
2360 5242 2637 5304 praetexta,
2666 5227 2897 5285 securim
2925 5227 3148 5297 arripuit
3189 5234 3323 5279 tem-

1723 5335 1905 5405 plique
1938 5334 2056 5402 ejus
2078 5330 2281 5385 Ioribus
2311 5327 2512 5382 inﬂexit
2546 5342 2564 5377 ι
2599 5321 2803 5396 (Valer.
2828 5319 3182 5384 Maxim.,lib.
3211 5332 3245 5378 t.
3271 5331 3320 5370 c.

1722 5429 1777 5494 '5,
1808 5427 1836 5499 §
1870 5426 1963 5481 ult.
1993 5425 2034 5495 ).
2089 5425 2133 5478 A
2159 5419 2490 5478 Tertulliauo
2534 5430 2768 5488 quoque,
2797 5424 2856 5467 ut
2893 5426 2990 5466 suo
3034 5411 3152 5465 loco
3178 5407 3323 5463 vide-

1729 5521 1926 5586 bimus,
1959 5516 2232 5574 memorim
2272 5499 2521 5568 traditum
2567 5517 2649 5564 est
2672 5506 2827 5561 Isidis
2856 5519 2978 5558 aras
3007 5519 3035 5557 a
3069 5500 3322 5556 Romanis

1726 5612 2057 5672 destructas,
2090 5620 2348 5676 sacraque
2395 5605 2644 5673 ahrngata
2676 5614 2740 5653 ac
2787 5596 2979 5651 deinde
3026 5594 3266 5649 restituta
3297 5611 3317 5644 ι

1730 5703 1980 5774 (Tertull.
2004 5700 2246 5772 Apolog.,
2273 5712 2392 5768 cap.
2415 5695 2468 5762 6,
2494 5710 2612 5766 pag.
2642 5690 2706 5755 9;
2729 5698 2783 5746 ct
2803 5688 2895 5745 lib.
2921 5703 2977 5742 tt.
3010 5686 3074 5741 ad
3103 5683 3320 5738 Nation.

1726 5810 1845 5867 cap.
1877 5794 1963 5857 10,
1993 5807 2112 5863 pag.
2144 5789 2260 5863 54).

1800 5888 1961 5943 [tecte
1986 5899 2115 5956 ergo
2139 5900 2203 5944 ex
2230 5884 2316 5940 his
2341 5882 2602 5939 Minucius
2627 5874 2899 5935 concludit
2925 5890 2940 5930 :
2975 5891 2997 5928 ι
3027 5872 3219 5931 Nonne
3247 5870 3322 5930 ri-
