3730 6270
427 368 534 428 655

1614 368 1702 425 ne
1742 368 2007 427 MlNUCll
2046 368 2353 427 eorum
2526 404 2537 415 .
3491 398 3554 458 εκ

427 489 660 544 (lieulum
702 496 783 544 est
823 487 1001 556 lugere
1030 486 1169 558 quod
1198 486 1366 553 colas,
1406 486 1491 543 vel
1536 488 1716 546 colere
1757 491 1898 561 quod
1940 491 2019 545 lu-
2047 491 2099 553 Α
2126 491 2247 545 loco
2292 498 2517 561 repente
2550 490 2826 547 exstitisse
2865 491 2952 548 ubi
3004 509 3159 566 usque
3197 498 3255 553 ad
3303 501 3381 560 hoc
3426 518 3560 587 tenipus

428 581 588 649 geas?
626 599 642 627 ι
675 579 840 635 Simili
867 579 1022 647 plane
1044 578 1203 633 modo
1221 576 1557 648 Plutarchus,
1585 581 1831 651 quamvis
1853 582 2031 636 ethni-

428 684 554 736 ους,
616 669 997 738 XenOphanem
1028 669 1431 739 ;Cul0phonium
1475 673 1696 742 ejusque
1735 679 2030 728 sectatores

429 762 666 817 refellit:
705 779 724 814 ‹
772 761 1089 817 Absurditas
1132 764 1230 829 rei,
1273 764 1348 819 ait
1394 764 1504 831 ille,
1533 767 1586 819 in
1615 776 1906 836 conSpectu
1934 766 2032 822 fuit

430 867 534 908 non
568 836 725 907 modo
749 852 1063 923 XenOphani
1092 854 1442 925 Colophonio,
1468 858 1666 928 autqui
1688 873 1808 913 eum
1841 860 2030 914 subse-

440 946 570 1009 cuti,
603 942 884 1016 Egyptios
909 961 1250 1012 monuerunt,
1277 946 1339 1002 Ei
1370 959 1494 1013 θεεὺς
1518 961 1782 1020 νομίζουσι,
1814 963 1887 1020 μῆ
1916 960 2033 1024 θρη-

430 1040 540 1101 νεῖν,
588 1041 628 1089 εἱ
661 1042 707 1090 δὲ
738 1042 979 1109 θρηνοῦσι,
1018 1048 1143 1101 θεοὺς
1167 1054 1238 1108 μὴ
1288 1052 1524 1109 νομίζειν·
1559 1054 1651 1098 aut
1680 1060 1747 1099 ne
1789 1045 2035 1115 ltigert‘m

431 1146 546 1197 eos,
603 1147 738 1204 quos
785 1134 918 1188 deos
970 1144 1253 1190 censerent
1309 1151 1460 1203 esse;
1492 1149 1580 1192 aut
1630 1154 1727 1207 pro
1786 1139 1888 1193 diis
1923 1155 2029 1194 non

435 1222 720 1294 haberent,
752 1225 796 1280 si
824 1227 1088 1298 lngendos
1115 1230 1397 1285 Crederem
1436 1250 1454 1283 ι
1483 1231 1813 1304 (Plutarch,
1847 1234 1938 1286 lib.
1973 1234 2036 1288 de

435 1317 572 1373 Isid.
622 1330 669 1373 et
727 1320 920 1375 Usit'id.
978 1337 1096 1393 pag.
1144 1323 1316 1395 579).
1349 1324 1650 1379 Heraclitus
1688 1326 1871 1391 etiam,
1908 1342 2030 1381 uar-

436 1422 590 1467 rante
631 1410 912 1470 Clemente
939 1415 1321 1479 Alexandrino,
1348 1432 1410 1472 ac
1437 1418 1773 1486 postmodum
1803 1418 2036 1491 Epipha-

438 1510 548 1575 nio,
572 1509 758 1565 iisdem
778 1510 1041 1582 Aﬁgyptiis
1062 1511 1351 1581 objiciebat
1381 1531 1393 1566 :
1424 1531 1442 1563 ‹
1469 1514 1522 1566 Si
1546 1515 1864 1569 existimatis
1884 1516 2033 1584 deos,

438 1617 506 1655 ne
533 1603 679 1671 ipsos
711 1604 953 1672 lugentis,
989 1619 1161 1674 neque
1194 1606 1455 1675 plangalis
1485 1623 1497 1657 :
1531 1606 1575 1660 si
1604 1618 1781 1663 autem
1824 1609 2034 1678 lugetis,

439 1708 507 1747 ne
537 1708 632 1748 eos
662 1694 793 1749 deos
826 1710 946 1750 esse
985 1697 1181 1766 putetis
1206 1717 1225 1750 ι
1260 1699 1469 1768 (Clem.
1507 1699 1687 1767 Aleia,
1712 1702 1930 1756 Admon.
1971 1705 2040 1757 ad

437 1795 598 1855 gent.,
642 1802 761 1858 pag.
818 1788 907 1843 15.
959 1789 1153 1859 Epiph.
1201 1791 1441 1845 Aacorat.
1479 1791 1506 1862 ᾗ
1544 1792 1667 1859 106,
1730 1810 1849 1866 pag.
1890 1796 2035 1868 106).

440 1879 679 1950 Denique
705 1891 762 1934 ut
791 1881 924 1936 alios
950 1882 1178 1952 gentiles
1214 1893 1270 1939 et
1311 1885 1630 1940 christianos
1663 1891 2043 1956 prmtermitta-
2072 1883 2122 1944 B

445 1989 585 2039 mus,
629 1973 817 2030 eadem
870 1992 1088 2045 prorsus
1117 1977 1323 2033 ratione
1370 1977 1717 2049 Athanasius,
1763 1992 1814 2037 et
1873 1983 2046 2039 Julius

443 2064 710 2122 Firmicus
755 2068 870 2123 bmc
902 2067 1124 2124 nefanda
1160 2071 1412 2142 mysteria
1452 2073 1747 2143 explodunt
1772 2085 1928 2147 atque
1952 2092 2047 2132 ex-

437 2159 673 2225 sibilant,
702 2170 755 2215 et
784 2162 835 2215 in
877 2162 942 2216 iis
971 2160 1134 2218 falsos
1163 2163 1295 2219 deos
1322 2166 1389 2219 ab
1415 2168 1648 2223 ethnicis
1687 2170 1786 2224 coli
1821 2172 2045 2226 couclu-

438 2250 569 2305 duut
597 2251 920 2323 (Athanas.,
950 2263 1082 2310 orat.
1113 2265 1249 2312 cont.
1276 2268 1411 2329 gent.
1438 2256 1465 2331 ᾗ
1493 2260 1579 2324 10,
1616 2277 1734 2333 pag.
1776 2265 1858 2329 ll;
1910 2264 2041 2335 Jul.,

440 2340 680 2409 Firmic.,
710 2346 774 2399 de
812 2344 993 2401 Error.
1028 2350 1236 2419 profari.
1262 2351 1410 2421 relig.
1444 2365 1563 2423 pag.
1594 2352 1709 2425 2i).

1050 2479 1344 2521 ABTICULUS
1374 2483 1429 2522 ll.

440 2574 517 2631 De
564 2575 842 2632 Eleusiniis
872 2581 1126 2649 mysteriis
1153 2584 1381 2653 festoque
1427 2584 1510 2638 die
1558 2586 1613 2639 in
1643 2584 1841 2641 Cereris
1879 2588 2044 2655 ﬁliam

511 2687 657 2725 suam
681 2669 1047 2742 Proserpinam
1070 2691 1100 2727 a
1130 2673 1351 2733 Plutone
1372 2686 1575 2747 raptam
1595 2679 1915 2748 inquirentis,
1938 2696 2044 2735 me-

510 2767 728 2821 moriam
753 2768 1048 2833 celebratis;
1081 2770 1145 2824 de
1177 2769 1323 2826 lovis
1347 2775 1506 2827 sacris
1545 2783 1697 2843 atque
1725 2775 1876 2829 etiam
1893 2773 2046 2846 Cybe-

510 2860 582 2915 les
598 2860 1012 2918 Dindimeuwseu
1034 2863 1249 2930 Cereris,
1274 2865 1352 2920 vel
1374 2865 1551 2931 Rhew,
1571 2868 1647 2921 vel
1669 2874 1846 2926 matris
1869 2874 2041 2936 deum,

509 2963 555 3008 et
575 2955 756 3025 Atydis
774 2959 1003 3025 castrati,
1044 2974 1161 3028 quae
1185 2976 1215 3013 α
1231 2960 1385 3030 gallis
1407 2978 1495 3014 seu
1522 2966 1735 3020 exsectis
1756 2966 2045 3023 hominibus

511 3066 900 3137 peragebantur.

510 3203 664 3260 Isidis
696 3205 862 3260 sacris
903 3204 1095 3259 similia
1136 3214 1292 3260 erant
1321 3205 1613 3276 Eleusinia,
1643 3226 1762 3280 qum
1799 3212 1851 3266 in
1874 3212 2039 3269 Cere-

2133 585 2456 657 Syracnsani
2499 585 2669 641 festos
2706 586 2822 642 dies
2865 589 3232 648 anniversarios
3267 610 3396 666 agitat
3412 585 3561 666 celeber.

2135 679 2273 733 rimo
2321 680 2560 734 virorum
2592 680 2982 750 mulierumque
3028 697 3266 741 conventu
3295 707 3310 741 ι
3340 690 3443 762 (Cic.
3473 697 3562 759 0m,

2134 785 2206 824 tv.
2271 770 2325 824 iu
2384 767 2527 824 Verr.
2578 786 2698 841 pag.
2756 770 2883 827 179.
2921 783 2971 827 et
3018 776 3204 847 seqq.).
3276 778 3331 834 Et
3367 780 3452 841 hac
3489 805 3565 851 sane

2135 865 2201 920 iis
2250 865 2406 934 plane
2451 874 2814 920 consentanea
2890 880 3045 932 sunt,
3096 885 3206 940 quae
3268 875 3418 931 eadem
3448 880 3494 936 de
3536 903 3567 944 re

2138 967 2323 1011 narrat
2372 957 2638 1013 Diodorus
2699 957 2947 1025 Siculus;
3003 962 3087 1031 qui
3138 964 3185 1017 in
3241 971 3463 1026 sententia
3508 992 3569 1035 sua

2136 1050 2603 1105 confirmationem
2671 1050 2770 1105 hos
2818 1052 2999 1106 retulit
3043 1053 3236 1110 Corcini
3275 1069 3412 1128 poeta
3447 1078 3570 1134 greco;

2135 1155 2343 1198 versus.

2482 1270 2637 1317 Διγουσι
2658 1271 2844 1321 Δήμητρός
2867 1271 2950 1309 κοτ’
2971 1266 3122 1321 ἆβρητον
3141 1274 3239 1324 κόρην

2477 1333 2675 1370 Incusum
2699 1335 2856 1383 ιξυῖίθις
2877 1333 3037 1384 ὁράσει
3059 1335 3278 1384 palliatum,

2482 1397 2591 1434 Δῦνσμὶ
2614 1409 2655 1434 τι
2677 1397 2786 1445 quia;
2810 1397 2859 1441 εὶς
2883 1396 3097 1446 pingui;
3118 1400 3253 1448 μυχοῦς.

2480 1457 2585 1505 Πόθῳ
2606 1452 2646 1494 δὲ
2667 1457 2793 1507 μητέρ’
2813 1459 3050 1509 ἠφανισμινης
3069 1461 3169 1509 κόρης

2481 1520 2650 1569 Μιστήρ’
2675 1520 2836 1558 ἐπελθεῖν
2856 1523 2980 1559 πᾶσαν
3000 1522 3034 1558 ὲν
3055 1521 3166 1573 aliis}?
3184 1522 3294 1572 χθόνα.

2482 1583 2557 1620 Καὶ
2574 1583 2639 1628 τὴν
2662 1582 2725 1630 μὲν
2748 1584 2956 1620 Αἱτναὶῡισι
2975 1583 3127 1625 ludiust
3144 1587 3261 1635 πάγοις

2481 1645 2596 1693 "ape;
2620 1645 2799 1693 τίει-ουσαν
2823 1645 2979 1695 [Siliquam
3002 1638 3229 1693 δυσεμϐόλοις

2484 1708 2610 1744 nam
2635 1705 2830 1748 στινόιεαι·
2853 1708 3002 1746 tivum
3017 1703 3060 1745 δὲ
3079 1708 3258 1758 καμίνου,

2482 1770 2591 1822 ξὶτων
2614 1764 2765 1822 ἄμοιρον
2790 1766 2974 1820 hanc?“
2998 1770 3121 1822 ςοὶνιιν
3140 1774 3246 1820 τινος,

2482 1820 2575 1869 ὅθεν
2593 1831 2675 1876 Qui;
2697 1820 2846 1881 rtpﬂotv
2866 1830 2915 1879 ιὶς
2937 1832 2987 1870 τὰ
3007 1820 3065 1870 ἦν
3084 1831 3146 1871 ist.

2305 1918 2494 1982 Ferunt
2517 1921 2649 1982 quod
2674 1920 2797 1971 alma
2820 1920 3022 1974 Cereris
3046 1922 3157 1972 olim
3180 1922 3286 1982 ﬁlia,

2303 1981 2387 2046 Sic
2410 1981 2736 2034 traudulentis
2769 1993 2906 2046 rapta
2929 1984 3061 2034 Ditis
3077 1981 3312 2045 machinis,

2300 2044 2364 2110 Et
2386 2044 2884 2110 nigricantesinierit
2908 2056 3058 2097 terra:
3080 2060 3262 2110 specus,

2304 2106 2563 2172 Materque
2587 2109 2825 2170 perditam
2850 2106 3119 2172 requirens
3132 2112 3286 2168 anxie,

2303 2166 2666 2233 {fotum'vagata
2690 2173 2763 2233 sit
2781 2184 2870 2233 per
2893 2166 3029 2219 orbis
3051 2166 3288 2233 ambitum.

2303 2231 2441 2294 :l‘unc
2462 2231 2572 2294 quae
2591 2234 2684 2294 sub
2709 2231 2865 2283 [Etuta
2887 2233 3097 2283 collibus
3131 2232 3362 2285 Trinacria

2301 2293 2406 2357 lgni
2433 2293 2603 2351 scatet,
2627 2293 2902 2357 globosque
2924 2297 3076 2357 jactat
3096 2296 3343 2355 flammeos,

2302 2354 2555 2421 [ingemuit
2573 2354 2730 2421 manis
2752 2370 2764 2404 :
2786 2354 3005 2418 dumque
3039 2360 3172 2420 virgo
3194 2354 3418 2421 plangitur,

2303 2416 2439 2482 gens
2452 2416 2588 2470 Jovis
2611 2418 2820 2482 alumna,
2849 2416 3014 2482 egena
3047 2416 3366 2475 vietustabuit.

2300 2479 2428 2529 Huic
2452 2486 2547 2539 est,
2572 2482 2693 2531 deas
2715 2479 2871 2531 adhuc
2886 2479 3021 2545 quod
3047 2483 3259 2545 impense
3278 2483 3427 2534 colunt.

2270 2560 2492 2626 (Diodor.
2523 2563 2699 2625 Sicul.,
2722 2565 2829 2614 init.
2852 2564 2886 2614 l.
2915 2579 2947 2614 v
2966 2562 3258 2624 Bibliothec.,
3280 2579 3322 2628 p.
3343 2564 3465 2617 201d
3488 2568 3580 2632 seqq.)
3604 2584 3623 2633 ,ο

2147 2668 2254 2724 Sed
2281 2668 2502 2725 Ovidius
2527 2668 2643 2726 haec
2671 2670 2888 2727 uberius
2915 2672 3100 2727 stricta
3130 2672 3293 2727 adhuc
3312 2671 3505 2727 describit
3524 2690 3588 2727 on-

2146 2761 2311 2817 tione.
2347 2763 2487 2818 Duos
2509 2772 2686 2818 autem
2712 2772 2920 2817 tantum
2950 2779 3017 2819 ex
3045 2764 3106 2818 iis
3130 2778 3317 2826 versus.
3338 2763 3484 2833 quibus
3497 2764 3586 2819 Cert-

2146 2872 2283 2921 rem,
2326 2870 2449 2910 cum
2492 2854 2558 2910 ad
2619 2854 2836 2911 {Emam
2870 2866 3108 2912 montem
3156 2861 3451 2928 pervenisset,
3473 2869 3586 2908 memo-

2146 2959 2290 3003 ratas
2306 2947 2449 3004 faces
2471 2948 2782 3004 accendisse
2813 2950 2980 3017 cauit,
3016 2964 3154 3004 nunc
3182 2948 3534 3009 transcribemus:

2394 3060 2499 3126 illic
2521 3062 2747 3126 accendit
2761 3063 2991 3124 geminas
3012 3076 3098 3126 pro
3120 3060 3322 3124 lampade
3341 3062 3462 3126 pinus,

2390 3123 2516 3174 Hinc
2549 3123 2751 3175 Cereris
2770 3122 2947 3185 sacris,
2977 3122 3106 3174 nunc
3127 3122 3307 3186 quoque
3329 3122 3537 3173 tiedadttur.

2834 3204 3023 3273 (Ovid.,
3050 3208 3085 3257 l.
3110 3221 3152 3257 tv
3192 3208 3329 3268 Fast.,
3351 3204 3439 3269 εδ.)

438 3297 513 3353 ris
559 3297 718 3350 filiam
752 3311 900 3350 suam
942 3296 1315 3367 Proserpinam
1343 3315 1437 3355 seu
1467 3275 1709 3356 Liberam
1740 3319 1766 3356 a
1817 3304 2039 3363 Plutone
2065 3275 2110 3338 δ
2143 3312 2347 3368 Statius
2371 3326 2583 3383 quoque
2628 3317 2681 3367 in
2710 3312 2862 3368 silvls
2899 3314 3000 3368 hos
3048 3312 3112 3368 ad
3142 3312 3320 3368 Julium
3362 3310 3587 3365 Menecratem

445 3400 648 3459 raptam
677 3389 990 3459 qumrentis,
1034 3389 1293 3447 honorem
1327 3392 1407 3447 vel
1455 3397 1631 3485 pptius
1658 3400 2036 3454 contumeliam

441 3481 727 3550 quotannis
774 3480 841 3534 ab
874 3480 1103 3536 ethnicis
1148 3482 1407 3539 celebrari
1451 3480 1713 3542 solt-bant.
1776 3489 2041 3548 Minucius

444 3581 626 3626 autem
667 3574 851 3642 paucis
898 3571 1112 3644 quidem
1149 3577 1345 3639 verbis,
1390 3577 1483 3632 sed
1527 3595 1647 3650 quin
1680 3580 2035 3648 sufficiebant,

445 3662 719 3716 ridiculam
767 3662 957 3718 borum
1018 3668 1395 3730 mysteriorum
1454 3670 1780 3739 impietatem
1817 3673 2041 3728 deumn-

443 3763 575 3809 strat
600 3772 618 3808 :
652 3774 669 3807 (
704 3757 885 3818 Ceres.
944 3758 1131 3828 inquit,
1169 3760 1368 3815 facibus
1415 3766 1657 3818 accensis
1706 3774 1759 3820 et
1789 3777 2040 3834 serpente

445 3846 792 3915 circumdata,
826 3864 1008 3904 errore.
1038 3850 1343 3921 subreptam
1370 3865 1421 3909 et
1444 3865 1746 3926 corruptam
1769 3856 2038 3924 Liberam,

444 3939 596 3993 anxia
629 3949 681 3995 et
700 3940 926 3996 sollicita
950 3943 1192 4012 vestigat.
1234 3963 1251 3996 ι
1271 3944 1373 4001 Sed
1406 3947 1518 4002 hzee
1541 3947 1730 4004 Cicero
1761 3950 2041 4007 enodatius

444 4031 497 4087 in
538 4042 722 4103 quarta
766 4034 1023 4091 adversus
1076 4036 1296 4093 Verrem
1345 4042 1608 4110 oratione,
1661 4042 1810 4097 hisce
1864 4045 2042 4101 verbis

443 4126 781 4182 enucleavit:
833 4145 852 4178 (
891 4127 1016 4184 Haec
1059 4139 1142 4185 est
1188 4133 1387 4200 opinio,
1439 4137 1531 4197 ait,
1566 4150 1683 4204 quas
1736 4144 1947 4190 constat
1975 4152 2042 4191 ex

445 4220 828 4290 antiquissimis
874 4221 1181 4279 Graecorum
1215 4226 1404 4283 litteris
1446 4238 1607 4299 atque
1657 4232 2037 4299 monumentis,

444 4311 669 4366 insulam
703 4313 935 4369 Siciliam
969 4325 1131 4372 totam
1164 4333 1285 4375 esse
1314 4321 1496 4375 Cereri
1526 4330 1578 4375 et
1609 4320 1816 4376 Libera:
1847 4337 2041 4377 conse-

444 4412 664 4458 cratam.
713 4406 825 4462 Hoc
848 4423 969 4462 cum
1006 4421 1215 4464 cetera:
1240 4424 1427 4482 gentes
1452 4413 1527 4469 sic
1550 4414 1896 4480 arbitrantur,
1930 4427 2040 4472 tum

446 4494 575 4564 ipsis
605 4496 795 4553 Siculis
824 4508 927 4553 tam
954 4517 1264 4568 persuasum
1296 4515 1396 4569 est,
1440 4517 1495 4560 ut
1522 4507 1713 4560 animis
1740 4522 1926 4562 eorum
1957 4509 2042 4563 iu-

446 4587 608 4642 situm
631 4600 788 4659 atque
812 4593 1048 4647 innatum
1077 4610 1199 4650 esse
1226 4596 1489 4652 videatur.
1527 4600 1658 4654 Nam
1688 4612 1742 4656 et
1773 4614 1926 4658 natas
1958 4618 2044 4659 cs-

2142 3407 2359 3477 scripsit
2385 3406 2520 3461 duos
2545 3421 2766 3462 versus:

2237 3523 2415 3596 Inque
2439 3520 2804 3596 ActteaCeres,
2824 3534 2974 3596 cursu
2997 3523 3077 3572 cui
3096 3517 3441 3596 semper‘a‘nhelo

2237 3583 2469 3635 Votivum
2489 3585 2622 3635 taciti
2645 3597 2929 3647 quassamus
2953 3583 3169 3648 lampada
3193 3583 3354 3647 mysta.

2581 3667 2750 3733 (Stat.,
2774 3666 2809 3717 ι.
2834 3667 3053 3735 iv,Sytv.
3083 3669 3258 3728 Carm,
3274 3664 3434 3730 penult.)

2143 3774 2228 3833 Ad
2258 3775 2371 3830 Inec
2400 3790 2528 3829 vero
2552 3774 2874 3831 Claudianus
2908 3777 3079 3831 tribus
3101 3775 3245 3832 libris
3272 3770 3487 3829 decanurit
3510 3781 3587 3835 rap-

2145 3879 2256 3924 tum
2292 3868 2651 3938 Proserpinae,
2700 3877 2859 3938 atque
2903 3870 3022 3938 ipso
3072 3869 3190 3923 libri
3220 3867 3354 3940 primi
3380 3859 3585 3919 initiofaces

2146 3961 2263 4016 illas
2300 3971 2354 4015 et
2381 3972 2660 4030 serpentes
2687 3958 2764 4015 sic
2793 3948 3063 4015 memorat
3088 3978 3101 4014 :

2525 4116 2536 4126 -
2774 4115 2785 4126 .
2858 4110 2871 4125 .
2937 4071 3447 4141 Jammagnnsabimis'

2270 4138 2479 4204 gaditur
2497 4140 2737 4204 strepitus
2774 4141 2934 4200 terris,
2961 4137 3284 4204 templumque
3303 4137 3460 4204 remugit

2270 4197 2623 4264 Cecropidum;
2637 4197 2928 4264 sanctasque
2954 4197 3094 4251 faces
3116 4197 3295 4250 extollit
3316 4197 3476 4262 P11611991

2270 4263 2474 4325 Augues
2490 4264 2775 4325 Triptolemi
2810 4263 3043 4325 strident,
3072 4271 3123 4313 et
3140 4273 3347 4325 squamea
3364 4266 3478 4306 curus

2271 4323 2402 4396 Colla
2424 4323 2595 4396 levant
2620 4327 2812 4396 astricta
2837 4323 2989 4396 iugis,
3017 4323 3417 4396 lapsuq'uesereno

2267 4388 2436 4440 Erecti
2467 4401 2637 4439 roseas
2662 4389 2870 4439 tendunt
2893 4390 2953 4437 ad
2974 4388 3187 4438 carmina
3208 4388 3371 4436 cristas.

2606 4470 2898 4536 (Claudiam,
2925 4471 2961 4521 ι.
2990 4470 3054 4522 de
3074 4474 3211 4535 Καρὶ.
3229 4463 3437 4529 Prom)

2148 4579 2225 4635 De
2257 4580 2337 4635 bis
2363 4592 2529 4650 porro
2554 4575 2768 4633 Cereris
2807 4579 3102 4649 mysteriis,
3131 4576 3389 4644 diebusque
3403 4565 3589 4623 [θεύετα-

447 4694 507 4734 se
537 4679 632 4734 bas
654 4654 719 4734 iu-
741 4679 822 4736 his
844 4683 977 4738 locis
998 4684 1146 4749 deas,
1173 4696 1229 4742 et
1256 4685 1433 4758 fruges
1464 4690 1515 4743 in
1544 4706 1605 4745 ea
1639 4702 1775 4748 terra
1813 4697 2043 4765 primum
2071 4669 2124 4730 Β
2259 4686 2472 4765 11W)“
2511 4671 2636 4765 fecit
2683 4669 3027 4737 Laclantius’
3086 4683 3280 4765 "98""?
3303 4654 3591 4765 .cmglfﬂs

448 4782 691 4844 repertas
718 4774 1077 4845 arbitrantur;
1112 4786 1165 4832 et
1203 4788 1407 4847 raptam
1436 4797 1555 4836 esse
1584 4784 1852 4850 Liberam,
1885 4806 2043 4857 quam

447 4866 689 4921 eamdem
714 4866 1088 4937 Proserpinam
1112 4879 1322 4935 vocant,
1348 4887 1411 4926 ex
1446 4872 1775 4931 Enneusium
1799 4894 2043 4948 nemore,

448 4956 537 5025 qui
558 4958 730 5019 locus,
758 4959 846 5027 qui
875 4960 924 5012 iu
957 4961 1128 5015 media
1166 4972 1248 5017 est
1271 4962 1439 5019 insula
1464 4966 1619 5028 situs,
1654 4969 1938 5026 umbilicus
1962 4974 2048 5030 Si-

449 5049 587 5104 cilire
635 5051 941 5107 nominatur
997 5070 1010 5106 :
1068 5070 1224 5125 quam
1276 5073 1396 5112 cum
1447 5059 1767 5131 investigare
1810 5073 1864 5118 et
1910 5082 2044 5121 cnn-

447 5143 663 5215 quirere
725 5141 890 5200 Ceres
950 5146 1141 5214 vellet,
1212 5149 1409 5205 dicitur
1463 5151 1823 5211 intlammasse
1880 5158 2046 5216 ttedas

450 5237 516 5291 iis
566 5234 775 5307 ignibus
816 5237 905 5306 qui
961 5254 1025 5292 ex
1073 5239 1252 5297 IEtna:
1300 5245 1502 5300 vertice
1550 5259 1867 5316 erumpunt,
1912 5264 2045 5319 quas

447 5330 547 5383 sibi
592 5344 714 5383 cum
744 5329 853 5399 ipsa
906 5330 1198 5400 prmferret,
1244 5338 1429 5392 orbem
1469 5340 1709 5393 omnium
1763 5354 2047 5412 peragras-

448 5436 507 5476 se
541 5430 927 5479 terrarum.....
968 5424 1179 5481 Etenim
1230 5439 1448 5498 propter
1490 5441 1571 5486 est
1614 5422 1863 5502 Spelunca
1898 5450 2044 5503 qua:-

449 5512 568 5566 dani
635 5530 890 5571 conversa
950 5516 1015 5572 ad
1074 5517 1395 5589 Aquilonem
1462 5521 1663 5577 infinita
1724 5524 2042 5593 altitudine,

449 5619 549 5673 qua
606 5604 774 5660 Ditem
825 5619 1050 5677 patrem,
1115 5630 1135 5662 ι
1172 5612 1272 5665 hoc
1313 5620 1396 5665 est
1421 5612 1741 5681 -Plnto:iem,
1796 5634 1815 5667 α
1869 5615 2047 5672 ferunt

450 5705 673 5767 repente
715 5713 856 5771 ‘cum
907 5715 1068 5756 curru
1117 5703 1386 5767 extitisse,
1447 5705 1831 5777 abreptamque
1864 5723 1954 5779 ex.
1981 5724 2046 5765 co

451 5791 569 5847 loco
604 5794 865 5864 virginem
890 5809 1071 5850 secum
1104 5805 1434 5865 asportasse.
1478 5807 1532 5853 et
1552 5800 1730 5853 subito
1752 5814 1858 5855 non
1886 5802 2045 5870 longe

451 5898 479 5937 a
526 5883 804 5956 Syracusis
864 5899 1175 5958 penetrasse
1215 5888 1314 5943 sub
1357 5890 1868 5962 terras,lacumque
1896 5889 1949 5948 in
1981 5909 2047 5951 eo

2152 4757 2276 4813 alibi
2306 4758 2532 4827 egimus,
2564 4756 2869 4827 pluresque,
2899 4770 3036 4826 quos
3064 4756 3206 4810 adire
3229 4762 3279 4808 et
3302 4750 3587 4820 legeropolerﬁ.

2151 4850 2435 4906 citavimus
2460 4849 2772 4918 scriptores,
2802 4849 2890 4918 qui
2936 4847 3005 4902 de
3031 4847 3136 4901 illis
3163 4847 3275 4901 data
3300 4853 3423 4911 opera
3440 4834 3589 4912 dispuu'

2152 4954 2343 4999 verunt
2370 4943 2638 5014 (Lactant.
2668 4943 2761 4997 lib.
2797 4960 2834 4998 ι.
2867 4942 2970 4996 div.
3002 4942 3157 5006 lnst.,
3187 4954 3292 5010 cap.
3318 4937 3391 4999 91,
3413 4945 3496 5002 pag.
3516 4921 3585 5014 lli.

2151 5047 2280 5092 tom.
2336 5010 2391 5091 ι.’
2419 5036 2669 5106 Αρραναι.
2713 5035 2806 5089 lib.
2847 5050 2927 5089 ιιι.
2967 5035 3169 5090 dissert.
3204 5034 3251 5098 ι,
3288 5042 3385 5099 cap.
3414 5023 3454 5087 9,
3474 5010 3585 5076 uti,

2150 5147 2271 5202 pag.
2304 5130 2444 5196 758;
2480 5138 2535 5186 et
2560 5128 2682 5184 Not.
2727 5127 2780 5182 in
2808 5126 2902 5182 lib.
2930 5143 2945 5181 I
2976 5127 3219 5183 Ambros.
3259 5124 3313 5178 de
3365 5114 3583 5186 Virgine?!

2146 5221 2404 5295 4.§l6).
3471 5314 3480 5317 _
3549 5307 3556 5317 ἱ

2220 5334 2401 5405 Pergit
2447 5334 2647 5388 Auctor
2699 5341 2926 5387 noster:
2965 5350 2985 5382 (
3025 5330 3093 5386 Et
3140 5342 3249 5400 qu:e
3289 5321 3431 5412 Iovis,
3469 5314 3579 5412 initia!j

2147 5444 2299 5485 sacra
2328 5402 2492 5484 sunt?
2547 5426 2735 5482 Nutrix
2762 5424 2964 5494 capella
2993 5432 3095 5490 eSt,
3135 5429 3186 5477 et
3213 5416 3347 5474 avido
3369 5402 3580 5467 subtrahilur

2148 5521 2342 5587 infans,
2399 5535 2467 5575 ne
2494 5530 2732 5586 voretur,
2761 5528 2816 5573 et
2843 5517 3198 5587 Curybantum
3224 5504 3449 5582 cymbalis,
3469 5503 3578 5559 ne?"

2151 5624 2232 5669 ter
2257 5613 2437 5668 audiat
2463 5612 2692 5683 vagitus,
2724 5608 2944 5664 tinnitus
2970 5606 3200 5661 eliditur.
3236 5620 3252 5653 ι
3294 5595 3379 5652 Sed
3400 5591 3494 5652 11:130.
3512 5588 3577 5683 illi?

2147 5709 2216 5765 de
2260 5708 2400 5764 Jove
2441 5721 2506 5762 ae
2536 5681 2784 5761 ethnicis
2825 5700 3255 5774 praedicabantur,
3298 5689 3490 5753 lenisti“

2147 5760 2358 5866 diebus,
2378 5760 2636 5854 iamnobis
2683 5760 2928 5866 supeiins
2956 5791 3170 5866 (Supra
3196 5799 3297 5856 099-
3339 5778 3403 5843 ut
3428 5760 3574 5868 πίλῳ

2149 5901 2309 5962 atque
2353 5893 2575 5964 insuper
2602 5908 2631 5948 a
2682 5907 2806 5948 mox
2841 5888 3052 5945 laudato
3087 5881 3259 5942 Ovidio
3292 5872 3393 5932 satis
3414 5860 3574 5933 exim"
