3730 6270
166 416 244 473 057
1468 407 1693 466 DISSEll

1885 409 1940 465 Ο.
2107 408 2156 418 ’”

3295 410 3399 467 658

158 544 252 591 sunt
295 528 463 603 (Ovid.
510 526 601 584 lib.
661 542 693 581 v
741 524 975 595 Fastor.,
1032 541 1153 600 pag.
1212 526 1316 583 6l7
1371 534 1424 582 et
1467 541 1617 598 seqq.
1646 526 1688 597 ).
1716 527 1770 588 Λ
1796 535 1919 582 sunt
1939 539 2074 599 quos
2102 526 2261 583 hodie
2283 526 2470 603 Romae
2496 524 2646 581 Matri
2671 539 2777 581 non
2806 523 3169 593 deorum,sed
3189 526 3395 583 daemo-

160 625 454 696 Quamobrem
481 621 532 676 id
583 627 790 675 tantum
818 620 1224 675 observavimus
1254 619 1370 675 hzec
1400 635 1504 674 non
1534 618 1694 673 modo

162 715 288 781 lovis,
309 714 392 771 sed
418 714 530 784 ejus
557 713 720 768 etiam
763 713 950 768 matris
981 711 1147 769 Rhea:
1170 727 1323 768 sacra
1356 712 1540 778 fuisse,
1573 725 1693 779 quae

164 812 215 867 ab
235 810 393 867 eodem
432 806 618 863 Ovidio
648 815 701 860 et
742 804 1043 869 Lactantio,
1079 805 1153 860 uti
1201 819 1300 859 suo
1337 805 1455 860 loco
1483 803 1692 857 videbi-

168 920 281 972 mus,
316 900 562 973 perspicue
581 895 1163 969 describuntur(ldem
1215 897 1306 951 lib.
1352 912 1403 949 tv
1460 893 1688 960 Fastor.,

174 1013 271 1068 pag.
292 996 379 1051 172
402 1003 449 1047 et
470 1006 570 1059 seq.
624 989 805 1055 Lact.,
836 989 949 1043 lib.t
981 1004 1101 1059 cap.
1134 989 1225 1052 2i,
1252 1004 1369 1059 pag.
1395 987 1544 1057 125).

231 1089 297 1144 Ad
322 1086 620 1155 Dindymenae
645 1082 863 1135 tandem
903 1080 1143 1152 Cybeles
1169 1095 1319 1135 sacra
1352 1081 1496 1133 venit
1525 1078 1695 1132 Minn-

173 1180 295 1234 cius:
320 1175 407 1231 Sed
444 1189 461 1225 ι
508 1171 692 1239 pudet,
725 1172 916 1241 inqttit,
947 1171 1149 1226 dicere.
1196 1171 1507 1225 Adulterum
1536 1184 1692 1223 suum

166 1269 394 1324 infeliciter
435 1264 709 1334 placitum,
738 1263 993 1332 quoniam
1035 1273 1092 1317 et
1146 1262 1259 1332 ipsa
1290 1261 1549 1316 deformis
1597 1275 1688 1316 ve-

162 1363 241 1415 tula
264 1373 307 1417 ct
333 1360 607 1415 multorum
635 1358 860 1413 deorum
889 1365 1058 1411 mater
1088 1399 1103 1422 ,
1127 1355 1193 1411 ad
1221 1367 1462 1425 stuprum
1491 1354 1694 1409 illicere

156 1467 237 1508 non
262 1462 467 1527 poterat,
515 1453 809 1515 exsccavit,
852 1460 909 1505 nt
951 1452 1108 1506 deum
1139 1450 1340 1505 scilicet
1372 1448 1569 1504 faceret
1594 1464 1691 1504 en-

151 1548 361 1601 nnchum.
411 1545 634 1614 Propter
684 1545 822 1598 hanc
852 1542 1082 1598 fabulam
1135 1543 1259 1613 galli
1289 1558 1408 1598 eam
1448 1552 1499 1596 et
1530 1541 1695 1596 semi-

147 1634 227 1690 viri
252 1637 327 1692 sui
348 1636 585 1706 corporis
611 1634 875 1705 supplicio
912 1633 1116 1687 colunt.
1157 1653 1177 1685 ι
1226 1633 1483 1699 Quamvis
1513 1643 1693 1686 autem

140 1718 270 1796 hanc,
297 1739 348 1783 ut
374 1738 518 1783 recte
545 1735 734 1782 auctor
759 1735 943 1780 noster
980 1726 1072 1792 ait,
1122 1724 1355 1779 fabulam
1384 1723 1543 1778 aliter
1567 1723 1693 1776 Dio-

141 1816 268 1877 dorus
303 1820 532 1883 Siculus,
561 1818 888 1883 Pausanias,
942 1817 1186 1885 Servius,
1228 1817 1385 1871 aliter
1411 1832 1537 1870 vero
1561 1814 1691 1869 Ovi-

1798 618 2005 672 niorum
2057 600 2376 685 servientes,
2419 618 2591 690 gallos
2634 627 2847 683 vocant,
2898 632 2965 673 eo
3009 617 3152 688 quod
3198 619 3265 674 de
3300 620 3398 676 hac

1795 720 1955 782 gente
2006 711 2233 767 Romani
2270 722 2544 768 truncatos
2584 713 2824 779 libidine,
2873 714 2924 767 in
2949 712 3210 768 honorem
3241 713 3396 784 Atys,

1795 818 1953 873 quem
2004 801 2320 858 Eunuchum
2365 805 2464 858 dea
2515 805 2771 860 meretrix
2824 802 3046 867 fecerat,
3094 804 3402 859 sacerdotes

1798 896 1941 951 illius
1971 897 2344 967 manciparint.
2408 897 2703 967 Propterea
2747 908 2926 953 autem
2956 897 3234 954 Gallorum
3272 912 3402 968 gen-

1796 991 1861 1047 tis
1892 991 2133 1047 homines
2174 992 2586 1066 effeminan‘tur;
2624 993 2794 1063 utqui
2829 993 3013 1048 urbem
3050 993 3278 1047 Romam
3316 1007 3400 1048 ce-

1798 1094 2006 1152 perant,
2040 1085 2139 1139 hac
2161 1084 2417 1141 feriantur
2441 1085 2731 1157 ignominia
2775 1085 3154 1159 (llieronym.,
3187 1087 3240 1141 in
3274 1100 3397 1156 cap.

1794 1191 1847 1229 tv
1877 1175 2043 1243 Osea',
2064 1192 2117 1231 v.
2137 1176 2215 1246 2).

1870 1268 1974 1324 Sed
2004 1269 2073 1323 ab
2096 1269 2212 1323 aliis
2243 1269 2336 1325 ille
2383 1270 2621 1340 arguitur
2645 1270 2785 1340 quod
2812 1269 2910 1324 hos
2937 1277 3198 1325 castratos
3220 1268 3403 1325 Matris

1796 1358 1954 1415 deum
2002 1374 2100 1415 seu
2144 1361 2378 1431 Cybeles
2410 1360 2745 1427 sacerdotes,
2778 1360 2992 1416 natione
3022 1359 3205 1416 Gallos
3233 1359 3397 1416 fuisse

1798 1452 2081 1520 putaverit.
2147 1451 2288 1507 Vero
2315 1452 2512 1507 etenim
2569 1452 2796 1507 similius
2834 1452 3153 1522 quibusdam
3191 1453 3399 1508 videtur

1794 1541 2060 1613 gallorum
2091 1558 2287 1598 nomen
2314 1544 2420 1598 illis
2443 1542 2750 1612 impositum
2781 1560 2808 1595 a
2842 1545 2956 1597 viro
2978 1544 3193 1598 nomine
3220 1542 3399 1604 Gallo.

1795 1635 1905 1705 qui.
1940 1646 1995 1689 ιιι
2019 1635 2091 1689 ait
2107 1634 2428 1704 Stephanus,
2472 1634 2568 1689 fuit
2595 1634 2797 1705 primus
2815 1633 3036 1690 forsitan
3063 1636 3296 1707 Cybeles
3315 1652 3401 1691 san

1795 1728 2003 1783 cerdos.
2034 1726 2132 1782 Alii
2158 1727 2236 1781 sic
2263 1736 2595 1799 nuncupatos
2627 1736 2811 1797 putant
2858 1742 2888 1801 a
2932 1726 3084 1781 Gallo
3104 1767 3119 1792 ,
3151 1727 3397 1799 Phrygia:

1796 1819 1977 1885 fluvio,
2007 1820 2096 1890 qui
2126 1834 2190 1875 ex
2222 1817 2430 1874 Celenis
2475 1820 2744 1873 montibus
2773 1820 2822 1873 in
2854 1818 3170 1890 Sangarium
3198 1819 3392 1874 inlinit.

146 1916 226 1970 dius
250 1925 404 1985 atque
452 1912 747 1979 Arnobius,
793 1922 848 1966 ut
887 1911 1025 1967 infra
1064 1910 1433 1975 ostendemus,
1469 1924 1689 1965 enarra-
1722 1913 1769 1973 Β
1798 1902 2011 1966 Ethzec
2037 1919 2119 1965 est
2158 1928 2261 1964 non
2303 1911 2462 1964 modo
2511 1909 2797 1965 Herodiani
2839 1910 3175 1980 (llerodian.,
3226 1910 3312 1962 lib.
3346 1926 3398 1977 t,

138 2010 292 2073 verint,
322 2022 421 2062 nec
444 2006 681 2061 Luciano
710 2013 983 2075 tamquam
1009 2004 1232 2058 omnino
1263 2017 1387 2057 vera
1422 2001 1690 2067 videatur,

127 2101 176 2154 ab
193 2101 293 2155 isto
322 2110 497 2155 tamen
522 2098 685 2163 hunc,
716 2113 875 2168 quem
905 2097 1335 2151 verisitniliorem
1366 2104 1568 2159 censet,
1599 2109 1695 2148 ex-

120 2194 311 2263 ponitur
352 2192 405 2247 in
462 2192 725 2246 modum:
761 2209 781 2243 ι
826 2192 979 2244 Attes
1019 2204 1216 2260 genere
1246 2190 1461 2260 quidem
1512 2187 1691 2259 Lydus

114 2287 207 2353 fuit,
236 2286 456 2359 primus
480 2295 657 2339 autem
697 2298 971 2338 sacrorum
1005 2283 1160 2349 ritus,
1208 2284 1399 2350 quibus
1428 2281 1575 2336 Rhea
1601 2295 1695 2336 co-

105 2380 333 2445 leretur,
395 2376 617 2432 tradidit
651 2393 666 2430 :
698 2392 763 2431 ac
801 2376 995 2445 quibus
1048 2374 1305 2446 Phryges,
1339 2385 1393 2429 et
1430 2373 1582 2445 Lydi,
1640 2381 1696 2428 et

97 2471 482 2528 Samothraces
511 2470 563 2523 in
595 2469 765 2523 sacris
792 2476 1034 2533 utuntur,
1077 2482 1137 2522 ea
1164 2467 1342 2521 omnia
1365 2466 1433 2519 ab
1464 2464 1588 2519 Atte
1609 2477 1698 2518 ac-

93 2574 381 2634 ceperunt.
436 2563 732 2634 Postquam
762 2562 906 2616 enim
932 2562 1104 2631 ipsum
1133 2560 1387 2615 castravit
1418 2559 1588 2625 Rhea,
1616 2556 1699 2611 vi-

90 2669 188 2711 tam
243 2655 473 2728 quidem
516 2656 724 2709 virilem
783 2668 945 2724 agerc
989 2652 1183 2719 desiit,
1243 2651 1468 2706 formam
1520 2658 1699 2703 autem

86 2750 386 2805 femineam
462 2749 786 2818 assumpsit,
856 2755 1165 2816 vestemque
1239 2745 1556 2799 muliebrem
1623 2744 1702 2797 in-

80 2844 272 2897 duit...
314 2842 538 2897 Dicebat
564 2851 742 2895 autem
767 2850 820 2894 et
848 2840 913 2893 de
938 2841 1111 2910 gallis,
1137 2840 1225 2906 qni
1257 2840 1310 2892 in
1332 2837 1528 2906 templo
1554 2844 1700 2904 sunt,

78 2933 228 3006 quod
254 2934 392 3006 galli
432 2932 869 3003 Junoniquidem
905 2930 1338 3001 haudquaquam,
1387 2927 1554 2983 Rhea:
1607 2943 1705 2981 au-

81 3038 189 3080 tem
214 3025 460 3080 castrari
481 3024 709 3087 soleant,
733 3032 787 3077 et
808 3023 988 3078 Attem
1010 3021 1306 3075 imitentur.
1338 3038 1357 3071 ›
1390 3018 1525 3074 Τιιιιι
1555 3019 1704 3073 dein-

82 3119 149 3173 de
173 3118 281 3173 ille
316 3118 571 3173 edisserit
600 3115 869 3187 quomodo
901 3115 1092 3169 fierent
1117 3114 1260 3184 galli,
1301 3127 1365 3168 ac
1405 3113 1578 3168 virilia
1626 3112 1704 3167 eis

86 3221 512 3280 amputarentur
564 3206 847 3278 (Diodor.,
898 3206 989 3261 lib.
1023 3222 1075 3259 Ill
1121 3204 1364 3259 Bibliotlt.
1421 3219 1538 3274 pag.
1576 3203 1700 3267 r54;

90 3301 337 3355 Pausan.
371 3300 465 3355 lib.
504 3314 575 3352 vn
609 3299 845 3352 Arcadic.
897 3312 1013 3367 pag.
1043 3296 1171 3355 225;
1217 3299 1393 3359 Scrv.,
1429 3296 1480 3349 in
1531 3296 1621 3350 lib.
1652 3310 1704 3349 ix
1730 3298 1775 3361 C

100 3392 328 3447 Aineid.
355 3391 506 3461 Virg.
533 3390 728 3453 v.155;
761 3388 939 3458 Ovid.,
973 3389 1062 3443 lib.
1099 3404 1147 3442 tv
1166 3386 1309 3441 Fast.
1348 3386 1444 3459 §5;
1473 3386 1700 3453 Arnob.,

100 3487 195 3541 lib.
224 3488 351 3540 adu.
376 3485 526 3539 (ient.
558 3501 677 3555 pag.
726 3484 825 3539 157
853 3494 907 3537 et
936 3499 1076 3553 scq.;
1112 3484 1334 3536 Dissert.
1383 3482 1435 3533 in
1483 3478 1700 3545 Arnob.,

105 3595 225 3649 cap.
271 3580 367 3645 26,
417 3589 519 3633 art.
550 3580 601 3643 1;
648 3577 868 3632 Lucian.
904 3579 966 3630 de
1013 3575 1121 3630 Dea
1148 3574 1272 3646 Syr.
1309 3590 1427 3646 pag.
1480 3574 1613 3629 1501
1642 3580 1706 3649 et.

108 3645 261 3741 seqq.
292 3671 427 3727 Ibid.
460 3686 581 3742 pag.
619 3670 803 3743 1075).
854 3672 929 3725 Ex
960 3669 1043 3724 his
1069 3645 1246 3723 autem
1278 3645 1398 3739 qusi
1425 3645 1707 3722 audistiq'a

110 3766 185 3818 ab
212 3782 275 3820 eo
305 3765 425 3821 alibi
456 3767 630 3821 adhuc
659 3766 851 3819 tradita
896 3773 1037 3829 sunt,
1074 3763 1287 3817 Minucii
1318 3761 1487 3817 nostri
1520 3775 1706 3815 narra-

115 3858 195 3910 tio
215 3859 366 3927 plane
385 3860 734 3913 conlirmatur
762 3870 923 3928 atque
946 3858 1264 3912 illustratur.

194 3952 449 4010 Przeterea
504 3963 562 4009 ut
614 3954 981 4019 Lactantium,
1032 3951 1410 4014 Prudentium,
1462 3934 1705 4019 aliosque

115 4061 276 4115 quant
304 4048 553 4117 plurimos
576 4048 870 4112 mittamus,
898 4044 1222 4114 Augustinus
1245 4043 1331 4113 qtti
1361 4041 1473 4095 lucc
1505 4051 1705 4112 myste-

117 4138 205 4191 ria
223 4138 552 4210 Carthagine,
588 4157 608 4189 ι
643 4138 885 4208 usquein
912 4136 1244 4199 hesternum,
1267 4134 1459 4204 inquit,
1482 4133 1646 4198 diem,
1680 4150 1699 4184 ι

120 4226 187 4282 id
214 4240 307 4297 est,
336 4231 399 4286 ad
427 4246 584 4286 suum
616 4245 786 4299 usque
811 4238 1020 4298 tempus
1065 4227 1332 4285 celebrata
1360 4224 1529 4279 fuisse
1556 4222 1706 4278 testi-

122 4323 331 4391 ﬁcatur,
363 4325 424 4381 de
461 4327 526 4380 iis
565 4325 755 4380 eadem
798 4337 1006 4389 rursus,
1055 4331 1213 4392 atque
1258 4320 1488 4390 ipsemet
1518 4325 1707 4371 auctor

132 4424 336 4483 noster,
370 4417 545 4472 litteris
590 4413 861 4471 mandavit
891 4430 905 4466 :
944 4432 961 4462 ι
990 4411 1150 4468 Sacra
1175 4418 1323 4476 sunt,
1370 4409 1466 4475 ait,
1525 4406 1708 4461 Matris

132 4502 311 4571 deum,
342 4510 419 4564 ubi
444 4511 576 4581 Atys
608 4508 830 4579 pulcher
866 4506 1203 4570 adolescens,
1256 4504 1323 4558 ab
1352 4519 1413 4558 ea
1451 4502 1704 4567 dilectus,

120 4607 195 4651 et
219 4599 440 4656 muliebri
462 4601 583 4656 zelo
613 4600 905 4663 abscissus,
937 4599 1097 4653 etiam
1135 4596 1411 4652 hominum
1441 4596 1709 4653 abscisso.

121 4706 277 4757 rum,
321 4709 449 4764 quos
501 4694 674 4766 gallos
724 4700 936 4757 vocant,
984 4689 1296 4745 infelicitate
1340 4689 1656 4760 deploratur
1682 4709 1701 4744 ι
1731 4687 1786 4748 D

124 4781 404 4854 (uetant.,
458 4786 554 4841 lib.
608 4802 646 4852 t,
700 4799 820 4854 cap.
864 4782 955 4847 2|;
1000 4781 1255 4837 Prudent.
1310 4780 1495 4853 hymn.
1546 4783 1602 4836 in
1647 4781 1710 4838 S.

118 4874 338 4934 Roman.
368 4878 469 4934 sub
496 4876 617 4943 lin.;
644 4878 868 4947 August.
914 4875 1007 4931 lib.
1045 4891 1093 4928 Vl
1122 4874 1184 4927 de
1208 4873 1436 4940 Civitat.,
1470 4889 1587 4944 cap.
1618 4873 1713 4941 26,

117 4983 247 5039 pag.
294 4969 438 5043 151).
498 4969 661 5026 Addit
694 4984 855 5040 porro
911 4968 1026 5022 haec
1074 4967 1339 5022 horrenda
1362 4983 1534 5029 sacra,
1566 4968 1713 5022 omni

112 5064 328 5118 scenica
348 5065 697 5121 obscoenitate
715 5062 973 5132 turpiora,
989 5060 1055 5115 ab
1078 5059 1205 5131 ipsis
1222 5077 1433 5132 quoque
1457 5061 1715 5116 observa-

114 5165 183 5208 ta
234 5154 381 5212 fuisse
451 5156 711 5212 Romanis
762 5153 952 5227 (Ibid.
1011 5167 1131 5223 pag.
1208 5151 1367 5226 182).
1437 5151 1718 5224 Quaprop-

117 5249 503 5306 ter'l‘atianus
594 5260 753 5305 antea
786 5247 916 5303 illud
967 5246 1197 5303 ethnicis
1241 5248 1374 5301 vitio
1427 5250 1712 5301 verterat:

120 5362 147 5394 ι
211 5340 364 5411 Rhea,
405 5344 703 5416 inquiebat,
761 5358 919 5413 quam
970 5342 1021 5396 in
1061 5340 1281 5413 Phrygii
1314 5339 1586 5394 montibus
1611 5338 1717 5411 Cy-

112 5432 297 5491 belem
340 5446 555 5502 vocant,
587 5450 878 5508 puerorum
910 5433 1279 5488 exsectionem
1309 5441 1530 5502 propter
1556 5429 1716 5500 Atym

106 5536 351 5582 amatum
369 5528 417 5582 ei
446 5541 694 5597 puerum,
718 5525 1019 5579 instituisse
1036 5525 1218 5578 ferunt
1248 5541 1265 5573 ι
1298 5520 1556 5594 (Tatian.,
1581 5530 1715 5575 arat.

98 5626 259 5673 tam.
300 5618 489 5680 (inea,
535 5632 659 5688 pag.
711 5616 812 5673 147
846 5615 884 5686 ).
913 5614 1020 5673 Nec
1069 5616 1246 5669 minus
1287 5612 1508 5677 diserte,
1553 5613 1718 5668 immo

81 5714 152 5759 ει
194 5712 368 5783 magis
398 5710 638 5765 dilucide
691 5708 1048 5779 Hieronymus
1095 5707 1161 5760 de
1212 5705 1423 5770 iisdem,
1455 5720 1519 5758 ac
1548 5704 1720 5759 Minu-

66 5796 261 5873 (βίης,
293 5803 552 5858 Romanis
582 5802 699 5857 haec
736 5802 1044 5871 turpissima
1081 5798 1309 5869 Cybeles
1338 5798 1592 5869 mysteria
1620 5813 1718 5853 suo

89 5885 304 5947 adhuc
341 5907 589 5964 tempore
634 5892 1054 5961 celebrantibus,
1114 5894 1191 5949 sic
1232 5891 1467 5961 loquitur
1506 5906 1518 5942 :
1568 5908 1585 5941 ι
1651 5888 1718 5945 Hi

1802 2021 1920 2077 pag.
1954 2005 2060 2060 476
2089 2002 2127 2075 ),
2169 2020 2352 2077 verum
2399 2004 2557 2058 etiam
2602 2002 2772 2070 Ovidii
2812 2004 3010 2074 opinio,
3057 2018 3219 2074 quant
3252 2000 3399 2058 hisce

1799 2086 2041 2152 versibus
2056 2076 2316 2168 exprimit
2348 2113 2362 2148 :

1955 2208 2051 2272 Cur
2075 2209 2225 2272 igitur
2248 2206 2440 2272 gallos,
2447 2207 2532 2272 qui
2555 2218 2613 2272 se
2638 2205 3151 2272 excidet-evocatum,

2017 2262 2135 2321 Cum
2154 2262 2339 2319 tantum
2362 2283 2388 2317 a
2410 2262 2621 2332 Phrygia
2646 2266 2827 2332 Gallica
2851 2267 3004 2332 distet
3026 2262 3242 2332 humus?

1957 2331 2112 2389 Inter,
2138 2333 2221 2391 ait,
2251 2331 2454 2380 viridem
2475 2326 2688 2393 Cybelen
2708 2329 2929 2393 altasque
2954 2326 3184 2386 Cele'nas,

2017 2394 2190 2445 Amnis
2215 2395 2262 2442 in
2289 2395 2475 2452 insana,
2498 2391 2699 2441 nomine
2728 2391 2916 2453 Callus,
2942 2403 3088 2453 aqua.

1959 2455 2177 2515 Quilibet
2194 2456 2307 2505 inde
2326 2454 2460 2510 furit.
2486 2452 2653 2518 procul
2673 2454 2792 2518 hinc
2810 2452 3048 2518 discedite
3065 2452 3212 2518 queis
3236 2456 3332 2512 est,

2020 2518 2145 2569 Cura
2177 2519 2320 2568 boote
2335 2512 2544 2566 mentis:
2571 2517 2654 2578 qui
2672 2516 2797 2564 bibit
2818 2515 2957 2576 inde,
2982 2512 3117 2562 furii.

2486 2596 2668 2662 (Ovid:,
2694 2598 2729 2647 l.
2749 2611 2795 2645 tv
2822 2594 2980 2655 Fusa,
3004 2595 3031 2658 ξ
3051 2594 3124 2657 5.)

1805 2704 2269 2760 ΡΙιιιιιίιιίειιιιιθιη
2301 2702 2441 2758 illius
2471 2702 2711 2757 meminit
2738 2699 2942 2763 Plinius
2972 2739 2987 2766 ,
3019 2713 3175 2770 quem
3208 2692 3393 2752 videre

1807 2799 2005 2869 poteris
2035 2839 2051 2863 ,
2080 2780 2527 2871 quemadmodum
2565 2801 2619 2869 et
2647 2790 2892 2847 Vossimn
2917 2833 2932 2856 ,
2982 2805 3046 2845 ac
3083 2790 3276 2843 Lilium
3305 2787 3401 2843 Gi-

1804 2890 2013 2946 raldum
2058 2889 2124 2944 dc
2165 2889 2250 2942 illa
2290 2887 2519 2959 Cybeles
2578 2895 2631 2939 et
2684 2887 2815 2955 Atys
2861 2882 3071 2949 fabula,
3101 2880 3171 2935 de
3215 2893 3401 2933 eorum

1806 2982 2076 3054 mysteriis
2103 3021 2118 3046 ,
2165 2980 2378 3050 illisque
2421 2977 2573 3049 gallis
2618 2976 2974 3046 disputantes.
3055 2973 3130 3029 De
3173 2972 3256 3027 his
3304 2985 3401 3026 nos

1806 3089 2038 3144 quoque,
2070 3087 2134 3127 ac
2165 3071 2500 3143 potissimum
2525 3070 2592 3124 de
2615 3068 2826 3123 illorum
2859 3066 3238 3138 mysteriorum
3269 3079 3399 3117 anc-

1809 3175 1924 3221 tore
1978 3167 2103 3221 alibi
2149 3166 2540 3234 disputavimus
2584 3160 2753 3234 (Plin.
2788 3160 2875 3213 lib.
2922 3175 3049 3213 XXXI
3099 3158 3237 3212 Hist.
3269 3155 3398 3209 Nat.

1809 3273 1925 3326 cap.
1956 3256 2011 3317 2,
2032 3273 2149 3326 pag.
2181 3257 2305 3317 779;
2342 3254 2496 3309 Voss.
2531 3253 2568 3318 ι.
2601 3270 2616 3308 ι
2648 3254 2709 3306 de
2734 3251 2879 3323 Orig.
2909 3263 2954 3305 et
2988 3252 3171 3321 Progr.
3208 3247 3402 3302 Idolol.

1808 3363 1927 3418 cap.
1948 3348 2041 3407 20.
2083 3363 2202 3418 pag.
2238 3347 2306 3401 78
2353 3357 2408 3403 et
2454 3360 2630 3417 seqq;
2666 3344 2869 3400 Girald.
2902 3354 3105 3414 syntttg.
3160 3357 3213 3395 tv
3267 3340 3398 3393 llist.

1809 3441 1976 3504 deam;
2008 3440 2159 3513 Tum.
2194 3441 2218 3494 1
2250 3442 2496 3510 Apparet.
2554 3440 2644 3499 lib.
2690 3454 2768 3507 ιιι.
2806 3436 3022 3493 dissert.
3072 3452 3106 3491 ιι
3137 3477 3151 3502 ,
3194 3450 3313 3505 cap.
3347 3434 3402 3499 9,

1808 3544 1905 3586 art.
1937 3532 1992 3595 2,
2028 3547 2147 3603 pag.
2179 3532 2282 3586 758
2309 3543 2360 3584 et
2390 3546 2519 3602 seqq
2548 3529 2590 3603 ).

1878 3625 2139 3689 Cancrum
2183 3625 2394 3683 tametsi
2435 3626 2661 3688 eadem,
2718 3624 2792 3679 uti
2833 3625 2942 3692 jam
2978 3622 3353 3677 annotavimns
3387 3661 3403 3685 ,

1807 3709 2077 3766 diceretur
2106 3712 2205 3768 lsis
2232 3750 2248 3775 ,
2282 3710 2446 3765 Ceres
2472 3752 2487 3776 ,
2517 3708 2722 3780 Cybele
2751 3751 2766 3775 ,
2798 3709 2946 3765 Rhea
2980 3750 2994 3773 ,
3028 3708 3362 3778 Dindymene
3390 3745 3407 3771 ,

1807 3819 1872 3869 ac
1914 3804 2142 3867 Deorum
2173 3814 2343 3859 mater
2376 3845 2391 3871 ,
2420 3802 2645 3875 aliisque
2668 3800 2845 3861 adhuc
2869 3840 2882 3864 ,
2918 3808 2976 3853 ut
3005 3799 3321 3854 Plutarchus
3352 3806 3406 3850 et

1810 3896 2002 3951 Strabo
2029 3895 2355 3962 observant,
2405 3895 2711 3951 nominibus
2753 3891 3115 3963 appellaretur
3144 3905 3158 3953 ;
3192 3897 3405 3965 constat

1808 3990 2154 4045 nihilominus
2193 3990 2403 4044 diversa
2450 3990 2613 4043 fuisse
2667 4002 2818 4041 sacra
2846 3984 3079 4048 etl'esta,
3123 3997 3244 4055 qum
3274 3974 3404 4049 age-

1809 4080 2004 4137 bantur
2031 4083 2085 4135 in
2110 4083 2324 4138 Cereris
2353 4080 2730 4153 Proserpinam
2753 4076 3067 4147 quaerentis,
3092 4087 3157 4128 ac
3181 4070 3410 4143 Cybeles

1809 4174 1968 4228 simul
1995 4182 2049 4228 et
2075 4171 2265 4244 Atydis
2292 4170 2611 4226 memoriam
2640 4167 2941 4237 (Plutarch.
2974 4166 3027 4218 in
3066 4161 3180 4216 Vita
3207 4159 3404 4215 Cwsar.

1808 4279 1930 4337 pag.
1959 4266 2082 4320 111.
2115 4263 2294 4320 Strab.
2327 4262 2420 4317 lib.
2455 4276 2507 4314 χ.
2535 4257 2721 4328 Geogr.
2754 4272 2874 4327 pag.
2909 4254 3009 4310 169
3035 4253 3080 4324 ).
3127 4252 3235 4307 Sed
3260 4265 3410 4321 qua:-

1810 4372 2039 4426 cumque
2076 4371 2140 4411 ea
2185 4354 2331 4418 sint,
2375 4351 2778 4409 evidentissime
2817 4347 3189 4402 demonstrant
3215 4343 3406 4399 falsam

1813 4448 2025 4503 illorum
2054 4445 2386 4500 divinitatem
2417 4484 2433 4511 ,
2485 4451 2644 4514 atque
2674 4439 2955 4512 gentilium
2991 4453 3084 4494 eos
3107 4436 3405 4492 colentium

1811 4544 2203 4617 deplorandam
2228 4538 2523 4595 ca'citatem
2549 4546 2601 4590 et
2635 4533 2947 4591 amentiam.

2414 4689 2706 4731 ARTICULUS
2743 4688 2821 4728 Ill.

1821 4820 1897 4875 De
1942 4818 2059 4873 aliis
2097 4813 2462 4887 superstitiosis
2514 4822 2561 4868 et
2600 4810 2836 4866 absurdis
2889 4808 3168 4864 Gentilium
3206 4805 3408 4872 ritibus,

1889 4910 2070 4982 quibus
2116 4908 2289 4979 plures
2323 4906 2570 4978 sanguine
2612 4920 2705 4959 suo
2746 4902 2992 4967 libabant,
3024 4917 3083 4954 ac
3122 4895 3411 4953 uulneribus

1885 5004 2205 5073 uiriliumque
2229 5002 2481 5057 excisione
2507 4995 2883 5068 supplicabant,
2918 4996 3135 5062 deosque
3163 4988 3413 5045 ducebant

1894 5076 2097 5151 uicatim
2127 5095 2507 5155 mendicantes;
2536 5090 2599 5144 de
2630 5090 2847 5159 lupercis
2876 5087 3036 5141 cruda
3059 5085 3235 5154 hyeme
3263 5081 3413 5137 nudis

1895 5166 2316 5251 discurrentibus,
2344 5182 2512 5237 obvias
2543 5178 2919 5253 verberantibus
2942 5193 3000 5229 ac
3030 5175 3185 5245 pelles
3209 5173 3413 5228 caden-

1821 5326 1827 5347 ;
1893 5284 2062 5347 tibus;
2085 5281 2148 5335 de
2177 5279 2337 5335 Saliis
2365 5275 2586 5346 pileatis,
2620 5283 2666 5328 et
2695 5281 2837 5327 scuta
2862 5280 3027 5325 uetera
3054 5267 3415 5338 circumferen-

1895 5374 2042 5429 tibus.

1886 5510 2166 5568 Neminem
2198 5521 2317 5563 esse
2345 5513 2612 5576 putamu=,
2638 5502 2726 5573 qui
2758 5517 2825 5556 ex
2845 5499 3103 5554 hactenus
3132 5494 3415 5567 disputatis

1820 5604 1980 5660 facile
2030 5618 2139 5657 non
2181 5600 2437 5670 intelligat
2469 5597 2597 5669 quid
2647 5596 2749 5650 sibi
2799 5593 3060 5650 Minucius
3088 5590 3253 5654 velit,
3294 5603 3415 5644 eum

1821 5698 2084 5755 absurdos
2127 5695 2390 5766 planeque
2418 5689 2820 5762 superstitiosos
2858 5684 3222 5743 Romanorum
3251 5682 3416 5738 falsos

1821 5795 1950 5845 deos
1992 5786 2327 5842 adorantium
2371 5784 2504 5838 ritus
2541 5783 2834 5836 insectatur
2859 5821 2873 5845 ,
2920 5793 2983 5833 ac
3017 5774 3311 5848 quemlibet
3350 5787 3417 5827 ex

1820 5883 1927 5938 illis
1958 5879 2230 5935 hominem
2264 5875 2455 5931 merito
2497 5873 2720 5945 corripit
2760 5890 2776 5926 :
2833 5889 2851 5923 ι
2887 5870 3003 5937 Qui~
3025 5869 3284 5938 sanguine
3315 5881 3414 5920 suo
