3824 6282
407 383 519 445 659

1679 377 1767 434 DE
1806 372 2063 433 MlNUCll
2090 371 2391 430 OCTAVIO
3577 372 3653 429 (illi

423 500 595 568 libat,
629 509 684 557 et
721 498 1028 555 vulneribus
1057 497 1168 554 suis
1208 497 1471 568 supplicat
1501 534 1514 549 .
1552 537 1565 549 .
1600 534 1612 547 .
1651 533 1665 547 .
1700 534 1714 549 .
1751 536 1765 548 .
1805 502 1897 548 aut
1930 492 2014 547 cui
2044 492 2091 550 A
2126 491 2336 559 pergit,
2371 509 2389 542 (
2426 487 2639 544 vicatim
2671 487 2801 544 deos
2841 487 3043 543 ducunt
3066 529 3080 551 ,
3114 505 3132 537 ›
3169 485 3392 557 Cybeles
3419 486 3653 557 videlicet,

423 600 545 650 exta
572 599 699 646 sunt
717 590 949 657 obscena
977 587 1225 644 demessa
1259 630 1275 655 ,
1307 586 1577 658 quomodo
1606 586 1763 641 deum
1795 585 1962 640 violat
1995 624 2010 650 ,

428 683 517 751 qui
548 683 647 737 hoc
674 680 835 736 modo
866 680 1073 750 placat;
1120 695 1242 735 cum
1274 678 1319 733 si
1351 677 1626 733 eunuchos
1658 677 1798 732 Deus
1827 675 2010 740 vellet,

422 782 606 845 posset
631 787 950 843 procreare,
980 787 1087 827 non
1117 772 1343 827 facere.»
1372 771 1557 826 Nonne
1585 771 1727 824 enim
1752 770 1841 825 ille
1871 770 1941 824 ibi
1964 778 2017 825 et

419 863 489 919 de
517 862 745 935 Cybeles
766 905 781 928 ,
822 865 897 918 uti
938 866 1180 933 proxime
1207 864 1543 926 dicebamus,
1570 871 1731 930 atque
1761 862 1920 917 etiam
1950 862 2017 918 de

422 952 701 1021 Bellonae,
755 954 1203 1024 quemadmodum
1256 964 1414 1009 antea
1467 956 1627 1008 etiam
1678 953 2016 1009 animadver-

419 1047 587 1105 timus
615 1049 634 1121 (
662 1048 826 1117 Supr.
856 1064 975 1119 cap.
1006 1048 1062 1114 9,
1091 1060 1193 1104 art.
1220 1049 1256 1103 2
1280 1050 1297 1119 )
1333 1048 1533 1103 insanis
1563 1049 1749 1118 utique
1770 1050 2018 1104 sacerdo-

423 1142 566 1197 tibus
593 1142 872 1214 disputat?
923 1143 992 1199 Et
1031 1154 1178 1202 certe
1207 1142 1484 1200 Juvenalis
1527 1142 1595 1199 de
1640 1143 1879 1215 utrisque
1922 1160 2015 1201 ce-

421 1236 553 1292 cinit
583 1254 597 1290 :

1048 1389 1060 1401 .
1132 1388 1144 1400 .
1216 1390 1229 1400 .
1298 1392 1311 1404 .
1377 1352 1506 1402 Ecce
1532 1352 1744 1403 furentis

544 1410 783 1478 Ijellonge,
809 1414 1081 1478 matrisque
1106 1413 1253 1478 deum
1277 1415 1456 1465 chorus
1480 1418 1645 1471 intrat,
1672 1423 1723 1466 et
1749 1417 1929 1478 ingens

548 1472 776 1538 Semiviri
795 1472 1011 1525 obsceno
1036 1473 1186 1525 facies
1209 1478 1487 1526 reverenda
1512 1479 1709 1538 minori,

545 1535 709 1600 ltlollia
731 1538 817 1600 qui
840 1546 983 1599 rupta
1007 1539 1169 1588 secuit
1192 1540 1430 1598 genitalia
1457 1546 1584 1589 testa

548 1597 655 1665 iam
683 1597 992 1665 iri—demllcui
1028 1613 1173 1665 rauca
1196 1602 1389 1665 cohors.
1414 1604 1494 1651 cui
1520 1610 1744 1665 tympana
1767 1602 1960 1652 caedunt

544 1658 767 1721 Plebeia,
796 1667 847 1710 et.
870 1661 1085 1725 Phrygia
1107 1665 1314 1713 vestitur
1330 1664 1483 1714 bucca
1507 1658 1644 1714 tiara.

918 1743 1191 1806 (Juvenal.,
1217 1747 1414 1812 Satyr.,
1443 1761 1488 1805 v,
1516 1747 1651 1796 circa
1666 1746 1834 1809 med.)

416 1846 426 1891 ἑ
494 1844 684 1901 Nonne
730 1850 891 1902 etiam
939 1847 1312 1920 Athenagoras
1364 1850 1433 1905 de
1478 1851 1704 1918 iisdem,
1751 1851 1850 1907 etsi

419 1936 651 1992 obscure
701 1937 770 1992 de
811 1939 1064 1995 secundis
1126 1956 1286 2010 quam
1337 1943 1621 2013 perspicue
1670 1942 1738 1998 de
1784 1944 1972 2014 primis
2002 1985 2015 2009 ,

422 2026 558 2082 dixit
589 2045 601 2081 ἒ
634 2037 695 2082 Οἱ
713 2039 800 2099 μὲν
822 2036 1140 2100 ἀποτέμνουσι
1160 2041 1223 2090 τὰ
1245 2036 1429 2097 αἰδοῖα,
1464 2044 1507 2089 οἱ
1535 2039 1648 2107 περὶ
1674 2046 1760 2090 τὶν
1797 2026 2017 2093 ἰδίαν...

419 2125 479 2174 εὖ
506 2126 597 2191 γὰρ
628 2130 733 2182 τοὺς
762 2127 870 2182 ταῖς
898 2134 1201 2195 μιχαίρθις,
1253 2129 1339 2179 καὶ
1388 2131 1486 2188 τοῖς
1525 2132 1841 2198 ἀστραγάλοις
1883 2133 2017 2183 αἰκι-

418 2216 643 2279 ζομένους
674 2217 842 2273 αὖτοὺς
880 2222 1043 2285 λέγειν.
1086 2216 1220 2270 «Alii
1247 2217 1490 2287 pudenda
1532 2219 1852 2274 cxsciudunt
1881 2262 1894 2281 ,
1928 2221 2017 2290 qui

423 2302 697 2371 conjuncti
724 2313 851 2358 sunt
886 2305 1049 2361 Itheze
1078 2323 1090 2359 :
1126 2318 1180 2361 ut
1212 2307 1339 2362 nihil
1368 2308 1542 2364 dicam
1565 2309 1632 2364 de
1661 2311 1764 2366 illis
1785 2313 1873 2381 qui
1901 2313 2017 2367 cnl-

420 2392 520 2447 tris
532 2404 586 2448 et
600 2394 826 2465 ﬂagellis
840 2395 1049 2452 nudatis
1065 2399 1273 2468 seipsos
1293 2400 1679 2455 discruciant?»
1701 2403 1988 2471 (Athenag.
2002 2445 2016 2470 ,

427 2482 610 2556 Legat.
639 2502 735 2555 pro
761 2486 1065 2555 curialium,
1099 2505 1217 2560 pag.
1260 2490 1376 2563 29.)
1407 2493 1495 2559 At,
1520 2493 1656 2549 sicut
1683 2494 1771 2550 ille
1809 2495 2015 2562 soluto,

418 2573 491 2630 ita
521 2576 780 2633 Martialis
805 2581 994 2636 stricto
1032 2597 1284 2638 sermone
1314 2583 1450 2638 dixit
1480 2605 1492 2640 :

546 2667 668 2738 Alba
695 2669 853 2738 minus
875 2673 1020 2738 saevis
1041 2672 1321 2738 lacerantur
1346 2675 1542 2726 brachia
1566 2677 1752 2738 cultris,

608 2729 726 2781 Cum
748 2731 861 2782 furit
885 2733 945 2783 ad
965 2735 1202 2799 Phrygios
1222 2737 1402 2786 enthea
1421 2741 1562 2788 turba
1582 2729 1767 2792 modos.

922 2821 1174 2885 (Martial.,
1193 2822 1228 2872 l.
1252 2839 1303 2882 ιι,
1322 2822 1646 2890 Epigramm,
1663 2825 1767 2891 85.)

424 2917 501 2975 De
531 2918 715 2979 Matris
740 2938 869 2978 vero
898 2923 1058 2980 deum
1090 2928 1276 2998 mystis
1308 2928 1512 2984 Seneca
1551 2947 1562 2984 :

732 3015 924 3083 ἔοργε-ἰ
950 3017 1126 3083 molles
1148 3021 1332 3070 imitata
1349 3021 1496 3083 viros,

731 3077 879 3145 'l‘risti
906 3079 1096 3145 laceret
1116 3082 1310 3135 brachia
1335 3077 1518 3145 tecum,

734 3140 855 3204 Quae
878 3143 1072 3191 turrita:
1097 3146 1239 3193 turba
1271 3145 1460 3204 parenti

723 3200 937 3265 Eectore
955 3218 1104 3254 rauco
1125 3200 1331 3265 concita,
1361 3208 1545 3257 buxum

724 3263 883 3325 Ferit,
908 3274 963 3315 ut
982 3266 1248 3329 Phrygium
1271 3263 1439 3331 lugeat
1463 3271 1624 3334 Atym.

979 3348 1208 3410 (Senec.,
1254 3353 1527 3418 Agamem,
1549 3360 1665 3416 act.,
1685 3356 1753 3416 ut,
1778 3368 1914 3407 scen.
1938 3358 2015 3421 2.)

417 3446 669 3505 Concinit
694 3450 902 3521 utrique
929 3452 1203 3509 Iuvenalis
1228 3457 1436 3513 duobus
1465 3456 1546 3513 his
1573 3459 1901 3516 carminibus
1923 3476 1942 3515 :

480 3561 603 3639 Quid
621 3568 787 3614 tamen
807 3550 1117 3639 exspectant,
1142 3570 1359 3639 Phrygio
1381 3586 1506 3637 quos
1528 3580 1724 3638 tempus
1747 3584 1855 3627 erat
1873 3578 1972 3639 jam

487 3624 624 3675 More
649 3624 1002 3689 supervacuam
1024 3624 1197 3682 cultris
1219 3624 1517 3698 abrumpere
1543 3624 1771 3687 carnem?

920 3714 1193 3777 (Juvenal.,
1221 3719 1410 3782 Satyr.,
1449 3736 1497 3778 ιι,
1525 3722 1643 3771 circ.
1664 3720 1772 3784 ﬁn.)

418 3810 686 3869 ιιιοίειηιιε
717 3815 912 3886 etiam,
950 3833 1038 3882 τήν
1083 3832 1288 3892 “pali?
1341 3802 1543 3879 xéruﬁv
1570 3834 1620 3891 ἰξ
1657 3832 1849 3895 αὐχένος
1895 3834 2021 3882 Ille-

417 3931 595 3978 σοντες,
626 3925 723 3973 τοῖς
749 3922 924 3982 ξίφεσιν
953 3922 1192 3983 ἰτέμνοντο
1219 3927 1325 3980 τοὺς
1364 3933 1536 3987 πῆχυς
1554 3960 1566 3981 ,
1590 3924 1675 3973 »ιετὶ
1702 3931 1789 3974 τὶν
1810 3930 2019 3988 γλῶττέιν

416 4018 507 4058 τῶν
546 4005 742 4057 ὀδόντων
777 4009 1077 4077 ὑπερϐάλλων
1105 4016 1329 4077 ἕκαστος,
1377 4019 1539 4079 ἔτεμνε
1567 4024 1650 4066 καὶ
1669 4018 1872 4076 ταῦτην⁸
1898 4022 2015 4069 ὥστε

418 4096 466 4144 ἐν
503 4097 680 4165 ἀκαρξῖ
718 4102 877 4153 πάντα
914 4108 1183 4161 πεπλῆσθαι
1221 4110 1444 4169 μαλακοῦ
1486 4111 1712 4173 αἳματος.
1788 4124 1805 4157 t
1847 4105 2019 4177 Caput

415 4184 605 4241 subtus
652 4197 837 4256 guttur
886 4190 1114 4260 ligautes
1144 4235 1156 4255 ,
1210 4195 1429 4251 ensibus
1494 4196 1722 4252 lacertos
1769 4196 2012 4263 feriunt,

420 4277 653 4350 linguam
696 4282 912 4354 insuper
950 4284 1081 4340 loris
1111 4289 1301 4344 dentes
1346 4300 1626 4345 extensum
1670 4292 1897 4361 quisque
1929 4292 2014 4346 in-

416 4370 545 4425 cidit
574 4413 588 4438 ,
631 4383 689 4429 ut
717 4376 860 4430 brevi
892 4386 1133 4449 tempore
1159 4383 1335 4437 omnia
1360 4385 1620 4454 sanguine
1652 4394 1956 4439 manarent.
1989 4403 2008 4437 ι

420 4463 666 4534 (Lucian.
694 4469 745 4522 in
774 4468 903 4525 Luc.
934 4472 1047 4527 sive
1076 4474 1212 4528 asin.
1247 4490 1367 4546 pag.
1396 4476 1560 4548 660).
1596 4478 1856 4548 Apuleius
1885 4491 2013 4532 vero

420 4554 621 4611 ferrum
653 4558 782 4614 illud
826 4577 1024 4631 anceps
1054 4574 1210 4619 vocat
1237 4608 1251 4633 ,
1285 4584 1391 4636 quo
1417 4582 1510 4622 sua
1540 4569 1765 4639 quisque
1795 4568 2011 4624 brachia

2123 584 2240 637 sive
2264 582 2447 638 Matris
2476 584 2641 638 Deum
2671 583 3037 637 simulacrum.
3061 580 3196 635 Tum
3223 580 3363 634 enim
3408 583 3530 651 turpi
3549 600 3657 653 pror-

2122 691 2213 731 sus
2244 675 2589 731 mcndicitate
2615 674 2882 745 quaslibet
2910 675 3078 743 stipes
3106 673 3425 744 colligebant
3447 690 3604 731 aureas
3618 689 3657 733 et

2122 778 2412 840 argenteas
2443 812 2457 836 ,
2512 769 2681 839 inquit
2727 767 2986 839 Apuleius
3011 765 3031 838 (
3061 765 3270 835 Apulei.
3299 765 3396 821 loc.
3425 764 3509 819 cit.
3532 765 3576 834 ),
3598 769 3657 823 vel

2122 869 2309 927 asciae;
2335 867 2417 918 καὶ
2454 868 2686 935 δραγμάς,
2721 882 2740 914 ι
2768 860 2957 916 obolos
2983 869 3038 916 et
3065 859 3317 930 dragmas
3336 901 3348 921 ,
3392 859 3465 912 uti
3489 860 3552 914 ait
3579 859 3658 915 Lu-

2121 960 2343 1028 cianus,
2377 973 2439 1014 ac
2465 956 2719 1029 quidquid
2757 955 3127 1025 unusquisque
3158 953 3265 1007 illis
3296 951 3487 1007 aliatim
3515 952 3659 1023 largie-

2122 1053 2280 1109 batur
2308 1050 2579 1124 (Lucium)
2610 1050 2715 1105 loc.
2745 1050 2839 1104 cit.
2873 1047 2995 1104 Uno
3022 1055 3199 1102 autem
3226 1045 3389 1100 verbo
3414 1060 3441 1099 a
3462 1046 3660 1118 Dionysio

2119 1145 2529 1201 Halicarnasseo
2555 1142 2894 1213 appellantur
2931 1147 3367 1212 μητραγυρτσῦντες
3392 1180 3406 1205 ,
3450 1139 3468 1211 (
3492 1140 3660 1212 Dionys.

2123 1235 2300 1292 Halic.
2334 1236 2426 1291 lib.
2461 1252 2497 1290 tt
2529 1234 2699 1305 Antiq.
2739 1233 2889 1287 Rom.
2927 1248 2977 1303 p.
3014 1234 3077 1288 91
3114 1231 3159 1302 ),
3192 1231 3262 1284 ab
3291 1230 3411 1284 aliis
3443 1271 3458 1295 ,
3486 1239 3535 1284 ut
3570 1232 3660 1286 alibi

2124 1327 2352 1381 vidimus
2371 1370 2384 1393 ,
2417 1332 2737 1398 μητραγύρτες
2757 1367 2771 1391 ,
2808 1345 2827 1377 ι
2866 1324 2988 1379 sive
3017 1324 3211 1392 stipem
3240 1321 3395 1376 Matri
3424 1321 3562 1377 deum
3582 1324 3664 1378 col-

2123 1416 2374 1489 ligentes.
2407 1438 2426 1471 »
2458 1419 2816 1485 Quamobrem
2844 1432 2872 1470 a
2901 1415 3232 1470 Tertulliano
3253 1455 3269 1480 ,
3304 1417 3442 1470 sicut
3467 1430 3550 1469 suo
3577 1417 3663 1470 loco

2128 1511 2432 1566 videbimus
2453 1553 2467 1577 ,
2497 1521 2836 1579 nuncupatur
2877 1527 2897 1561 ‹
2933 1508 3121 1579 religio
3148 1507 3459 1562 mendicans
3483 1548 3497 1570 ,
3526 1526 3542 1558 ι
3580 1524 3667 1576 qua:

2125 1618 2395 1674 cauponas
2437 1601 2696 1658 circuibat
2742 1600 2946 1673 (Tom.
2989 1600 3017 1653 1
3061 1599 3314 1669 Apparet.
3380 1613 3494 1669 pag.
3533 1597 3665 1668 785).

2126 1696 2259 1765 Quis
2285 1705 2464 1751 autem
2514 1710 2618 1750 non
2651 1693 2931 1747 mirabitur
2957 1691 3099 1746 hunc
3137 1690 3555 1745 sordidissimum
3584 1705 3669 1744 tuo.

2126 1803 2241 1843 rem
2274 1786 2656 1842 sacratiorihus
2682 1786 2950 1839 ﬁrmatum
2981 1781 3146 1837 fuisse
3169 1782 3449 1853 gentilium
3474 1781 3667 1852 legibus?

1910 1860 2016 1906 tam
2047 1880 2098 1940 B
2125 1882 2197 1936 At
2222 1879 2410 1934 Cicero
2439 1888 2615 1933 tamen
2644 1877 2784 1932 hanc
2804 1919 2819 1943 ,
2850 1877 2992 1931 inter
3019 1875 3151 1930 alias
3175 1874 3243 1929 ad
3272 1875 3494 1930 deorum
3513 1876 3667 1930 cultum

2124 1969 2455 2040 pertinentes
2484 2012 2499 2033 ,
2549 1968 2721 2037 legem
2757 1965 2975 2022 exhibet
3005 1983 3017 2020 :
3072 1984 3091 2018 ι
3126 1965 3333 2021 Prteter
3365 1966 3495 2021 ldete
3532 1965 3671 2021 Matris

2124 2064 2380 2130 famulos,
2400 2078 2600 2134 eosque
2623 2062 2782 2133 ju5tis
2802 2060 3014 2125 diebus,
3032 2076 3103 2116 ne
3128 2061 3248 2131 quis
3274 2060 3464 2131 stipem
3484 2060 3667 2131 cogitoo

2126 2157 2257 2215 Eam
2287 2170 2416 2210 sane
2447 2156 2516 2210 ob
2555 2169 2770 2210 causam
2801 2168 2907 2207 non
2948 2151 3061 2207 ausi
3095 2161 3226 2206 sunt
3256 2151 3398 2206 hunc
3436 2151 3672 2207 ridiculum

2125 2263 2331 2304 morem
2368 2248 2647 2317 antiquare
2675 2245 2809 2318 (Cic.
2829 2244 2922 2300 lib.
2945 2261 2980 2299 n
3004 2244 3068 2298 de
3088 2243 3264 2315 Legib.
3287 2260 3339 2314 p.
3354 2244 3574 2307 555,!in.
3590 2244 3673 2312 ll).

2124 2340 2290 2396 Paulo
2315 2341 2454 2395 enim
2480 2348 2659 2408 postea
2685 2336 2825 2392 idem
2848 2336 3071 2392 Cicero:
3098 2355 3116 2389 ε
3145 2335 3351 2406 Stipem
3381 2336 3674 2401 sustulimus,

2124 2433 2295 2503 inquit
2327 2474 2340 2495 ,
2373 2433 2474 2486 nisi
2506 2446 2623 2486 eam
2668 2446 2788 2501 qua:
2829 2429 2898 2484 ad
2940 2444 3139 2499 paucos
3177 2428 3293 2485 dies
3342 2428 3549 2500 propria
3570 2428 3675 2483 Idea:

2124 2525 2307 2581 Matris
2330 2569 2343 2593 ,
2376 2526 2683 2596 excepimus
2714 2544 2733 2577 ι
2765 2526 2783 2593 (
2812 2523 2957 2580 Idem
2987 2539 3108 2594 pag.
3138 2524 3386 2589 358,1in.
3412 2525 3480 2580 20
3502 2522 3545 2596 ).
3571 2523 3675 2579 ldzca

2125 2631 2285 2688 porro
2314 2628 2485 2672 mater
2509 2617 2697 2673 eadem
2729 2628 2811 2672 εει
2853 2632 2917 2671 ac
2952 2616 3112 2670 deum
3143 2604 3319 2671 mater
3346 2626 3399 2672 et
3423 2614 3620 2688 Cybele.

2197 2711 2273 2765 De
2316 2710 2576 2781 Lupercis
2613 2709 2807 2765 deinde
2857 2709 2973 2764 haec
3022 2709 3377 2780 proculdubio
3415 2710 3675 2772 Minucius,

2123 2817 2223 2858 nec
2252 2802 2399 2871 plura
2435 2802 2654 2872 scripsit
2683 2817 2700 2855 :
2730 2800 2899 2856 «Nudi
2923 2801 3088 2856 cruda
3120 2803 3314 2874 hyeme
3337 2801 3670 2857 discurrunt.:

2123 2896 2299 2952 Certis
2325 2906 2504 2951 autem
2535 2897 2758 2952 testibus
2781 2898 2824 2951 si
2853 2898 2955 2952 hoc
2976 2897 3068 2951 tibi
3100 2898 3314 2967 probari
3351 2897 3579 2966 postules
3598 2936 3611 2959 ,
3630 2894 3677 2947 ad

2123 2997 2313 3036 manus
2357 2981 2512 3036 nobis
2552 2983 2732 3051 plures
2771 2982 2955 3053 utique
2996 2992 3139 3037 stitit.
3192 2983 3405 3037 Primus
3454 2981 3677 3053 siquidem

2123 3073 2333 3129 obviam
2364 3076 2507 3129 venit
2543 3074 2721 3128 Livius
2744 3115 2759 3141 ,
2791 3075 2880 3143 qui
2918 3083 3099 3129 narrat
3127 3074 3426 3129 inStitutum
3463 3073 3614 3128 fuisse
3632 3071 3679 3124 ab

2125 3168 2374 3223 Evandro
2403 3168 2644 3223 solemne
2688 3184 2754 3223 ex
2786 3168 3012 3223 Arcadia
3040 3168 3262 3222 allatum
3292 3208 3307 3231 ,
3351 3187 3368 3219 ι
3404 3176 3459 3222 ut
3486 3166 3598 3221 nudi
3616 3165 3680 3233 ju-

2037 3272 2082 3334 (ζ
2121 3278 2288 3318 venes
2314 3305 2328 3328 ,
2360 3261 2594 3334 Lyceum
2627 3262 2770 3317 Pana
2813 3270 3134 3318 venerantes
3163 3304 3177 3329 ,
3224 3277 3320 3330 per
3350 3262 3521 3316 lusum
3556 3267 3680 3328 atque

2123 3355 2401 3412 lasciviam
2457 3363 2786 3409 currerent»
2848 3353 3004 3427 (Liv.
3056 3354 3150 3408 lib.
3198 3369 3249 3422 t,
3305 3354 3334 3426 §
3380 3354 3483 3425 5).
3518 3349 3679 3407 Deinde

3766 3366 3779 3407 i

2122 3447 2304 3504 :Elins
2361 3445 2597 3513 Tubero,
2640 3462 2669 3499 a
2722 3446 2977 3516 Dionysio
3026 3445 3436 3502 llalicarnassco
3480 3446 3678 3502 citatus,
3768 3416 3781 3487 i

2120 3540 2365 3595 eamdem
2396 3538 2614 3594 tradidit
2638 3537 2795 3609 hujus
2824 3537 3051 3592 solemni
3069 3538 3192 3593 tatis
3221 3538 3483 3609 originem
3502 3579 3516 3600 ,
3537 3537 3582 3590 in
3604 3548 3682 3603 qua

2122 3633 2369 3686 SOiebztttl
2410 3631 2635 3698 juvenes
2662 3672 2675 3696 ,
2719 3635 2977 3701 περιελθεῖν
3011 3633 3166 3702 δρόμῳ
3189 3641 3279 3687 riu
3306 3639 3464 3699 κώμην
3490 3635 3682 3696 γυμνιῖδς,

2129 3742 2148 3774 ι
2182 3723 2353 3779 nudos
2379 3723 2518 3778 circa
2558 3723 2731 3778 vicum
2768 3723 3063 3788 cursitare,
3098 3723 3363 3792 pudendis
3392 3730 3577 3777 tantum
3612 3731 3684 3771 re-

2121 3830 2250 3871 cens
2277 3822 2624 3869 mactatarum
2656 3814 2915 3883 pecudum
2945 3814 3149 3868 exuviis
3169 3815 3448 3870 succinctis
3498 3831 3515 3863 ι
3544 3809 3685 3879 (Dio-

2122 3923 2244 3979 Itys.
2282 3907 2451 3962 Halic.
2496 3908 2586 3961 lih.
2617 3922 2655 3962 ι.
2690 3906 2860 3973 Αιυὶιι.
2895 3906 3049 3960 Rom.
3083 3920 3205 3975 pag.
3241 3906 3310 3961 67
3340 3904 3375 3976 ).
3414 3903 3515 3958 Huc
3536 3901 3682 3955 etiam
3778 3916 3785 3929 -

2122 4000 2332 4056 accedit
2356 3999 2678 4055 Plutarchus
2702 4042 2715 4066 ,
2748 3999 2837 4068 qui
2860 3999 3073 4069 quidem
3099 4000 3353 4067 opinatur
3376 3996 3522 4066 huius
3545 3990 3682 4055 (esti,

2122 4091 2267 4161 quod
2298 4091 2607 4161 Lupercalia
2631 4091 2893 4145 vocabant
2918 4132 2931 4154 ,
2957 4090 3289 4159 etjuvenum
3306 4102 3490 4146 cursus
3505 4086 3680 4142 initium

2121 4182 2242 4238 duci
2277 4184 2513 4253 potuisse
2559 4199 2663 4237 non
2698 4192 2803 4236 tam
2833 4183 2899 4238 ab
2929 4182 3183 4237 Evandro
3211 4226 3223 4247 ,
3268 4198 3431 4254 quam
3465 4196 3494 4234 a
3519 4179 3677 4247 Lupa,

2121 4290 2223 4343 qua
2280 4273 2541 4330 Romulus
2591 4272 2849 4327 educatus
2904 4273 3097 4328 fuerat.
3130 4274 3202 4328 At
3239 4270 3444 4328 latetnr
3489 4272 3679 4341 juvenes

2120 4365 2292 4421 nudos
2337 4363 2688 4429 discurrisse,
2746 4365 3022 4419 caecidisse
3067 4365 3286 4421 scnticis
3325 4366 3463 4419 albis
3490 4360 3672 4418 obvium

2119 4472 2387 4529 quemque
2406 4498 2422 4524 ,
2474 4472 2573 4513 nec
2603 4456 2855 4512 mulieres
2882 4456 3182 4513 declinasse
3228 4458 3445 4513 illorum
3474 4454 3683 4511 verbera.

2121 4551 2423 4622 (Plutarch.
2446 4551 2501 4605 in
2535 4549 2651 4604 Vita
2670 4551 2896 4616 Romuli,
2917 4566 3036 4621 pag.
3060 4551 3150 4615 51,
3172 4561 3227 4606 et
3247 4551 3533 4619 Quintiliane
3558 4545 3684 4601 Rom.

419 4645 721 4703 dissecabat
746 4690 761 4717 ,
794 4661 879 4719 et,
908 4663 963 4707 ιιι
985 4655 1056 4709 an
1088 4632 1449 4714 Τυνωιιίιηιυε
1470 4702 1483 4725 ⁹
1517 4632 1570 4713 hi
1597 4632 1718 4729 salii
1748 4674 1800 4716 ρι
1826 4677 2012 4717 eorum
2121 4657 2241 4715 pag.
2268 4643 2375 4698 280
2403 4641 2445 4715 ).
2478 4642 2613 4697 Alibi
2644 4658 2769 4698 vero
2811 4652 2992 4697 narrat
3034 4641 3104 4697 Μ.
3136 4646 3426 4699 Antonium
3457 4656 3607 4695 untun
3634 4652 3689 4691 ex

419 4736 669 4809 princeps
697 4741 1020 4814 archigallus
1047 4749 1362 4817 sanguinem
1396 4751 1664 4819 impurutn
1685 4793 1698 4817 ,
1727 4754 2014 4810 castrando

423 4830 653 4886 lacertos
675 4875 688 4897 ,
722 4833 943 4892 libabat.
997 4837 1359 4904 Quamobrem
1400 4843 1603 4897 Seneca
1636 4844 1776 4911 apud
1806 4846 2016 4916 Augus-

422 4920 589 4976 tinum
617 4922 741 4979 inde
767 4928 1044 4996 gentilium
1075 4944 1293 4986 suorum
1319 4930 1452 4987 deos
1478 4934 1555 4988 sic
1582 4935 1835 5004 exagitat.
1872 4956 1890 4988 c
1919 4936 2014 4994 lllc

419 5013 603 5070 viriles
646 5016 745 5073 sibi
780 5030 960 5089 partes
987 5034 1259 5093 amputat,
1309 5027 1398 5081 ille
1444 5026 1673 5083 lacertos
1701 5042 1868 5086 secat.
1911 5030 2013 5087 Ubi

420 5104 587 5161 iratos
613 5106 745 5164 deos
774 5112 960 5169 timent
987 5155 1002 5181 ,
1050 5118 1139 5186 qui
1185 5118 1262 5173 sic
1293 5119 1552 5191 propitios
1580 5133 1854 5179 merentur
1878 5125 1902 5178 ?
1936 5125 2014 5193 Dii

420 5208 600 5254 autem
632 5201 780 5256 nullo
822 5203 1018 5261 debent
1047 5210 1146 5263 coli
1178 5224 1375 5279 genere
1400 5254 1414 5277 ,
1462 5213 1507 5266 si
1533 5224 1585 5268 et
1628 5215 1729 5270 hoc
1753 5216 1957 5271 volunt.
1989 5236 2009 5268 ι

425 5290 442 5358 (
467 5290 628 5361 Apul.
663 5293 759 5348 lib.
789 5312 878 5352 vtn
908 5297 1252 5372 Metamorph.
1285 5313 1411 5359 ante
1439 5305 1531 5360 liti.
1573 5322 1693 5377 pag.
1723 5309 1848 5363 lli.
1885 5308 2020 5365 Ter-

426 5382 545 5436 tull.
600 5384 865 5459 Apologet.
899 5405 1016 5461 cap.
1045 5392 1117 5449 2'5
1143 5403 1195 5448 et
1214 5393 1285 5450 25
1307 5437 1321 5461 ,
1354 5411 1470 5464 pag.
1495 5397 1565 5451 Ἡ
1592 5406 1647 5452 et
1672 5397 1762 5452 27.
1790 5400 2017 5469 August.

421 5472 516 5527 lib.
548 5490 620 5529 vn
651 5476 715 5532 de
742 5477 889 5537 Civil.
916 5498 1034 5552 cap.
1068 5484 1165 5550 10,
1199 5502 1316 5557 pag.
1350 5487 1453 5542 l59
1482 5486 1520 5558 ).
1565 5487 1731 5545 Recte
1760 5504 1889 5559 ergo
1916 5490 2012 5563 Mi-

416 5566 606 5622 nucius
653 5570 720 5626 de
762 5571 845 5628 his
872 5616 888 5639 ,
928 5586 1088 5648 atque
1124 5578 1357 5635 Bellona:
1383 5581 1544 5636 etiam
1574 5581 1795 5638 forsitan
1826 5597 2018 5640 conse-

422 5659 613 5727 cratis,
646 5664 897 5722 similiter
923 5681 1343 5739 argumentatur.

491 5749 598 5805 Sed
630 5756 756 5808 caeei
786 5762 1013 5828 gentiles
1041 5773 1201 5819 tantae
1231 5765 1452 5821 deorum
1482 5781 1701 5824 suorum
1731 5778 2015 5829 contume-

421 5835 509 5897 lize
534 5843 694 5900 aliam
717 5848 1071 5921 adjiciebant,
1100 5857 1191 5926 qui
1221 5876 1239 5910 ι
1271 5857 1638 5917 mendicantes
1658 5902 1674 5929 ,
1710 5881 1728 5915 ι
1760 5863 1897 5921 sicut
1924 5865 2014 5923 ille

2121 4736 2205 4791 bis
2247 4735 2412 4790 fuisse
2440 4750 2619 4790 coram
2647 4733 2858 4790 Ctesare
2881 4734 3021 4789 hunc
3069 4735 3119 4789 in
3160 4736 3379 4790 modum
3406 4736 3687 4789 discurren-

2119 4826 2262 4882 tibus
2289 4827 2383 4897 (Et
2407 4827 2459 4880 in
2500 4825 2617 4881 Vim
2647 4827 2875 4894 Antonii,
2912 4841 3029 4896 pag.
3072 4826 3228 4898 921).
3278 4826 3524 4882 Mulieres
3549 4835 3689 4895 porro

2122 4921 2313 4976 horum
2339 4919 2701 4990 Lupercorum
2731 4920 2836 4975 ictu
2867 4934 2929 4973 ac
2957 4920 3179 4974 verbere
3210 4918 3487 4975 ltecundas
3510 4932 3566 4974 se
3594 4914 3685 4969 fieri

2120 5029 2280 5086 posse
2319 5014 2629 5071 credebant.
2661 5013 2818 5081 Audi,
2849 5015 2894 5068 si
2926 5012 3076 5078 velis,
3102 5012 3349 5068 Ovidium
3379 5013 3495 5068 btec
3518 5011 3686 5066 decan-

2120 5115 2321 5161 tantem
2342 5123 2354 5160 Ξ

2248 5236 2409 5302 Nupta
2432 5239 2548 5302 quid
2576 5238 2874 5301 exspectas?
2895 5237 3003 5287 Non
3029 5245 3081 5288 tu

2308 5300 2415 5350 Nec
2441 5300 2607 5357 prece,
2634 5314 2727 5350 nec
2754 5302 2944 5363 magico
2967 5300 3187 5350 carmine
3212 5311 3371 5351 mater
3394 5302 3499 5350 eris
3525 5314 3537 5346 :

2249 5361 2437 5426 Excipe
2458 5363 2677 5412 fecundae
2705 5361 2948 5424 patienter
2971 5363 3417 5426 verberadextim,

2308 5424 2416 5474 Jain
2436 5438 2577 5475 socer
2597 5431 2815 5488 optatum
2838 5438 3017 5474 nomen
3053 5424 3258 5474 habebit
3284 5427 3378 5475 avi.

2842 5508 3024 5573 (Ovid.,
3050 5509 3159 5569 1.ιι,
3187 5509 3473 5573 Fasl.,§9.)

3104 5238 3411 5311 pollentibus
3434 5237 3597 5311 herbis

2123 5632 2230 5690 Sed
2257 5632 2395 5691 hanc
2425 5636 2858 5707 superstitionem
2884 5634 3024 5690 ridet
3050 5634 3324 5692 Juvenalis
3351 5656 3364 5690 :

2273 5788 2379 5841 Nec
2404 5791 2603 5855 prodest
2629 5790 2744 5856 agili
2764 5792 2946 5856 palmas
2968 5791 3202 5855 praebere
3223 5792 3445 5857 luperco.

2784 5876 2829 5941 (J
2837 5874 3051 5937 uveual.,
3076 5878 3242 5941 Satyr.
3266 5874 3326 5937 ll,
3348 5880 3468 5928 (mle
3479 5872 3586 5939 ﬁn.)
