3730 6270
101 313 173 370 6il
1411 282 1883 345 DISSEliTATlO.

1673 408 1724 466 Α
1752 412 1877 469 pag.
1911 394 2017 452 145
2039 394 2103 464 )?
2154 391 2294 447 Nihil
2326 405 2454 461 ergo
2484 390 2537 443 in
2567 385 2780 443 Minucii
2824 391 2971 440 textu
3009 384 3125 440 sine
3151 381 3352 438 codicis

94 424 247 485 Acrius
269 424 443 472 autem
487 412 816 469 Prudentius
846 410 897 465 in
929 421 1045 464 eam
1080 405 1383 461 invehitur:

263 531 386 589 Quid
405 529 487 579 illa
508 528 673 589 turpis
709 525 913 590 pompa?
934 518 1399 590 Nempeignohilos

264 582 361 644 Vos
374 605 489 642 esse
515 582 775 646 monstrat,
800 582 912 636 cum
936 582 1148 646 Luperci
1174 582 1391 630 curritis.

260 660 417 715 Quem
458 652 776 702 servulorum
802 663 898 699 non
914 645 1033 697 reor
1056 645 1362 715 vilissimum,

260 710 430 768 Nudus
452 715 649 777 plateas
666 717 707 762 si
734 725 822 777 per
844 722 1018 777 omnes
1039 710 1300 777 cursitans,

260 780 429 832 Pulset
448 769 649 841 puellas
670 769 883 825 verbere
909 773 1030 821 ictas
1052 769 1263 819 lubrico.

505 858 795 923 (Prudent.,
815 858 998 922 Hymn.
1020 851 1074 904 in
1090 854 1145 905 S.
1171 849 1391 913 Roman.)

152 977 247 1034 Cur
272 982 438 1029 autem
457 984 490 1024 a
509 965 745 1022 Minucio
777 981 795 1015 ι
825 961 1001 1017 Cruda
1032 959 1211 1015 hieme
1236 976 1254 1009 ι
1290 954 1419 1011 nudi
1440 953 1646 1009 discur-

100 1085 195 1130 rere
234 1067 496 1122 dicantur,
537 1059 718 1113 disces
747 1072 817 1112 ex
848 1053 1142 1111 Plutarcho
1167 1094 1182 1116 ,
1231 1052 1320 1122 qui
1367 1048 1500 1104 locis
1533 1048 1643 1117 jam

104 1160 249 1220 citatis
272 1158 511 1212 observat
536 1149 657 1205 haec
678 1147 812 1203 festa
840 1145 1021 1219 peragi
1052 1158 1235 1200 mense
1263 1141 1561 1205 l‘ebruario,
1582 1153 1645 1193 ac

104 1258 189 1326 ipsa
215 1250 350 1306 tertia
378 1251 497 1316 post
534 1243 659 1298 idus
682 1241 802 1308 die,
830 1237 1282 1312 quemadmodum
1307 1234 1530 1291 Ovidius
1560 1231 1644 1288 his

99 1347 223 1403 etiam
246 1340 428 1398 cecinit
446 1336 697 1393 versibus
725 1352 740 1389 :

241 1458 401 1521 Tertia
433 1453 678 1521 postldgs
699 1452 857 1521 nudos
880 1462 1058 1521 aurora
1074 1450 1305 1521 lupercos

315 1514 514 1584 Aspicit,
542 1526 593 1569 et
614 1516 770 1566 Fauni
800 1528 936 1565 sacra
958 1514 1175 1563 bicornis
1197 1515 1362 1561 erunt.

602 1601 790 1666 (Ovid.,
813 1601 900 1651 lib.
927 1614 980 1660 ιι,
1008 1599 1140 1649 Fast.
1164 1597 1191 1661 §
1212 1597 1262 1646 9.

92 1733 261 1791 Videsis
286 1730 458 1786 adhuc
511 1728 779 1784 Valerium
820 1726 1108 1782 Maximum
1157 1732 1211 1778 et
1274 1720 1640 1777 Morestellum

89 1826 268 1895 (Yaler.
298 1822 438 1879 Max.
468 1820 566 1877 lib.
594 1837 653 1890 ll,
685 1835 805 1891 cap.
840 1821 894 1885 1,
928 1818 1042 1891 §9;
1072 1814 1344 1872 Morestel.
1372 1813 1503 1870 dial.
1522 1812 1556 1868 6
1580 1812 1644 1866 de
1671 1826 1719 1886 Β

88 1917 184 1973 Fer.
214 1916 409 1985 Rom.).

141 2012 255 2067 Tum
287 2010 486 2066 deinde
532 2007 835 2074 Minucius}
890 2026 908 2059 ε
946 2007 1088 2074 Alii,
1118 2005 1317 2077 finquit
1342 2046 1356 2070 ,
1391 2001 1647 2058 incedunt

88 2103 230 2175 pileati
254 2141 271 2168 ,
314 2111 467 2158 scuta
498 2111 681 2158 vetera
721 2098 1131 2157 circumferunt.
1173 2118 1192 2151 ›
1249 2096 1439 2152 Nullus
1465 2104 1644 2150 autem

86 2196 320 2252 dubitandi
348 2197 505 2252 locus
531 2204 616 2251 est
648 2195 774 2265 quin
820 2192 871 2247 hi
901 2190 1035 2248 Salii
1061 2191 1168 2245 sint
1190 2232 1204 2256 ,
1253 2204 1389 2260 quos
1415 2203 1445 2243 a
1472 2187 1646 2243 Numa

87 2288 305 2359 Pompilio
337 2287 616 2343 institutos
655 2285 736 2339 bis
762 2283 947 2339 Livius
973 2283 1129 2338 docet
1155 2280 1332 2336 verbis
1365 2298 1378 2334 :
1415 2298 1434 2331 ι
1470 2279 1648 2335 Salios

85 2381 327 2437 duodecim
364 2381 527 2436 Marti
565 2378 800 2436 Gradivo
828 2378 959 2448 legit
988 2418 1003 2445 ,
1038 2376 1338 2445 tunicaeque
1365 2373 1523 2446 picta:
1561 2374 1647 2427 iu-

80 2475 191 2545 sigue
216 2474 417 2541 dedit,
461 2482 517 2529 et
565 2488 728 2543 super
762 2473 995 2527 tunicam
1028 2486 1227 2525 aereum
1259 2470 1464 2537 pectori
1497 2478 1646 2545 tego;

76 2542 167 2623 men
209 2568 568 2638 cmlestiaque
611 2542 758 2622 arma
784 2608 800 2633 ,
845 2582 967 2637 quae
1012 2564 1205 2619 ancilia
1259 2542 1644 2634 appellantur”,

68 2662 211 2730 ferre,
240 2678 309 2717 ac
340 2677 444 2732 per
474 2660 671 2718 Urbem
703 2661 780 2716 ire
799 2702 814 2727 ,
845 2667 1099 2716 canentes
1125 2657 1363 2713 carmina
1393 2671 1514 2712 cum
1548 2657 1647 2710 tri-

58 2757 207 2827 pudiis
235 2756 586 2826 solemnique
615 2756 809 2810 saltatu
834 2796 849 2820 ,
876 2754 1038 2822 jussit
1072 2772 1091 2805 ι
1126 2752 1145 2824 (
1175 2751 1289 2807 Liv.
1312 2751 1386 2807 lib
1413 2768 1451 2818 ι,
1477 2749 1505 2823 §
1529 2749 1646 2821 20).

54 2848 119 2905 De
138 2852 339 2907 eodem
367 2849 535 2906 etiam
564 2848 733 2903 Numa
763 2845 988 2903 Ovidius
1021 2866 1033 2901 :

214 2984 246 3033 J
253 2996 337 3032 am
361 2982 578 3033 dederat
600 2980 744 3031 Saliis
766 2978 814 3042 (a
829 2978 957 3029 saltu
968 2978 1165 3027 nomina
1187 2976 1394 3041 ducunt)

217 3048 509 3109 Armaque,
535 3052 587 3094 et
608 3045 670 3093 ad
686 3040 852 3093 certos
873 3042 1025 3093 verba
1048 3042 1273 3089 canenda
1298 3040 1484 3090 modos.

755 3124 943 3191 (Ovid,
968 3126 1002 3175 l.
1028 3140 1078 3175 nt
1103 3127 1259 3186 Fast.,
1283 3124 1400 3189 §2.)

42 3259 101 3316 lbi
128 3270 327 3317 autem
350 3258 621 3315 describit
645 3255 1032 3327 quomodo'illa
1060 3269 1241 3319 arma,
1294 3268 1413 3324 quae
1447 3270 1466 3303 ι
1502 3250 1649 3306 anci-

38 3356 95 3409 lia
133 3374 154 3406 ›
201 3364 263 3411 et
295 3364 492 3409 auctor
519 3360 702 3407 noster
722 3392 736 3415 ,
774 3369 793 3402 ι
827 3360 978 3404 scuta
1005 3356 1187 3404 vetera
1219 3387 1234 3412 ,
1277 3356 1587 3416 nuncupat,
1620 3359 1652 3400 e

38 3448 172 3502 creto
198 3445 483 3504 cecidisse
509 3445 766 3499 ferantur.
794 3441 949 3498 Unde
974 3439 1249 3497 Juvenalis
1278 3438 1507 3494 canebat
1536 3456 1549 3491 :

224 3559 430 3609 Arcano
450 3559 532 3621 qui
550 3568 689 3607 sacra
708 3556 880 3621 ferens
899 3556 1120 3605 nutantia
1137 3553 1258 3615 loro,

235 3621 449 3672 Sudava't
466 3618 667 3684 'clypeis
686 3618 935 3669 ancilibus.

605 3703 869 3768 (Juvenal.,
897 3705 1063 3769 Satyr.
1090 3718 1141 3762 ιι,
1166 3704 1258 3751 sub
1292 3701 1399 3761 ﬁn.)

66 3811 214 3869 Atde
238 3812 350 3879 his,
382 3821 545 3883 atque
569 3809 733 3867 etiam
756 3808 1015 3881 Lupercis
1036 3822 1162 3862 mox
1187 3805 1366 3872 dictis,
1396 3804 1653 3876 Virgilius

76 3906 266 3975 quieos
299 3925 319 3959 ι
352 3905 580 3976 pileatos
604 3944 618 3969 ,
659 3923 677 3955 ι
705 3912 761 3958 ut
784 3903 859 3956 ait
886 3900 1148 3955 Minucius
1173 3940 1189 3966 ,
1236 3899 1520 3955 incessisse
1552 3898 1656 3954 illis

79 3997 340 4053 conﬁrmat
363 3996 608 4051 versibus
638 4011 656 4047 :

186 4111 273 4162 Hic
295 4109 580 4161 exultantes
596 4107 756 4158 Salios
780 4107 1038 4169 nudosque
1061 4103 1331 4169 Lupercos,

188 4172 551 4285 liaﬁgieroslque
572 4174 761 4235 apices,
788 4178 842 4221 et
860 4167 996 4233 lapsa
1018 4167 1197 4217 ancilia
1220 4167 1346 4217 cwlo

233 4248 265 4284 ι
350 4248 432 4285 era
462 4274 474 4284 .

362 4319 579 4384 (Virgil.,
599 4319 634 4368 l.
660 4333 740 4369 vni
765 4315 979 4380 Aeneid,
1005 4331 1048 4368 v.
1074 4317 1168 4369 665
1181 4320 1226 4365 et
1248 4321 1404 4377 seqq.)

78 4423 291 4481 Videsis
322 4426 474 4483 Servii
507 4430 561 4483 in
598 4428 699 4483 hos
720 4442 908 4482 versus
938 4427 1313 4482 annotationes
1341 4462 1358 4488 ,
1390 4435 1454 4477 ac
1496 4419 1655 4495 plura

73 4515 224 4584 apud
251 4516 569 4575 Plutarchum
594 4560 610 4586 ,
658 4518 972 4590 Dionysium
1006 4517 1472 4572 llalicarnasseum
1501 4552 1516 4574 ,
1546 4510 1654 4565 Va-

3250 270 3354 325 6ίὲ

1756 490 1982 558 alicujus
2011 486 2329 542 auctoritate
2359 483 2696 538 mutandum.
2748 478 2818 533 At
2844 486 2990 533 certe
3018 492 3175 532 nemo
3205 489 3353 530 sanae

1753 580 1951 636 mentis
1982 578 2143 633 homo
2160 575 2474 633 diflitebitur
2496 615 2510 638 ,
2531 586 2692 642 quam
2722 577 2867 624 recte
2884 584 2949 623 ex
2972 567 3127 621 dietis
3150 567 3351 620 Auctor

1751 683 1937 726 noster
1970 670 2160 725 inierat
2190 668 2380 722 falsam
2428 665 2760 720 divinitatem
2808 663 2887 716 eis
2922 658 3163 725 ascribi,
3214 672 3349 727 quos

1749 764 1980 836 gentiles
2010 772 2116 818 tam
2159 759 2405 816 absurdis
2473 768 2691 826 tamque
2734 752 2967 824 indignis
2996 752 3218 807 deorum
3257 763 3353 804 no-

1751 857 1896 914 mine
1917 865 1972 913 et
2000 854 2259 927 dignitate
2285 848 2757 923 superatitiouibus
2788 843 3202 903 venerabantur.

2356 1065 2650 1108 Αιιτιῦυιυε
2688 1065 2762 1104 ιν.

1749 1192 1826 1246 De
1854 1191 2080 1262 templis,
2128 1204 2344 1261 quorum
2372 1188 2542 1242 aditus
2573 1187 2652 1240 rei
2699 1183 2854 1240 semel
2880 1190 3078 1237 tantum
3108 1181 3163 1235 in
3191 1195 3351 1245 anno,

1819 1288 1899 1341 vel
1924 1285 2111 1341 nemini
2139 1300 2402 1354 umquam,
2445 1285 2525 1336 vel
2552 1296 2828 1353 numquam
2856 1280 2977 1333 viris
3026 1277 3267 1348 pate‘bal;
3293 1274 3356 1329 de

1817 1379 2120 1449 quibusdam
2164 1377 2326 1432 sacris
2371 1375 2707 1440 cazremoniis,
2760 1389 2876 1444 qua:
2905 1381 2992 1425 aut
3030 1370 3237 1441 feminis
3267 1376 3355 1423 aut

1818 1472 1974 1526 servis
2001 1471 2456 1534 interdicebanlur,
2486 1479 2637 1540 atque
2671 1468 2734 1522 de
2778 1467 2899 1522 aliis
2926 1466 3109 1534 sacris,
3136 1480 3251 1536 qua:
3276 1464 3356 1520 vel

1820 1565 2045 1632 univira,
2078 1565 2155 1619 vel
2183 1562 2446 1618 multivira
2474 1560 2772 1616 coronabat.

1821 1767 2110 1824 Auctorem
2134 1774 2378 1823 nostrum
2407 1766 2543 1821 alios
2568 1763 2836 1820 absurdos
2862 1761 3177 1819 eorumdem
3210 1759 3356 1816 Gen-

1748 1861 1918 1916 tilium
1950 1861 2086 1915 ritus
2118 1859 2477 1930 exagitantem
2528 1871 2837 1928 sequamur.
2867 1874 2886 1908 ι
2935 1854 3191 1923 Quaedam
3213 1893 3228 1920 ,
3276 1850 3359 1905 in-

1747 1953 1889 2025 quit,
1920 1952 2041 2007 fana
2071 1950 2240 2006 semel
2286 1964 2429 2005 anno
2458 1948 2608 2004 adire
2639 1948 2979 2019 permittunt.
3018 1965 3037 1998 ι
3071 1943 3203 2000 Tale
3232 1956 3357 2012 pro-

1748 2045 2008 2101 culdubio
2039 2054 2157 2099 erat
2186 2043 2507 2097 Eurimones
2542 2041 2722 2095 fanum
2748 2081 2764 2106 ,
2803 2040 2871 2095 de
2902 2055 3009 2111 quo
3038 2037 3355 2095 Pausanias.

1754 2158 1773 2190 ι
1810 2138 1962 2193 Stato
1996 2178 2011 2203 ,
2057 2136 2174 2202 ait,
2227 2133 2316 2189 die
2382 2134 2701 2189 Eurimones
2748 2132 3008 2203 templum
3064 2128 3354 2200 aperiunt;

1749 2230 1946 2303 aperiri
1990 2228 2096 2284 alio
2141 2238 2383 2298 tempore
2420 2241 2538 2282 mos
2565 2226 2772 2296 patrius
2800 2239 2906 2279 non
2936 2232 3043 2279 est.
3095 2222 3257 2278 Sacra
3288 2236 3356 2278 eo

1749 2324 1838 2380 die
1868 2321 2117 2392 privatim
2140 2336 2203 2375 ac
2231 2319 2441 2390 publice
2474 2320 2627 2373 iiuut.
2648 2317 2774 2373 Mihi
2794 2327 2940 2373 certe
2971 2330 3078 2371 non
3096 2313 3352 2386 contigit,

1750 2425 1806 2471 ut
1832 2431 1898 2471 eo
1928 2425 2172 2483 tempore
2212 2412 2458 2468 adessem
2489 2452 2504 2478 ,
2552 2426 2727 2481 neque
2754 2410 3096 2481 Eurymones
3132 2408 3355 2462 simula-

1751 2523 1901 2565 crum
1923 2506 2106 2562 videre
2125 2505 2273 2576 potui
2296 2504 2313 2575 (
2337 2504 2570 2558 Pausan.
2594 2503 2685 2557 lib.
2706 2517 2800 2557 vni
2825 2501 3015 2555 Arcad.
3039 2516 3159 2570 pag.
3188 2500 3286 2554 271
3313 2496 3355 2570 ).

1751 2599 1883 2657 Tale
1922 2599 2086 2654 etiam
2121 2638 2137 2664 ,
2186 2595 2378 2652 eodem
2409 2603 2547 2649 teste
2577 2634 2592 2657 ,
2636 2592 2985 2664 Dyudimenae
3015 2591 3201 2646 matris
3231 2632 3246 2655 ,
3289 2590 3360 2646 dc

1751 2707 1855 2762 qua
1885 2705 1985 2746 nos
2013 2703 2173 2759 supra
2201 2729 2218 2757 ,
2259 2676 2555 2743 sacrarium
2602 2684 2722 2739 fuit.
2777 2683 2910 2738 Nam
2938 2683 3008 2738 ab
3039 2684 3156 2753 ipso
3182 2681 3359 2738 adhuc

1752 2785 1869 2840 haec
1895 2782 2171 2839 memoriae
2210 2779 2416 2849 prodita
2445 2780 2693 2855 legimus.
2730 2797 2748 2829 ε
2784 2777 2884 2833 Die
2910 2778 3069 2833 unico
3100 2776 3358 2832 anniver-

1755 2876 1898 2932 sario
1928 2876 2222 2930 sacrarium
2251 2872 2599 2944 Dyndimenaa
2649 2867 2837 2924 matris
2872 2867 3084 2939 aperire
3112 2868 3361 2924 solemne

1754 2969 1970 3022 habent.
2030 2965 2109 3020 Eo
2138 2965 2256 3035 ipso
2293 2962 2382 3018 die
2409 2960 2537 3017 mihi
2566 2971 2623 3017 ut
2650 2959 2897 3016 adessem
2928 2959 3171 3029 contigit.
3207 2978 3227 3010 ι
3259 2959 3361 3015 Su-

1752 3060 1932 3131 potius
1956 3060 2190 3128 denique
2211 3057 2279 3112 de
2291 3054 2506 3110 Cereris
2522 3064 2574 3109 et
2596 3052 2937 3126 Proserpinae
2960 3050 3086 3107 fauo
3112 3050 3356 3107 dixerat:

1759 3172 1779 3207 ‹
1814 3154 1930 3209 Hoc
1973 3153 2187 3208 feminis
2232 3150 2424 3220 quovis
2483 3158 2726 3218 tempore
2773 3146 2949 3201 aditus
2994 3154 3180 3216 patet,
3230 3146 3361 3201 viris

1754 3247 2044 3319 quotannis
2070 3245 2236 3300 semel
2273 3263 2292 3296 ι
2331 3242 2351 3314 (
2379 3241 2512 3313 Sup.
2549 3257 2667 3311 cap.
2698 3239 2753 3304 6,
2782 3249 2890 3295 art.
2911 3242 2968 3296 Ξ.
2996 3239 3229 3295 Pausan.
3255 3237 3355 3298 lib.

1755 3354 1829 3395 vn
1859 3379 1875 3405 ,
1901 3352 2024 3408 pag.
2057 3334 2183 3391 500.
2234 3332 2381 3389 Idem
2408 3332 2544 3388 Ibid.
2574 3346 2696 3403 pag.
2728 3328 2882 3401 265).

1829 3430 1963 3484 Tum
1997 3427 2192 3483 deinde
2217 3436 2406 3481 auctor
2456 3433 2640 3480 noster
2666 3464 2682 3490 ,
2747 3441 2766 3475 ι
2803 3422 3093 3491 Quaadam,
3147 3420 3359 3492 inquit,

1759 3521 1881 3577 fana
1904 3563 1918 3587 ,
1958 3521 2013 3576 in
2045 3529 2217 3575 totum
2262 3517 2414 3574 nefas
2452 3519 2648 3575 visere.
2681 3535 2700 3570 ›
2737 3516 2804 3571 At
2832 3515 2971 3571 idem
3021 3515 3315 3570 Pausanias
3344 3555 3360 3580 ,

1758 3614 1918 3679 haec,
1970 3612 2166 3682 quibus
2214 3609 2430 3664 Minucii
2484 3607 2749 3663 sententia
2803 3608 3227 3670 corroboratur,
3293 3604 3363 3660 de

1760 3707 1961 3780 IEpyto
1977 3703 2245 3760 Arcadum
2268 3717 2396 3774 rege
2414 3702 2672 3774 scriptum
2691 3701 2906 3773 reliquit
2928 3718 2942 3756 :
2964 3698 3125 3755 «Cum
3148 3700 3200 3753 in
3228 3685 3366 3755 tem;

1761 3800 1909 3870 plum
1940 3797 2173 3869 Neptuni
2197 3837 2214 3862 ,
2267 3794 2413 3866 quod
2442 3794 2727 3849 Mantineze
2754 3803 2875 3859 est,
2910 3800 3194 3862 penetrare
3222 3797 3367 3846 esset

1760 3906 1924 3948 ausus
1955 3931 1970 3956 ,
2026 3905 2133 3961 quo
2181 3889 2308 3943 nulli
2351 3888 2596 3958 cuiquam
2643 3886 2846 3941 homini
2893 3883 2996 3939 hac
3042 3885 3153 3953 ipsa
3202 3882 3365 3937 etiam

1760 3994 1917 4040 aetate
1944 3983 2023 4038 ias
2050 3992 2135 4038 est
2155 3980 2441 4047 atcedere,
2466 3980 2640 4035 oculis
2668 3980 2898 4047 lrimum
2920 3984 3142 4045 captus,
3170 3972 3368 4030 deinde

1763 4091 1871 4131 non
1919 4075 1991 4129 ita
2032 4074 2200 4128 multo
2251 4080 2430 4139 poste
2457 4071 2565 4124 vita
2607 4068 2860 4124 excessit.
2899 4086 2919 4118 ι
2973 4065 3135 4121 Addit
3176 4072 3362 4131 postea

1762 4185 1881 4225 cum
1912 4166 2053 4222 idem
2083 4165 2339 4235 templum
2364 4165 2519 4233 jussu
2551 4161 2771 4216 Adriani
2799 4158 3145 4229 Imperatoris
3172 4156 3364 4213 recedi-

1764 4260 2016 4316 licaretnr
2039 4302 2054 4324 ,
2090 4270 2281 4312 omnes
2313 4268 2535 4324 prorsus
2576 4252 2718 4305 illius
2747 4250 2891 4305 aditu
2922 4249 3223 4319 prohibitos
3252 4293 3266 4317 ,
3302 4263 3367 4306 ac

1762 4357 2122 4406 memoratum
2165 4345 2425 4418 IEpytum
2459 4387 2475 4411 ,
2522 4343 2613 4413 qui
2672 4341 2805 4397 illud
2853 4341 3205 4413 ingrediendo
3236 4341 3367 4397 reli-

1762 4442 1979 4513 gionem
2027 4438 2365 4501 violaverat,
2414 4437 2637 4492 marinae
2679 4450 2831 4505 aqu-.c
2881 4436 2933 4489 vi
2989 4436 3162 4490 subita
3195 4437 3369 4493 obccc-

1765 4541 1976 4599 catum,
2014 4543 2079 4585 ac
2120 4528 2284 4600 paulo
2314 4537 2435 4598 post
2480 4540 2710 4583 mortem
2741 4526 2960 4581 obiisse.
3011 4525 3122 4583 Nec
3151 4542 3370 4598 prorsus

69 4608 258 4663 lerium
294 4609 574 4667 Maximum
620 4620 675 4667 et
723 4610 859 4664 alios
888 4610 907 4681 (
935 4609 1207 4665 Plutarch.
1240 4609 1290 4661 in
1329 4604 1444 4660 Vita
1470 4604 1632 4658 Numa

1812 4599 2161 4685 uiuendum,
2195 4619 2338 4690 quod
2372 4619 2519 4689 prius
2550 4619 2619 4672 ab
2649 4617 2839 4673 eodem
2867 4617 3128 4673 Pausania
3178 4620 3370 4676 litteris

68 4714 196 4769 pag.
219 4700 278 4757 98
296 4713 345 4758 et
371 4719 549 4775 seqq.;
586 4703 806 4774 Dionys.
838 4702 1071 4757 ilaliear.
1105 4701 1199 4755 lib.
1229 4716 1263 4754 ll
1297 4698 1472 4768 Antia.
1499 4697 1653 4752 Rom.

67 4794 333 4863 pag.129;
360 4796 541 4852 Valer.
573 4795 712 4850 Max.
744 4795 834 4851 lib.
866 4810 901 4859 t,
936 4809 1053 4864 cap.
1088 4795 1141 4852 1.
1172 4791 1201 4864 §
1230 4791 1328 4862 9).

151 4881 372 4957 Denique
399 4887 669 4942 Minucius
696 4887 809 4941 lucc
838 4886 1178 4941 continenter
1207 4882 1436 4952 adjecit:
1468 4901 1486 4935 ι
1524 4882 1650 4939 Pel-

31 4971 147 5033 les
165 4979 407 5047 caedunt,
440 4979 812 5035 mendicantes
842 4979 1058 5035 vicatim
1087 4977 1221 5034 deos
1251 4976 1474 5031 ducunt.
1514 4997 1533 5029 ι
1584 4978 1653 5031 At

20 5074 109 5117 eo
130 5079 274 5125 astat
313 5088 444 5128 sane
490 5071 674 5126 Matris
727 5071 886 5126 deum
938 5069 1247 5124 sacerdotes
1278 5112 1292 5134 ,
1347 5068 1414 5123 de
1458 5068 1653 5139 quibus

42 5162 224 5230 paulo
246 5176 368 5222 ante
397 5167 626 5239 egimus,
659 5164 741 5219 bis
768 5163 1154 5232 posterioribus
1182 5161 1363 5217 verbis
1384 5160 1654 5217 denmari.

64 5252 257 5315 Verum
278 5262 330 5315 in
347 5259 774 5317 controversiam
797 5264 1037 5319 vocatur,
1070 5254 1136 5309 ad
1165 5268 1303 5326 quas
1327 5253 1415 5307 illa
1443 5255 1617 5323 priora
1640 5293 1656 5320 ,

75 5366 99 5399 ι
148 5349 295 5413 Pelles
342 5355 596 5422 credunt,
639 5374 658 5407 ι
692 5352 882 5410 referri
926 5352 1180 5408 debeant.
1235 5348 1461 5417 Quidam
1515 5349 1661 5403 enim

67 5445 395 5514 suspicantur
431 5465 497 5506 ea
544 5449 665 5503 loco
713 5463 811 5503 suo
853 5462 975 5504 esse
1019 5455 1163 5501 mota
1195 5486 1210 5510 ,
1260 5459 1324 5498 ac
1353 5451 1475 5514 post
1508 5441 1657 5506 haec,

74 5551 101 5583 ‘
147 5532 313 5609 hYeme
353 5545 699 5609 discurrunt,
741 5562 760 5596 ι
806 5540 1137 5613 reponenda.
1185 5538 1354 5606 Quasi
1384 5552 1511 5592 vero
1556 5536 1659 5591 soli

61 5621 423 5693 discan-entes
472 5636 703 5707 Luperci
754 5634 923 5705 pelles
980 5630 1303 5688 caederent?
1368 5628 1564 5696 Quidni
1604 5637 1658 5684 et

57 5712 185 5778 sani
212 5772 227 5793 ,
260 5738 357 5785 aut
390 5748 411 5780 σ
442 5710 814 5785 mendicantes
835 5768 849 5791 ,
882 5745 899 5778 ι
922 5725 1012 5795 qui
1043 5732 1176 5779 teste
1205 5720 1431 5791 Apuleio
1456 5762 1472 5787 ,
1502 5735 1655 5791 cym-

52 5801 173 5870 bala
202 5832 260 5881 et
286 5830 545 5897 tympana
561 5816 842 5891 pulsabant
866 5815 885 5891 (
908 5814 1068 5888 Apul.
1114 5814 1204 5872 lib.
1224 5827 1318 5870 vm
1338 5810 1652 5886 Metamorp.

1757 4699 2129 4787 consignatum
2160 4720 2246 4768 est
2275 4728 2289 4766 :
2330 4731 2349 4763 ι
2378 4712 2516 4766 Sunt
2543 4711 2685 4767 Solis
2718 4726 2827 4765 ara:
2848 4751 2865 4777 ,
2894 4710 3240 4769 Necessitatis
3270 4754 3285 4782 ,
3317 4723 3372 4770 et

1760 4804 2039 4861 Violetttim
2068 4803 2242 4869 aedes,
2299 4802 2350 4857 in
2398 4818 2557 4873 quam
2588 4802 2793 4873 ingredi
2827 4800 2907 4855 fas
2937 4817 3059 4859 esse
3089 4814 3302 4875 negant.
3340 4823 3360 4856 ι

1760 4897 1778 4969 (
1806 4897 2035 4952 Pausan.
2069 4897 2163 4952 lib.
2193 4911 2301 4953 vui.
2335 4896 2530 4951 Arcad.
2556 4911 2675 4967 pag.
2706 4894 2833 4950 240.
2884 4895 3033 4950 idem
3077 4896 3206 4952 ibid.
3244 4912 3367 4968 pag.

1754 4988 1881 5044 244.
1940 4988 2087 5044 ldem
2116 4987 2209 5042 lib.
2242 5004 2277 5042 ll
2302 5028 2317 5053 ,
2353 5002 2473 5058 pag.
2506 4985 2595 5042 48.
2630 4986 2649 5057 )

1830 5083 2011 5154 Pergit
2057 5082 2364 5138 Minucius:
2406 5100 2425 5133 ι
2461 5081 2558 5135 Est
2589 5081 2851 5150 templum
2884 5122 2899 5147 ,
2947 5097 3054 5152 quo
3101 5083 3217 5139 viro
3260 5099 3367 5141 non

1760 5174 1890 5230 licet
1919 5175 2163 5229 introire.
2204 5173 2412 5230 «Unum
2440 5172 2793 5242 proculdubio
2825 5172 2967 5228 illius
2998 5174 3140 5230 modi
3182 5191 3367 5233 sacra-

1762 5266 1900 5321 rium
1931 5307 1948 5333 ,
1997 5267 2073 5321 uti
2102 5265 2381 5320 Ciceronis
2413 5273 2599 5319 contra
2628 5263 2853 5319 Verrem
2899 5274 3115 5321 utamur
3135 5268 3316 5323 verbis
3349 5285 3363 5322 :

1770 5374 1789 5406 ι
1822 5355 2037 5411 Cereris
2060 5366 2144 5411 est
2164 5355 2305 5425 apud
2332 5353 2653 5410 Catinenses
2683 5355 2872 5411 eadem
2919 5356 3185 5427 religione
3206 5400 3220 5424 ,
3263 5374 3370 5429 qua

1765 5446 1991 5513 Romaa,
2029 5463 2130 5516 qua
2177 5446 2228 5502 in
2283 5447 2495 5503 caneris
2542 5446 2720 5512 locis,
2772 5461 2876 5517 qua
2933 5461 3105 5517 prope
3159 5448 3211 5504 in
3256 5458 3368 5505 toto

1761 5539 1894 5594 orbe
1948 5550 2228 5595 terrarum.
2270 5540 2328 5594 ln
2377 5554 2444 5595 eo
2496 5538 2736 5594 sacrario
2782 5538 2973 5594 intimo
3010 5539 3112 5595 fuit
3149 5542 3363 5614 signum

1760 5631 1971 5687 Cereri»-
2019 5632 2430 5703 perantiquum,
2462 5630 2603 5702 quod
2652 5629 2752 5684 viri
2809 5646 2915 5686 non
2968 5631 3129 5687 modo
3175 5635 3360 5703 cujus-

1762 5721 1908 5777 modi
1952 5730 2139 5788 esset,
2191 5721 2287 5777 sed
2322 5737 2389 5777 ue
2429 5737 2551 5778 esse
2594 5718 2810 5792 quidem
2857 5720 3117 5776 sciebant.
3172 5722 3367 5780 Aditus

1760 5815 1904 5873 enim
1942 5816 1995 5873 in
2023 5813 2075 5870 id
2121 5816 2416 5874 sacrarium
2447 5832 2556 5874 non
2580 5822 2663 5872 est
2691 5813 2852 5883 viris;
2906 5828 3058 5872 sacra
3109 5832 3204 5891 per
3249 5834 3370 5883 mtt~
