3824 6282
463 226 570 284 645

1750 217 1837 275 ne
1877 210 2472 293 MINUCHOC'I‘AVIO

3527 246 3595 305 (ili

453 341 617 396 lieres
660 354 724 395 ac
762 339 993 407 virgines
1036 336 1227 393 conﬁci
1257 337 1437 392 solent
1494 355 1514 389 ι
1553 331 1709 408 (Cic.
1739 345 1877 397 orat.
1900 334 1971 400 4,
2000 334 2053 388 in
2080 331 2500 415 Acustodibus,
2524 335 2689 407 jussit
2717 350 2786 392 ne
2834 336 3108 394 mulierem
3158 340 3379 401 interesse
3401 356 3600 420 permitte.

466 430 613 486 Verr.
662 447 780 502 pag.
829 430 964 494 l78,
1021 429 1116 485 lin.
1162 428 1304 499 2i.)
1352 427 1692 497 Quapropter
1741 424 2051 481 Laclantius

456 524 630 580 citatis
674 522 914 594 ejusdem
958 522 1234 579 CicerOnis
1265 521 1441 577 verbis
1480 521 1754 586 ostendit,
1801 519 2049 592 quaedam

453 632 575 672 esse
603 615 796 685 templa
838 615 889 669 in
927 630 1046 684 quae
1076 613 1280 683 ingredi
1306 613 1438 668 viris
1472 628 1578 668 non
1621 612 1834 669 licebat.
1867 612 2047 681 (Lac-

457 717 587 761 tant.
634 706 724 761 lib.
756 722 828 773 ιι,
864 721 983 776 cap.
1016 707 1071 771 4,
1104 722 1223 776 pag.
1268 703 1410 771 159;
1452 713 1506 761 et
1531 705 1622 761 lib.
1656 720 1747 771 in,
1789 719 1910 775 cap.
1935 703 2006 760 20
2030 744 2045 772 ,

457 813 574 867 pag.
604 796 706 852 507

526 889 603 944 De
626 887 838 944 Cereris
863 896 1039 943 autem
1071 888 1252 960 Mysiae
1274 888 1529 954 sacrario,
1561 902 1624 943 ac
1649 887 1799 943 festis
1828 886 2045 951 diebus,

453 979 640 1035 istlirrc
678 988 939 1035 memorat
980 980 1307 1044 Pausanias,
1355 995 1473 1049 quae
1516 979 1584 1034 ad
1617 977 1831 1034 Minucii
1880 978 2049 1033 nostri

454 1074 785 1145 preposituin
816 1072 1057 1126 nonnihil
1085 1072 1250 1127 etiam
1272 1069 1450 1126 facere
1481 1077 1706 1141 possunt
1737 1087 1751 1122 :
1785 1088 1804 1119 ι
1837 1067 2047 1135 Festos,

454 1163 659 1233 inquit,
693 1165 806 1219 dies
830 1166 1033 1235 agitant
1059 1174 1262 1233 septem
1285 1205 1300 1227 ,
1348 1177 1576 1233 quorum
1605 1160 1767 1215 tertio
1791 1175 1822 1214 e
1845 1160 2051 1228 templo

456 1258 556 1313 viri
584 1241 772 1312 omnes
802 1265 1020 1321 exeunt,
1049 1257 1304 1312 mulieres
1330 1271 1460 1310 vero
1489 1255 1630 1309 intus
1656 1253 1890 1317 relictae;
1943 1253 2049 1307 ritu

456 1366 485 1405 a
514 1350 810 1420 majoribus
860 1348 1090 1416 tradito,
1143 1359 1463 1404 nocturnum
1508 1355 1768 1417 peragunt
1810 1358 2046 1401 sacrum.

457 1442 642 1514 Neque
667 1458 795 1498 vero
825 1443 971 1497 viros
997 1450 1199 1496 tantum
1228 1440 1549 1502 excludunt,
1578 1436 1672 1494 sed
1699 1451 1862 1493 canes
1887 1439 2050 1491 etiam

463 1534 736 1590 masculos
763 1534 1006 1604 ejiciunt.
1040 1534 1265 1589 Postero
1308 1533 1397 1589 die
1443 1530 1688 1586 revisunt
1728 1524 1955 1584 fcminas
1997 1530 2051 1582 in

456 1627 655 1696 templo
703 1627 834 1690 viri,
902 1626 1176 1694 multoque
1241 1639 1364 1679 cum
1428 1624 1539 1677 risu
1609 1622 1751 1675 ultro
1806 1622 2055 1689 citroque

2159 438 2332 483 rent.»
2369 428 2388 500 (
2416 428 2647 484 Macrob.
2679 430 2766 485 lib.
2804 446 2839 484 ι.
2877 429 3135 487 Saturnul.
3165 452 3267 506 cap.
3289 440 3384 512 12).
3409 444 3602 513 Quamob.

2156 537 2270 578 rem
2299 523 2525 579 canebat
2556 524 2874 593 PrOpertius
2899 546 2911 581 :

2278 634 2484 710 Magrima
2520 649 2630 710 qua!
2656 636 2900 710 gregibus
2921 638 3094 710 devota
3117 647 3190 710 est
3210 656 3282 692 ara
3296 649 3484 710 repertis,

2342 698 2437 745 Ara
2465 702 2555 769 per
2582 698 2686 759 bas,
2728 699 2906 763 inquit,
2932 704 3133 752 maxima
3155 703 3264 769 facta
3286 698 3448 759 manus:

2276 759 2395 833 H355:
2418 759 2564 833 nullis
2588 759 2815 833 umquam
2842 770 3005 833 pateat
3028 768 3287 833 veneranda
3307 770 3465 833 puellis,

2340 820 2573 872 Herculis
2598 820 2764 874 eximii
2796 820 2862 876 ne
2887 826 2954 876 sit
2977 826 3125 875 inulta
3146 830 3259 879 sitis.

3025 909 3190 975 (PrOp.
3213 911 3243 962 l.
3262 926 3322 976 iv,
3343 912 3444 981 eleg.
3462 918 3535 979 to.)

2152 1008 2433 1068 Iuvenalis
2458 1012 2623 1068 etiam
2656 1032 2669 1067 :

2281 1166 2294 1178 .
2397 1164 2410 1177 .
2510 1166 2522 1177 .
2624 1167 2635 1179 .
2740 1166 2751 1178 .
2856 1170 2867 1181 .
2964 1131 3062 1182 Sed
3086 1134 3403 1184 moresiuistro

2281 1191 2539 1257 Exagitant
2560 1193 2735 1257 procul
2756 1206 2855 1244 non
2879 1196 3030 1244 intrat
3044 1193 3217 1244 femina
3239 1195 3389 1257 limen,

2282 1254 2411 1304 Solis
2434 1268 2519 1305 ara
2542 1255 2653 1304 deae
2676 1257 2891 1307 maribus
2912 1264 3061 1319 patet.

2840 1339 3233 1407 (Juven.,Snlyr,
3253 1356 3300 1402 ιι,
3325 1354 3365 1391 υ.
3384 1343 3468 1404 87.)

2232 1442 2306 1497 De
2323 1441 2563 1511 ejusdem
2590 1438 2764 1503 adhuc
2788 1428 3033 1499 Herculis
3057 1443 3370 1501 czeremoniis
3391 1444 3501 1500 haud
3516 1444 3619 1499 dubie

2158 1536 2535 1607 intelligendus
2555 1547 2638 1596 est
2656 1537 2927 1611 Minucius
2949 1579 2963 1603 ,
2991 1552 3112 1594 cum
3142 1540 3385 1609 inceptum
3409 1554 3618 1593 sermonem

2159 1630 2237 1684 sic
2266 1630 2626 1700 prosequitur.
2652 1630 2854 1686 «Servo
2880 1630 3194 1702 quibusdam
3218 1631 3503 1686 cznremoniis
3519 1631 3626 1683 inter-

453 1719 593 1772 Sides
644 1727 696 1773 ει
732 1717 872 1773 die“
922 1717 1195 1786 Ιοείυηίω
1221 1735 1242 1769 ³
1281 1714 1303 1788 (
1336 1713 1711 1771 Amm-“lib-
1746 1728 1842 1779 VII.
1873 1712 1928 1767 ίη
1953 1712 2047 1780 ﬁ"-
2081 1726 2131 1785 B
2157 1714 2317 1777 esse"
2337 1716 2608 1792 piaculare
2638 1723 2897 1796 flagitium
2946 1734 3052 1780 est.
3089 1745 3108 1777 ι
3142 1723 3354 1779 Tantum
3398 1730 3535 1776 autem
3567 1722 3627 1775 fuit

436 1812 575 1884 φης.
607 1811 775 1879 πθ.)

527 1905 665 1971 Quid
692 1905 881 1973 plura?
911 1904 1198 1974 Dionysius
1228 1902 1669 1957 Halicarnasseus
1699 1898 1931 1954 monitos
1954 1910 2053 1953 nos

469 1998 594 2052 fecit
621 1997 771 2051 nefas
800 1997 926 2050 viris
984 1996 1154 2050 fuisse
1203 1996 1254 2049 in
1306 1993 1486 2049 Vestae
1541 1992 1662 2046 fano
1709 1998 2051 2061 pernoctare.

464 2089 647 2159 Neque
676 2090 837 2144 etiam
881 2088 985 2142 illis
1013 2088 1065 2142 in
1097 2087 1260 2141 Bome
1287 2085 1403 2141 dere
1429 2085 1684 2154 templum
1711 2084 1881 2150 ullus,
1913 2083 2054 2139 sicut

464 2182 768 2238 Macrobius
787 2220 804 2245 ,
835 2179 1260 2249 l‘lutarcliusque
1287 2187 1573 2243 testantur,
1614 2176 1830 2247 patebat
1854 2174 2052 2230 aditus.

465 2278 628 2335 Addit
673 2292 802 2332 vero
851 2276 951 2330 iste
1001 2274 1445 2345 quotiescumque
1487 2271 1745 2327 mulieres
1798 2283 2056 2340 quacum-

469 2388 575 2442 que
602 2372 652 2425 in
680 2370 843 2424 domo
871 2367 1064 2422 festum
1101 2367 1245 2421 illius
1266 2375 1523 2435 agerent,
1549 2378 1610 2418 ea
1634 2362 1883 2419 omnibus
1902 2361 2052 2427 viris,

466 2476 627 2533 atque
668 2462 834 2532 ipsius
872 2459 1038 2515 etiam
1062 2458 1256 2513 domus
1298 2456 1520 2513 domino
1552 2457 1706 2525 plane
1730 2452 2053 2511 cedendum.

462 2558 797 2627 Quapropter
814 2550 1005 2607 Cicero
1032 2559 1141 2605 tota
1165 2550 1488 2621 eloquentia}
1507 2564 1618 2604 suae
1638 2549 1688 2601 vi
1711 2547 1764 2601 in
1786 2544 2051 2609 Clodium,

465 2651 620 2719 cujus
648 2648 809 2703 etiam
840 2643 1158 2699 Plutarchus
1204 2642 1324 2699 loco
1370 2642 1531 2696 citato
1581 2639 1855 2704 meminit,
1903 2638 2057 2695 inve-

465 2741 627 2807 liitur,
679 2738 821 2808 quod
864 2752 927 2792 ea
971 2751 1124 2792 sacra
1173 2735 1444 2806 aspexerit
1485 2749 1548 2789 ac
1597 2730 1907 2794 violaverit,
1939 2744 2058 2799 quae

467 2834 569 2889 \iri
600 2849 668 2888 ne
712 2830 1068 2902 imprudentis
1095 2828 1315 2899 quidem
1345 2826 1518 2882 oculis
1547 2824 1786 2895 conspici
1816 2824 1893 2879 fas
1919 2829 2054 2878 erat.

458 2928 699 3001 (Dionys.
723 2924 1060 2979 Halicar.lib.
1083 2939 1142 2989 ιι,
1164 2922 1336 2992 Antiq.
1374 2919 1557 2985 Rom,
1593 2928 1714 2991 pag'.
1767 2917 1896 2981 127;
1931 2914 2061 2971 Plu-

462 3019 838 3084 tarch.Qumt.
870 3016 1094 3087 Rapum.
1138 3028 1258 3087 pag.
1288 3013 1420 3077 168;
1469 3010 1699 3065 Macrob.
1747 3007 1834 3064 lib.
1868 3025 1903 3063 ι.
1953 3006 2060 3063 Sa-

463 3208 629 3264 Cicer.
661 3215 792 3262 orat.
842 3204 937 3268 '50,
981 3202 1047 3255 de
1068 3197 1307 3268 Aruspic.
1337 3210 1569 3266 respue,
1603 3210 1723 3265 pag.
1748 3193 1876 3259 455,
1907 3192 2001 3247 lin.
2028 3194 2061 3246 6

465 3313 512 3357 et
541 3318 645 3371 seq.
675 3310 722 3354 et
750 3307 881 3352 orat.
914 3296 1008 3362 29,
1041 3309 1162 3365 pag.
1195 3292 1324 3359 420,
1354 3291 1447 3345 lin.
1475 3289 1605 3360 9.8.)

537 3392 903 3461 Scriptoribus
947 3398 1124 3445 autem
1152 3386 1354 3442 Graecis
1401 3400 1463 3440 ac
1513 3383 1720 3439 Latinis
1771 3382 2063 3439 concinuut

470 3495 642 3558 poetae
663 3524 678 3550 ,
704 3491 759 3539 et
778 3480 1022 3537 Tibullus
1051 3480 1266 3550 quidem
1307 3479 1409 3533 hoc
1432 3492 1590 3532 versu
1616 3494 1630 3531 :
1842 3474 1874 3484 ’³

620 3595 769 3644 Sacra
789 3592 939 3643 Bonae
961 3592 1175 3641 maribus
1206 3602 1304 3640 non
1332 3588 1565 3639 adeunda
1587 3586 1716 3637 deae.

1178 3673 1406 3737 (Tibul|.,
1430 3672 1464 3721 ι.
1489 3686 1527 3733 ι,
1554 3669 1712 3736 διες,
1737 3670 1814 3733 e.)

470 3782 784 3857 Propertius
812 3797 1024 3853 quoque
1054 3778 1138 3835 bis
1158 3779 1367 3836 duobus
1392 3777 1720 3835 carminibus
1747 3793 1761 3832 :

596 3896 849 3948 Femineae
866 3894 970 3944 loca
991 3891 1152 3942 clausa
1173 3892 1301 3950 deae,
1324 3890 1589 3953 fontesque
1609 3888 1829 3953 piandos,

720 3955 928 4022 Impune
945 3962 997 4007 et
1012 3953 1161 4005 nullis
1180 3944 1320 4003 sacra
1342 3944 1536 4004 retecti
1557 3944 1692 4002 vliis.

1158 4038 1355 4100 (Prop.,
1377 4036 1413 4085 l.
1438 4049 1505 4097 tv,
1530 4033 1691 4100 Eleg.,
1718 4034 1817 4096 l0.)

542 4153 724 4224 Neque
753 4150 897 4206 viros
927 4156 1132 4204 tantum
1154 4187 1169 4214 ,
1212 4145 1306 4201 sed
1359 4144 1569 4198 illorum
1616 4142 1777 4198 etiam
1810 4139 2069 4211 imagines

470 4247 596 4303 inde
625 4245 875 4301 exclusas
916 4241 1084 4296 fuisse
1127 4247 1317 4294 auctor
1369 4235 1524 4292 nobis
1574 4242 1658 4289 est
1696 4232 1902 4289 Seneca
1954 4231 2066 4300 (lib.

470 4356 581 4409 xvi,
611 4340 761 4411 epist.
793 4337 852 4406 ‘2,
884 4352 1004 4407 pag.
1038 4330 1191 4406 404),
1243 4341 1298 4388 et
1344 4327 1617 4387 Juvenalis
1648 4326 1731 4382 bis
1778 4324 2023 4381 versibus
2051 4338 2066 4377 :

814 4484 829 4499 .
897 4482 909 4495 .
980 4481 992 4494 .
1060 4443 1154 4493 Ubi
1172 4443 1326 4494 velari
1350 4439 1792 4506 picturajubetur,

566 4512 897 4574 Quaecumque
921 4507 1130 4558 alterius
1150 4518 1304 4556 sexus
1327 4504 1510 4554 imitata
1527 4504 1732 4565 figuram
1751 4507 1847 4551 est.

1335 4586 1561 4648 (Juven.,
1587 4589 1754 4653 Satyr.
1781 4586 1832 4646 ϐ,
1856 4596 1903 4635 υ.
1929 4583 2067 4648 539.)

546 4706 616 4757 At
642 4699 878 4755 vicissim
924 4695 1138 4753 feminis
1175 4695 1419 4766 quaedam
1467 4694 1705 4748 virorum
1737 4706 1888 4747 sacra
1919 4689 2069 4745 adire

471 4810 578 4851 non
610 4794 787 4848 minus
814 4790 1078 4860 piaculum
1109 4807 1121 4842 :
1157 4803 1177 4838 ι
1217 4784 1482 4841 Nonnulla
1507 4827 1521 4851 ,
1552 4785 1626 4838 ait
1657 4798 1868 4838 rursum
1899 4781 2071 4837 Minu-

468 4887 583 4941 cius
607 4925 621 4950 ,
666 4883 867 4951 absque
918 4878 1134 4935 feminis
1183 4890 1335 4932 sacra
1382 4882 1548 4940 sunt,
1586 4891 1605 4926 ι
1639 4874 1763 4943 quia
1799 4891 1817 4924 ι
1857 4872 2069 4927 Hercu-

469 4980 660 5041 laneo,
716 4974 887 5044 inquit
942 4974 1009 5027 A.
1058 4970 1296 5037 Gellius,
1359 4968 1625 5024 sacrificio
1689 4966 1963 5021 abstinent
2042 4984 2060 5017 ι

469 5071 487 5142 (
517 5069 647 5126 Gell.
695 5067 780 5122 lib.
837 5081 913 5120 XI.
963 5061 1120 5117 Noct.
1152 5061 1304 5116 Attic.
1330 5101 1345 5128 ,
1375 5066 1489 5132 cdp.
1521 5059 1576 5123 6,
1611 5075 1728 5129 pag.
1762 5046 1927 5129 586).
1965 5057 2070 5112 Ra-

476 5166 675 5219 tionem
728 5160 887 5230 hujus
936 5155 1204 5212 interdicti
1258 5155 1397 5210 lianc
1437 5151 1737 5208 Macrobius
1788 5149 2067 5206 reddidit:

479 5277 496 5309 ι
538 5254 750 5313 Herculi
773 5295 788 5322 ,
816 5267 941 5308 cum
975 5251 1138 5306 boves
1166 5248 1430 5321 Geryonis
1460 5262 1557 5318 per
1588 5245 1751 5301 Italiae
1780 5256 1939 5315 agros
1963 5244 2068 5299 du-

469 5360 649 5414 ceret,
682 5347 884 5403 sitienti
910 5344 1189 5415 respondit
1219 5344 1411 5399 mulier
1432 5350 1623 5412 aquam‘
1667 5354 1727 5395 se
1767 5344 1872 5393 non
1908 5353 2069 5408 posse

470 5452 763 5514 priestare,
809 5439 950 5510 quod
980 5438 1300 5495 feminarum
1338 5435 1453 5491 deae
1499 5431 1869 5490 celebraretur
1910 5430 2027 5487 dies
2050 5474 2064 5498 ,

471 5552 568 5591 nec
611 5551 683 5591 ex
714 5550 779 5589 eu
805 5540 1063 5603 apparatu
1104 5531 1233 5585 viris
1280 5537 1497 5598 gustare
1525 5523 1606 5580 fas
1636 5531 1806 5579 esset.
1838 5521 2067 5592 PrOpter

467 5628 609 5698 quod
637 5625 895 5682 Hercules
941 5622 1179 5678 facturus
1211 5634 1424 5675 sacrum
1473 5617 1773 5672 detestatus
1814 5621 1899 5668 est
1928 5628 2067 5683 pra:-

468 5721 690 5776 sentiam
721 5716 1041 5783 mulierum,
1087 5722 1143 5772 et
1185 5712 1363 5769 Potito
1408 5725 1470 5766 ac
1503 5709 1742 5778 Pinario,
1792 5721 2070 5763 sacrorum

2158 1810 2492 1871 illud's'celns
2512 1857 2527 1880 ,
2561 1832 2625 1871 ac
2653 1816 2753 1871 diis
2782 1814 2918 1872 adeo
2938 1860 2952 1885 ,
2988 1817 3062 1871 uti
3087 1817 3445 1874 somniaveram
3460 1811 3629 1883 gentiles,

2157 1910 2438 1975 odiosum;
2473 1918 2528 1964 ut
2568 1910 2747 1965 Potitii
2792 1926 2979 1967 omnes
3009 1911 3061 1964 in
3089 1908 3352 1964 duodecim
3380 1905 3557 1960 familias
3576 1903 3629 1957 ifi-

2160 2002 2292 2069 visi,
2339 2002 2430 2073 qui
2476 2014 2694 2058 auctore
2744 2004 2915 2075 Appio
2940 2047 2954 2071 ,
2989 2018 3142 2058 sacra
3173 2000 3397 2056 Herculis
3420 1997 3472 2052 ad
3495 1995 3632 2050 humile

2158 2108 2435 2148 servorum
2485 2093 2842 2150 ministerium
2885 2092 3290 2158 transtulerant,
3346 2090 3460 2145 intra
3498 2100 3631 2141 annum

2157 2187 2378 2243 extincti
2408 2186 2637 2255 fuerint;
2670 2188 2782 2258 ipse
2804 2204 2934 2243 vero
2985 2187 3189 2258 Appius
3216 2194 3327 2256 post
3348 2184 3512 2253 aliquot
3526 2194 3637 2235 annos

2160 2281 2449 2339 luminibus
2479 2283 2719 2338 orbatus.
2752 2284 3011 2351 Quamvis
3042 2291 3217 2338 autem
3248 2278 3354 2334 haec
3376 2276 3548 2333 deorum
3566 2272 3641 2326 vin-

2159 2375 2300 2431 dicta
2329 2375 2707 2451 falsapromus
2739 2376 2967 2447 fictaque
3015 2391 3162 2430 sana:
3204 2373 3380 2428 mentis
3422 2364 3641 2424 hominibus

2159 2467 2355 2525 merito
2397 2470 2679 2543 videatur;
2730 2482 3041 2547 cumtamen
3092 2467 3159 2521 ab
3204 2465 3426 2521 Etlinicis
3454 2472 3639 2530 tamquam

2160 2563 2380 2617 omnino
2405 2578 2582 2617 veram
2609 2572 2918 2634 certamque
2942 2562 3266 2618 venditatam
3291 2574 3398 2615 esse
3419 2566 3544 2612 testes
3561 2560 3642 2607 Slllll

2160 2646 2315 2732 Titus
2369 2640 2587 2721 Livius,
2634 2654 2878 2710 Valerius
2932 2655 3231 2716 Maximus,
3276 2654 3452 2706 Auctor
3488 2647 3573 2702 libri
3603 2643 3644 2698 de

2161 2714 2379 2820 Obigin'e
2404 2746 2580 2821 gentis
2600 2748 2884 2828 Romanas,
2906 2748 3175 2827 Aurelius
3194 2746 3385 2812 Victor,
3428 2738 3671 2798 Laclantius.

3700 2378 3725 2695 ἐ

2163 2853 2217 2900 et
2244 2835 2335 2899 alii
2389 2843 2543 2916 (Liv.
2571 2844 2658 2898 lib.
2692 2860 2730 2909 ι,
2768 2822 3098 2916 ξείναιεν.
3129 2840 3269 2896 Max.
3300 2838 3377 2894 lib.
3421 2854 3464 2901 ι,
3501 2850 3583 2900 cap.
3614 2830 3642 2892 ί,
3722 2840 3723 2845 ‘

2167 2934 2195 3006 §
2234 2936 2318 2999 l7;
2351 2936 2497 2989 Auct.
2530 2935 2645 2989 libr.
2679 2944 2815 3005 gent.
2849 2934 3003 2988 Ro’in.
3062 2942 3181 3005 pag.
3236 2930 3371 2996 50‘;
3392 2927 3532 2982 Aurel.
3561 2922 3643 2974 Vict.
3722 2980 3723 2985 η

2164 3028 2228 3082 de
2274 3025 2406 3082 Viris
2426 3027 2614 3082 illustr.
2708 3026 2799 3095 '54;
2830 3020 3050 3082 Lactan.
3084 3026 3170 3082 lib.
3200 3040 3254 3079 ll.
3286 3021 3485 3077 lectitat.
3512 3030 3593 3087 cap.
3615 3014 3645 3075 7.

464 3113 655 3169 tumul.
684 3128 800 3182 cap.
832 3110 902 3165 13
929 3127 943 3175 ;
979 3107 1247 3162 Plutarch.
1279 3105 1333 3158 in
1361 3102 1478 3158 Vita
1503 3100 1752 3167 Cresam,
1787 3099 2061 3194 pug._7l5;
2092 3113 2139 3177 ρ
2172 3140 2292 3194 pag.
2330 3123 2475 3191 175).
2655 3092 2679 3100 ’
2787 3092 2795 3095 ’
3718 3092 3723 3101 Α

2236 3214 2498 3285 Opinatur
2526 3222 2788 3283 prieterea
2826 3212 3099 3268 Meursius
3150 3211 3379 3282 (aleam,
3407 3209 3439 3262 l.
3464 3198 3651 3269 intime.

2165 3311 2384 3384 feriatae,
2415 3322 2467 3379 p.
2506 3307 2630 3373 800,
2660 3316 2793 3362 tom.
2816 3307 2868 3360 7.
2900 3306 3078 3375 Antiq.
3110 3302 3340 3377 graecam)
3373 3297 3513 3355 servis
3540 3287 3649 3346 ancil

2165 3383 2338 3474 lisque
2366 3401 2612 3465 vetitum,
2647 3415 2717 3454 ne
2755 3397 2824 3454 ad
2869 3397 3298 3468 thesmophoria,
3321 3390 3499 3448 Cereris
3515 3383 3655 3441 scilicel

2166 3510 2318 3552 sacra
2358 3492 2713 3559 accederent,
2746 3500 2905 3561 atque
2928 3491 3001 3546 in
3033 3489 3303 3563 opinionis
3329 3499 3425 3541 sua:
3447 3477 3652 3536 coelum
3724 3474 3725 3479 “

2168 3591 2369 3646 tionem
2413 3587 2512 3642 hos
2541 3584 2935 3656 Aristophanis,
2961 3586 3116 3642 nullo
3140 3594 3315 3641 tamen
3339 3571 3654 3637 iudieatolocoi

2167 3684 2300 3740 citat
2330 3694 2520 3738 versus
2551 3697 2565 3734 :

2510 3834 2519 3844 .
2553 3834 2565 3845 .
2599 3833 2610 3844 .
2643 3807 2688 3844 Σὺ
2709 3801 2745 3845 δ’
2776 3800 2862 3845 ἅπιο
2884 3799 2913 3857 ᾧ
2930 3808 3072 3855 Θρίττ¹
3094 3808 3134 3844 ix
3156 3800 3290 3850 ποδῶν,

2507 3869 2655 3915 Mittit;
2677 3869 2746 3921 γὰρ
2769 3868 2835 3908 οὒκ
2856 3868 2974 3911 Ιξιστ¹
2998 3869 3149 3908 dum“
3171 3874 3241 3908 τῦν
3252 3867 3367 3916 λόγων

2329 4001 2340 4013 .
2444 4001 2454 4013 .
2557 3999 2570 4013 .
2668 3962 2740 4013 Tu
2761 3976 2880 4013 vero
2903 3963 3003 4018 abi,
3030 3977 3063 4012 ο
3080 3960 3273 4019 ancilla,
3291 3972 3319 4009 e
3339 3951 3479 4011 medio;

2325 4027 2495 4077 Servis
2522 4026 2657 4075 enim
2681 4039 2777 4077 non
2799 4025 2914 4075 licet
2932 4025 3113 4076 audire
3138 4024 3304 4075 verba.

2652 4106 2925 4171 Aristoph,
2945 4108 3195 4169 conciam,
3218 4110 3309 4157 aet.
3332 4100 3433 4164 ἦν.
3456 4090 3555 4153 164.)

2172 4218 2229 4273 ln
2278 4217 2421 4272 illius
2461 4226 2637 4271 autem
2683 4214 2984 4279 comoedia,
3028 4213 3415 4269 Concionantes
3452 4194 3656 4260 inserit)”.

2174 4310 2539 4367 inveniuntur.
2589 4308 2719 4376 Quis
2768 4322 2896 4378 ergo
2948 4323 3012 4362 ex
3066 4306 3325 4361 hactenus
3367 4294 3522 4354 dictis.
3554 4283 3663 4354 ιιιιιθ

2175 4416 2279 4459 non
2332 4403 2623 4475 perspiciat
2664 4415 2768 4472 quo
2808 4402 2930 4471 jure
2972 4399 3289 4456 Lactantius
3327 4387 3492 4449 dixerit
3513 4382 3662 4437 Roma,

2093 4505 2147 4566 1)
2177 4508 2229 4552 et
2275 4497 2326 4550 in
2375 4494 2647 4565 plerisque
2693 4495 2813 4549 aliis
2858 4493 3082 4549 urbibus
3133 4506 3259 4548 esse
3299 4482 3509 4558 quadam
3533 4481 3664 4566 sam}

2173 4605 2294 4661 quae
2327 4586 2475 4644 nefas
2504 4599 2620 4644 erat
2649 4604 2674 4641 a
2706 4587 2837 4642 viris
2863 4587 3065 4657 aspici,
3116 4601 3182 4640 ac
3226 4581 3489 4639 sceleratos
3512 4559 3666 4622 haberi.

2171 4660 2261 4755 qui
2289 4681 2501 4747 Vestio,
2557 4688 2649 4735 aut
2706 4680 2865 4735 Burin:
2909 4680 3054 4747 deic,
3093 4682 3187 4734 aut
3210 4670 3411 4731 Cereris
3430 4662 3592 4755 adem.
3618 4660 3671 4755 l3"

2173 4751 2331 4833 metsi
2369 4774 2437 4829 ab
2465 4775 2595 4844 ipsis
2617 4775 2747 4830 viris
2774 4772 3086 4829 fabricatam
3118 4751 3670 4827 intraverintlﬂwm

2173 4872 2261 4926 lib.
2298 4887 2374 4926 Ill.
2406 4870 2508 4925 div.
2545 4868 2702 4935 Inst,
2734 4886 2849 4938 cap.
2884 4869 2968 4929 10.
2996 4884 3120 4937 pag.
3148 4862 3304 4936 507.)

2248 4966 2487 5035 Denique
2522 4964 2823 5018 Minucius:
2864 4982 2883 5015 ι
2922 4961 3040 5018 Alia
3070 4977 3225 5016 sacra
3247 5002 3262 5027 ,
3298 4956 3479 5029 inquit,
3519 4938 3672 5035 9072""

2174 5028 2415 5123 univira,
2462 5056 2563 5111 alia
2604 5055 2894 5111 multivira.
2935 5074 2953 5108 ι
2990 5054 3163 5110 Recte
3203 5028 3672 5123 quideni.ApiidTer-

2176 5148 2459 5204 tullianum
2525 5148 2668 5204 enim
2723 5148 2996 5220 legimus:
3035 5165 3056 5198 ι
3098 5146 3351 5201 Fortunte
3389 5126 3586 5194 Muliebri
3616 5132 3674 5217 ι’ος

2173 5258 2361 5297 ronam
2407 5255 2513 5297 non
2566 5242 2792 5312 imponit
2840 5240 2942 5295 nisi
2992 5239 3241 5305 univira,
3289 5236 3420 5291 sicut
3456 5239 3537 5284 nec
3570 5220 3672 5313 “le1

2173 5332 2422 5400 Matutae,
2456 5353 2474 5386 ι
2511 5333 2562 5387 id
2609 5344 2724 5399 est,
2776 5330 2872 5389 lno
2921 5334 3045 5388 filim
3076 5331 3304 5394 Cadmi,
3350 5332 3400 5382 et
3425 5314 3675 5377 Athamantis

2174 5428 2365 5494 uxori,
2416 5442 2574 5495 quam
2603 5426 2773 5482 Graeci
2800 5432 3069 5482 Λευκοθέαν
3099 5423 3381 5479 vocabant.
3413 5400 3671 5489 (Tﬂll‘um'

2172 5520 2259 5574 lib.
2279 5520 2343 5574 de
2372 5517 2609 5589 Monog.,
2634 5535 2747 5589 cap.
2780 5519 2899 5586 ηιμ,
2927 5536 3047 5590 pag.
3083 5515 3241 5586 688.)
3264 5513 3508 5581 Scriptum
3530 5500 3677 5590 quasi?

2173 5630 2203 5667 a
2239 5614 2491 5685 Dionysio
2519 5612 2926 5668 Halicarnasseo
2957 5610 3189 5680 legimus
3231 5603 3458 5678 ejusdem
3484 5585 3675 5650 Muliebris

2175 5705 2430 5763 Fortunae
2457 5706 2801 5761 simulacrum
2836 5721 2940 5761 non
2976 5702 3235 5761 coronari
3262 5697 3393 5754 vela
3421 5691 3494 5749 bis
3529 5686 3676 5749 ηυνιει
