3824 6282
232 228 312 287 alii
1597 224 2071 293 DISSERTATIO.

3362 250 3465 306 646

240 345 340 398 vcta
362 341 545 410 viduis,
573 342 673 399 sed
700 342 848 401 hunc
880 344 1137 403 honorem
1183 345 1316 401 solis
1363 360 1555 403 recens
1584 350 1765 419 nuptis
1790 355 1841 414 Α
1870 348 1998 403 titur
2022 355 2331 414 auctorem,
2363 350 2489 422 quid
2529 354 2808 424 gentilium
2841 358 3230 431 scripturarum
3263 362 3467 421 dimisit

243 436 392 492 deferri.
440 436 666 493 Servius
716 452 932 507 quoque
977 438 1227 495 observat
1274 437 1566 495 Fortunam
1616 441 1759 496 illam

240 528 513 595 Muliebrem,
555 543 652 583 seu
704 529 830 598 ejus
873 530 1213 586 simulacrum
1239 571 1256 596 ,
1304 545 1411 585 non
1454 534 1700 587 coronari
1731 548 1762 589 a

241 620 297 677 bis
345 621 500 689 nuptis
541 620 861 675 mulieribus
925 620 944 692 (
970 620 1188 694 Dionys.
1251 621 1486 679 Halicar.
1537 624 1626 678 lib.
1666 640 1763 680 vur

242 712 366 783 Antig.
396 711 533 768 Rom.
564 729 674 784 pag.
704 711 842 779 526;
869 712 1018 769 Serv.
1052 716 1106 770 in
1132 715 1223 771 lib.
1259 714 1567 772 tudinem.
1612 716 1757 789 Virg.

240 820 276 860 υ.
293 806 345 860 l9
362 806 396 876 i.

295 896 514 955 Ceterum
537 898 647 970 quis
670 898 812 955 adeo
840 898 1010 956 hebes
1054 901 1387 973 obtususque
1418 907 1558 959 esse
1588 912 1763 974 pmest

245 991 312 1061 qui
330 1006 381 1047 ex
395 990 468 1046 his
484 1030 499 1059 ,
526 1007 631 1063 qua:
655 991 926 1048 hactenus
951 996 1295 1065 exposuimus
1317 1037 1332 1064 ,
1380 1011 1486 1052 non
1519 998 1762 1067 protinus

245 1082 448 1152 intelligat
485 1099 626 1156 quam
655 1084 824 1151 impia
847 1126 865 1155 ,
915 1088 1156 1144 crudelia
1184 1100 1239 1144 et
1266 1090 1499 1145 absurda
1527 1091 1760 1160 fuerint,

244 1191 376 1240 sacra,
399 1179 542 1243 festa,
564 1178 866 1250 mysteria;
897 1196 1058 1250 quam
1085 1183 1485 1252 superstitiosi,
1511 1183 1759 1255 ridiculi,

240 1267 404 1323 infames
426 1270 573 1338 ritus,
604 1271 804 1341 quibus
838 1272 1054 1330 Ethnici
1079 1275 1211 1330 deos
1247 1292 1374 1333 suos
1403 1277 1583 1333 colere
1612 1278 1761 1334 arbi-

236 1362 483 1418 trabantur?
508 1364 611 1431 Qui
637 1367 785 1420 enim
814 1367 917 1423 nisi
947 1369 1104 1436 plane
1132 1370 1300 1426 lictitii
1345 1371 1452 1437 dii,
1480 1381 1536 1427 et
1583 1373 1761 1428 homi-

231 1456 344 1512 nibus
362 1469 489 1513 recta
513 1458 990 1535 rationegpraeditis
1014 1462 1314 1521 deteriores
1335 1506 1350 1531 ,
1380 1466 1484 1535 pati
1516 1476 1765 1535 poterant

228 1558 375 1603 satam
416 1548 575 1620 impio
622 1533 974 1624 absitrdoque
1011 1556 1156 1611 cultu
1207 1533 1760 1618 honorari‘i‘Nullum

226 1640 359 1709 itaque
381 1656 490 1697 esse
514 1653 797 1711 putamus,
831 1646 925 1715 qui
958 1646 1119 1715 inde,
1154 1658 1314 1719 atque
1357 1665 1424 1711 ex
1473 1651 1759 1719 omnibus,

1867 443 2159 496 intactum?
2194 462 2213 495 ι
2248 443 2574 516 (Hieronym.
2608 446 2775 504 Calai.
2807 453 2963 522 scrip.
2995 455 3115 509 εδει.
3151 454 3178 527 §
3206 457 3293 511 68.
3322 456 3468 512 Idem

1869 533 2037 603 Epist.
2071 535 2142 589 85
2195 537 2262 589 ad
2308 535 2451 609 ﬂag.
2510 557 2627 609 pag.
2684 541 2856 615 (65.)
2889 544 2958 599 At
3006 546 3050 599 si
3100 546 3464 620 Hieronymus

1866 632 1972 679 tam
2004 628 2178 682 solers
2204 634 2260 682 et
2314 630 2599 699 perspicax
2657 633 2917 690 librorum
2968 635 3268 708 indagator,
3324 642 3468 698 hunc

1865 731 2025 785 quem
2057 718 2259 788 legerat
2285 720 2499 788 librum,
2521 722 2736 781 Minucii
2770 742 2965 787 nomen
2998 729 3134 785 falso
3164 733 3468 802 prtetulisse

1865 812 2105 879 censuit,
2160 828 2263 884 qua
2318 816 2524 871 ratione
2588 818 2733 874 aliud
2784 824 2852 876 de
2901 822 2995 876 illo
3041 839 3179 891 nos,
3238 840 3465 895 quorum

1865 902 1919 958 in
1948 918 2138 958 manus
2165 920 2271 960 non
2304 907 2478 973 venit,
2505 908 2743 966 feremus
2765 912 3069 983 judicium?

1937 994 2359 1053 Admirationem
2386 1016 2517 1056 vero
2542 1001 2866 1073 quibusdam
2918 1006 2965 1062 is
3011 1024 3143 1066 sane
3194 1010 3462 1081 movebit,

1866 1086 1956 1156 qui
1988 1088 2261 1144 contendit
2287 1090 2575 1161 Minucium
2608 1095 2864 1164 Felicem,
2900 1101 3133 1157 maxima
3162 1106 3465 1173 argumenti

1867 1176 2029 1249 hujus
2067 1183 2328 1239 tractandi
2369 1184 2686 1243 difﬁcultate
2727 1189 3082 1261 deterritum,
3117 1212 3224 1250 non
3251 1198 3467 1254 stetisse

1867 1272 2183 1341 promissis,
2236 1290 2305 1331 ne
2331 1277 2532 1348 aliquid
2563 1287 2768 1336 temere
2792 1282 3018 1340 delinire
3047 1296 3351 1357 cogeretur.
3385 1289 3467 1342 Ali

1867 1359 1970 1416 hac
1998 1364 2276 1421 enimvero
2300 1367 2502 1423 insulsa
2523 1373 2887 1430 ostentatione
2914 1387 3005 1431 aut
3033 1378 3468 1438 dissimulatione

1866 1454 2030 1522 plane
2061 1456 2386 1515 abhorrebat
2418 1460 2680 1520 Minucius
2711 1477 2920 1537 noster,
2959 1469 3112 1541 cujus
3143 1472 3428 1543 singularis
3449 1516 3463 1539 ,

1867 1549 1943 1602 uti
1973 1549 2234 1619 vidimus,
2267 1553 2528 1611 modestia
2548 1600 2564 1628 ,
2593 1559 2907 1633 candorque
2933 1564 3099 1619 animi
3140 1575 3251 1622 toto
3276 1566 3329 1622 in
3369 1567 3469 1623 Oc-

1870 1642 1992 1696 tavii
2026 1643 2160 1698 libro
2190 1649 2407 1702 emicat.

224 1740 302 1788 tota
324 1731 409 1787 hac
432 1734 481 1786 in
510 1733 899 1792 dissertatione
924 1738 1212 1811 disputatis
1237 1782 1252 1806 ,
1282 1742 1626 1811 apertissime
1656 1757 1761 1797 non
1791 1749 1840 1811 Β
1940 1733 2044 1788 Alii
2083 1746 2260 1791 ίιυῑθηι
2289 1739 2580 1809 opinamur
2607 1742 2785 1799 οίιθιῖε
2807 1746 2923 1817 eius
2955 1746 3132 1804 verbis
3168 1748 3302 1803 "ibi!
3346 1765 3468 1817 βιό·

210 1825 358 1880 rideat
376 1841 524 1897 quam
550 1840 703 1885 certo
737 1838 795 1887 et
821 1830 1102 1889 evidenter
1130 1832 1391 1891 Minucius
1416 1835 1761 1892 demonstra-

221 1920 325 1972 rerit
346 1920 572 1975 nuntium
600 1921 686 1976 bis
718 1924 969 1980 nefandis
996 1926 1188 1981 ritibus
1208 1969 1224 1994 ,
1257 1930 1458 2000 totique
1478 1929 1759 2003 gentilium

216 2011 417 2082 religioni
448 2028 563 2069 esse
587 2017 976 2072 remittendum
998 2058 1014 2083 ,
1063 2035 1127 2075 ac
1154 2019 1503 2077 ebrietianam
1530 2023 1764 2093 Religio-

213 2118 338 2170 nem,
383 2121 492 2175 quae
541 2107 671 2163 nihil
730 2109 837 2164 nisi
893 2121 1138 2181 rectum,
1194 2114 1375 2185 pium,
1420 2127 1474 2172 et
1516 2128 1760 2172 sanctum

205 2194 364 2263 docet,
402 2198 466 2254 ab
506 2199 763 2256 omnibus
800 2203 1199 2277 suscipiendam
1250 2220 1372 2262 esse
1419 2216 1475 2262 et
1523 2209 1762 2280 amplec-

198 2285 402 2344 tendam.

724 2426 957 2486 CAPUT
998 2423 1184 2488 XXIII.

178 2551 245 2593 »ε
280 2555 481 2603 ουοωιι
509 2559 683 2611 ωηο,
708 2560 855 2610 QUEII
892 2562 1135 2604 IUNUCIUS
1162 2562 1224 2603 SE
1264 2564 1599 2607 εοωρτωωκ
1628 2566 1760 2609 ιιιιο-

242 2644 442 2689 ωειδεε
465 2650 711 2707 γωετιιιι,
747 2654 814 2695 ΔΟ
854 2653 925 2693 ΒΕ
960 2653 1251 2707 ΩωΒυΒυΑΙ
1297 2656 1447 2697 ιοοιε
1489 2657 1757 2713 οβεευιιιε,

195 2737 625 2811 νκοιειωωερυε
667 2745 1046 2787 SCRIPTORIBUS
1084 2748 1152 2789 ΕΤ
1186 2749 1381 2793 ATHEIS
1418 2750 1484 2795 ΑΒ
1509 2750 1628 2791 ιι.ιο
1656 2751 1759 2792 NE.

251 2831 488 2877 ιουτιε.

679 2975 982 3020 Ακτιουιυε
1017 2977 1228 3019 PRIMUS.

183 3062 356 3127 Utrum
406 3072 652 3132 Minucius
686 3078 948 3150 scripserit
977 3078 1164 3134 librum
1203 3079 1266 3136 de
1307 3076 1472 3148 Fato,
1517 3092 1606 3139 aut
1643 3100 1756 3139 eum

232 3179 283 3219 se
311 3167 563 3223 editurum
587 3173 924 3243 promiserit?
961 3183 1006 3228 et
1036 3173 1252 3229 obscura
1301 3177 1535 3247 quasdam
1587 3180 1755 3248 expli-

229 3268 418 3315 cantur
445 3261 654 3318 Minucii
687 3265 799 3320 loca
822 3308 836 3332 ,
887 3264 970 3321 ubi
1000 3267 1064 3322 de
1091 3270 1306 3324 marinis
1358 3270 1427 3324 ad
1471 3270 1615 3326 Ostia
1662 3272 1755 3327 Ti-

227 3346 413 3409 berina
435 3358 681 3425 lavacris,
718 3361 781 3415 de
807 3363 947 3431 feriis
976 3362 1261 3435 forensibus
1301 3374 1347 3419 et
1388 3371 1758 3435 autumnitate;

223 3448 359 3516 quid
403 3451 650 3507 substrata
700 3454 913 3509 navibus
964 3455 1177 3523 robora,
1223 3458 1337 3528 quis
1391 3448 1602 3529 puerilis
1655 3473 1754 3517 les.

223 3552 412 3599 tarum
481 3546 534 3602 in
598 3565 742 3603 mare
795 3551 1200 3622 jaculationibus
1268 3553 1457 3619 ludus,
1518 3555 1621 3610 sive
1668 3572 1759 3626 ep.

222 3639 595 3706 ostracismus;
657 3641 786 3710 quid
842 3643 974 3698 soles
1032 3645 1125 3700 alii
1180 3655 1332 3716 atque
1388 3647 1512 3712 alii,
1568 3664 1630 3701 ac
1696 3649 1760 3703 de

222 3730 460 3797 nebulis,
524 3731 771 3803 nubibus,
846 3735 1089 3806 fulgure,
1157 3737 1402 3808 Iahnius,
1473 3748 1519 3793 et
1594 3732 1759 3796 Luna:

222 3819 503 3879 laboribus.

222 3954 520 4017 Gentilium
573 3961 643 4017 de
686 3961 796 4018 fato
843 3978 1088 4021 errorem
1141 3967 1231 4023 ubi
1260 3967 1434 4038 rejicit
1458 3967 1750 4033 Minucius,

172 4037 231 4099 ibi
246 4044 321 4103 de
346 4048 436 4105 illo
448 4066 507 4107 se
520 4051 810 4122 aliquando
834 4054 1005 4113 fusius
1025 4037 1416 4129 disputaturum
1439 4062 1756 4130 pollicetur?

181 4147 201 4224 ς
227 4138 309 4199 Ac
331 4139 401 4197 de
422 4141 543 4211 fato,
578 4146 785 4214 inquit,
809 4148 969 4213 satis,
1000 4150 1082 4206 vel
1106 4152 1150 4205 si
1175 4167 1338 4220 pauca
1363 4168 1463 4224 pro
1491 4165 1751 4224 tempore,

179 4222 481 4299 disputaturi
539 4237 673 4295 alias
727 4250 783 4297 et
831 4241 1051 4300 uberius
1104 4254 1159 4298 et
1210 4222 1441 4315 plenius.
1495 4266 1515 4302 ι
1561 4222 1753 4304 Utrum

181 4329 365 4379 autem
388 4327 528 4387 ﬁdem
561 4333 878 4390 liberaverit
904 4350 1091 4403 suam,
1119 4337 1265 4394 diem
1309 4357 1417 4397 non
1463 4341 1615 4400 facile
1650 4353 1751 4401 est.

185 4404 407 4471 Fatetur
448 4422 693 4494 siquidem
745 4425 1106 4499 Hieronymus
1154 4432 1420 4501 publicam
1481 4435 1534 4490 in
1580 4436 1753 4492 lucem

1868 1827 2129 1895 missum,
2177 1830 2274 1886 sed
2305 1849 2599 1902 suSpensos
2648 1848 2853 1893 tantum
2895 1842 3114 1896 retineri
3161 1842 3464 1898 auditorum

1867 1920 2096 1975 animos.
2152 1921 2282 1976 Nam
2315 1923 2581 1983 Minucius
2632 1927 2777 1984 haud
2825 1931 2983 2001 plane
3027 1933 3256 1989 absimili
3307 1936 3466 1990 modo

1868 2011 2126 2069 dixerat:
2162 2034 2179 2066 ι
2239 2017 2400 2073 Multa
2450 2021 2516 2075 ad
2571 2021 2687 2078 lucc
2750 2037 3069 2096 suppetunt,
3137 2029 3190 2084 ni
3256 2031 3469 2087 festinet

1866 2106 2057 2161 oratio.
2100 2127 2120 2159 ι
2153 2108 2283 2176 Quae
2309 2113 2454 2166 enim
2479 2153 2493 2176 ,
2544 2114 2821 2185 inqttinut,
2854 2118 3002 2185 plura
3027 2118 3291 2176 Minucius
3320 2138 3426 2177 uno
3447 2165 3462 2192 ,

1866 2211 2026 2266 quam
2051 2200 2157 2254 alio
2184 2201 2308 2257 loco
2337 2206 2623 2274 promisit?
2654 2206 2759 2262 Sed
2802 2208 3143 2266 dissimulare
3182 2229 3291 2267 non
3337 2228 3464 2282 pos-

1866 2304 2054 2346 sumus
2087 2296 2505 2363 promissionem
2541 2299 2809 2368 prioribus
2837 2302 3048 2372 potius,
3097 2319 3257 2374 quam
3284 2316 3465 2374 poste-

1865 2384 2097 2440 rioribus
2125 2389 2305 2445 verbis
2330 2393 2580 2467 exprimi.
2614 2393 2690 2448 De
2720 2394 2822 2449 hoc
2846 2411 3008 2465 porro
3038 2396 3152 2452 sive
3178 2412 3465 2469 numquam

1865 2474 2031 2541 edito,
2061 2478 2175 2534 sive
2196 2480 2306 2548 jam
2336 2497 2365 2535 a
2393 2483 2552 2553 longo
2585 2495 2826 2556 tempore
2845 2486 3126 2557 deperdita
3147 2504 3311 2559 Opere
3332 2490 3465 2545 nihil

1864 2568 2019 2623 nobis
2048 2570 2281 2640 amplius
2305 2575 2587 2629 succurrit.

1939 2661 2017 2715 Ad
2049 2677 2110 2716 ea
2138 2661 2317 2733 itaque
2341 2667 2615 2721 veniamus
2643 2666 2857 2723 Minucii
2890 2672 3078 2737 verba,
3114 2688 3233 2742 quin
3261 2675 3459 2730 obscu-

1863 2754 2037 2810 ritatis
2066 2754 2265 2827 aliquid
2296 2757 2492 2814 habere
2521 2760 2786 2815 videntur.
2814 2763 2958 2819 Libri
2987 2772 3163 2819 autem
3195 2766 3278 2821 sui
3310 2769 3462 2823 initio

1863 2844 2142 2902 Octavium
2199 2850 2434 2919 appellat
2496 2848 2872 2908 ﬁdelissimum
2930 2870 3087 2911 suum
3145 2860 3463 2914 conturber-

1864 2937 2074 3003 ualent,
2116 2941 2242 3010 quia
2283 2942 2423 3009 apud
2463 2958 2551 3011 se,
2601 2960 2722 2999 cum
2768 2944 2997 3002 Romam
3046 2946 3329 3017 veniebat,
3381 2950 3464 3007 di-

1863 3031 2203 3101 versabatur,
2236 3045 2460 3106 eratque
2509 3037 2627 3106 ejus
2670 3038 2887 3110 hospes.
2918 3039 3051 3096 Cum
3094 3057 3160 3098 eo
3189 3052 3366 3099 autem
3398 3060 3463 3102 ac

1782 3140 1827 3204 ρ
1861 3122 2083 3180 Caecilio
2112 3128 2347 3182 marinas
2393 3128 2459 3185 ad
2483 3128 2632 3184 Ostia
2662 3129 2912 3188 Tiberina
2958 3133 3179 3193 balneas
3228 3152 3289 3192 se
3329 3137 3464 3206 peti-

1866 3217 2007 3273 visse
2037 3226 2281 3273 testatur.
2313 3221 2383 3274 At
2410 3233 2595 3290 postea
2619 3222 2947 3293 Augustinus
2974 3226 3043 3280 ibi
3073 3225 3230 3293 lavit,
3269 3230 3456 3298 «quia;

1863 3308 2037 3365 Graeci
2065 3320 2345 3381 βαλανεισν,
2380 3313 2585 3383 inquit,
2621 3316 2921 3385 «dixerint,
2965 3318 3110 3389 αυοά
3137 3320 3461 3375 anxietatem

1862 3402 2061 3471 pellat,
2103 3422 2121 3455 ι
2152 3403 2418 3460 Minucius
2443 3420 2573 3463 vero
2607 3408 2767 3467 tradit
2797 3425 2892 3466 eas
2918 3411 3187 3469 siccandis
3217 3415 3463 3485 corporis

1861 3490 2181 3551 humoribus
2203 3511 2309 3551 non
2346 3513 2531 3566 parum
2559 3514 2679 3555 esse
2727 3501 2886 3557 utiles
2918 3502 3226 3576 (Augustin.
3258 3505 3345 3560 lib.
3384 3523 3459 3564 ix.

1863 3583 2093 3654 Confess.
2126 3605 2242 3661 cap.
2281 3586 2392 3663 l2).
2421 3590 2609 3647 Nonne
2634 3604 2814 3649 autem
2857 3594 2961 3651 hoc
3004 3597 3311 3654 conﬁrmari
3340 3599 3465 3657 inde

1861 3690 2074 3749 potest,
2128 3682 2271 3753 quod
2305 3683 2596 3741 SuetOnius
2644 3689 2921 3745 memoriae
2976 3691 3211 3763 prodidit
3257 3692 3325 3748 de
3350 3695 3464 3749 Au-

1859 3780 2018 3842 gusto
2057 3772 2434 3844 lmperatore:
2473 3796 2491 3828 ι
2530 3777 2752 3847 Quoties
2798 3770 3088 3840 nervorum
3128 3800 3290 3841 causa
3346 3802 3463 3843 ma-

1859 3865 1990 3919 rinis
2022 3866 2339 3941 Albulisque
2368 3872 2558 3929 calidis
2580 3874 2838 3930 utendum
2859 3886 3026 3946 esset,
3051 3876 3156 3935 hoc
3179 3888 3465 3937 contentus

1860 3964 2015 4015 erat»
2037 3958 2278 4031 (Sueton.
2302 3963 2443 4020 lib.“
2463 3965 2724 4038 διαρκὴς
2755 3966 2880 4037 82).
2911 3970 2983 4024 At
3010 3969 3056 4023 si
3087 3971 3238 4026 nervi
3269 3969 3464 4041 laxati,

1858 4059 1914 4105 et
1940 4050 2253 4111 humoribus
2292 4057 2629 4114 remissiores
2659 4058 2778 4114 facti
2802 4101 2817 4127 ,
2844 4063 2998 4131 aquis
3036 4063 3257 4117 marinis
3285 4067 3463 4123 curari

1860 4153 2121 4212 possunt,
2153 4163 2332 4203 nonne
2359 4149 2461 4203 dici
2491 4148 2649 4205 etiam
2678 4158 2854 4219 potest
2882 4152 3196 4219 Minucium,
3228 4153 3455 4227 ejusque

1857 4235 2033 4289 socios
2087 4240 2333 4291 eamdem
2386 4239 2456 4293 ob
2500 4253 2716 4294 causam
2769 4254 2895 4296 usos
2924 4258 3047 4298 esse
3078 4243 3457 4302 Ostiensibus?

1861 4325 1940 4380 De
1966 4326 2167 4381 balneis
2217 4336 2374 4395 porr’o
2424 4329 2590 4384 libros
2642 4330 2956 4387 habemusa
3007 4335 3228 4390 medicis
3273 4353 3463 4398 recens

1858 4418 2033 4476 editos
2051 4460 2067 4485 ,
2094 4435 2228 4490 quos
2250 4421 2531 4478 consulere
2551 4423 2721 4479 cuivis
2753 4436 3055 4499 proruptum
3081 4438 3184 4484 est.

186 4504 444 4568 Ρωάϋεεο
473 4513 787 4589 inscriptum
836 4519 1119 4589 ipsiusmet
1160 4523 1374 4582 Minucii
1424 4529 1641 4584 nomine
1686 4530 1754 4587 de
1779 4531 1833 4595 D
1930 4511 2186 4567 Lavatum
2219 4524 2397 4570 autem
2426 4515 2689 4573 Minucius
2718 4518 2845 4575 illuc
2876 4521 3006 4589 ibat,
3038 4542 3057 4575 ί
3082 4539 3190 4596 quo
3217 4534 3463 4599 tempore

185 4589 315 4694 fato
341 4602 518 4662 librum
541 4652 557 4675 ,
589 4627 689 4667 seu
718 4611 1010 4683 dialogum,
1042 4615 1135 4669 sed
1163 4617 1255 4686 qui
1281 4618 1349 4672 ab
1375 4617 1581 4675 Octavii
1609 4623 1754 4694 stylo

1956 4603 2284 4660 vindemiam
2307 4647 2325 4675 ,
2358 4607 2562 4679 inquit,
2612 4609 2762 4667 ferite
2784 4613 3123 4684 judiciariam
3155 4634 3338 4676 curam
3369 4636 3461 4678 re-

188 4686 469 4768 discrepare
513 4703 616 4758 sibi
662 4704 966 4759 videbatur.
1019 4705 1146 4775 Quis
1203 4707 1365 4779 igitur
1411 4711 1552 4767 hunc
1599 4686 1751 4781 esse,

189 4794 331 4852 quem
373 4806 428 4848 se
468 4795 796 4867 scripturum
844 4802 1036 4853 auctor
1098 4810 1284 4856 noster
1337 4804 1576 4873 polliceri
1612 4808 1759 4863 visus

182 4887 286 4947 est,
311 4898 543 4944 asserere
570 4888 837 4945 audebit?
865 4891 933 4945 Et
959 4891 1010 4947 id
1038 4892 1252 4963 quidem
1296 4904 1352 4948 ut
1393 4897 1601 4964 planius
1631 4900 1723 4954 fiat
1741 4941 1755 4967 ,

177 4970 454 5034 ludlendus
480 4991 563 5036 est
585 4979 947 5052 Hieronymus
979 5001 992 5038 :
1031 5001 1049 5035 ε
1088 4982 1275 5050 Alius,
1305 4984 1411 5051 ait,
1467 4988 1601 5044 liber
1645 4992 1759 5047 sive

171 5066 343 5133 potius
365 5070 606 5145 dialogus
623 5114 640 5141 ,
674 5075 777 5129 sub
805 5074 1023 5130 nomine
1049 5075 1167 5147 ejus
1196 5076 1365 5132 fertur
1391 5077 1458 5135 de
1485 5080 1758 5150 Fato,~vel

171 5168 344 5216 contra
370 5162 814 5233 Mathematicus,
868 5168 960 5238 qui
1000 5179 1132 5228 'cum
1184 5168 1257 5225 sit
1307 5180 1361 5227 et
1417 5173 1532 5244 ipse
1571 5176 1761 5233 diserti

168 5247 425 5326 hominis,
476 5276 586 5317 non
644 5261 779 5317 mihi
812 5262 1023 5319 videtur
1048 5272 1168 5321 cum
1200 5269 1498 5338 superioris
1542 5268 1696 5335 libri,
1737 5288 1757 5323 ›

168 5342 359 5406 Octavii
388 5353 632 5421 scilicet,
668 5372 688 5404 ι
726 5353 868 5425 stylo
894 5358 1205 5417 convenire.
1245 5381 1264 5419 ι
1301 5360 1483 5437 Neque
1512 5361 1561 5417 id
1592 5361 1763 5418 semel

163 5434 354 5503 dixisse
377 5455 667 5502 mulcatus
692 5488 708 5513 ,
742 5445 809 5501 ad
838 5446 1085 5519 Magnum
1116 5453 1233 5509 haec
1259 5434 1448 5511 rursus
1476 5454 1542 5511 de
1572 5453 1762 5523 eodem

155 5537 298 5597 libro
320 5540 540 5614 scripsit
569 5557 582 5593 :
625 5558 645 5591 ε
684 5539 950 5597 Minucius
982 5542 1130 5601 Felix
1150 5587 1166 5614 ,
1203 5548 1508 5617 causidicus
1534 5548 1765 5609 Romani

164 5630 293 5703 ῐοτί,
325 5634 382 5692 in
414 5634 558 5691 libro
584 5633 674 5689 cui
727 5634 912 5691 titulus
941 5637 1195 5697 Octavius
1239 5650 1353 5708 est,
1401 5652 1457 5699 et
1493 5645 1549 5696 in
1591 5642 1765 5698 altero

188 5726 338 5787 “intra
371 5725 817 5795 Mathematicus,
846 5729 892 5784 si
922 5737 1098 5789 tamen
1140 5735 1422 5808 inscriptio
1467 5751 1574 5793 non
1622 5751 1766 5794 men-

1858 4696 2191 4752 laxaverant.
2221 4695 2354 4754 Nunt
2380 4709 2434 4756 et
2461 4700 2514 4757 id
2558 4704 2814 4775 temporis
2865 4718 2985 4777 post
3027 4710 3267 4766 testivam
3316 4712 3461 4773 diem

1861 4789 1913 4843 in
1961 4791 2278 4860 temperiem
2325 4805 2496 4850 semet
2538 4799 2867 4856 autumnitas
2895 4799 3178 4873 dirigebat.
3218 4822 3238 4859 ι
3276 4803 3351 4861 De
3379 4790 3461 4863 bis

1861 4881 2169 4939 forensibus
2196 4886 2347 4941 feriis
2376 4886 2492 4944 haec
2520 4891 2663 4947 canit
2691 4891 2894 4949 Statius
2920 4911 2934 4948 :

1956 4995 2107 5070 gerte
2118 4999 2218 5060 jam
2240 4998 2374 5070 latiae
2394 5013 2491 5051 non
2514 5004 2727 5070 miscent
2742 5004 2908 5070 jurgia
2927 5007 3088 5070 leges,

2042 5056 2210 5132 pacem
2230 5063 2378 5136 piger
2402 5056 3308 5136 annus_habe_t;integesque'reversa

1956 5118 2207 5186 pinnis-ere
2228 5118 2406 5182 forum,
2435 5137 2537 5186 nec
2553 5125 2654 5186 jam
2679 5118 2769 5178 tibi
2795 5118 2937 5180 turba
2954 5118 3157 5184 residi}:

1959 5183 2242 5245 Vestiliuto,
2268 5183 2569 5248 querulique
2593 5200 2769 5250 rogant
2792 5195 2937 5244 exire
2961 5183 3189 5257 clientes.

2111 5267 2282 5331 (Stat.,
2299 5267 2335 5316 ι.
2359 5265 2637 5334 tv,Sylvar.
2658 5271 2725 5322 ad
2737 5275 2969 5340 Marcel.,
2995 5291 3041 5329 υ.
3059 5281 3124 5330 56
3145 5288 3191 5335 et
3209 5287 3363 5350 seqq.)

1940 5373 2069 5430 Post
2145 5373 2260 5429 haec
2313 5373 2723 5433 Valentinianus
2776 5378 2972 5436 Junior
3024 5386 3465 5449 et'l‘beodosius

1867 5463 2088 5536 Magnus
2115 5465 2374 5523 harumce
2414 5466 2670 5524 feriarum
2698 5471 2929 5538 spatium
2952 5474 3164 5532 duobus
3189 5486 3465 5542 mensibus

1866 5556 2234 5614 circumscribi
2274 5558 2593 5627 voluerunt,
2642 5561 2766 5616 data
2816 5577 2961 5621 anno
3001 5566 3109 5623 589
3154 5569 3254 5627 hac
3306 5575 3462 5645 lege:

1876 5668 1893 5702 ι
1934 5651 2057 5707 Illos
2085 5661 2288 5709 tantum
2336 5651 2591 5711 feriarum
2646 5654 2762 5711 dies
2791 5656 2870 5712 fas
2896 5658 3030 5725 erit,
3063 5674 3201 5729 quos
3238 5666 3466 5733 geminis

1872 5741 2146 5801 mensibus
2197 5743 2265 5798 ad
2342 5743 2578 5816 requiem
2632 5745 2832 5807 laboris
2883 5748 3245 5823 indulgentior
3292 5770 3465 5816 amnis
