3730 6270
433 219 538 275 6i7

1680 204 1767 260 DE
1806 199 2063 259 MlNUCll
2099 198 2397 257 OCTAVIO

3471 231 3539 288 filii
3642 222 3643 313 ι

433 332 642 403 accepit
670 330 868 387 :estivis
899 325 1195 383 fervoribus
1226 320 1531 393 mitigandis
1560 325 1613 376 et
1639 317 1877 373 autumni
1926 316 1993 372 tce

2129 328 2193 368 ac
2225 331 2244 364 ι
2283 291 2624 406 congregatis
2650 307 2853 406 ignium
2896 310 3164 368 seminibus
3186 313 3308 377 Soles
3327 326 3540 406 alienique

438 427 581 482 tibus
630 417 1054 494 decerpendis.)
1092 417 1255 483 Vide,
1304 416 1348 470 si
1392 414 1559 477 velis,
1609 408 1927 467 Gotliofredi
1973 409 2025 462 in

437 517 575 572 hanc
599 517 770 585 legem
798 528 861 568 ac
881 507 1174 581 Tiraqneiii
1206 508 1258 563 in
1289 503 1580 561 Alexandri
1610 504 1772 557 libros
1799 507 2028 554 annota-

436 610 640 676 tiones,
671 617 726 663 et
759 606 983 661 aliorum
1014 604 1067 659 in
1095 603 1133 657 l.
1171 604 1198 658 1
1229 600 1285 657 ff.
1318 601 1385 656 de
1407 599 1598 655 Feriis.
1626 595 1893 652 Caeterum
1926 608 2027 647 no-

434 704 608 768 mine,
647 719 666 751 ‹
705 700 1061 765 autumnitas,
1109 716 1129 748 ›
1180 709 1283 752 non
1331 694 1476 749 solus
1523 690 1783 745 Minucius
1812 695 2026 753 noster,

431 793 528 850 sed
555 791 686 849 Cato
715 793 877 849 etiam
927 803 984 850 et
1032 789 1302 848 Arnobius
1350 770 1568 840 utuntur
1596 781 1749 856 (Cod.
1770 778 2028 845 Iheodos.,

434 887 570 941 titul.
619 886 683 940 de
731 883 922 954 Feriis,
953 886 1052 955 leg.
1074 884 1131 951 ἓ,
1165 893 1288 937 ιοιιι.
1315 896 1353 945 ι,
1379 897 1431 949 p.
1465 876 1596 939 12!;
1638 875 1813 941 Alex"
1855 872 1944 927 lib.
1975 886 2031 926 Ill

434 975 637 1031 Genial.
669 974 838 1041 Dier.,
862 992 980 1047 cap.
998 975 1089 1039 ‘20;
1119 973 1258 1036 Cat.,
1279 970 1447 1025 lib.de
1474 968 1547 1023 Re
1576 966 1751 1031 Rush,
1778 980 1897 1032 cap.
1918 961 1952 1017 5
1977 968 2033 1017 et

432 1068 583 1139 158).
614 1068 854 1138 Scaliger
884 1082 1014 1123 vero
1044 1066 1235 1121 alicubi
1266 1060 1644 1118 animadvertit
1669 1058 1772 1113 hoc
1813 1055 2032 1111 nomine

430 1159 720 1231 signiﬁcari
739 1158 969 1215 fructum
983 1156 1368 1223 autumnalem,
1385 1169 1557 1222 eoque
1577 1146 2028 1222 probatdisticito:

554 1250 685 1314 Cape
704 1251 832 1302 hanc
856 1252 1087 1301 caducam
1131 1248 1300 1314 Liberi
1326 1245 1521 1314 mollem
1542 1244 1724 1314 dapem

554 1307 635 1363 Dé
653 1314 826 1364 fronde
850 1313 1059 1364 Bromia:
1082 1310 1420 1361 antumnitatis
1441 1307 1653 1356 uvidam.

605 1363 809 1439 (Scalig.
833 1363 1003 1428 not.in
1029 1378 1180 1425 ναι-ι’.
1202 1370 1290 1422 tib.
1312 1387 1343 1421 v
1367 1369 1428 1420 de
1450 1367 1592 1434 Ling.
1618 1363 1756 1418 latin.
1786 1378 1835 1429 ρ.
1862 1364 1967 1426 79.)

510 1460 784 1516 Testatum
815 1459 1011 1516 deinde
1038 1457 1301 1513 Minucius
1330 1453 1457 1508 facit
1485 1466 1545 1507 se
1574 1449 1644 1505 ad
1673 1448 1727 1504 id
1780 1447 1886 1502 loci
1934 1461 2031 1501 ve-

432 1561 600 1624 nisse,
630 1576 649 1610 ι
685 1556 772 1612 ubi
801 1553 1079 1610 subductae
1106 1548 1386 1612 naviculae,
1414 1544 1700 1601 substratis
1724 1540 2027 1606 roboribus,

432 1670 465 1709 ιι
495 1664 702 1708 terrena
733 1649 854 1704 labe
900 1657 1179 1715 suspensae
1207 1640 1575 1713 quiescebant.
1615 1657 1635 1691 ι
1671 1636 1802 1704 Quae
1848 1643 2027 1689 autem

431 1743 633 1801 fuerint
684 1740 775 1795 illa
826 1712 1096 1793 substrata
1146 1712 1377 1799 robora,
1430 1731 1475 1786 si
1528 1731 1648 1799 quis
1693 1726 2025 1782 nauticarum
2056 1712 2104 1772 Β

433 1852 613 1896 rerum
646 1832 867 1889 scientia
891 1846 1077 1901 parum
1106 1827 1345 1883 imbutus
1373 1841 1405 1880 a
1429 1824 1586 1880 nobis
1619 1821 1881 1893 postulet,
1908 1833 2026 1874 res-

434 1928 789 2004 pondebimus
819 1926 982 1981 fuisse
1012 1938 1244 1995 quercea
1266 1963 1280 1988 ,
1314 1921 1503 1990 longa,
1532 1916 1759 1974 rotunda
1778 1957 1792 1980 ,
1821 1928 1886 1969 ac
1922 1911 2026 1968 du-

433 2024 644 2082 rissima
698 2019 871 2091 ligna,
932 2019 1045 2073 sive
1114 2026 1170 2071 nt
1221 2014 1437 2086 quidam
1499 2013 1808 2083 loquuntur,
1863 2008 2028 2063 fustes

432 2126 668 2182 teretes,
703 2113 789 2169 vel
818 2112 997 2167 trabes
1018 2153 1033 2177 ,
1067 2109 1265 2181 quibus
1295 2123 1457 2163 naves
1498 2106 1562 2161 ad
1595 2106 1741 2161 littus
1782 2112 1875 2158 aut
1905 2117 2029 2172 por-

441 2225 551 2271 tum
582 2222 765 2267 tractae
791 2208 1145 2266 elevabantnr
1169 2223 1196 2259 a
1233 2216 1406 2269 terra,
1442 2218 1509 2259 ne
1540 2208 1942 2273 putrescerent,
1973 2207 2029 2253 ct

430 2306 622 2363 iisdem
666 2303 719 2358 in
766 2302 987 2373 pelagus
1048 2306 1232 2370 postea
1277 2297 1691 2353 revebebantur.
1739 2293 1816 2347 Ea
1866 2305 2028 2362 porro

433 2398 623 2455 robora
652 2410 683 2449 a
708 2393 911 2451 Grzecis
934 2434 948 2457 ,
976 2390 1053 2446 uti
1081 2406 1111 2445 a
1146 2389 1362 2445 Polluce
1386 2397 1441 2444 et
1466 2386 1629 2443 Suida
1660 2384 2024 2446 observatum,

432 2498 688 2561 μάλιγγες,
729 2494 785 2542 et
811 2491 1101 2557 φαλλάγγες.
1149 2482 1511 2543 vocabantur,
1564 2495 1595 2533 a
1641 2478 1845 2533 Latinis
1897 2490 2028 2532 vero

431 2580 673 2655 pulvini,
706 2579 848 2635 sicut
870 2576 1107 2632 Isidorus
1138 2574 1222 2630 bis
1246 2574 1425 2629 verbis
1451 2571 1771 2643 significavit
1804 2586 1817 2621 :
1859 2587 1875 2620 ι
1912 2568 2031 2622 Pul-

432 2676 542 2729 vini
585 2681 711 2728 sunt
759 2670 1064 2733 machinae,
1115 2669 1310 2741 quibus
1360 2681 1525 2722 naves
1570 2664 1931 2725 deducuntur,
1974 2668 2029 2716 et

429 2768 802 2825 subducuntur
834 2785 852 2818 ι
908 2765 926 2835 (
958 2762 1095 2819 Polt.
1127 2763 1391 2817 Onomast.
1427 2760 1514 2814 lib.
1536 2774 1632 2824 vn,
1663 2773 1776 2828 cap.
1802 2755 1892 2821 '55,
1922 2753 2025 2825 §9,

429 2880 547 2937 pag.
577 2862 707 2928 δη,
739 2869 785 2915 et
813 2860 900 2913 lib.
934 2873 1133 2927 x,cap.
1165 2857 1257 2921 st,
1304 2870 1421 2923 pag.
1470 2850 1601 2915 tua;
1650 2849 1801 2904 Suid.
1850 2848 2029 2917 adpot-

430 2965 624 3026 Aaweg,
672 2951 865 3007 Isidor.
901 2950 989 3005 lib.
1025 2964 1117 3015 xx,
1144 2963 1261 3017 cap.
1291 2942 1392 3015 2).
1425 2941 1581 2997 Unde
1632 2939 1880 2995 Horatius
1930 2953 2026 2993 ca-

430 3047 593 3105 nebat
622 3087 636 3101 .
703 3115 918 3167 Solvitur
938 3113 1065 3163 acris
1084 3111 1258 3174 byems
1280 3112 1421 3169 grata
1435 3106 1541 3157 vice

894 3176 1044 3226 Veris
1068 3171 1302 3223 et‘i’avoui
1325 3184 1340 3230 ;

550 3241 873 3304 ’l‘rahuntque
910 3239 1067 3287 siccas
1091 3233 1327 3304 macbinte
1349 3232 1545 3304 carinas

1189 3295 1403 3358 (Horat.,
1427 3294 1462 3345 ι.
1486 3308 1523 3355 ι,
1551 3292 1675 3356 οιιε,
1701 3293 1774 3356 ι.)

499 3387 555 3444 Si
573 3364 693 3458 quis
715 3394 892 3440 tamen
912 3382 1179 3438 substrata
1197 3378 1413 3445 robora,
1444 3377 1636 3447 quibus
1655 3391 1818 3432 naves
1843 3375 2022 3447 quies-

427 3480 640 3544 cebant,
670 3494 701 3533 a
731 3475 993 3532 machinis
1022 3473 1213 3545 quibus
1251 3471 1617 3533 trahebantur,
1647 3466 2020 3541 distinguenda

427 3589 548 3631 esse
577 3573 725 3637 velit,
770 3570 821 3627 id
861 3569 907 3623 si
942 3567 1032 3623 ille
1069 3567 1394 3637 probaverit,
1425 3566 1570 3620 illico
1600 3564 1874 3621 cedemus.

498 3662 581 3717 Eo
625 3675 785 3731 porro
819 3659 924 3717 loci
967 3657 1228 3713 Minucius
1266 3666 1423 3711 nocte
1456 3671 1577 3711 cum
1616 3655 1825 3711 duobus
1860 3652 2022 3710 sociis

428 3756 540 3814 suis
578 3755 707 3811 vidit
752 3773 771 3809 ι
814 3768 1013 3827 pueros
1053 3750 1296 3808 certatim
1339 3751 1647 3820 gestientes,
1683 3759 1937 3805 testarum
1966 3746 2018 3803 in

427 3867 575 3908 mare
606 3849 1016 3926 iaculationibus
1041 3846 1227 3902 ludere
1261 3864 1307 3899 ι.
1353 3844 1581 3901 Pucrilis
1612 3844 1701 3900 ille
1731 3845 1887 3899 ludus
1912 3852 2016 3908 est,

426 3944 515 4016 qui
541 3943 609 3999 ab
640 3958 707 4000 eo
734 3956 841 3999 non
871 3942 1047 3997 minus
1073 3939 1244 4003 brevi,
1273 3948 1433 4009 quam
1458 3937 1685 4006 eleganti
1715 3936 2021 3991 narratione

424 4035 762 4095 describitur.
794 4036 842 4092 Α
892 4034 1095 4091 Grzecis
1123 4048 1251 4089 vero
1289 4030 1611 4102 appellatur,
1637 4035 2019 4100 ἕποστροικισμὸς

425 4141 586 4202 atque
607 4146 638 4186 a
666 4130 728 4185 P.
756 4128 899 4185 Juiio
925 4128 1142 4183 Polluce
1166 4128 1244 4181 sic
1273 4124 1569 4195 explicatur
1598 4141 1612 4175 -.
1645 4128 1670 4176 ὁ
1701 4127 1750 4175 δὲ
1785 4127 2021 4191 timorm:-

424 4228 605 4294 κισμός.
635 4207 879 4295 ὗσε-τράχον
897 4239 990 4278 τῶν
1016 4229 1291 4294 βαλθντιων
1317 4225 1441 4274 κατὰ
1476 4223 1564 4272 τοῦ
1600 4219 1768 4279 ὓδατος
1788 4223 2019 4277 ὶπιπολῆς

423 4325 636 4391 ἀφιᾶσιν,
665 4319 973 4388 ἀριθμοῦντες
997 4318 1147 4371 αὐτοῦ
1167 4318 1234 4369 τὰ
1245 4321 1338 4383 πρὸ
1359 4318 1442 4367 τοῦ
1467 4313 1733 4367 adradi)“:
1756 4312 2021 4376 πηδήματα

322 4456 325 4457 ν
423 4419 470 4468 ἕν
510 4426 569 4484 τῇ
625 4417 744 4482 ὑπὲρ
782 4420 837 4467 τὸ
890 4414 1010 4478 ὕδωρ
1060 4412 1319 4479 ἐπιδρομῇ.
1353 4411 1404 4460 ἐκ
1441 4411 1530 4477 γὰρ
1570 4411 1655 4461 τοῦ
1698 4410 1905 4465 πλιθους
1931 4418 2021 4457 τῶν

2130 407 2265 460 alios
2290 419 2501 474 semper
2524 402 2830 475 splendere,
2853 402 2930 456 sic
2948 404 3182 461 ειιπθΙπιῘε
3197 419 3321 468 lem
3338 402 3528 488 vaporibus

2133 500 2355 555 nebulas
2380 514 2594 565 semper
2618 498 2943 563 adolescere,
2990 501 3163 570 quibus
3183 476 3545 578 densatis
3642 484 3643 489 η

2134 609 2259 664 que,
2290 593 2457 647 nubes
2484 592 2645 647 altius
2682 607 2919 661 surgere,
2950 592 3120 648 iisdem
3148 596 3401 672 labentibus,
3423 610 3546 678 pluvias

2135 686 2324 751 ﬂuere,
2356 686 2487 742 flare
2516 697 2725 752 ventos,
2754 685 3034 757 grandines
3066 688 3323 761 increpare,
3345 701 3409 753 vel
3430 705 3547 764 nimbi,
3642 685 3643 764 ᾖ

2134 777 2529 843 collidentibus,
2561 778 2792 833 tonitrua
2821 778 3037 848 mugire,
3085 781 3276 838 rutilare
3311 785 3471 861 fulgura,
3491 796 3549 852 ful-

2136 870 2281 925 mina
2314 870 2654 940 praemicare.
2708 888 2726 922 ι
2759 867 3038 924 Garriebat
3080 870 3238 943 itaque
3273 876 3428 950 absque
3459 886 3549 948 ullius

2136 966 2329 1021 divina:
2354 964 2704 1035 provide..ti:e
2731 973 2877 1018 motu
2909 963 3021 1018 haec
3040 968 3203 1021 omnia
3224 974 3474 1032 naturalibus
3489 986 3551 1040 suis

2135 1060 2314 1115 causis
2342 1058 2505 1113 effici.
2524 1057 2615 1114 Sol
2635 1058 2832 1129 quippe
2852 1061 3169 1129 congregatis
3191 1060 3358 1131 ignium
3371 1072 3553 1133 εθιιιὶηίδω

2135 1150 2368 1217 fovetur,
2395 1165 2712 1221 semperque
2737 1148 3000 1219 splendet.
3028 1151 3170 1206 Soles
3187 1163 3340 1211 autem
3358 1159 3453 1215 alios
3465 1176 3555 1235 atque

2136 1244 2272 1297 alios
2300 1242 2482 1298 dicere
2527 1242 2736 1307 maluit,
2780 1240 2904 1311 quia
2949 1241 3039 1297 Sol
3075 1246 3215 1299 novis
3242 1259 3410 1317 seraper
3438 1254 3556 1323 ignium

2136 1335 2431 1392 seminibus
2472 1336 2728 1405 acceptis,
2763 1349 2934 1390 novus
2964 1333 3190 1405 alterque
3214 1339 3405 1408 quotidie
3435 1347 3559 1406 videtur

2136 1427 2367 1483 renasci.
2401 1426 2578 1482 Poetis
2615 1435 2797 1481 autem
2825 1426 3059 1481 insolens
3086 1440 3184 1482 non
3207 1438 3295 1491 est,
3317 1441 3361 1485 ut
3379 1433 3476 1491 soles
3493 1441 3559 1507 plu.

2136 1520 2233 1573 rali
2262 1533 2487 1575 numero
2510 1533 2607 1588 pro
2633 1517 2758 1574 Sole
2782 1517 2983 1574 dicant.
3012 1516 3243 1576 Omnium
3266 1521 3401 1578 instar
3415 1527 3513 1583 nobis
3523 1531 3563 1588 sit

2139 1614 2409 1686 Virgilius,
2436 1613 2528 1685 qui
2551 1613 2749 1670 cecinit
2783 1631 2798 1669 :

2232 1768 2262 1795 ._
2317 1769 2329 1781 .
2403 1768 2442 1795 ,Α
2573 1768 2584 1779 .
2659 1762 2669 1773 ο
2745 1768 2756 1778 .
2829 1729 3344 1795 .ASaepeegolongos

2230 1792 2480 1845 Cantando
2498 1806 2707 1857 puerum
2730 1792 2934 1843 memini
2957 1792 3035 1843 me
3056 1792 3256 1857 condere
3269 1792 3391 1849 soles.

2205 1923 2327 1980 Alio
2356 1923 2540 1980 itidem
2569 1925 2621 1980 in
2649 1924 2788 1980 libro
2822 1941 2836 1979 :

2901 2037 3177 2104 Glebasque
3208 2042 3397 2104 iacentes

2232 2101 2593 2154 Pulveruienta
2616 2109 2793 2168 coquat
2816 2115 2979 2158 matur
2994 2101 3173 2153 solibus
3191 2101 3329 2157 testas.

2322 2210 2543 2275 (Virgil.,
2568 2211 2697 2275 ECL,
2723 2227 2791 2273 ιι,
2820 2226 2866 2263 v.
2889 2215 2972 2277 51,
2996 2222 3048 2265 et
3069 2212 3150 2265 lib.
3177 2231 3209 2276 ι,
3235 2215 3396 2280 Gecrg.,
3414 2214 3535 2278 19,63.)

2209 2333 2350 2391 Solis
2396 2345 2576 2392 autem
2619 2339 2836 2395 nomine
2865 2341 2911 2396 si
2940 2339 3085 2397 diem
3109 2355 3137 2394 a
3162 2338 3365 2407 Carcilio,
3388 2342 3483 2396 sicut
3497 2341 3570 2396 illa

2136 2427 2378 2500 Virgilio,
2427 2430 2715 2503 significari
2748 2434 2903 2500 velis,
2953 2449 3062 2489 non
3109 2435 3308 2490 multum
3344 2435 3496 2505 quidem
3525 2451 3572 2489 re-

2133 2521 2505 2591 pugnabimus.
2557 2523 2689 2579 Nam
2737 2528 2912 2597 major
2949 2526 3036 2581 vis
3086 2526 3202 2582 inde
3235 2535 3480 2598 argumento
3506 2527 3571 2593 eius

2130 2615 2431 2682 accederet,
2461 2617 2601 2687 quod
2635 2626 2813 2673 tamen
2855 2619 2924 2674 ab
2967 2620 3185 2674 Octavio
3215 2632 3397 2688 prorsus
3420 2632 3571 2673 eversuri

2131 2721 2254 2763 esse
2274 2721 2433 2777 supra
2456 2708 2810 2765 ostendimus.

2208 2798 2281 2854 De
2329 2798 2539 2854 nebulis
2586 2816 2766 2870 porro,
2819 2800 3076 2868 nubibus,
3106 2801 3311 2874 aliisque
3343 2801 3572 2858 meteorisab

2132 2891 2323 2947 eodem
2351 2892 2567 2949 Caecilio
2595 2896 2929 2962 memoratis,
2958 2894 3143 2965 legere
3170 2895 3345 2963 poteris
3367 2909 3418 2949 ex
3432 2893 3572 2963 antiquis

2131 2985 2484 3056 scriptoribus
2512 2988 2881 3054 Aristotelem,
2917 2989 3207 3056 Laertium,
3236 2988 3438 3053 Plinium,
3458 2986 3574 3042 Lucre-

2049 3104 2095 3169 ρ
2132 3076 2301 3169 tium,
2343 3075 2639 3143 Senecam;
2682 3094 2752 3134 ex
2795 3080 3183 3135 recentioribus
3219 3094 3330 3134 vero
3359 3078 3572 3141 Carteiam,

2128 3167 2487 3237 Gassendum,
2513 3171 2807 3226 Antonium
2838 3171 2888 3227 le
2913 3170 3122 3239 Grand,
3153 3180 3204 3226 ct
3224 3170 3356 3237 alios,
3387 3170 3452 3241 qui
3472 3167 3574 3223 deliis

2126 3264 2250 3320 data
2290 3281 2453 3335 opera
2496 3265 2908 3336 disputaverunt
2960 3266 3218 3340 (Aristot.
3264 3265 3342 3321 lib.
3379 3281 3407 3318 ι.
3444 3263 3573 3317 Meteon

2124 3372 2248 3428 cap.
2281 3359 2336 3413 4.
2367 3368 2422 3413 et
2450 3373 2601 3430 seqq.
2628 3375 2643 3424 ;
2670 3358 2851 3415 Laert.
2900 3358 3001 3415 lib.
3043 3375 3103 3414 ι.
3137 3356 3165 3430 §
3203 3356 3298 3424 99;
3326 3356 3431 3412 Plin.
3461 3354 3573 3409 iib.u.

2127 3448 2267 3504 Hist.
2298 3448 2490 3504 Natur.
2522 3465 2641 3521 cap.
2664 3450 2756 3506 Ω.
2786 3462 2840 3507 et
2873 3466 3022 3522 seq.;
3055 3453 3256 3508 Lucret.
3286 3449 3362 3505 lib.
3384 3447 3571 3513 vt;Senec.

2128 3542 2220 3599 lib.
2241 3558 2298 3598 ιι.
2330 3543 2456 3598 Nat.
2479 3542 2676 3612 Quaest.
2706 3560 2823 3617 cap.
2848 3546 2937 3601 12.
2959 3554 3018 3602 et
3033 3561 3213 3618 seqq.;
3232 3545 3356 3602 Cart.
3374 3544 3442 3598 lib.
3459 3538 3572 3596 dele-

2125 3648 2284 3704 teor.;
2310 3639 2468 3696 Cass.
2499 3640 2723 3713 Synlag.
2746 3642 2863 3697 vita,
2887 3641 3047 3711 Epic.
3078 3649 3179 3697 art.
3209 3639 3304 3712 λθ
3328 3639 3372 3705 4,
3394 3653 3476 3706 cap.
3495 3635 3574 3690 9.8!

2124 3731 2328 3804 seqq).

2200 3825 2455 3883 Octavius
2473 3837 2656 3899 postea
2682 3830 2874 3887 asserit
2894 3829 3131 3886 divinam
3159 3825 3457 3900 providentiam
3475 3824 3509 3877 in
3528 3833 3573 3875 eo

2125 3920 2380 3987 emicare,
2413 3923 2556 3993 quod
2586 3924 2711 3979 luna
2744 3943 2764 3975 ι
2800 3938 3042 3980 mensem
3093 3914 3425 3987 auctu,'senio,
3451 3913 3573 3970 labore

2124 4014 2468 4085 circumagat.
2505 4035 2526 4069 ι
2557 4016 2742 4073 Varios
2766 4015 3029 4088 siquidem
3046 4015 3247 4072 Ethnici
3273 4008 3573 4082 ﬁngebantlun:

2126 4107 2356 4174 labores,
2396 4117 2558 4179 atque
2599 4124 2723 4166 eum
2764 4110 3055 4181 inprimis,
3108 4124 3225 4165 eum
3266 4099 3572 4162 incantationibus

2125 4199 2391 4257 defectum
2421 4201 2528 4271 pati
2570 4201 2731 4257 stulte
2755 4201 3175 4257 arbitrabantur.
3206 4198 3481 4267 Quamobre
3497 4191 3571 4245 eris

2125 4293 2337 4360 tinnitu,
2377 4292 2603 4364 aliisque
2639 4293 2920 4357 sonitibus,
2946 4309 3011 4349 ac
3037 4294 3238 4364 magnis
3263 4287 3569 4348 clamoribus)-

2125 4385 2389 4440 nabantur
2413 4386 2673 4441 laboranti
2727 4387 2796 4441 ita
2847 4401 3184 4455 succurrere,
3223 4396 3273 4443 ut
3315 4378 3572 4440 incantationes

423 4508 647 4574 ἀλμάτων
674 4514 702 4566 ἡ
728 4510 832 4564 vitta)
858 4514 927 4572 τῷ
942 4507 1194 4572 pillea-rt.
1224 4520 1243 4550 ι
1273 4498 1721 4566 Epustracismus.
1745 4494 1993 4550 Testuian

2126 4493 2229 4532 non
2259 4479 2487 4535 audiret.
2514 4478 2667 4537 Unde
2689 4479 2960 4536 Iuvenalis
2987 4480 3058 4536 de
3086 4481 3306 4537 clamosa
3341 4474 3498 4532 muliere
3519 4482 3572 4521 ca-

425 4598 686 4653 marinam
726 4597 779 4650 in
817 4609 969 4665 aqua:
1012 4591 1349 4663 superﬁciem
1397 4589 1631 4656 mittunt,
1681 4598 2022 4644 numerantes

426 4690 596 4763 ipsius
635 4688 800 4745 saltus
826 4687 879 4743 in
911 4701 1063 4757 aquae
1110 4682 1393 4753 superficie
1433 4682 1599 4737 factos
1627 4689 1750 4738 ante
1778 4670 2024 4738 submer-

426 4784 671 4849 sionem;
695 4796 761 4837 ex
782 4780 1011 4835 saltuum
1034 4778 1177 4833 enim
1202 4773 1538 4830 multitudine
1558 4774 1775 4843 jacienti
1800 4774 2027 4830 victoria

424 4877 711 4934 ascribitur
747 4892 767 4927 ι
800 4871 969 4947 (Poli.
1002 4869 1094 4923 lib.
1143 4883 1225 4922 ix.
1254 4881 1375 4935 cap.
1417 4867 1471 4933 7,
1517 4882 1634 4938 pag.
1670 4864 1827 4939 444).
1888 4866 2019 4923 Bre-

427 4970 545 5025 vius
579 4966 813 5023 Suidas:
856 4970 1229 5031 ἕτοστρακίζειν.
1262 4962 1443 5014 παιδία.
1482 4984 1576 5027 τις,
1606 4970 1663 5022 ἣν
1688 4969 1941 5025 παίζουσιν
1978 4968 2021 5016 οῖ

426 5066 611 5123 παῖδας,
633 5065 844 5129 ὄστρακα
862 5058 1073 5125 ἀφιέντες
1100 5059 1165 5115 εὶς
1193 5061 1453 5109 Θάλασσαν.
1484 5072 1502 5106 l
1525 5056 1758 5110 Ostracis
1788 5070 1882 5111 seu
1907 5066 2016 5111 tes-

427 5154 556 5209 tulis
584 5150 791 5206 ludere.
825 5147 1007 5202 Ludus
1036 5147 1274 5216 quidam,
1306 5163 1463 5219 quem
1507 5148 1654 5218 pueri
1682 5147 1891 5212 indunt,
1921 5162 2014 5204 os-

425 5256 626 5304 tracam
666 5257 760 5298 seu
789 5240 1035 5297 testulam
1059 5239 1110 5294 in
1132 5256 1281 5295 mare
1313 5239 1656 5310 projicientes
1688 5258 1707 5293 ι
1736 5239 1915 5313 (Suid.
1945 5239 2015 5294 ad

425 5355 473 5394 υ.
526 5330 931 5406 ἔπσστρσικίζιιν).
984 5330 1196 5388 Videsis
1265 5329 1600 5386 Eustathium
1673 5331 1726 5386 in
1796 5329 2013 5386 Homeri

424 5427 645 5486 Iliadem
674 5434 706 5478 Σ
736 5439 829 5481 seu
858 5423 946 5481 18.

498 5521 692 5577 Postea
733 5519 1000 5585 Cacilius,
1043 5515 1350 5575 Academici
1392 5516 1460 5573 de
1494 5531 1625 5574 vero
1656 5516 1767 5574 Deo
1796 5517 2017 5589 ejusque

426 5611 760 5689 providentia
804 5611 1101 5669 dubitantis
1127 5624 1409 5681 personam
1441 5610 1678 5677 indutus,
1727 5626 1827 5683 pro
1867 5618 2017 5666 certo

428 5724 629 5787 ponere
648 5718 872 5769 conatur
890 5707 1072 5767 omnia
1094 5704 1212 5764 sine
1237 5703 1348 5762 ullo
1370 5704 1500 5775 Deo,
1525 5704 1580 5760 in
1597 5705 1772 5777 seipsa
1790 5705 2016 5779 revolvi,

2124 4570 2285 4627 nebat
2316 4590 2331 4625 :

2316 4705 2422 4757 Una
2447 4705 2687 4759 laboranti
2706 4712 2890 4774 poterit
2907 4724 3205 4763 succurrere
3221 4709 3353 4759 lunae.

2702 4792 2904 4856 (Iuven.
2920 4835 2933 4857 ,
2957 4796 3065 4846 Sat.
3089 4810 3153 4857 vt,
3178 4798 3275 4857 post
3293 4785 3413 4848 med-i

2122 4895 2321 4952 Statius
2348 4911 2477 4953 vero
2501 4898 2621 4955 illos
2648 4900 2772 4955 aeris
2800 4901 3004 4956 sonitus
3025 4901 3105 4957 sic
3122 4896 3353 4956 describit
3371 4900 3414 4950 et
3432 4882 3573 4945 irridet:

2221 5047 2244 5084 λ
2280 5045 2317 5084 ,τ
2387 5046 2399 5059 .
2469 5044 2486 5061 .
2554 5049 2567 5062 .
2632 5012 3085 5084 Attonitisquoties
3105 5012 3315 5084 avellitur
3333 5006 3444 5057 astris

2213 5070 2342 5139 Solis
2362 5085 2513 5135 Opaca
2535 5088 2688 5139 soror,
2713 5076 2881 5138 procul
2903 5070 3180 5126 auxiliantia
3198 5081 3357 5139 gentes

2214 5134 2328 5185 Era
2349 5134 2571 5199 crepant,
2598 5134 2874 5202 frustraque
2896 5140 3093 5188 timent.

2344 5216 2513 5281 (Stat.,
2536 5219 2622 5269 lib.
2648 5234 2695 5271 v1
2717 5217 2969 5281 Thebaid,
2992 5229 3099 5285 post
3113 5222 3261 5283 tried.)

2118 5339 2297 5397 Livius
2325 5352 2505 5399 autem
2546 5354 2727 5400 narrat
2773 5355 3001 5417 coeptum
3047 5348 3115 5402 ab
3158 5344 3386 5402 Annibale
3421 5337 3573 5412 pra‘lilm

2125 5453 2145 5487 ι
2178 5437 2304 5492 aeris
2344 5436 2569 5509 crepitu,
2601 5438 2771 5509 qualis
2814 5440 2866 5496 in
2911 5440 3117 5496 defectu
3156 5424 3285 5495 luna:
3322 5433 3460 5491 silenti
3479 5435 3573 5484 nocte

2118 5527 2249 5582 cieri
2276 5528 2415 5584 solet
2447 5547 2466 5581 ι
2516 5528 2676 5602 (Liv.
2708 5531 2802 5587 lib.
2838 5548 2978 5588 xxvi.
3006 5532 3035 5604 §
3075 5533 3110 5588 5
3130 5535 3168 5604 ).
3203 5531 3404 5599 Denique
3426 5521 3571 5579 neinm

2120 5631 2302 5689 aperta
2340 5619 2608 5690 longiores
2647 5625 2838 5694 simus,
2879 5624 2975 5683 hos
3013 5634 3212 5683 tantum
3236 5620 3482 5694 adjiciamus
3498 5606 3569 5665 Ῡιῐ·

2121 5711 2232 5785 gilii
2259 5727 2445 5772 versus
2470 5730 2483 5768 :
