3730 6270
199 232 277 328 om
1533 277 2006 339 DISSERTATIO.

264 419 285 457 ί,
316 425 332 457 _.
390 424 410 457 Δ.
473 386 698 457 (Indique
716 391 904 457 _vias_et
919 390 1089 457 sidera;
1105 397 1361 457 monstrat,

256 448 461 499 Defectus
480 451 602 501 solis
617 448 804 513 varios,
827 452 1056 518 lunaeque
1077 454 1291 507 labores.

380 557 407 583 ε
662 534 685 599 (
700 535 896 599 Virgil.,
920 537 957 587 l.
976 553 1011 588 tt
1035 540 1231 605 Georg.,
1260 554 1307 591 υ.
1335 542 1471 606 478.)

186 644 241 700 At
267 631 424 699 contra
461 641 602 698 hanc
643 642 926 700 ridiculam
953 647 1389 717 superétitionem
1417 651 1614 722 smpius
1646 651 1729 705 in-

186 738 396 794 vehuntur
438 735 763 791 sanctissimi
804 736 1063 793 Ecclesia:
1106 738 1321 806 Patres,
1355 756 1419 795 ac
1463 744 1731 811 praecipue

185 831 399 888 Maximus
416 828 780 896 Taurinensis,
813 832 865 886 in
890 831 1125 902 quodam
1170 848 1421 891 sermone
1461 836 1524 891 de
1568 835 1731 892 Lunae

189 924 377 994 defectu,
427 936 567 992 quem
612 936 683 976 ex
740 922 1011 979 Ambrosii
1038 925 1297 994 ejecimus
1325 928 1608 997 Uperibus,
1638 930 1727 984 ubi

193 1018 308 1073 falso
342 1016 443 1085 ejus
478 1013 682 1069 nomine
726 1014 905 1072 editus
943 1016 1116 1072 fuerat
1168 1016 1438 1090 (Ambros.
1479 1020 1721 1091 Append.

195 1124 297 1182 pag.
340 1106 478 1179 377).
529 1107 791 1165 Minucius
832 1126 961 1166 vero
1007 1112 1127 1167 haec
1177 1114 1433 1171 adversus
1465 1114 1726 1173 Ethnicos

192 1209 329 1270 urget,
369 1209 415 1253 ut
444 1213 622 1254 eorum
678 1215 941 1267 errorem,
989 1203 1256 1276 simulque
1309 1206 1546 1261 divinam
1589 1207 1724 1265 Pro-

189 1296 425 1351 videntiam
461 1309 525 1349 ex
571 1295 714 1351 luna:
761 1297 1105 1354 incrementis
1134 1309 1187 1356 et
1214 1300 1576 1360 decrementis
1631 1320 1726 1361 os—

180 1387 353 1446 tendat.

725 1477 1021 1522 ARTICULUS
1057 1481 1117 1521 11.

170 1549 235 1606 οε
257 1551 406 1608 citatis
432 1568 462 1605 a
487 1550 716 1608 Minucio
760 1557 1060 1626 quibusdam
1099 1560 1463 1631 scriptoribus,
1500 1564 1717 1638 Nepote,

225 1645 398 1710 Cassio,
418 1644 613 1712 Thallo,
637 1646 884 1718 Diodoro,
905 1662 950 1706 et
967 1654 1129 1708 (tt/teis
1145 1652 1435 1724 Theodoro,
1465 1658 1716 1731 Diagora,

221 1756 277 1793 ac
300 1737 579 1809 Protagora.
1054 1734 1061 1741 ’

219 1829 336 1885 Tota
363 1830 563 1887 Minucii
592 1833 885 1904 disputatio
917 1839 1126 1895 tametsi
1155 1841 1317 1896 variis
1348 1844 1708 1913 potissimum,

146 1922 288 1979 sicuti
331 1927 644 1994 monuimus,
676 1931 943 1986 rationum
977 1934 1264 1990 momentis
1292 1937 1514 2002 nitatur,
1550 1939 1715 2010 pluri-

144 2031 252 2072 mos
282 2018 644 2088 nihilominus,
694 2024 923 2081 celebris
967 2027 1108 2095 apud
1163 2027 1425 2085 Ethnicos
1455 2032 1710 2102 nominis,

143 2109 431 2180 sctiptores,
458 2114 621 2169 variis
657 2114 873 2170 illorum
919 2118 1261 2188 opinionibus
1287 2121 1445 2191 plane
1475 2125 1715 2194 penitus-

150 2217 231 2271 que
257 2215 629 2274 repugnantes,
679 2208 884 2265 citavit.
918 2210 1161 2278 Quatuor
1188 2222 1365 2270 autem
1400 2216 1452 2270 iu
1497 2232 1602 2270 uno
1630 2234 1715 2274 eo.

151 2291 352 2365 denique
396 2297 509 2351 loco
554 2298 622 2353 ab
668 2298 758 2354 illo
808 2302 1167 2371 appellantur,
1223 2306 1423 2376 Nepos,
1471 2307 1707 2376 Cassius,

143 2386 359 2453 Thallus,
401 2406 465 2446 ac
507 2392 771 2449 Diodorus
804 2395 942 2451 haud
984 2397 1410 2464 dubie’Siculus,
1441 2419 1470 2457 a
1501 2403 1715 2461 Justino

137 2478 357 2555 ﬂartyre
396 2500 498 2539 non
532 2487 769 2542 minimis
802 2489 1044 2545 laudibus
1081 2503 1374 2549 exornatus
1402 2496 1473 2552 ob
1516 2496 1714 2553 Biblio-

130 2574 281 2631 theca:
314 2576 585 2635 historica:
613 2581 800 2644 libros,
830 2583 919 2654 qui
950 2600 1125 2654 gnrce
1151 2596 1204 2641 et
1229 2587 1394 2645 latine
1434 2591 1564 2646 editi
1593 2609 1712 2647 om-

119 2666 252 2724 nium
282 2672 534 2726 manibus
562 2683 811 2731 teruntur
854 2676 1119 2747 (Justin.,
1150 2678 1411 2737 Cohortat.
1441 2685 1512 2738 ad
1546 2683 1711 2741 Gram.

112 2772 223 2831 pag.
261 2766 285 2816 1
300 2762 392 2835 0
524 2822 529 2827 .

166 2853 399 2910 Primus
432 2872 559 2912 vero
585 2873 652 2915 ex
680 2859 763 2916 his
791 2863 1141 2933 scriptoribus
1178 2868 1487 2926 nominatur
1511 2871 1717 2931 Corne-

99 2941 192 2999 lius
222 2945 443 3017 Nepos,
476 2951 564 3020 qui
594 2952 733 3007 sicut
755 2954 820 3009 Α.
853 2956 1059 3012 Gellius
1091 2960 1358 3028 perhibet,
1387 2965 1603 3033 scripsit
1625 2967 1715 3023 Ci-

98 3040 328 3094 ceronis
368 3043 524 3097 amici
549 3044 630 3098 sui
663 3044 859 3113 Vitam,
915 3059 970 3103 et
1013 3050 1178 3107 libros
1223 3054 1287 3108 de
1322 3052 1456 3110 Viris
1493 3044 1713 3113 illustri-

102 3127 206 3192 bas,
277 3128 681 3203 Exemplorum,
724 3145 885 3207 atque
924 3139 1295 3198 Cltronicorum
1328 3145 1488 3219 (Gell.
1521 3150 1613 3205 lib.
1645 3167 1715 3207 xv

102 3219 466 3291 Noct.Altic.,
489 3243 608 3298 cap.
638 3230 851 3296 '28;lib.
886 3249 925 3300 t,
948 3247 1069 3305 cap.
1094 3237 1191 3302 l8;
1228 3238 1320 3293 lib.
1346 3256 1441 3304 vn,
1473 3256 1593 3313 cap.
1624 3244 1711 3311 l8;

101 3316 285 3369 etlib.
320 3334 453 3383 xvu,
484 3336 607 3391 cap.
653 3322 713 3377 2|
741 3324 785 3394 ).
845 3324 1003 3395 Smpe
1041 3330 1200 3383 etiam
1243 3331 1491 3387 laudatur
1529 3350 1557 3388 a
1607 3336 1716 3391 Pli-

102 3405 213 3471 nio,
254 3424 326 3464 ac
366 3413 607 3482 Augusto
636 3416 955 3484 imperante,
998 3420 1215 3484 abiisse,
1264 3432 1318 3477 et
1358 3423 1409 3477 in
1444 3424 1715 3483 Chronico

107 3494 421 3556 Eusebiano
462 3512 589 3559 tunc
618 3503 863 3563 ﬂoruisse
890 3509 1105 3566 dicitur.
1147 3513 1231 3569 Ab
1289 3515 1480 3573 eodem
1532 3529 1711 3577 autem

110 3587 287 3646 Plinio
309 3605 550 3664 vocatur,
578 3616 599 3649 ‹
632 3599 761 3656 Padi
808 3602 980 3659 incola
1011 3624 1030 3655 ›
1077 3605 1266 3677 (Plin.,
1299 3608 1332 3662 Ι.
1367 3626 1441 3677 tx,
1468 3628 1586 3684 cap.
1622 3617 1711 3686 59,

112 3696 231 3754 pag.
261 3686 388 3753 345;
412 3698 469 3744 et
494 3689 589 3745 lib.
625 3707 679 3758 x,
711 3707 827 3762 cap.
857 3695 928 3752 5'3
950 3738 965 3762 ,
997 3712 1050 3765 p.
1079 3699 1204 3754 4M.
1254 3700 1457 3758 Chron.
1488 3705 1711 3778 Enseb.,

113 3772 184 3826 ad
232 3790 356 3833 ann.
406 3781 441 3835 4
487 3781 740 3851 Augusti.
776 3784 917 3841 Plin.
968 3788 1006 3844 ι.
1056 3805 1127 3854 w,
1171 3807 1287 3863 cap.
1319 3794 1373 3858 9,
1408 3811 1527 3866 pag.
1557 3772 1711 3872 575);

114 3867 493 3942 Quaproptera
515 3874 746 3945 Catullo,
773 3894 941 3934 «unus
960 3881 1233 3950 Italorum,
1259 3905 1278 3938 ι
1318 3887 1399 3943 his
1415 3867 1715 3960 appellatur

112 3965 372 4037 versibus,
394 3969 596 4040 quibus
619 3986 774 4027 suum
805 3975 994 4032 librant
1027 3977 1074 4033 ei
1116 3980 1260 4034 misit
1288 3981 1661 4058 dedicavitque
1695 4005 1709 4042 :

357 4064 446 4131 Cui
469 4065 602 4116 dono
624 4067 840 4131 lepidum
860 4085 1034 4123 novum
1059 4075 1276 4127 libellum

354 4127 690 4198 yidomodo:
706 4135 897 4193 pumice
923 4136 1194 4198 expolitum

355 4190 571 4246 (iorneli.
600 4194 686 4242 tibi
706 4190 918 4251 namque
935 4190 1202 4251 tu'solehas

363 4252 504 4326 gens
527 4268 643 4305 esse
666 4252 850 4319 aliquid
877 4268 1049 4323 putare
1077 4278 1251 4326 nugas,

358 4313 462 4379 {am
488 4325 542 4365 tu
566 4331 679 4366 cum
696 4313 844 4370 ausus
866 4313 938 4379 es,
961 4336 1089 4374 unus
1112 4313 1347 4376 [fatorum

366 4375 518 4448 Qmue
543 4392 704 4448 rerum
731 4382 897 4448 tribus
918 4375 1170 4448 explicare
1189 4375 1373 4441 chartis

367 4436 545 4505 Doctis,
572 4441 792 4506 Jupiter,
811 4452 863 4495 et
885 4436 1167 4499 laboriosis.

831 4527 1047 4592 (Catull.,
1071 4532 1181 4583 iuit.
1200 4533 1288 4585 lib.
1312 4551 1348 4595 ι,
1371 4548 1483 4600 pag.
1515 4538 1584 4601 1.)

118 4620 298 4694 Neque
341 4636 422 4683 est
468 4629 612 4699 quod
660 4639 715 4686 te
758 4642 969 4689 moveat
1011 4636 1304 4707 Ausonius,
1352 4640 1444 4712 qui
1475 4642 1574 4700 hos
1602 4643 1707 4700 Ca-

122 4718 236 4772 tulli
263 4735 445 4779 versus
474 4724 710 4794 citando,
741 4724 998 4797 Nepotem
1028 4728 1236 4786 Gallum
1265 4732 1463 4790 ibidem
1494 4751 1704 4794 nuncu-

119 4809 263 4880 pavit
287 4824 304 4865 τ

298 4902 402 4979 Ijec
422 4905 620 4959 doctum
642 4907 821 4979 minus,
844 4924 950 4979 nec
964 4915 1118 4979 magis
1140 4914 1416 4979 benignum

303 4966 456 5025 Quam
480 4982 631 5034 quem
657 4966 815 5022 Gallia
832 4966 1269 5037 praebuitvCatullo:

680 5055 904 5119 (Auson.,
926 5058 1047 5123 Edy.
1077 5061 1103 5110 7
1132 5060 1198 5112 ad
1220 5046 1485 5128 Drepani

106 5128 242 5187 Non
275 5135 412 5194 enim
442 5139 567 5194 testi
591 5154 689 5195 suo
714 5138 1070 5209 contradixit,
1122 5146 1216 5202 sed
1247 5147 1474 5205 Galliam
1514 5151 1714 5209 indicat

106 5225 394 5298 Togatam,
415 5247 538 5303 quae
564 5234 752 5291 eadem
779 5250 842 5290 ac
856 5236 1007 5293 Italia
1033 5237 1413 5311 Transpadana
1443 5253 1548 5299 est.
1572 5246 1712 5303 Alibi

110 5332 254 5372 vero
279 5322 399 5376 citat
424 5323 669 5391 ejusdem
703 5345 724 5379 ‹
758 5326 979 5397 Nepotis
1016 5328 1279 5388 Chronica
1305 5352 1325 5386 ι
1352 5333 1518 5404 (Idem
1549 5337 1710 5406 epist.

107 5424 187 5467 ιιι
218 5412 274 5464 ad
298 5410 543 5470 Probum.
577 5416 645 5472 P.
682 5418 798 5492 P.).
857 5421 1095 5494 Denique
1125 5425 1432 5482 Lactantius
1463 5429 1601 5483 illius
1645 5432 1709 5486 ad

105 5501 450 5587 Ciceronem,
483 5518 538 5564 et
564 5520 749 5566 contra
796 5514 915 5578 eius
943 5516 1010 5570 de
1033 5518 1371 5589 philosophia
1400 5523 1706 5593 Opinionem

102 5595 396 5656 scribentis
452 5602 617 5657 verba
684 5608 1039 5677 transcripsit.
1087 5610 1298 5668 Videsis
1348 5613 1707 5684 Suetonium,

102 5688 387 5758 Vossium,
425 5702 484 5749 et
511 5694 664 5763 plura
705 5712 824 5768 qua:
851 5700 920 5755 ab
946 5701 1040 5756 illo
1061 5715 1182 5774 post
1207 5706 1404 5762 editam
1442 5710 1712 5766 excellen-

106 5782 263 5842 tium
287 5785 516 5841 virorum
552 5788 715 5842 vitam
757 5791 1036 5849 observata
1063 5807 1185 5852 sunt
1213 5798 1479 5871 (Lactant.
1530 5802 1620 5859 lib.
1654 5820 1711 5861 ιιι

559 5876 837 5945 Ριτιιοι.
868 5883 979 5949 lll.

1732 4565 1787 4624 D

3238 266 3241 271 ’
3329 291 3434 349 630

1762 403 1816 463 Α
1844 394 2180 467 Instit.,cap.
2216 397 2302 464 15,
2326 412 2445 470 pag.
2487 396 2615 454 282.
2637 398 2786 457 Suet.
2817 401 2907 457 lib.
2940 418 2976 468 ι,
3011 404 3038 476 §
3067 404 3157 474 56,
3186 412 3240 462 et
3259 406 3352 464 lib.
3376 425 3435 475 u,

1839 484 1868 555 §
1904 487 1988 541 77.
2049 486 2204 543 Voss.
2236 489 2298 542 de
2330 487 2467 545 Hist.
2503 491 2672 557 latim,
2703 492 2795 547 lib.
2826 510 2997 565 t,cap.
3027 497 3115 551 14.

1906 576 2143 643 Cassius,
2165 590 2523 650 cognomento
2535 582 2782 651 Hemina,
2801 586 2998 641 vixisse
3025 588 3191 643 fertur
3214 589 3277 646 Ο.
3306 592 3437 647 Cor-

1833 667 1976 721 nelio
2008 667 2253 735 Lentulo,
2280 671 2414 727 etL.
2438 672 2694 728 Mummio
2724 675 2959 756 Achaico
2980 679 3160 745 Coss.,
3182 696 3341 737 anno.
3368 684 3433 738 V.

1835 755 1896 811 C.
1929 758 2054 826 608,
2082 769 2243 833 atque
2268 777 2298 816 a
2337 763 2512 818 Plinio
2529 766 2828 835 appellatur
2857 786 2876 819 ι
2912 772 3306 828 vetustissimus
3333 791 3433 830 au-

1831 857 1950 903 ctor
1976 850 2284 907 Annalium.
2327 872 2349 906 ι
2384 855 2487 910 Sed
2515 856 2581 911 ibi
2613 857 2828 927 quidam
2859 858 2961 930 legi
2988 860 3177 916 volunt
3209 881 3229 914 ‹
3267 866 3437 921 veris-

1831 941 2021 1010 simus,
2055 960 2211 1007 ».non
2242 949 2638 1004 vetustissimus
2658 992 2674 1017 ,
2709 960 2766 1005 ut
2797 966 2919 1022 pote
2950 956 3038 1024 qui
3064 956 3148 1010 vix
3180 956 3251 1013 70
3280 960 3436 1015 annis

1831 1033 2006 1089 Plinio
2022 1037 2299 1109 antiquior
2328 1041 2513 1106 luerit;
2552 1059 2571 1093 ι
2605 1042 2824 1099 Cassius
2849 1063 2867 1096 ι
2894 1057 3074 1101 autem
3112 1067 3132 1099 ‹
3156 1049 3378 1105 llemina
3410 1070 3432 1103 ι

1831 1139 2057 1183 vocatur
2084 1145 2114 1183 a
2144 1131 2433 1199 Macrobio,
2466 1134 2557 1203 qui
2593 1136 2889 1191 secundum
2912 1130 3056 1193 rcitat
3076 1140 3430 1197 Historiarum

1830 1220 1949 1289 ejus
1973 1219 2200 1290 librum,
2231 1225 2637 1294 atqueaSolino
2663 1227 2886 1283 Hemina
2919 1230 3437 1303 simpliciterappel-

1825 1311 2142 1384 lalur(Pliu.
2170 1315 2263 1371 lib.
2290 1332 2385 1372 xm
2412 1318 2548 1374 llist.
2568 1318 2786 1390 Natur.,
2812 1337 2929 1392 cap.
2960 1325 3045 1389 l8,
3069 1342 3184 1397 pag.
3211 1328 3301 1393 8i;
3326 1329 3439 1383 Ma-

1827 1404 1979 1459 crob.
2015 1405 2109 1460 lib.
2140 1422 2156 1461 ι
2188 1407 2487 1476 Salurnal.,
2514 1427 2634 1482 cap.
2667 1415 2754 1479 16,
2797 1430 2918 1486 pag.
2946 1415 3090 1483 247;
3121 1420 3292 1474 Solin.
3326 1421 3434 1476 Po-

1826 1492 2042 1565 lyhist.,
2072 1512 2193 1568 cap.
2243 1499 2301 1567 2,
2331 1516 2452 1573 pag.
2509 1502 2619 1576 15).
2667 1504 2896 1563 Difﬁcile
2937 1524 3067 1580 ergo
3111 1510 3255 1568 dietu
3282 1530 3379 1569 cur
3406 1531 3434 1568 a

1825 1589 2160 1646 Tertulliano
2204 1596 2612 1663 cognominetur
2681 1616 2699 1650 ε
2735 1598 2954 1656 Cassius
3001 1603 3257 1661 Severus.
3301 1628 3319 1658 ι
3354 1609 3430 1664 De

1824 1678 2017 1736 eodem
2065 1684 2282 1755 quippe,
2330 1696 2491 1757 atque
2520 1689 2783 1746 Minucius
2831 1705 3037 1761 noster,
3073 1700 3428 1767 proculdubio

1742 1793 1789 1852 Β
1822 1770 1969 1844 loqui
1997 1776 2225 1832 videtur.
2261 1780 2368 1836 Sed
2398 1782 2464 1836 de
2495 1784 2599 1840 hoc
2631 1785 2943 1842 Tertulliani
2992 1790 3111 1845 loco
3143 1793 3196 1848 in
3242 1806 3425 1850 nostra

1820 1865 1889 1921 de
1914 1866 2031 1937 ejus
2064 1869 2213 1926 libris
2241 1872 2619 1933 dissertatione
2644 1880 2907 1950 agendum
2934 1881 3181 1953 (Tertull.
3206 1886 3424 1958 Apolog.

1820 1972 1940 2029 cap.
1978 1962 2065 2024 10,
2098 1976 2216 2033 pag.
2240 1962 2353 2037 l2).

1892 2072 2114 2130 Thallus
2144 2092 2305 2147 porro
2337 2079 2559 2138 Graecus
2602 2085 2835 2155 scriptor
2860 2087 2978 2156 luit,
3020 2105 3177 2159 quem
3216 2091 3426 2149 Africa-

1819 2182 1921 2221 nus
1959 2168 2100 2238 apud
2134 2171 2423 2228 Eusebium
2463 2190 2553 2230 res
2580 2177 2826 2247 Syriacas
2852 2181 3135 2251 scripsisse
3166 2185 3426 2241 testiﬁca-

1821 2266 1927 2313 tur.
1950 2257 2272 2319 Meutionem
2302 2264 2415 2335 ejus
2453 2267 2694 2323 fecerunt
2721 2271 2964 2328 Justinus
2989 2274 3213 2347 Martyr,
3243 2278 3423 2335 Theo-

1821 2351 1998 2420 philus
2046 2355 2447 2422 Antioeheuus,
2481 2376 2543 2414 ac
2586 2373 2705 2430 post
2747 2363 2890 2419 hunc
2928 2365 3260 2436 Lactantius,
3289 2372 3423 2428 etin
3506 2388 3513 2391 '

1818 2441 2090 2499 Chronico
2137 2461 2315 2516 graeco
2356 2450 2622 2505 Eusebius
2674 2453 2901 2520 (Euseb.
2948 2457 3041 2510 lib.
3104 2476 3137 2513 Χ
3184 2459 3428 2532 Prwpar.

1820 2531 2021 2607 Evang.
2053 2552 2172 2606 cap.
2208 2538 2296 2604 l0,
2351 2556 2471 2612 pag.
2505 2542 2641 2608 489;
2675 2543 2960 2616 Theophil.
3010 2565 3089 2616 tn,
3140 2554 3209 2606 ad
3255 2556 3431 2610 Autol.

1819 2640 1944 2698 pag.
1983 2628 2106 2694 159;
2143 2628 2386 2686 Lactant.
2420 2633 2513 2688 lib.
2563 2650 2581 2689 ι
2622 2635 2798 2692 lustit.
2833 2655 2953 2709 cap.
2990 2643 3085 2709 25,
3129 2656 3248 2717 pag.
3280 2648 3423 2715 {32;

1818 2718 2019 2774 Euseb.
2047 2720 2139 2776 lib.
2168 2737 2185 2775 ι
2209 2720 2403 2778 Clu-on.
2431 2741 2552 2797 pag.
2588 2729 2698 2798 l4).
3296 2736 3301 2739 ’

1890 2830 2026 2888 Tres
2064 2844 2328 2903 prmterea
2360 2837 2637 2909 impietate
2666 2857 2761 2898 sua
2794 2844 3027 2903 famosos
3051 2850 3235 2906 citavit
3259 2853 3426 2911 Carci-

1818 2924 1959 2991 lius,
2012 2926 2400 2997 Theodorum,
2454 2934 2775 3005 Diagoram,
2838 2951 2891 2995 et
2928 2943 3294 3015 Protagoram.
3355 2952 3426 3006 At

1823 3010 2223 3087 «Theodorus,»
2251 3024 2323 3077 uti
2342 3023 2429 3080 ille
2444 3026 3049 3100 ait,¢Cyren:eus,isivc
3074 3038 3425 3110 Cyrenaicus,

1824 3129 1844 3163 ‹
1873 3113 1955 3167 vel
2004 3115 2092 3185 qui
2126 3116 2275 3183 prior
2302 3117 2557 3191 Diagoras
2581 3123 2804 3192 Melius;
2849 3129 2938 3197 qui
2987 3140 3210 3202 uterque
3251 3136 3428 3192 nullos

1825 3203 1958 3261 deos
1995 3226 2014 3258 ι
2044 3208 2181 3264 esse'
2202 3215 2602 3271 asseverabant.
2635 3218 2823 3275 Nonne
2848 3234 3026 3278 autem
3050 3226 3119 3280 ibi
3155 3230 3302 3283 more
3327 3246 3427 3285 suo

1819 3308 2034 3354 secutus
2099 3313 2183 3357 cst
2229 3304 2577 3374 Ciceronem,
2621 3311 2711 3380 qui
2754 3312 2823 3368 (le
2873 3323 3097 3386 utroque
3142 3319 3351 3378 dixerat
3408 3343 3455 3379 :.

1825 3408 1844 3442 ι
1870 3391 2060 3449 Nullos
2112 3395 2245 3453 deos
2289 3414 2410 3456 esse
2435 3403 2655 3457 omnino
2674 3404 2928 3476 Diagoras
2945 3409 3153 3478 Melius,
3174 3422 3229 3467 et
3248 3413 3424 3470 Theo-

1816 3483 1980 3541 dorus
2023 3486 2348 3559 Cyrenaicus
2406 3504 2744 3565 putaverunt.
2784 3518 2803 3550 ι
2839 3499 3070 3557 Rursum
3106 3519 3235 3560 vero
3262 3508 3418 3575 paulo

1820 3588 1978 3647 post:
2012 3597 2030 3630 ι
2058 3580 2313 3651 Diagoras
2365 3585 2554 3642 atheos
2597 3591 2686 3660 qui
2739 3591 2915 3647 dictus
2960 3604 3081 3662 est,
3123 3608 3419 3672 posteaque

1819 3668 2158 3737 Theodorus,
2206 3689 2385 3731 nonne
2433 3689 2619 3748 aperte
2670 3680 2891 3738 deorum
2942 3684 3184 3742 naturam
3236 3668 3415 3748 sustu-

1816 3761 2029 3818 lerunt?
2054 3785 2072 3817 ι
2105 3765 2300 3838 (Cicer.
2330 3769 2460 3827 lib.t
2495 3771 2559 3826 de
2586 3770 2778 3829 Natur.
2817 3774 2998 3841 Deor.,
3027 3795 3145 3851 pag.
3182 3783 3420 3850 l95,lin.

1814 3856 1907 3923 40;
1943 3857 2071 3912 ibid.
2100 3876 2223 3932 pag.
2250 3863 2378 3927 204,
2406 3864 2502 3919 liti.
2532 3865 2656 3937 32.)
2704 3868 2937 3924 Videsne
2978 3869 3061 3925 his
3106 3874 3256 3929 latini
3284 3875 3421 3930 Ora-

1818 3950 1949 4005 toris
1978 3953 2158 4008 verbis
2188 3955 2365 4025 colligi
2398 3972 2556 4027 posse
2594 3973 2690 4013 cur
2735 3961 2998 4017 Minucius
3047 3965 3292 4021 consultu
3322 3969 3419 4023 ad-

1816 4043 2048 4104 diderit:
2090 4067 2108 4100 ι
2135 4048 2229 4104 Vel
2259 4052 2350 4120 qui
2394 4053 2538 4121 prior
2562 4053 2860 4123 Diagoras?
2887 4074 2906 4108 ι
2942 4055 3074 4111 Nam
3107 4071 3294 4128 aperte
3323 4062 3414 4117 Ci-

1816 4150 1942 4193 cero
1981 4138 2122 4195 hunc
2164 4140 2451 4196 Theodoro
2503 4144 2857 4212 antiquiorem
2905 4147 3068 4202 fuisse
3127 4150 3413 4219 signiﬁcat.

1819 4229 1887 4284 Et
1934 4241 2082 4286 certe
2115 4232 2167 4286 in
2194 4233 2466 4289 Chronico
2493 4234 2797 4291 Eusebiano
2826 4238 2892 4292 ad
2935 4254 3131 4295 annum
3168 4244 3414 4302 155510-

1816 4323 2023 4393 gimus:
2061 4341 2079 4374 ‹
2106 4325 2359 4394 Diagoras
2387 4327 2715 4395 agnoscitur,
2742 4335 2796 4381 et
2821 4338 3117 4387 sectatores
3136 4333 3254 4402 ejus
3281 4337 3415 4408 pity-

1817 4416 1914 4470 sici
1956 4415 2280 4487 philosophi.
2313 4436 2332 4468 ι
2395 4418 2462 4471 Ει
2512 4418 2578 4473 ad
2633 4433 2835 4476 annum
2882 4421 3061 4477 l549:
3110 4442 3130 4475 ‹
3159 4426 3413 4497 Diagoras

1816 4507 2009 4563 atheus
2035 4509 2262 4578 plurimo
2300 4525 2551 4567 sermone
2575 4513 2895 4569 celebratur.
2919 4533 2938 4566 ι
2970 4515 3159 4571 Postea
3188 4534 3314 4573 vero
3341 4521 3410 4576 ad

1813 4614 2010 4666 annum
2074 4601 2237 4669 l697,
2295 4621 2315 4654 σ
2363 4603 2678 4660 Theodorus
2737 4606 2926 4663 atheos
2978 4614 3339 4679 cognoscitur.
3384 4632 3404 4664 ι

1810 4692 2070 4761 Quamvis
2118 4709 2247 4764 ergo
2286 4712 2546 4751 annorum
2597 4698 2731 4752 ordo
2754 4714 2859 4754 non
2897 4699 3028 4754 satis
3054 4713 3300 4759 accurate
3356 4704 3412 4760 in

1813 4783 1917 4839 hoc
1931 4783 2200 4842 Chronico
2230 4795 2448 4845 notatus
2479 4788 2663 4855 fuerit,
2691 4789 2816 4846 inde
2850 4799 3027 4847 tamen
3062 4791 3203 4847 haud
3228 4795 3405 4849 incer-

1813 4888 1869 4935 to
1915 4880 2188 4950 colligitur
2237 4882 2518 4953 Diagoram
2546 4898 2669 4940 esse
2694 4884 2978 4939 Theodoro
3025 4886 3407 4954 antiquiorem.

1887 4974 1963 5030 De
1989 4975 2147 5030 tertio
2183 4986 2363 5032 autem
2391 4977 2632 5046 ejusdem
2677 4978 2966 5046 impietatis
2994 4988 3244 5033 accusan
3293 4979 3413 5038 Ca:-

1816 5067 1973 5124 cilius
2013 5069 2091 5124 sic
2123 5069 2401 5139 loquitur:
2441 5086 2460 5119 ‹
2490 5068 2798 5123 Abderitem
2846 5069 3189 5139 Protagoram
3241 5072 3409 5129 Athe-

1818 5160 2034 5214 nienses
2082 5159 2183 5214 viri
2210 5158 2454 5231 consulte
2483 5158 2659 5227 potius
2687 5174 2846 5227 quam
2879 5159 3097 5228 profane
3120 5159 3187 5214 de
3212 5160 3413 5217 divini-

1819 5260 1929 5306 tate
1970 5252 2352 5323 disputantem,
2400 5260 2453 5306 et
2501 5251 2824 5321 expulerunt
2866 5254 2977 5308 suis
3009 5254 3222 5319 linibus,
3255 5266 3310 5310 et
3362 5259 3412 5311 in

1817 5347 2077 5402 concione
2096 5346 2213 5415 ejus
2239 5348 2433 5415 scripta
2455 5344 2794 5400 dettsserunt.
2829 5366 2847 5399 ι
2873 5348 2942 5402 At
2969 5347 3084 5403 [nec
3106 5349 3264 5403 etiam
3292 5368 3414 5420 pro-

1818 5438 2068 5493 culdubio
2100 5439 2289 5493 hausta
2321 5448 2445 5493 sunt
2473 5455 2539 5493 ex
2584 5437 2847 5495 Cicerone
2868 5481 2883 5506 ,
2915 5441 3003 5510 qui
3033 5456 3155 5497 cum
3196 5442 3423 5501 dixisset

1817 5533 2168 5604 Protagoram
2198 5534 2373 5604 palam
2406 5533 2707 5588 asseruisse
2729 5547 2787 5587 se
2810 5533 2944 5588 nihil
2968 5536 3191 5591 omnino
3225 5537 3292 5593 de
3317 5538 3426 5593 diis

1818 5624 2016 5679 habere
2050 5643 2069 5676 (
2093 5624 2233 5693 quod
2265 5623 2465 5692 liqueat
2494 5639 2560 5677 an
2589 5624 2719 5689 sint,
2748 5624 2830 5679 vel
2863 5639 2967 5679 non
2997 5626 3129 5693 sint,
3162 5629 3421 5697 qualesve

1817 5715 1946 5781 sint,
1977 5735 1995 5768 ι
2029 5715 2146 5770 lucc
2177 5715 2334 5785 paulo
2362 5725 2484 5784 post
2513 5715 2749 5784 adjecit:
2788 5735 2806 5765 ε
2832 5717 3117 5774 Abderites
3156 5720 3418 5792 Protago-

1819 5822 1907 5863 ras
1954 5821 2076 5863 eum
2106 5807 2158 5862 in
2183 5806 2447 5881 principio
2476 5807 2595 5865 libri
2628 5807 2707 5861 sui
2740 5807 2819 5864 sic
2849 5810 3150 5877 posuisset:
3188 5811 3263 5868 De
3292 5812 3426 5870 diis-

2862 5902 2938 5971 21
