3730 6270
442 320 546 377 est
1162 344 1165 347 -
1837 317 2355 378 PROLEGOMENA
3488 347 3553 408 ,5,

434 455 539 509 que
577 445 634 493 ut
668 437 794 501 sint,
824 448 1001 507 neque
1025 443 1212 489 utnon
1237 435 1372 501 sint,
1403 436 1574 492 habeo
1597 435 1782 491 dicere
1811 454 1825 491 :
1858 436 2026 492 Alhe-
2053 437 2105 498 Α
2130 437 2224 501 vit,
2245 435 2398 506 cujus
2427 433 2531 501 hic,
2562 435 2614 490 in
2641 447 2737 489 suo
2755 433 2822 491 de
2838 431 2938 490 diis
2953 447 3122 505 opere,
3146 439 3315 509 primus
3334 456 3397 503 est
3415 449 3557 519 iulium

436 532 701 588 niensium
734 530 908 599 jussu,
946 527 1082 584 urbe
1110 540 1271 600 atque
1316 544 1448 601 agro
1492 537 1575 585 est
1620 534 2030 598 exterminatus,
2137 528 2552 598 disputationem
2582 526 2853 597 ingressus
2879 544 2893 581 :
2924 525 3065 584 Diine
3103 530 3214 598 sint,
3242 549 3297 589 an
3318 555 3414 608 non,
3434 547 3559 622 inquit,

438 625 561 678 libri
582 623 697 693 ejus
726 622 778 675 in
808 621 1066 677 concione
1084 622 1351 678 combusti
1375 640 1392 675 ι
1428 620 1627 695 (Cicer.
1660 623 1752 678 lib.
1783 624 1874 677 cit.
1910 636 2029 693 pag.
2137 638 2307 692 quave
2322 620 2585 677 formailli
2603 622 2730 687 sint,
2748 619 2993 693 equidem
3016 624 3178 678 nescio
3198 644 3217 697 t
3237 619 3562 701 (Euseb.lib.xn

435 714 564 780 200,
600 713 692 768 lin.
721 715 775 778 3;
813 713 942 770 ibid.
972 729 1090 786 pag.
1120 713 1247 779 204,
1272 715 1369 769 lin.
1402 716 1523 785 55);
1573 715 1658 771 vel
1686 723 1743 771 ut
1770 716 1848 769 ait
1873 714 2034 769 Laer—
2137 714 2377 784 Prwpnr.
2436 713 2638 787 Euang.
2688 730 2807 785 cap.
2870 713 2925 780 2,
2973 730 3088 788 pag.
3129 718 3262 790 720).
3315 724 3564 796 Theodoreus

432 806 560 872 tius,
593 812 887 860 κατέκαυσαν
914 814 959 861 ἓν
976 821 1035 880 τῇ
1080 809 1234 879 ἀγορᾷ
1260 813 1353 862 ὖπό
1380 822 1584 879 κγζρυια,
1620 826 1639 859 (
1659 808 1882 863 cremati

2136 821 2266 862 vero
2292 823 2356 862 ex
2387 807 2565 862 citatis
2608 807 2690 862 his
2718 806 2849 877 ipsis
2876 806 3164 878 Protagorae
3190 814 3337 871 verbis
3361 824 3559 884 concludit;

430 898 487 964 in
518 898 636 954 foro
660 898 760 954 sub
784 900 1049 970 prmconis
1070 914 1222 956 voce.
1257 920 1277 953 ι
1312 899 1505 956 Suidas
1531 915 1661 955 vero
1690 900 1899 970 simplie

2131 896 2237 963 Ϊτοὺς
2266 904 2554 971 ἀμφιϐόλους
2586 910 2693 973 περί
2721 909 2805 954 τοῦ
2829 906 2971 967 Θεοῦ,
3001 904 3079 954 καὶ
3106 905 3309 968 ἀπίστους
3332 918 3464 977 ὶδ-μυς,
3484 916 3566 977 illius

426 998 625 1062 ικαύθη,
665 1012 685 1045 ‹
714 994 934 1050 cremati
961 1003 1124 1050 sunt»
1159 995 1364 1067 (Laert.
1395 996 1561 1050 lib.tx
1586 996 1640 1049 in
1668 994 1783 1049 Vita
1812 993 2028 1067 Protag.
2143 1012 2161 1044 (
2198 995 2480 1063 ambiguos
2500 993 2576 1047 ‘de
2609 992 2740 1059 Deo,
2772 991 3067 1063 intidosque
3096 1012 3113 1045 ι
3138 994 3286 1053 fuisse
3313 1017 3330 1050 ι
3352 1015 3564 1064 sermones,

431 1084 460 1159 ᾗ
491 1086 592 1153 52;
616 1086 768 1142 Suid.
792 1086 859 1142 ad
887 1102 937 1141 ν.
961 1087 1346 1161 Πρωταγόρας.).
1387 1086 1560 1142 Citata
1603 1102 1762 1157 porro
1808 1102 1838 1141 a
1876 1086 2029 1141 nobis
2134 1083 2483 1153 (Theodoret.
2517 1098 2682 1139 serm.
2712 1083 2768 1138 2.
2794 1083 2860 1138 de
2888 1081 3116 1154 Princip.
3140 1102 3247 1158 pag.
3276 1090 3381 1158 505,
3405 1105 3444 1149 et
3468 1113 3568 1157 sem.

428 1175 705 1234 Ciceronis
731 1177 895 1235 verba
924 1194 955 1233 a
985 1178 1220 1235 Minucio
1246 1179 1566 1249 transcripta
1590 1179 1836 1249 legimus,
1864 1193 1926 1233 ac
1951 1177 2027 1232 si-
2131 1176 2164 1231 6
2192 1177 2256 1230 de
2293 1174 2589 1231 Prouident.
2649 1190 2787 1246 pag.
2824 1174 2977 1247 56l).
3033 1176 3278 1235 Cmterum
3303 1181 3470 1242 Otacilio
3489 1192 3570 1248 Am.

425 1271 628 1328 militer
647 1271 849 1327 dictum
893 1271 1175 1340 incertam,
1202 1272 1492 1342 ancipitem
1522 1286 1584 1327 ac
1618 1272 1834 1326 dubiam
1863 1271 2028 1327 fuisse
2127 1268 2460 1323 demicorum
2491 1268 2751 1324 sectatori
2789 1268 3031 1338 placebat
3061 1270 3169 1326 hare
3184 1272 3458 1332 intoleranda
3473 1296 3572 1350 υτον.

426 1362 575 1417 illius
625 1361 694 1418 de
722 1362 825 1437 diis
871 1362 1201 1433 Opinionem.
1258 1362 1641 1421 Verumtamen
1699 1362 2027 1432 Epiphanius
2130 1376 2223 1416 sus
2277 1361 2561 1416 dubitatio.
2618 1361 2977 1429 Quamobrem
3031 1377 3257 1420 asserere
3309 1383 3394 1422 non
3434 1374 3573 1429 vereba-

426 1452 627 1508 diserte
665 1454 861 1509 asserit
892 1453 1032 1510 hunc
1056 1455 1401 1524 Protagoram
1427 1469 1534 1509 non
1567 1453 1729 1509 modo
1750 1453 2027 1509 dubitasse
2127 1461 2212 1506 lur
2253 1453 2401 1508 illum
2437 1472 2455 1504 ι
2495 1453 2739 1509 consulte
2782 1454 2994 1524 potius,
3030 1473 3048 1506 ι
3104 1453 3199 1511 hoc
3235 1466 3324 1525 est,
3373 1459 3425 1515 de
3458 1462 3576 1522 divini-

425 1554 606 1601 utrum
632 1545 705 1600 dii
735 1555 939 1613 essent,
987 1546 1082 1601 sed
1115 1546 1271 1616 plane
1304 1546 1619 1616 penitusrpte
1651 1559 1909 1615 negasse:
1938 1553 2025 1615 εφη
2131 1552 2241 1600 tate
2273 1544 2443 1615 magis
2480 1545 2777 1616 prudenter
2828 1544 3150 1616 disputasse,
3180 1566 3198 1599 ‹
3226 1563 3362 1618 quam
3398 1551 3573 1622 profatu,»

425 1647 494 1707 μὴ
521 1646 646 1701 θεοὺς
672 1639 817 1703 eius,
846 1643 967 1708 μηδὲ
995 1646 1110 1702 ὅλως
1140 1648 1238 1693 θεὸν
1267 1645 1516 1711 (animus,
1551 1658 1569 1690 ο
1592 1638 1732 1694 Deos
1771 1652 1898 1708 nega

2128 1636 2240 1690 sive
2264 1646 2453 1690 contra
2485 1637 2653 1706 ipsam
2673 1680 2687 1704 ,
2721 1636 2795 1692 uti
2828 1638 3112 1707 putabant,
3138 1637 3409 1709 religionem
3431 1658 3475 1698 ac
3490 1649 3576 1701 veri-

418 1745 484 1786 ac
534 1729 865 1786 divinitatem
908 1746 1120 1785 omnem
1153 1730 1388 1786 fittrditus
1420 1730 1642 1793 tollebat
1670 1748 1687 1782 ι
1730 1728 2015 1801 (Epiphan.
2129 1736 2325 1797 tatem,
2349 1740 2510 1801 atque
2543 1729 2745 1785 idcirco
2793 1730 2993 1800 injuste
3031 1729 3097 1783 ab
3124 1730 3472 1789 Atheniensibus
3500 1751 3577 1792 con-

416 1821 657 1892 Exposit.
688 1821 781 1891 βά.
823 1820 930 1893 59,
963 1838 1080 1894 pag.
1140 1824 1321 1894 1088).
1365 1822 1502 1890 Quid
1552 1824 1728 1894 igitur,
1762 1823 1970 1894 inquies
1995 1822 2019 1876 ?
2049 1837 2096 1896 Β
2126 1823 2463 1877 damnatum.
2508 1823 2614 1879 Sed
2650 1822 2912 1878 Minucius
2966 1823 3199 1877 insanam
3231 1839 3412 1893 prorsus
3432 1826 3512 1895 eius
3534 1837 3580 1884 te-

421 1912 641 1970 ldemne
686 1924 771 1969 est
812 1913 943 1970 deos
972 1931 1192 1985 negare,
1239 1931 1301 1970 ac
1324 1916 1391 1970 de
1422 1916 1525 1971 illis
1562 1915 1845 1971 dubitare?
1872 1918 1943 1970 At
1977 1916 2025 1971 si
2130 1917 2435 1993 meritatem
2488 1914 2688 1969 acriter
2714 1957 2727 1978 ,
2775 1913 2914 1969 sicut
2960 1913 3217 1979 vidimus,
3256 1928 3311 1969 ac
3352 1931 3425 1985 pro
3463 1920 3581 1974 merito

419 2021 528 2063 non
553 2006 696 2062 idem
724 2022 943 2077 prorsus
966 2022 1179 2072 censes,
1206 2008 1329 2063 huic
1359 2018 1505 2063 certe
1532 2024 1691 2077 quam
1715 2010 2016 2078 proximum
2128 2008 2403 2079 repressit.
2442 2007 2682 2077 Denique
2709 2005 2777 2062 dc
2801 2006 2893 2060 illo
2918 2004 3227 2076 Protagora,
3253 2006 3437 2078 aliisque
3450 2008 3581 2064 duobus

422 2098 646 2166 dixeris,
698 2114 921 2155 necesse
966 2110 1068 2155 est.
1118 2101 1248 2154 Nam
1302 2101 1371 2155 dc
1419 2101 1521 2156 hoc
1573 2103 1690 2171 ipso
1726 2103 2021 2173 Protagora
2122 2105 2297 2158 atheis
2327 2103 2378 2157 in
2408 2102 2673 2173 superiori
2724 2101 3033 2171 Apparatus
3076 2099 3235 2156 nostri
3280 2109 3400 2156 tumo
3433 2104 3580 2173 aliquid,

416 2193 676 2262 scriptum
707 2192 775 2247 ab
806 2193 1039 2248 Eusebio
1066 2193 1293 2262 legimus
1320 2211 1332 2247 :
1367 2200 1681 2266 Πρωταγόρας
1707 2202 1847 2249 atem
1871 2203 2017 2258 ὶκτή-
2123 2194 2189 2249 de
2220 2195 2339 2248 aliis
2372 2209 2499 2249 vero
2529 2193 2891 2264 Sdriptoribus
2914 2236 2928 2259 ,
2961 2193 3020 2247 in
3052 2193 3152 2248 isto
3184 2193 3370 2248 Minucii
3404 2197 3520 2249 nostri
3542 2194 3581 2249 li-

410 2309 529 2342 σατο
560 2290 717 2352 δόξαν.
740 2295 944 2359 Λέγεται
969 2295 1078 2354 ’γοῦν
1122 2293 1287 2357 τοιᾷδε
1332 2298 1590 2360 κεχρῆσθαι
1626 2294 1834 2359 εἰσϐολῇ,
1875 2315 1883 2341 t

2125 2288 2221 2341 bro
2247 2288 2443 2351 citatis,
2471 2284 2571 2340 hac
2604 2286 2655 2339 in
2680 2284 3086 2351 dissertatione,
3118 2284 3202 2339 ubi
3226 2285 3406 2339 occasio
3428 2284 3583 2340 seseab-

411 2388 516 2452 περὶ
560 2389 670 2435 θιῶν
698 2396 713 2445 ;
757 2385 838 2434 οὐκ
866 2381 977 2435 οῖδα.
1018 2382 1112 2436 οὔθ’
1140 2390 1200 2443 ὥς
1230 2387 1366 2447 εἰσιν,
1402 2384 1495 2436 οὔθ’
1522 2390 1580 2447 ὡς
1627 2390 1709 2437 οὒκ
1739 2387 1875 2447 sint»,

2119 2380 2275 2447 tulit,
2304 2379 2410 2449 iam
2442 2376 2833 2450 disputavimus
2867 2375 3053 2450 (Tom.
3097 2393 3112 2431 ι
3176 2377 3398 2448 Apparat.
3433 2377 3500 2432 lib.
3526 2393 3581 2445 tn,

406 2479 566 2529 ὁποῖοί
613 2497 733 2535 τινες
758 2478 904 2529 ἰδίαν.
938 2493 958 2526 ι
987 2475 1311 2547 Protagoras
1340 2475 1483 2531 athei
1513 2476 1766 2546 opinione
1804 2476 1879 2531 lat

1975 2490 2009 2530 t-
2116 2473 2331 2529 dissert.
2358 2488 2397 2541 ι,
2423 2487 2541 2543 cap.
2578 2472 2665 2540 11,
2694 2483 2798 2527 art.
2828 2473 2884 2538 5,
2912 2486 3036 2543 pag.
3071 2469 3193 2537 785,
3220 2480 3270 2528 et
3287 2472 3448 2543 seqq.).

444 2671 452 2677 ι
475 2674 480 2676 ν
501 2674 590 2679 ~._-
908 2666 915 2669 “
1207 2666 1369 2672 ’⁸η
1853 2669 3200 2678 ..ο-σ--οτ-Δ-νοφ-*οΑ--φ-υα--υ--ᾙ--α-ι
3217 2672 3294 2676 ρ--ιμ-
3317 2670 3461 2677 -ρ--ρα-
3475 2671 3504 2676 .-

1046 2847 1406 2934 CIRCA
1467 2847 1938 2932 CHRISTI
1996 2842 2428 2932 ANNUM
2469 2844 3074 2932 CCXXXVI.

858 3061 2176 3220 ANONYMUS
2298 3068 3301 3225 AUCTOR-

1755 3362 2294 3437 CHRONICI
2317 3411 2345 3453 ,

1035 3599 1221 3727 SUB
1302 3597 1890 3755 ALEXANDBO
1965 3602 2344 3732 SEVEBll
2419 3602 3055 3738 CONSGBIPTI.

602 3868 990 3913 PROLEGOIIENA
1034 3869 1103 3909 ex
1136 3867 1552 3910 DISSERTATIONE
1588 3871 1672 3910 ru.
1715 3871 2019 3913 nuncutnn
2050 3875 2117 3914 ns
2144 3875 2351 3917 canone
2378 3878 2634 3921 PASCIIALI
2660 3879 2705 3921 s.
2734 3882 3017 3925 HIPPOLYTI
3048 3867 3231 3942 (Apud
3253 3864 3424 3924 Galland

1772 3948 1907 4006 Bibl.
1934 3962 2034 4008 vet.
2063 3953 2202 4023 PP.,
2228 3965 2265 4009 t.
2295 3952 2412 4028 ιιι).

1985 4100 3068 4148 0w.

980 4101 1972 4146 -—-—-——-———-—-=a==;

675 4334 680 4338 ι
1010 4257 1351 4316 SYNOPSlS.
2009 4268 2053 4330 C
2158 4260 2245 4317 IV.
2288 4261 2468 4334 Cangii
2493 4267 2741 4322 sententia
2778 4269 2844 4323 de
2878 4266 3176 4341 Hippolyto
3215 4265 3421 4326 αωώ
3447 4268 3573 4318 ηαστε

452 4347 492 4403 1.
548 4347 701 4404 Varia
726 4351 952 4410 uirorum
986 4356 1299 4411 eruditorum
1326 4354 1517 4427 placita
1543 4355 1607 4409 de
1636 4354 1792 4423 huius
1818 4352 1987 4408 Cltro-
2095 4355 2410 4433 proponitur.

380 4441 482 4496 uici
504 4450 727 4497 auctore.
2164 4445 2231 4501 V.
2272 4447 2335 4501 At
2375 4449 2428 4504 in
2464 4454 2713 4523 computis
2750 4454 2815 4508 ab
2855 4452 3153 4528 Hippolyto
3195 4455 3397 4511 dissentit
3427 4444 3581 4508 Chauci

451 4533 515 4588 ll.
548 4532 693 4587 Illud
732 4531 1017 4606 Hippolyto
1053 4538 1290 4610 episcopo
1328 4549 1377 4594 et
1414 4541 1626 4611 martyri
1665 4541 1988 4601 tribuendum
2089 4539 2328 4610 scriptor.

381 4623 615 4680 nonnulli
643 4624 1017 4681 existimarunt.
1618 4672 1623 4675 .
2163 4630 2249 4687 Vl.
2295 4628 2444 4702 Quod
2477 4637 2677 4705 quidem
2714 4638 2886 4695 allatis
2924 4641 2981 4695 in
3022 4643 3248 4699 medium
3281 4637 3470 4709 exempli:
3493 4632 3584 4688 αξη·

450 4717 540 4775 ΙΙΙ.
583 4718 689 4774 Sed
714 4719 823 4791 ejus
852 4729 1049 4785 auctor,
1080 4723 1158 4776 uel
1187 4718 1361 4777 Heron
1387 4740 1450 4780 ea:
1482 4726 1786 4799 philowpho
1814 4731 1983 4785 clrris-
2086 4727 2236 4781 citur.

378 4814 547 4868 tianus
576 4822 623 4866 et
642 4822 858 4880 martyr,
877 4814 955 4868 uel
979 4815 1147 4884 potius
1172 4817 1496 4889 Anonymus,
1527 4823 1612 4893 qui
1638 4822 1730 4878 sub
1755 4825 1981 4881 Alexan-
2157 4820 2269 4875 Vll-
2317 4820 2766 4880 Detnouslrationis
2796 4827 2948 4898 hujus
2986 4827 3369 4884 Blanchiuim
3387 4816 3579 4898 concilii?-

375 4906 471 4961 dro
498 4906 687 4961 Severo
707 4906 906 4974 vixerit,
938 4907 1201 4964 habendus
1240 4911 1457 4967 videtur.
2159 4911 2297 4967 VIII.
2342 4911 2508 4970 Varius
2538 4914 2776 4971 Cltronici
2804 4923 3075 4975 memorati
3104 4922 3355 4977 editiones.

442 5048 485 5106 1.
533 5048 676 5105 Inter
703 5064 865 5121 opera
903 5051 960 5109 S.
1004 5055 1273 5132 Hippolyti
1318 5063 1552 5135 episcopi
1592 5073 1647 5120 et
1690 5065 1962 5138 martyris,
2070 5059 2189 5114 nius
2212 5056 2312 5131 (ἓ),
2338 5069 2391 5116 et
2416 5059 2718 5117 Dodwellus
2752 5062 2832 5136 (5)
2858 5081 2871 5118 :
2900 5079 3137 5135 quorum
3161 5063 3398 5141 posterior
3434 5058 3581 5123 Αοοιη·

368 5158 489 5213 qua:
534 5144 811 5212 superiore
847 5146 1119 5206 volumine
1161 5169 1199 5208 tr
1239 5150 1461 5211 collecta
1492 5158 1648 5213 simul
1675 5160 1841 5215 edidin

2109 5167 2214 5205 tum
2232 5167 2337 5220 quo
2365 5152 2433 5208 de
2460 5154 2686 5223 agimus,
2716 5157 2998 5227 scripsisse
3020 5159 3385 5230 statuitpaucis
3398 5148 3579 5225 posiHiP'

366 5235 607 5288 nonnulli
659 5236 754 5290 viri
812 5238 953 5295 docti
1024 5248 1410 5304 recensendum
1480 5253 1839 5306 existimarunl

2106 5244 2311 5314 olylum
2340 5246 2713 5316 annis;‘quum
2742 5249 2872 5303 alias
2888 5261 3113 5307 sanctus
3144 5251 3233 5308 ille
3271 5240 3576 5319 martytalilli'

362 5323 675 5380 Chronicun
719 5326 867 5397 illud,
897 5332 1041 5401 quod
1089 5336 1442 5412 Anonymus,
1468 5343 1558 5411 qui
1581 5342 1679 5395 sub
1710 5344 1965 5399 extremis
2070 5352 2266 5406 seopus
2298 5338 2469 5407 primo
2485 5339 2726 5409 ejusdem
2757 5343 3049 5398 Alexandri
3079 5344 3263 5401 Severi
3285 5356 3407 5398 anno
3429 5334 3575 5408 (Syrtium

364 5415 661 5471 Alexandri
684 5417 864 5475 Severi
887 5421 1227 5494 imperatoris
1254 5433 1583 5501 temporibus
1608 5434 1803 5499 ﬂoruit,
1828 5470 1837 5488 λ

2100 5444 2224 5483 uum
2270 5429 2551 5489 inchoasse
2597 5441 2865 5490 noscatur.
2918 5434 3220 5504 Caeterum,
3263 5432 3431 5506 inquit,
3470 5424 3573 5483 mill“

361 5523 496 5565 cauo
525 5524 756 5579 coaevus,
780 5513 920 5569 circa
953 5516 1152 5574 Christi
1181 5537 1378 5579 annum
1409 5541 1648 5581 ccxxxvr
1680 5528 1960 5598 scripsisse
1986 5543 2041 5604 Β

356 5604 702 5674 comperitur.
746 5606 890 5664 llanc
928 5614 1248 5669 sententiam
1298 5632 1408 5686 pra:
1456 5622 1666 5677 caeteris
1711 5632 1794 5678 est

356 5698 538 5731 nlnvnn
561 5697 600 5731 ν
641 5697 680 5731 Γ·
720 5699 1045 5731 l‘.....:..-/n
1099 5702 1444 5731 c-.s:---.g_‘_
1470 5714 1511 5731 -ι
1536 5715 1545 5725 ο
1694 5717 1762 5731 ,η

2130 5650 2217 5731 (2)
2243 5652 2467 5710 Dissert.
2490 5653 2513 5709 Ι
2534 5655 2597 5711 de
2618 5656 2857 5715 Success.
2897 5659 3064 5731 prim.
3100 5659 3252 5716 Rom.
3282 5659 3515 5729 epiracap.
3535 5659 3566 5708 ι.

353 5698 541 5764 plexus
561 5697 699 5756 V.C.
720 5699 1071 5777 Cangius(t).
1099 5702 1206 5764 Sed
1222 5708 1275 5763 in
1292 5711 1449 5766 aliam
1464 5714 1949 5775 abieruntPearso—
2061 5720 2090 5792 §
2123 5697 2172 5779 1.

419 5836 496 5907 (l)
523 5839 735 5900 Prtet‘at.
767 5844 835 5897 ad
857 5843 1049 5901 Chron.
1080 5810 1351 5919 Pusc/t.,§
1388 5866 1517 5909 xvut
1543 5861 1597 5910 et
1622 5870 1751 5910 xxv.

2092 5790 2520 5938 ag?)12is§e{$at.
2547 5800 2685 5874 sing.
2717 5803 2780 5859 de
2814 5803 2965 5860 Rom.
3006 5802 3173 5862 Pont.
3225 5802 3361 5877 print.
3396 5805 3565 5853 διαθείη
