3824 6282
209 308 307 366 657

1705 297 2044 355 CIIRONICI.

3390 299 3499 355 658

202 424 304 481 592
345 439 376 480 a
411 424 682 481 Paschate
704 424 873 481 Josue
899 421 967 478 ad
1007 422 1214 478 initium
1248 419 1413 476 David
1443 418 1606 475 additi
1642 418 1797 473 annis
1825 418 1871 476 Α
1902 415 1953 469 ἰιι
1983 415 2301 470 marmoreis
2320 412 2528 470 cellulis
2549 413 2647 470 sibi
2671 412 2874 484 optime
2899 423 3172 478 constans,
3196 411 3262 467 ad
3289 411 3504 467 vitiatos

198 517 301 574 542
325 517 393 573 ah
431 517 589 574 initio
623 516 794 574 David
828 515 896 571 ad
927 516 1137 572 initium
1168 514 1436 581 Ezechiae,
1468 510 1799 568 constituunt.

201 627 457 668 summam
478 611 604 668 951.

276 706 345 762 At
373 706 427 762 in
453 719 645 762 summa
677 704 874 774 capitis
896 720 1002 759 xvu
1024 701 1294 758 Canisiaui
1318 743 1332 769 ,
1363 711 1418 757 et
1445 699 1702 756 sectionis
1723 712 1795 752 xu

204 796 474 854 Labbeani
513 796 712 853 codicis
764 795 909 861 idem
963 794 1304 852 intervallum
1353 791 1611 848 minuitur
1658 791 1795 860 plus-

214 908 370 962 quam
396 891 590 947 saeculis
618 900 855 960 quatuor
887 907 901 945 :
930 905 1055 944 nam
1084 889 1426 944 constituitur
1453 884 1794 942 intervallum

217 986 284 1041 ah
303 986 458 1043 Iosue
479 983 727 1040 Paschate
754 984 822 1040 ad
842 983 1057 1039 Pascha
1083 980 1333 1039 Ezechiae
1368 994 1630 1036 annorum
1659 978 1785 1035 464.

289 1079 394 1135 νη.
440 1078 523 1133 "is
555 1076 1011 1139 anachronismis.
1057 1085 1111 1131 et
1148 1073 1583 1131 antichronismis
1613 1072 1679 1147 (si
1709 1071 1790 1127 fas

221 1183 292 1227 est
312 1172 492 1236 dicere)
524 1185 630 1225 non
668 1170 878 1225 laborat
908 1185 1144 1225 marmor
1169 1167 1474 1239 Hippolyti:
1506 1168 1558 1221 in
1591 1181 1697 1236 quo
1720 1165 1793 1221 vi-

217 1264 390 1329 dimus,
409 1262 683 1317 intervalla
702 1255 988 1332 ex'dnplici
1009 1271 1283 1332 computo,
1313 1270 1418 1314 tam
1448 1277 1467 1312 ι
1492 1258 1739 1328 simplici,
1763 1279 1782 1312 υ

215 1371 354 1425 quam
384 1373 402 1405 ι
432 1356 581 1425 juxta
610 1354 906 1420 Danielem,
942 1373 962 1408 ι
992 1356 1191 1427 optime
1225 1354 1530 1411 consentire
1551 1369 1671 1410 cum
1698 1369 1787 1409 ra-

218 1448 423 1502 tionibus
460 1447 819 1504 celebriorum
860 1447 1344 1517 Chronologorum,
1390 1447 1515 1503 dum
1544 1446 1791 1503 interval-

219 1542 307 1595 lum
331 1540 398 1596 ab
421 1539 606 1596 Exodo
634 1539 701 1595 ad
742 1540 948 1596 Pascha
979 1540 1220 1599 Ezechiae
1245 1555 1312 1596 ex
1351 1540 1662 1596 cellularum
1689 1538 1792 1594 dis-

223 1633 455 1703 positione
490 1631 916 1704 deprehenditur
954 1648 1218 1688 annorum
1247 1632 1372 1698 795,
1395 1632 1545 1704 juxta
1583 1632 1789 1701 simpli-

222 1739 316 1780 cem
339 1726 620 1793 calculum,
650 1726 737 1782 vel
766 1726 866 1783 791
903 1744 921 1777 ι
947 1726 1101 1796 juxta
1129 1724 1407 1781 Danielem
1437 1744 1450 1780 :
1492 1745 1511 1778 ι
1547 1724 1790 1794 adeoque

225 1817 381 1873 haberi
423 1818 731 1874 distantiam
777 1818 1023 1874 Ezechiae
1050 1833 1079 1872 a
1110 1817 1372 1873 Paschate
1408 1817 1572 1873 Josue
1596 1817 1702 1873 749
1727 1831 1793 1873 ex

224 1911 403 1966 calculo
445 1912 695 1982 simplici,
737 1921 794 1968 et
831 1911 937 1969 750
973 1927 1037 1968 ex
1068 1912 1277 1968 calculo
1310 1913 1467 1984 juxta
1495 1912 1788 1968 Danielem.

221 2002 384 2074 Neque
407 2006 545 2061 enim
570 2006 727 2062 aliter
756 2005 1057 2062 inciderent
1085 2008 1137 2061 in
1166 2007 1387 2062 cellulas
1408 2008 1658 2062 lemmata
1677 2007 1790 2073 illa,

228 2095 434 2158 Exonus.
457 2107 512 2152 et
530 2097 710 2167 Jssus,
741 2108 797 2155 et
819 2099 1100 2167 Ezecmxs,
1132 2100 1231 2156 nisi
1252 2109 1457 2172 septem
1480 2101 1664 2156 solidae
1694 2101 1796 2156 Pe—

225 2190 337 2246 tiodi
359 2193 585 2249 minores
613 2208 877 2249 annorum
907 2195 1032 2259 “2,
1060 2205 1112 2250 et
1139 2206 1397 2267 praeterea
1428 2196 1552 2249 anui
1594 2194 1628 2250 9
1662 2211 1792 2266 sup.

228 2293 462 2352 ponantur
480 2287 757 2341 numerari
783 2301 812 2340 a
843 2286 1107 2343 Paseltate
1138 2287 1307 2343 Exodi
1335 2288 1401 2344 ad
1429 2288 1632 2343 Pascha
1662 2289 1793 2344 Eze-

230 2375 344 2431 chiae
369 2395 384 2432 ε
411 2388 463 2433 et
488 2378 700 2434 Periodi
732 2380 969 2435 minores
997 2391 1227 2451 septem,
1257 2381 1551 2436 imminutae
1588 2380 1793 2435 cellulis

232 2469 324 2522 sive
362 2471 502 2526 annis
546 2470 617 2526 52
667 2471 819 2541 juxta
870 2472 1166 2543 simplicem
1218 2472 1522 2538 calculum,
1580 2474 1667 2529 vel
1723 2473 1793 2530 55

244 2579 259 2612 ι
285 2559 411 2628 juxta
434 2563 696 2619 Danielem
720 2584 741 2616 ι
763 2564 1010 2620 dicantur
1029 2565 1288 2620 interesse
1305 2581 1331 2618 a
1352 2565 1613 2620 Paschate
1628 2565 1793 2623 Josue

244 2653 297 2705 ad
316 2652 491 2710 Pascha
509 2656 788 2714 Ezechiae:
811 2672 935 2712 cum
960 2673 1292 2729 unaquaeque
1313 2659 1566 2729 periodus
1592 2659 1789 2728 minor,

241 2744 312 2799 ubi
348 2747 493 2802 solida
536 2750 626 2814 sit,
658 2749 906 2806 eamdem
954 2761 1164 2821 repetat
1203 2751 1453 2808 cellulam
1483 2769 1496 2805 :
1529 2763 1581 2806 et
1611 2766 1795 2805 unum.

251 2840 455 2910 quodque
476 2845 723 2899 saeculum
752 2844 962 2900 cellulis
992 2861 1067 2900 xu
1094 2845 1397 2901 retrocedat
1436 2846 1489 2901 in
1529 2860 1790 2901 annorum

244 2932 612 3002 consignatione.
650 2935 888 2993 Necesse
931 2937 1090 3007 igitur
1128 2946 1211 2993 est
1235 2953 1407 2993 annos
1447 2938 1793 3008 interpositos

242 3022 476 3081 ahExodo
498 3028 560 3083 ad
584 3028 868 3085 Ezechiam
897 3028 1080 3084 haberi
1112 3045 1179 3103 ex
1212 3031 1360 3087 hisce
1382 3031 1619 3087 cellulisa
1639 3031 1791 3100 juxta

244 3113 465 3172 Danielem
492 3140 510 3171 ι
538 3121 620 3176 vel
647 3121 703 3185 7,
730 3122 813 3177 vel
848 3121 973 3189 119,
1003 3122 1090 3178 vel
1114 3122 1244 3189 251,
1275 3123 1357 3178 vel
1382 3123 1510 3190 245,
1542 3123 1630 3179 vel
1658 3123 1787 3189 545,

242 3208 307 3262 vel
343 3211 453 3278 557,
483 3213 561 3269 vel
603 3214 729 3279 569.
778 3214 859 3270 vel
891 3215 1018 3282 681,
1064 3216 1206 3287 quod
1242 3232 1400 3272 nemo
1427 3216 1624 3272 dixerit
1649 3216 1792 3271 nulla

248 3298 402 3356 idonea
428 3308 732 3362 auctoritate
759 3314 1032 3377 permotus
1061 3325 1075 3362 :
1108 3309 1193 3365 vel
1239 3307 1458 3364 demum
1504 3310 1611 3365 795
1648 3308 1792 3379 quod

255 3396 514 3463 ais-serimus,
544 3409 747 3456 cumet
784 3401 987 3473 reliqua
1027 3402 1367 3458 consentiant
1409 3418 1531 3459 eum
1576 3402 1795 3472 peritio-

256 3498 346 3540 rutn
381 3487 816 3561 Chronologorum
851 3494 1164 3561 rationibus,
1194 3510 1257 3551 ex
1287 3493 1579 3548 Bibliornm
1609 3507 1793 3548 sacro-

258 3590 346 3632 nnn
383 3586 595 3641 numeris
640 3589 746 3643 rite
783 3588 1046 3644 collectis.
1078 3589 1207 3656 Quae
1231 3604 1352 3646 cum
1382 3588 1667 3659 diligenter
1710 3605 1797 3644 ex-

260 3682 386 3738 pensa
411 3680 613 3746 fuerint,
646 3682 934 3751 constabit,
976 3692 1035 3738 ut
1062 3692 1211 3754 puto,
1247 3682 1454 3739 facilius
1493 3699 1653 3755 posse
1700 3701 1794 3740 re-

260 3762 372 3819 Sliiui
402 3783 458 3824 ex
492 3788 786 3830 marmoreo
820 3773 1089 3830 Chronico
1110 3775 1324 3830 vitiatus
1350 3791 1605 3832 numeros
1645 3777 1793 3831 Ano-

263 3856 374 3922 nymi
393 3857 645 3934 llippnlyto
666 3863 888 3934 aequalis
905 3905 920 3932 ,
944 3880 1104 3935 quam
1128 3874 1186 3920 ιιι
1204 3864 1474 3937 Hippolyti
1492 3867 1794 3923 Chronicon

281 4026 576 4085 ᾖ-
604 4036 758 4087 ni-
790 4038 1053 4047 ..ο-...ο
1086 4040 1285 4049 ..ι--α-

435 4073 450 4086 ο
857 4077 1285 4088 *-

857 4077 1351 4088 .——-———-—-———

1902 507 2145 562 codicum
2187 522 2443 563 numeros
2482 507 2620 561 inter
2649 520 2707 561 se
2745 505 3089 568 dissidentes,
3117 514 3171 558 et
3196 504 3264 557 ah
3305 517 3507 573 anony.

1900 599 2001 653 mis
2046 598 2353 653 auctoribus
2388 607 2678 668 acceptos,
2729 606 2838 651 tum
2894 595 2964 650 ab
3015 593 3298 665 anonymis
3338 591 3504 647 latine

1898 692 2139 747 redditos
2184 691 2545 747 inﬂectantur.
2574 689 2747 745 Velim
2791 688 2989 760 potius,
3015 697 3073 743 ut
3114 702 3180 742 ex
3211 685 3317 742 [ide
3342 684 3504 753 hujus

1896 782 2131 840 Cauouis
2184 782 2489 855 Hippolytei
2543 782 2883 853 corrigantur
2927 778 3121 836 menda
3176 778 3501 848 scriptorum

1896 874 2167 930 codicum.
2217 874 2397 929 Facile
2437 874 2580 930 enim
2631 871 2948 942 intelligitur
3009 870 3201 927 deesse
3245 882 3504 923 numeros

1895 967 1949 1021 in
1980 968 2194 1036 scriptis
2219 965 2500 1022 Chronicis
2526 966 2702 1037 capite
2730 980 2859 1019 xvm
2887 961 3175 1019 Canisianu
3206 960 3348 1016 inter
3367 959 3504 1029 Epo-

1862 1059 2024 1114 ‘chas
2051 1059 2219 1114 Exodi
2263 1069 2317 1114 et
2356 1056 2624 1112 Ezechiae.
2667 1054 2919 1110 Fortasse
2967 1051 3283 1108 intermedia
3325 1050 3503 1121 aliqua

1887 1149 2102 1218 jacehat
2131 1147 2344 1219 Epocha
2374 1148 2443 1203 ab
2472 1146 2655 1202 Exodo
2686 1146 2752 1200 ad
2783 1145 2988 1199 initium
3020 1142 3180 1198 David
3212 1160 3224 1196 :
3255 1150 3365 1196 tum
3412 1141 3502 1197 illa

1893 1241 2322 1312 Subsequebatur
2345 1240 2414 1296 ab
2438 1239 2589 1295 initio
2617 1237 2783 1293 David
2814 1236 2882 1292 ad
2910 1235 3221 1302 Ezechiam,
3246 1249 3365 1305 quae
3389 1248 3504 1288 cor-

1892 1333 2065 1402 ruptis
2118 1332 2359 1387 numeris
2389 1346 2496 1385 non
2536 1329 2639 1384 sibi
2677 1337 2907 1384 constat.
2957 1326 3156 1381 Omitto
3199 1325 3334 1379 alios
3372 1324 3504 1379 anti-

1892 1421 2235 1478 chronismos
2281 1435 2567 1478 recensere
2611 1435 2675 1474 ex
2723 1419 2941 1475 variatis
2988 1418 3305 1473 lectionibus
3350 1415 3500 1471 Cani-

1894 1514 2028 1568 siani
2058 1524 2112 1568 et
2142 1511 2413 1567 Lahheaui
2440 1511 2681 1576 codicis;
2724 1524 2858 1579 quas
2881 1508 3137 1579 colligant
3159 1506 3502 1577 Chronogra-

1897 1604 2010 1676 phi,
2033 1605 2124 1675 qui
2150 1602 2435 1660 conferant
2457 1616 2698 1658 summas
2719 1615 2984 1656 annorum
3015 1615 3044 1653 a
3067 1598 3247 1653 Mundi
3278 1597 3500 1653 conditu

1898 1704 2205 1765 putatorum
2236 1710 2300 1750 ex
2329 1695 2613 1766 Anonymo
2648 1715 2661 1749 :
2691 1692 2836 1748 unde
2877 1689 3159 1763 apparebit
3194 1690 3441 1745 distantia
3469 1707 3499 1743 a

1824 1809 1872 1868 Β
1899 1788 2027 1845 .lesu
2049 1788 2193 1844 Nave
2212 1789 2279 1844 ad
2310 1789 2524 1844 Davidis
2553 1787 2759 1842 initium
2780 1785 2931 1855 juxta
2960 1782 3300 1839 Canisianum
3323 1797 3501 1838 exem-

1900 1885 2016 1953 plar
2040 1900 2166 1938 ann.
2193 1882 2320 1948 555,
2346 1882 2497 1953 juxta
2526 1880 2875 1936 Labbeanum
2902 1879 3030 1945 495,
3056 1893 3282 1948 quarum
3310 1886 3500 1931 neutra

1898 1976 2184 2044 respondet
2229 1975 2386 2030 annis
2428 1976 2482 2029 in
2521 1972 2791 2035 Judicnm,
2823 1980 2877 2025 et
2916 1970 3122 2041 Regum
3163 1981 3389 2023 numero
3421 1980 3503 2022 re-

1896 2069 2136 2124 censitis.
2172 2065 2526 2122 Commendat
2546 2065 2708 2136 igitur
2732 2062 2965 2118 maxime
2994 2059 3166 2117 nostri
3212 2057 3499 2114 marmoris

1900 2160 2085 2227 ﬁdem,
2117 2170 2171 2214 et
2200 2158 2561 2230 praestantiam
2590 2156 2771 2227 operis
2807 2153 3130 2225 Hippolytei,
3164 2147 3501 2219 comparatio

1894 2267 2015 2308 cum
2041 2252 2317 2308 codicibus
2349 2252 2589 2308 instituta
2625 2268 2638 2304 :
2673 2259 2725 2305 et
2756 2248 3087 2305 desiderium
3129 2243 3503 2301 vehementius

1897 2343 2128 2399 intendit
2153 2358 2377 2415 operum
2407 2343 2539 2397 tanti
2571 2341 2766 2408 Patris,
2801 2350 2857 2396 et
2888 2338 3139 2415 Martyris
3172 2355 3184 2392 :
3214 2350 3335 2407 qua:
3365 2335 3503 2389 inte-

1896 2453 1988 2509 gra
2017 2437 2399 2499 concidissent,
2428 2437 2530 2491 nisi
2558 2434 2946 2506 perennitatem
2985 2432 3219 2501 aliquam
3257 2426 3500 2499 ejusdem

1895 2529 2155 2585 doctrinm:
2189 2529 2431 2599 reliquiis
2452 2527 2768 2598 praeclarum
2799 2525 3026 2596 hujusce
3054 2520 3389 2578 monumenti
3416 2534 3503 2575 vc-

1898 2623 2113 2692 sﬁgimn
2141 2630 2527 2691 comparasset.
2553 2620 2827 2675 Haeteuus
2846 2618 2913 2674 V.
2931 2615 2996 2673 C.

1969 2713 2102 2769 Vill.
2120 2713 2232 2768 Hoc.
2254 2715 2430 2781 itaque
2456 2710 2725 2781 Anonymi
2745 2708 3051 2764 Clu'ouicou
3070 2705 3356 2777 Hippolyto
3368 2718 3500 2775 syn-

1895 2807 2106 2870 chroni,
2126 2805 2263 2875 quod
2280 2804 2510 2877 primum
2527 2803 2773 2859 Cauisius
2789 2800 2895 2873 (1),
2916 2799 3107 2855 ιΙρίιΔε
3124 2798 3372 2854 Labheus
3388 2796 3497 2869 (2),

1897 2909 2170 2970 postremo
2197 2894 2428 2967 Cangitts
2452 2894 2533 2967 (5)
2558 2893 2897 2965 evulgarunt,
2923 2891 3042 2946 heic
3061 2888 3327 2946 edendum
3350 2901 3500 2942 cura-

1896 2993 2092 3056 vimus,
2111 2990 2253 3045 vclut
2275 2989 2623 3061 appendicem
2647 2984 3351 3056 operumallippolytcorum,
3375 2972 3498 3051 quae

1897 3083 2176 3153 superiore
2216 3074 2487 3137 volumine
2521 3097 2557 3134 ιι
2596 3079 2817 3135 collecta
2843 3076 3002 3132 simul
3036 3090 3099 3130 ac
3123 3074 3325 3145 digesta
3368 3086 3497 3142 pro-

1819 3192 1865 3254 ρ
1900 3177 2137 3237 tulimus,
2186 3174 2486 3230 Editionem
2531 3185 2768 3228 nostram
2796 3170 2862 3225 ad
2902 3167 3242 3225 Labbeanam
3274 3164 3498 3236 potissi-

1899 3285 2043 3325 mum
2064 3269 2349 3342 exegimus
2396 3286 2408 3322 :
2451 3267 2662 3322 collatis
2704 3266 2915 3321 interim
2961 3262 3156 3318 alicubi
3198 3258 3396 3314 Canisii
3441 3268 3498 3314 et

1897 3361 2082 3431 Caugii
2124 3360 2335 3431 exempl
2373 3360 2519 3416 ribus
2543 3401 2558 3427 ,
2597 3358 2739 3414 unde
2783 3356 3069 3412 nonnullas
3112 3351 3498 3422 descripsimus

1901 3455 2168 3509 variantes
2198 3452 2478 3515 lectiones,
2506 3466 2627 3522 quae
2651 3449 2879 3518 alicujus
2906 3447 3063 3518 pretii
3094 3459 3213 3500 esse
3235 3441 3498 3498 videban-

1898 3555 2003 3603 tur.
2033 3545 2163 3614 Quis
2193 3544 2358 3609 enim,
2388 3553 2448 3599 ut
2474 3559 2594 3599 cum
2626 3542 2843 3599 Labbco
2882 3540 3093 3612 loquar,
3143 3536 3272 3595 illud
3313 3535 3499 3608 Augiac

1882 3638 2164 3696 .stabulum
2199 3652 2422 3708 purgare
2446 3635 2647 3709 possit?

1962 3748 2034 3823 ρ)
2072 3747 2376 3823 ςαῃξελᾼιη.
2392 3749 2536 3823 hcet.
2564 3757 2601 3800 t.
2627 3748 2830 3823 ιιιέξόίιΣ
2857 3749 2970 3801 nov.
2993 3755 3111 3800 tom.
3138 3757 3310 3823 apag.

1964 3810 2036 3937 ἓξ)
2074 3812 2217 3863 Labb.
2238 3811 2363 3886 Nov.
2387 3813 2516 3862 Bibl.
2534 3826 2651 3862 mss.
2678 3811 2789 3861 libr.
2817 3818 2931 3861 tom.
2959 3828 2995 3872 ι,
3022 3823 3134 3874 pag.
3301 3822 3317 3873 ι

1987 3909 1996 3921 .
2019 3878 2037 3939 )
2077 3876 2229 3940 Caug.
2255 3888 2305 3925 tn
2330 3874 2518 3927 Select.
2545 3875 2602 3926 ad
2628 3874 2807 3927 Chron.
2827 3873 3003 3924 Pasch.
3034 3885 3146 3936 pag.
3169 3872 3281 3921 41-).

1285 4132 2369 4362 CHRONICON

501 4446 1033 4531 ANONYMI
1093 4449 1312 4560 QUI
1369 4449 1588 4534 SUB
1648 4443 2386 4533 ALEXANDRO
2442 4442 2693 4527 IMP.
2759 4434 3229 4524 VIXISSE

1167 4634 1352 4691 ANNO
1389 4632 1660 4693 CHRISTI
1698 4634 2007 4693 CCXXXVI
2063 4624 2531 4690 PERHIBETUR.

390 4826 542 4877 “BER
579 4832 1043 4881 GENEBATIONIS
1090 4835 1169 4879 ΑΒ
1214 4833 1393 4880 ΛυΔΜ
1439 4833 1644 4888 USQUE
1689 4834 1774 4876 AD
1818 4832 2112 4878 ORDINEM
2158 4821 2185 4851 ⁸
2227 4832 2372 4887 QU/E
2416 4827 2827 4875 CONTINETUR
2872 4825 2937 4869 IN
2984 4822 3107 4868 HOC
3152 4816 3363 4864 LIBRO.
3444 4858 3449 4865 κ

1684 4996 2105 5031 -οεΘΘΘθθον-

340 5166 633 5235 Diuumeratio
682 5189 967 5252 temporum
1026 5186 1073 5232 et
1123 5185 1394 5232 annorum.
1447 5173 1807 5230 Geuemtioues
1831 5177 1884 5241 1)
1910 5174 2036 5229 sula:
2061 5174 2214 5227 clarae
2239 5186 2256 5224 :
2284 5167 2369 5239 qui
2388 5182 2482 5233 ,επ
2506 5165 2685 5236 quibus
2727 5162 2953 5235 gentibus
2979 5156 3459 5227 trausmigmueruut
3491 5167 3509 5207 :

285 5263 419 5405 Tituli
459 5283 593 5341 usque
627 5271 679 5327 in
729 5271 867 5326 hunc
896 5268 1049 5324 diem.
1080 5268 1256 5324 Terra:
1291 5267 1471 5322 divisio
1497 5266 1655 5322 tribus
1683 5266 1807 5337 ﬁliis

331 5370 393 5405 οι-

331 5370 393 5412 οε.

344 5444 582 5513 Declaratio
636 5460 861 5533 gentium
892 5500 906 5525 ,
935 5473 1047 5527 qua
1071 5473 1134 5512 ea:
1152 5457 1333 5528 quibus
1380 5460 1532 5529 factm
1570 5464 1690 5510 sunt
1718 5497 1734 5521 ,
1766 5463 1813 5510 et

1912 5277 2032 5340 quot
2062 5266 2277 5337 [lumina
2301 5262 2597 5317 nominata:
2627 5266 2745 5329 quot
2773 5266 2965 5310 montes
2992 5250 3263 5308 nominati.

1990 5358 2124 5425 Quot
2144 5352 2354 5409 Iudices
2376 5368 2396 5407 .'
2426 5359 2471 5405 et
2498 5349 2610 5421 quis
2637 5350 2923 5418 quotannis
2953 5342 3198 5413 populum
3214 5337 3479 5408 iudicavit.

1927 5473 1945 5485 -
1994 5449 2125 5518 Quot
2152 5446 2314 5520 Reges
2333 5446 2385 5500 in
2419 5441 2573 5498 Tribu
2599 5440 2629 5495 ,Ι
2639 5438 2739 5494 uda
2759 5453 2777 5492 :
2801 5447 2847 5491 et
2877 5437 2988 5507 quis
3008 5444 3124 5506 quot
3148 5432 3294 5488 armis
3321 5442 3509 5500 regna-

294 5550 386 5603 ’Ῑιησ
405 5544 565 5619 singuli
589 5560 743 5609 terras
766 5561 814 5609 et
839 5550 1063 5607 civitates
1106 5549 1272 5617 sortiti
1312 5559 1430 5605 sunt
1459 5564 1477 5606 :
1515 5557 1717 5620 quaan
1737 5549 1817 5604 in-
1920 5547 2011 5602 vit.

1450 5685 1834 5745 LECTIONES
1870 5684 1959 5741 VA
1969 5678 2282 5739 RIANTES.

340 5802 438 5876 ‘Ad
462 5828 667 5881 tudinem
687 5844 797 5896 quae
819 5830 1117 5883 continetur.
1144 5815 1229 5879 Sic
1240 5841 1324 5881 ms.
1347 5816 1473 5879 lidit.
1502 5818 1661 5878 Canis.
1684 5822 1805 5876 ad...

1912 5818 2085 5871 ordine
2109 5830 2221 5882 quae
2242 5816 2559 5868 continentur
2586 5812 2633 5862 in
2661 5805 2806 5870 hujus
2832 5796 3078 5855 volumine
3102 5792 3234 5846 libri.
