3824 6282
409 279 519 337 665
1416 280 1429 288 “
1657 287 2048 346 (ῚΗΒΟΝΙΟΟΝ
2088 291 2421 351 ΑΝΟΝΥΜΙ.
3499 318 3573 384 ρος

483 402 619 458 Sunt
644 414 818 459 autem
857 406 1045 460 Insulae
1073 407 1125 461 in
1160 407 1238 461 his
1265 421 1579 463 communes
1605 406 1689 463 hae
1714 425 1726 462 :
1750 407 1992 474 Corsola,
2022 408 2078 469 Α
2101 409 2308 468 Arabes
2335 414 2491 494 ultra,
2538 414 2818 486 Sapientes
2864 415 2951 487 qui
2999 416 3228 478 dicuntur
3264 390 3571 511 Gymnosulita,

407 492 681 564 anadus,
711 497 976 567 Agaudius
999 540 1013 563 ,
1047 498 1252 554 Meletae
1273 540 1289 565 ,
1319 500 1593 555 Cereeuna
1617 543 1631 565 ,
1660 500 1847 565 Menis,
1878 498 2013 555 Car-
2118 502 2245 583 nudi
2274 492 2564 574 sapientes.

408 586 572 656 dinia,
596 591 800 655 Galata,
820 590 1082 658 Corsuna,
1107 593 1285 659 Creta,
1312 594 1533 654 Gaulns.
1556 595 1761 657 Rheda.
1790 595 2009 665 Ethera,
2187 594 2451 652 Habitatio
2471 608 2648 655 autem
2671 615 2853 657 eorum
2882 616 3044 675 usque
3069 605 3359 666 Rinocorura
3380 617 3575 694 etCilieia.

370 686 374 690 ‘
409 681 688 744 Carentus.
717 685 993 754 Astypala,
1017 686 1204 752 Chius,
1230 687 1454 749 Lesbus.
1480 687 1749 756 Tenedos,
1778 689 2008 757 lutbrus,
2183 687 2282 756 Qui
2303 700 2480 745 autem
2501 706 2686 747 eorum
2714 707 2975 750 noverunt
2998 695 3206 777 litteras,
3231 701 3279 756 bi
3297 716 3401 761 sunt
3418 683 3579 784 :Jddai,

404 772 613 840 Jassus,
642 772 840 840 Cubns,
872 774 1127 841 Chnialos,
1161 778 1403 846 Nisnrus,
1434 780 1689 851 Megism,
1717 781 1948 853 Cyprus.
2112 780 2312 848 Persae,
2340 782 2509 852 Medi,
2542 786 2761 843 Chaldei
2781 829 2797 853 ,
2831 787 2945 843 Indi
2965 831 2979 855 ,
3007 773 3218 862 Assyrii.
3302 788 3319 808 '

478 866 579 934 Qui
606 877 783 922 autem
812 884 998 925 eorum
1022 881 1145 926 sunt
1172 872 1424 940 litterati,
1449 873 1504 929 hi
1529 876 1654 930 sunt
1680 893 1693 936 ;
1718 876 2002 945 Phenices,
2181 874 2278 930 E81
2302 887 2478 933 autem
2507 877 2761 935 habitatio
2788 895 2998 947 eorum.
3027 882 3076 938 id
3103 894 3182 940 est
3204 886 3399 944 iiliomm
3418 890 3583 962 Sem,in
3690 922 3691 925 η

402 958 675 1031 IEgyptii,
707 962 1024 1035 Palnphyli,
1058 966 1320 1037 Phryges.
2108 966 2327 1037 longum
2371 968 2587 1039 quidem
2635 971 2703 1027 ab
2752 971 2898 1026 india
2945 987 3106 1044 usque
3164 975 3483 1038 Rinocorura:
3512 958 3583 1043 lata

472 1054 605 1110 Sunt
630 1069 808 1111 autem
833 1057 966 1113 lines
997 1059 1162 1114 Cham
1190 1050 1219 1115 a
1248 1061 1600 1133 Rinocoryris
1620 1104 1635 1130 ,
1667 1078 1786 1133 quae
1815 1064 2005 1123 dividit
2106 1066 2282 1112 amem
2305 1074 2333 1113 ³
2363 1059 2582 1116 Perside
2612 1072 2665 1116 ει
2692 1061 2899 1119 Βηοιτίθ
2937 1078 3099 1135 “sque
3124 1066 3326 1123 indim-

400 1146 611 1217 Syriam
641 1157 695 1203 et
721 1149 1034 1221 ngyptum,
1072 1166 1241 1222 usque
1267 1152 1456 1208 Garira
1481 1156 1534 1209 in
1564 1156 1804 1230 longum.
2180 1148 2451 1206 Vocabula
2494 1161 2674 1208 autem
2725 1155 2963 1225 gentium
3013 1155 3124 1212 haec
3160 1168 3305 1214 sunt:
3329 1160 3486 1231 Persis,
3514 1166 3583 1222 Ba-

471 1238 697 1296 Noniina
750 1253 927 1297 autem
973 1246 1233 1314 gentium,
1280 1246 1398 1301 haec
1451 1249 1900 1323 suntalEgyptus
1945 1269 1977 1310 e

2104 1241 2345 1308 ctrianae,
2380 1241 2646 1311 Hircania,
2683 1244 2976 1318 Babylona,
3004 1247 3257 1315 Corbnlia,
3287 1250 3586 1324 AssyriaJle-

402 1332 675 1404 I‘Ethiopia
704 1353 821 1404 quae
854 1339 1019 1393 tendit
1050 1339 1308 1394 adversus
1344 1342 1543 1397 Indiam
1572 1386 1587 1409 ,
1616 1355 1671 1400 et
1695 1349 1864 1402 altera
1897 1379 1912 1403 Α

2102 1333 2398 1402 sopotamia
2420 1375 2433 1398 ,
2479 1334 2673 1391 Arabia
2716 1347 2873 1392 vetus
2896 1379 2911 1402 ,
2961 1338 3236 1406 Alimales,
3266 1339 3423 1408 India,
3454 1346 3585 1403 Arabia

401 1427 622 1495 thiepia.
672 1429 812 1484 unde
842 1429 1199 1501 proﬁciscitur
1243 1432 1441 1491 ﬂattnen
1475 1435 1824 1508 Ethiopum,
1857 1440 1911 1495 Ει

2101 1425 2404 1492 eudaemon,
2427 1425 2764 1501 Coele-syria,
2793 1429 3166 1504 Commagena,
3200 1444 3251 1489 et
3294 1434 3489 1509 Fynicia,
3508 1454 3587 1512 qua

400 1521 573 1577 threa.
604 1521 743 1590 quod
767 1532 851 1577 est
871 1523 1091 1594 rubrum
1112 1526 1396 1583 attendens
1424 1528 1491 1583 ad
1520 1529 1789 1586 Orientem
1817 1550 1830 1586 a
1856 1532 1999 1589 The—
2102 1528 2187 1574 θδι
2214 1518 2445 1575 ﬁliorum
2476 1519 2626 1578 sem-

396 1609 495 1665 bea
525 1610 727 1683 Libyae,
755 1631 873 1683 quae
898 1615 1135 1671 extendit
1162 1634 1328 1688 usque
1353 1617 1560 1691 Syrtes,
1584 1620 1787 1677 habens
1809 1632 1999 1694 gentes

396 1701 495 1755 has
520 1721 531 1755 :
559 1702 890 1761 Nasamonas
912 1749 927 1774 ,
974 1707 1146 1762 Macas
1170 1752 1185 1776 ,
1225 1709 1548 1767 Tautameos
1577 1730 1591 1767 :
1619 1714 1783 1787 Libya
1826 1733 1944 1786 quae
1965 1734 1995 1771 a

394 1793 548 1864 Lepti
576 1799 815 1853 extendit
834 1815 1002 1871 usque
1022 1803 1285 1858 minorem
1310 1805 1506 1876 Syrtim
1533 1823 1545 1859 :
1574 1806 1840 1877 Numidia,
1863 1809 1997 1866 Mas-
2026 1797 2074 1856 Β
2172 1815 2371 1872 Gentes
2395 1828 2571 1874 autem
2611 1835 2732 1890 quae
2770 1820 2979 1891 linguas
3006 1837 3128 1878 suas
3154 1823 3338 1879 habent
3355 1866 3369 1891 ,
3392 1824 3461 1880 hae
3481 1834 3593 1881 sunt:

394 1891 556 1958 seria,
587 1890 897 1948 MauIitania
926 1910 1045 1964 quae
1067 1897 1306 1952 extendit
1328 1915 1494 1970 usque
1524 1900 1832 1972 llrrculeas,
1856 1905 1996 1976 quod
2037 1921 2045 1934 '
2103 1907 2313 1963 Hebrmi
2342 1909 2433 1981 qui
2462 1919 2516 1964 et
2545 1909 2736 1977 Judaei,
2767 1890 2993 1985 Assyrii,
3023 1914 3270 1983 Chaldaei,
3296 1890 3462 1983 Persae,
3483 1915 3596 1983 Moab,

393 1992 476 2037 est
509 1983 899 2042 lleracleotieas
928 1988 1093 2043 stelas
1123 2001 1308 2046 contra
1336 1991 1610 2051 Gadiram.
2100 1999 2305 2057 Arabes
2327 2042 2343 2069 ,
2376 2001 2582 2058 Madian
2608 2044 2622 2067 ,
2654 1983 2966 2061 Adiabenici
2988 2048 3003 2071 ,
3050 2006 3232 2063 Taleni
3251 2053 3265 2076 ,
3298 2009 3597 2076 Alamosenui,

466 2074 632 2131 Habet
664 2087 838 2132 autem
865 2080 931 2134 ad
959 2080 1180 2136 Borram
1210 2086 1528 2140 maritimam
1557 2086 1812 2155 Ciliciam,
1838 2090 1997 2146 Pam-
2098 2090 2384 2159 Saraceni,
2434 2094 2599 2165 Magi,
2644 2093 2820 2164 Caspii
2847 2138 2861 2161 ,
2913 2099 3131 2166 Albani,
3180 2074 3314 2165 ludi,
3350 2074 3596 2170 Ethiopes,

394 2165 650 2237 phyliam,
683 2168 956 2237 Pisidiam,
987 2171 1231 2243 Mysiam,
1262 2174 1588 2247 Lycaoniam
1613 2222 1629 2248 ,
1664 2180 1950 2254 Phrygiam
1975 2226 1990 2252 ,
2097 2181 2359 2255 Egyptii,
2390 2185 2606 2258 Libyes,
2641 2186 2851 2251 Chetei.
2883 2188 3134 2245 Cananaei
3155 2232 3170 2254 ,
3200 2190 3435 2251 Ferezaci.
3456 2165 3595 2257 Euvei,

331 2307 342 2314 .
389 2259 703 2328 Camaliam,
738 2263 977 2336 Lyciam,
1006 2266 1241 2331 Cariam.
1276 2269 1521 2342 Lydiam,
1548 2273 1770 2345 Mysiam
1810 2277 1989 2345 aliam,
2097 2273 2388 2346 Gergesei,
2437 2276 2688 2345 Jebusei,
2739 2280 2977 2346 ldumei,
3043 2280 3344 2349 Samaritae,
3386 2278 3596 2347 Ftenices,

392 2351 678 2421 Trondem,
709 2356 975 2425 Aolidein,
1008 2359 1272 2432 Bityniam
1302 2372 1562 2432 veterem,
1599 2366 1883 2439 Phrygiam
1912 2371 1991 2426 al-
2096 2366 2250 2439 Syri,
2281 2367 2479 2424 Cilices
2500 2411 2515 2434 .
2548 2369 2911 2437 Tharscnses,
2944 2371 3319 2444 CappadMS.
3361 2370 3598 2436 Armenii.“

391 2446 605 2502 tiorem.
2094 2460 2284 2518 Hibeni
2306 2505 2322 2529 ,
2356 2463 2593 2530 Librani,
2629 2466 2824 2536 Scytae.
2855 2465 3076 2536 Colchi,
3109 2466 3301 2534 Sanni,
3329 2464 3600 2537 Bosphorani,

461 2559 633 2616 llahet
660 2563 816 2617 etiam
844 2564 1051 2620 Insulas
1081 2566 1210 2623 has:
1238 2568 1570 2635 Sardiniam,
1600 2571 1812 2628 Cretam
1836 2616 1850 2637 ,
1880 2575 1955 2648 Cy

2092 2554 2303 2617 Asiani,
2337 2554 2741 2626 Hisauiienses,
2789 2557 3075 2630 Lycaones
3096 2601 3111 2625 ,
3159 2558 3385 2631 Pysialae,
3420 2556 3596 2621 Galatae,

389 2665 543 2721 prum
568 2694 583 2718 ,
616 2662 687 2708 et
713 2653 911 2711 ﬂumen
943 2656 1092 2714 Genu
1138 2661 1226 2729 qui
1269 2662 1564 2731 appellatur
1593 2662 1761 2720 Nilus.
1791 2666 1899 2722 Divi

2091 2646 2434 2719 Pailagones,
2468 2648 2699 2722 Fryges,
2745 2652 2912 2706 Achai
2933 2694 2948 2715 .
2982 2652 3229 2708 Thessali
3249 2695 3264 2717 ,
3294 2649 3599 2715 Machedoues,

384 2752 565 2798 autem
595 2746 733 2800 inter
757 2748 925 2803 Cham
973 2759 1027 2805 et
1069 2752 1208 2807 inter
1250 2752 1480 2824 Japhet,
1509 2766 1561 2813 et
1592 2772 1654 2815 os
1695 2775 1894 2831 vesperi

2090 2740 2319 2808 Traces,
2356 2743 2523 2815 Mysi,
2560 2745 2739 2810 Bessi,
2773 2745 3048 2810 Dardani,
3079 2746 3361 2815 Sarmatae,
3383 2744 3599 2806 Germani,

378 2838 562 2893 maris.
607 2838 737 2895 Haec
749 2841 925 2897 media
950 2842 1117 2899 cnam
1145 2848 1443 2916 generatio,
2089 2832 2363 2902 Pannoni,
2394 2835 2632 2903 Peones,
2661 2836 2875 2905 Norici,
2912 2839 3174 2895 Dalmatae
3194 2882 3207 2904 ,
3241 2838 3440 2893 Romani
3465 2837 3533 2907 qun
3565 2842 3601 2888 et

2752 1675 2939 1720 εεοτιο
2977 1679 3053 1720 Vl.

1480 2966 1481 2969 η
2087 2925 2289 2994 Latini,
2325 2926 2547 2998 Ligures
2567 2969 2582 2995 ,
2615 2927 2750 2984 Galli
2778 2929 2868 3001 qui
2916 2939 2971 2986 et
3003 2931 3197 2998 Celtae,
3228 2929 3476 3001 Aquitani,
3503 2925 3599 2981 Brit-

1058 2996 1247 3037 εεετίθ
1283 2998 1336 3037 ν’
2087 3019 2196 3073 Iani
2218 3060 2233 3084 ,
2265 2996 2484 3090 Hispani
2526 3021 2615 3089 qui
2645 3033 2699 3076 et
2739 3021 2965 3092 Tyrreni
2990 3065 3007 3089 ,
3053 3023 3247 3090 Mauri,
3278 3023 3600 3083 BaccuatesJl

455 3110 531 3167 De
563 3112 686 3168 Sem
716 3123 893 3173 autem
919 3117 1130 3174 seniore
1150 3118 1260 3173 ﬁlio
1292 3119 1426 3185 Noe.
1456 3132 1583 3180 sunt
1609 3124 1776 3183 tribus
1796 3129 1965 3199 cogni-

2085 3110 2424 3177 Massennes,
2457 3112 2663 3179 Getuli,
2694 3115 2809 3170 Atri
2838 3117 2928 3188 qui
2979 3126 3039 3173 et
3082 3117 3330 3172 Barbares
3353 3156 3366 3179 ,
3400 3110 3595 3213 Maliaci.

1414 3178 1424 3185 .
1612 3178 1773 3183 ηηπ-
1803 3178 1892 3199 --ο

383 3209 450 3256 tae
479 3219 619 3269 xxv;
652 3204 719 3260 ad
746 3206 1017 3264 Orientem
1060 3210 1509 3269 inhabitaverunt.

2088 3200 2433 3260 Garamantes
2461 3205 2551 3276 qui
2580 3215 2635 3262 et
2662 3178 3034 3277 Marma'redae,
3065 3209 3155 3281 qui
3179 3222 3334 3280 usque
3350 3201 3598 3274 (ﬁthiopiam

451 3296 571 3350 Filii
602 3297 749 3363 Scm,
781 3299 984 3363 mlum.
1012 3301 1080 3356 de
1110 3319 1216 3372 quo
1247 3304 1480 3377 Elymci
1509 3318 1564 3365 et
1587 3312 1793 3382 Assyrii
1820 3333 1831 3369 :
1857 3315 1925 3370 Et

948 3318 984 3363 ι,
1012 3301 1080 3356 de
1110 3319 1216 3372 quo
1247 3304 1480 3377 Elymci
1509 3318 1564 3365 et
1587 3312 1793 3382 Assyrii
1820 3333 1831 3369 ε
1857 3315 1925 3370 Et
2083 3295 2458 3352 extenduntur-

450 3385 696 3449 Arfaxat.
730 3391 872 3445 unde
894 3389 1129 3450 Chaldaei
1153 3407 1208 3451 et
1234 3396 1386 3454 Ludii
1408 3442 1423 3468 ,
1448 3401 1588 3458 unde
1608 3402 1848 3462 Lazones
1872 3426 1886 3462 a
1910 3407 1980 3465 Et
2733 3450 2918 3492 εεοτιο
2955 3453 3058 3494 vn.

452 3479 640 3546 Aram,
668 3481 809 3536 unde
840 3484 1005 3542 Ethes
1029 3505 1041 3541 :
1067 3490 1273 3559 priores
1316 3493 1414 3549 hos
1438 3498 1637 3553 excidit
1659 3499 1931 3558 Abraham
1962 3520 1978 3559 :

376 3580 433 3625 et
459 3571 547 3625 ﬁlii
578 3572 740 3628 Aram
767 3576 989 3647 Osceri,
1036 3581 1103 3636 de
1129 3599 1235 3654 quo
1277 3585 1448 3654 Lidii;
1479 3600 1532 3645 et
1575 3590 1743 3659 Gart,
1773 3594 1840 3651 de
1869 3612 1974 3668 quo
2150 3586 2524 3645 Necessarium
2553 3598 2731 3646 autem
2773 3593 2956 3659 amavi
2999 3603 3056 3649 et
3085 3591 3464 3649 inhabilaliones
3490 3586 3597 3642 (κη’

377 3659 679 3730 GaSpheni;
711 3676 765 3720 et
790 3667 989 3737 Moser,
1020 3673 1157 3730 ainde
1183 3675 1417 3750 Mossyni
1447 3700 1459 3734 :
1490 3681 1554 3737 Et
1884 3659 1903 3668 ’
2079 3680 2210 3735 tium
2240 3690 2298 3737 et
2331 3684 2828 3753 cognominationes
2859 3684 3151 3744 declarari.

446 3756 667 3810 Arlaxat
695 3761 876 3828 genuit
925 3763 1044 3817 Sala
1069 3804 1086 3831 ,
1119 3775 1173 3821 et
1219 3767 1338 3823 Sala
1365 3774 1548 3841 genuit
1596 3775 1792 3847 Heber,
1833 3783 1973 3840 unde
2150 3772 2404 3842 Ῐηοίβίεδω
2431 3784 2610 3831 amem
2637 3777 2705 3832 ab
2728 3776 2947 3833 θνίθηίο
2974 3795 2990 3831 τ
3018 3780 3300 3837 Persarum
3320 3790 3364 3836 el
3386 3776 3589 3833 “Edon”

369 3837 585 3896 Hebraei
608 3858 626 3895 :
650 3853 703 3898 et
729 3844 906 3901 Heber
931 3850 1037 3903 nati
1067 3861 1191 3905 sunt
1218 3852 1326 3908 duo
1348 3837 1469 3923 filii,
1504 3858 1661 3915 Falce
1688 3871 1741 3917 et
1771 3837 1967 3934 Debate,
2077 3837 2465 3924 inhabitatores
2486 3868 2671 3926 Parthi
2700 3881 2753 3927 et
2775 3871 2966 3928 vicinae
2992 3886 3188 3945 gentes
3213 3874 3345 3946 pacis
3366 3880 3492 3939 usque
3510 3863 3589 3934 δῖ’

373 3931 517 3988 unde
541 3932 754 3990 ducitur
780 3953 948 4008 genus
978 3941 1284 4009 Abraham;
1316 3955 1371 4001 et
1397 3947 1613 4005 Tactem
1633 3995 1647 4018 ,
1677 3962 1730 4008 et
1755 3931 1967 4013 Jectan.
2074 3961 2207 4035 riam
2239 3962 2397 4021 ctele.

370 4024 555 4081 Jectan
583 4040 760 4084 autem
799 4033 983 4102 genuit
1012 4035 1278 4105 Elanodal,
1307 4039 1376 4095 de
1407 4058 1512 4112 quo
1538 4042 1691 4112 indi;
1726 4057 1779 4102 et
1801 4048 1964 4117 Salef,
2146 4034 2381 4111 Arabum
2429 4054 2817 4114 inhabitalores
2865 4060 3077 4116 Arabes
3126 4060 3453 4117 Eudaemoues
3486 4050 3593 4107 :hoc

365 4117 433 4173 de
456 4134 562 4189 quo
592 4121 891 4190 Bactriani;
937 4136 990 4181 ct
1015 4129 1267 4186 Asarmot
1289 4175 1304 4199 ,
1336 4133 1405 4188 de
1433 4150 1539 4205 quo
1583 4137 1791 4194 Arabes
1818 4143 1968 4213 prio-
2073 4146 2215 4202 enim
2248 4149 2463 4205 nomine
2489 4150 2844 4220 appellantur.

365 4225 493 4276 res;
527 4223 583 4268 et
609 4213 785 4270 Dttran
808 4258 828 4287 ,
869 4218 935 4275 de
961 4235 1067 4290 quo
1107 4223 1366 4293 Camehi;
1400 4238 1453 4283 et
1496 4229 1659 4285 Derra
1682 4274 1696 4297 ,
1740 4234 1809 4288 de
1858 4252 1967 4307 quo
2144 4213 2935 4301 Chaldaeorum.inbabitatures
2958 4245 3392 4318 Mesopotameni.

364 4301 563 4411 Mardi;
591 4316 646 4361 et
679 4309 802 4364 Ezei
826 4352 841 4376 ,
879 4311 947 4367 de
983 4329 1089 4384 quo
1132 4316 1354 4384 Ariani;
1384 4330 1435 4374 et
1467 4321 1718 4391 Declam,
1749 4327 1818 4382 de
1860 4301 1966 4399 quo
2142 4332 2563 4391 Madiancnsium
2587 4336 2970 4395 iuhabitatores
2990 4301 3572 4411 Cyneducolpimaet'l‘ro

358 4391 613 4503 Cedrttsi;
643 4408 696 4454 et
722 4401 888 4458 Gebal
910 4447 924 4470 ,
973 4404 1040 4460 de
1083 4423 1192 4477 quo
1220 4409 1426 4483 Scythii
1459 4416 1698 4483 prieres;
1730 4429 1786 4475 et
1829 4391 1964 4478 Abi-
2068 4427 2295 4500 clodytae
2326 4437 2382 4483 et
2421 4391 2733 4503 lclityofagi:

359 4489 522 4596 mefl,
553 4489 622 4546 de
648 4508 755 4562 quo
783 4494 1032 4562 llircani;
1066 4510 1119 4552 et
1148 4500 1310 4556 Sabat
1333 4545 1348 4569 ,
1399 4505 1538 4560 unde
1566 4506 1729 4564 Arabi
1761 4512 1917 4580 primi
1944 4533 1958 4570 :
1988 4570 2039 4596 ἢ
2139 4489 2448 4577 Graecorum
2474 4489 2866 4596 auiemvgentes
2895 4536 2950 4582 et
2977 4527 3239 4585 vocabula
3266 4543 3298 4582 v
3320 4544 3332 4580 a
3354 4516 3597 4585 Jones,”-

354 4588 410 4632 et
439 4578 576 4645 Uﬁr,
609 4582 675 4635 de
703 4599 810 4653 quo
836 4586 1074 4643 Armenii
1101 4630 1114 4653 ,
1143 4600 1196 4645 et
1220 4590 1430 4650 (Evilat
1448 4636 1465 4663 ,
1494 4598 1634 4656 unde
1662 4599 1960 4661 Gemnoso-
1986 4570 2040 4632 Β
2065 4615 2247 4683 cades,
2280 4616 2450 4673 Bmoli
2473 4659 2488 4685 ,
2520 4570 2708 4683 (Eoli?
2732 4620 2993 4677 Lacones.

356 4672 483 4782 m1:-
520 4672 581 4726 "l
607 4689 797 4730 “mnes
827 4677 1111 4782 Βδξοιτίίξξιί·
1171 4774 1254 4782 ____
1313 4776 1333 4782 _
2134 4708 2336 4765 Horum
2363 4711 2747 4769 inhabitalores
2768 4712 2982 4770 fuerunt
3006 4700 3241 4782 Pontici,
3267 4713 3428 4777 Bitini,
3447 4708 3595 4768 Troes.

428 4764 629 4820 Omnes
657 4776 834 4822 autem
866 4769 933 4824 de
965 4772 1133 4828 tribus
1164 4774 1284 4831 ﬁliis
1312 4776 1426 4835 Noe
1456 4792 1581 4838 sunt
1608 4801 1772 4841 uxn.
2058 4799 2281 4867 Asiani,
2331 4764 2733 4873 carix—Leria:
3056 4764 3316 4881 Cyrinei,
3368 4764 3427 4862 et,
3451 4796 3596 4856 insulae

425 4859 672 4913 Omnium
704 4871 879 4917 autem
912 4863 1139 4921 ﬁliorum
1179 4867 1305 4924 Sem
1344 4871 1602 4931 habitatio
1629 4888 1710 4934 est
1742 4890 1766 4919 η
1788 4896 1817 4937 a
1851 4883 1952 4939 Ba-
2058 4859 2277 4963 plures,
2303 4894 2357 4950 id
2400 4859 2483 4951 est
2528 4859 2788 4969 Cyclades
3337 4859 3442 4972 quae
3464 4891 3596 4978 .llyrli

348 4952 455 5007 cris
486 4968 655 5024 usque
683 4955 1086 5029 Rhinocoruris,
1112 4977 1231 5033 quae
1256 4965 1440 5023 dividit
1465 4970 1673 5042 Syriam
1701 4983 1757 5031 et
1781 4977 1949 5051 Ailgy-
2052 4952 2299 5058 pelagum
2330 4952 2626 5046 continent.
2662 4990 2787 5047 Haec
2812 4952 2937 5048 sum
2961 5003 3145 5050 autem
3177 4996 3384 5049 nomina
3411 4974 3591 5046 earum:

347 5056 519 5114 ptum,
566 5055 621 5102 et
659 5047 901 5106 Rubrum
953 5066 1104 5110 mare
1143 5055 1211 5111 ab
1250 5071 1346 5114 ore
1384 5061 1676 5135 Arsinoes,
1717 5047 1956 5138 quaeve-st
2053 5047 2071 5058 ’
2128 5047 2393 5146 Andrum,
2422 5077 2772 5149 Tenaemteo,
2795 5082 2993 5151 Naxus,
3019 5084 3190 5152 Geos,
3221 5077 3594 5157 GyarumDelOSv

345 5136 532 5245 [mima
746 5174 757 5187 ’
893 5141 897 5145 i
1208 5244 1215 5245 ί
1734 5136 1750 5138 _
2056 5169 2271 5241 Fynus,
2323 5136 2536 5236 Renea,
2586 5136 3522 5245 Cyrnos,Martiique—,Sbiit‘autem
3554 5175 3594 5222 et

417 5231 513 5287 [lae
543 5242 669 5290 sunt
696 5245 874 5293 autem
903 5255 1021 5310 quae
1050 5253 1172 5299 sunt
1197 5244 1348 5302 factae
1377 5263 1441 5303 ex
1470 5247 1552 5304 his
1578 5250 1780 5310 Gentes
1804 5270 1820 5311 :
1843 5255 1951 5312 He-
2053 5231 2175 5318 aliae
2201 5231 2395 5318 Insulae
2442 5231 2675 5334 majores
2702 5231 2955 5339 siliquae
2982 5270 3149 5326 etiam
3184 5270 3418 5326 civitates
3441 5263 3593 5321 habent

343 5323 474 5380 brari
504 5328 593 5398 qui
622 5327 824 5397 Judaei,
856 5331 1054 5401 Persae,
1088 5335 1261 5401 Medi,
1294 5339 1509 5406 Poenos,
1543 5342 1789 5411 Arriani,
1822 5347 1945 5403 Hir-
2053 5352 2345 5424 plurimas,
2378 5369 2500 5426 quae
2525 5323 3405 5431 dicunturvsporadesi,iiniquibus
3428 5350 3590 5411 inhabi-

342 5420 497 5482 cani,
547 5421 782 5491 Assyrii,
833 5423 944 5479 Indi
980 5467 993 5491 ,
1043 5426 1276 5483 Macardi
1306 5471 1322 5495 ,
1371 5430 1595 5501 Parthi,
1646 5436 1951 5507 Germani,
2051 5420 2300 5500 iavernnt
2334 5420 2543 5502 Graeci.
2596 5446 2723 5504 Haec
2762 5420 2887 5506 sunt
2932 5460 3114 5507 autem
3161 5452 3373 5509 nomina
3411 5458 3588 5506 earum:

338 5506 582 5583 Iielymei
602 5554 618 5580 ,
648 5513 827 5572 Cessei
850 5557 864 5581 ,
896 5516 1103 5576 Arabes
1146 5521 1341 5593 primi,
1401 5521 1643 5584 Cedrusii
1668 5571 1682 5596 ,
1728 5529 1940 5604 Scytae,
2048 5536 2250 5594 Eubtea
2273 5579 2289 5603 ,
2320 5536 2511 5609 Creta,
2539 5539 2715 5597 Sicilia
2735 5584 2752 5611 ,
2782 5541 3007 5617 Cyprus,
3036 5506 3223 5615 Coos,
3238 5506 3449 5611 Samus,
3477 5538 3589 5595 Rbo-

728 5718 733 5723 .
1081 5738 1087 5747 ε
1586 5671 1969 5740 LECTIONES
1991 5678 2409 5739 mammas.

408 5770 431 5797 θ
458 5771 497 5819 A
523 5768 706 5822 Bac-ris.
729 5774 875 5825 Labb.
904 5776 965 5826 ab
984 5776 1141 5828 Acrisi

2096 5795 2125 5838 Β
2150 5798 2351 5851 Hibeni.
2380 5797 2524 5853 Labb.
2550 5797 2744 5858 Hiberi.
