3730 6270
244 318 315 373 διςὸ
1409 299 1802 361 CIIRONICON
1842 299 2174 357 ANONYMI.

3350 289 3459 349 666

234 435 328 499 dus,
349 428 523 494 Chius,
550 426 828 496 Thapsus,
858 424 1094 481 Lemnus
1118 466 1135 493 ,
1162 423 1388 490 Lesbus,
1420 423 1753 479 Samotrace.
1782 421 1833 477 A
1863 433 2004 485 mus,
2058 418 2248 484 Axius,
2297 417 2555 490 Pyramus
2580 457 2594 481 ,
2635 413 2815 485 Bajus,
2849 412 3088 479 Hebron,
3141 395 3454 479 Sangarius,

232 526 300 583 Est
319 533 464 577 autem
494 533 523 574 a
555 518 759 573 Bmotia
790 516 998 572 Euboea
1026 533 1039 570 :
1069 515 1225 570 sicuti
1266 513 1334 568 ab
1379 512 1514 567 Jone
1542 508 1758 565 Jonidcs

231 618 410 675 civitates
454 629 540 669 xv:
592 613 673 666 Ιιιι)
717 629 732 666 :
771 609 1150 673 Ctadiomena,
1200 607 1451 679 Mitylene
1475 646 1489 669 ,
1526 603 1756 668 Focrea,

232 712 390 774 Priene,
418 718 440 744 ο
469 707 614 777 Eryt,
646 705 862 770 Samos,
896 704 1061 769 Teos,
1087 701 1335 766 Cololou,
1367 698 1515 759 Cius,
1545 696 1758 762 Efesus,

232 808 411 871 Smirna,
450 800 748 860 Rrinthus,
789 797 1129 871 Byzantium,
1155 794 1448 859 Calcedon,
1479 791 1680 847 Pontus
1709 798 1760 844 et

235 901 398 959 Amisos
418 896 586 951 libera.

224 1070 229 1071 γ
295 994 611 1050 Romanorum,
640 988 733 1056 qui
763 997 819 1043 et
849 986 1192 1049 Citiensium,
1228 992 1416 1051 gentes
1456 990 1510 1036 et
1553 978 1760 1034 inhabi—

241 1089 417 1145 tationes
451 1085 518 1137 tne
559 1090 683 1136 sunt
726 1099 740 1136 :
784 1080 942 1137 Tusci
968 1077 1386 1152 ,iEmilienscs,
1436 1075 1757 1140 Pincentes,

236 1177 462 1249 Cunpmi,
489 1174 822 1243 Apulienses,
856 1172 1077 1229 LuCani.

282 1270 489 1328 Afrorum
514 1265 698 1335 gentes
722 1276 778 1322 et
803 1265 1220 1320 inhabitationes
1242 1263 1331 1321 hae
1356 1269 1483 1318 sunt
1509 1277 1522 1316 :
1553 1257 1763 1316 Lebde-

222 1367 293 1434 ui,
315 1364 460 1427 Cinti,
484 1361 737 1421 Numidre.
771 1359 1123 1423 Nasamones,
1157 1357 1299 1413 Saci.

282 1456 441 1513 Insula:
473 1462 640 1509 autem
665 1452 755 1507 bas
775 1460 924 1518 sunt,
951 1466 1072 1522 qua:
1101 1448 1298 1505 habent
1326 1438 1574 1504 civitates
1600 1444 1763 1500 :Sar-

225 1552 361 1615 dinia,
376 1548 592 1613 Corsica,
611 1544 776 1601 Girda
799 1559 918 1615 qua:
935 1552 990 1600 et
1009 1543 1263 1614 Benigga,
1279 1538 1757 1612 Cercyna,Galata.

282 1644 541 1703 Maurorum
591 1648 772 1694 autem
842 1647 1027 1707 gentes
1094 1644 1149 1692 et
1218 1633 1633 1691 inhabitationes
1675 1631 1759 1688 ba:

224 1745 332 1792 sunt
352 1751 365 1787 :
389 1729 648 1793 Musulani,
677 1727 966 1796 Tingitani,
990 1726 1372 1783 Cmsarienses.
1446 1765 1455 1769 -

289 1829 599 1898 Hispanorum
655 1832 832 1877 autem
881 1834 1067 1892 gemes
1116 1829 1172 1890 et
1218 1818 1630 1875 inhabitationes
1677 1816 1760 1872 ha:
1788 1807 1837 1869 B

222 1933 347 1987 sunt,
369 1920 570 1994 Tyranni
603 1929 655 1971 et
686 1918 1079 1983 Turrenorum,
1111 1916 1202 1986 qui
1231 1925 1284 1971 et
1304 1914 1755 1979 Terraconenses,

206 2012 440 2087 'Lysitani,
457 2012 652 2076 Beticii,
686 2009 1001 2082 Autryconi,
1022 2007 1326 2073 .Vascones,
1352 2004 1572 2071 Calleci,
1594 2004 1683 2075 qui
1708 2012 1761 2059 et

214 2112 426 2167 Astures.

270 2203 449 2258 Insula:
471 2208 639 2256 autem
667 2214 788 2270 qua:
826 2199 1096 2269 pertinent
1121 2196 1185 2250 ad
1215 2195 1518 2264 Hispaniam
1564 2191 1756 2247 Terra-

205 2309 469 2351 conensem
492 2304 595 2348 tres
638 2300 804 2358 sunt,
845 2303 969 2361 quas
995 2288 1334 2359 appellantur
1360 2284 1387 2323 ι)
1438 2284 1759 2340 Valliaricze.

198 2387 574 2444 llabentautem
600 2386 844 2440 civitates
870 2399 903 2435 ν
932 2381 1067 2436 has:
1101 2379 1304 2446 Ebuso,
1345 2390 1365 2417 ο
1399 2361 1604 2438 Paline.
1636 2375 1763 2431 Pol—

190 2477 367 2545 lentia,
396 2493 505 2548 qua:
543 2476 738 2532 dicitur
778 2473 1049 2552 Majorica,
1077 2470 1353 2538 'I‘onuune,
1382 2468 1624 2541 Magone,
1643 2481 1764 2539 qua:

186 2571 472 2641 appellatur
492 2568 764 2624 Minorica.

257 2662 451 2717 Harum
500 2661 885 2715 inhabitatores
913 2658 1128 2714 fuerunt
1168 2654 1401 2711 Cananei
1448 2651 1763 2721 fugientesa

177 2755 316 2811 facie
341 2753 464 2809 Jesu
487 2752 579 2808 lilii
607 2751 752 2807 Nave
778 2769 791 2805 :
818 2766 939 2805 nam
968 2756 1024 2804 et
1045 2747 1246 2802 Sidona
1276 2746 1364 2814 qui
1411 2742 1768 2799 condiderunt

170 2857 225 2902 et
255 2847 356 2918 ipsi
379 2843 626 2901 Carianei.
660 2843 823 2899 Gadis
848 2850 1029 2899 autem
1053 2838 1288 2897 Jebusa-i
1316 2834 1693 2901 condiderunt,
1711 2840 1768 2888 et

167 2938 271 3009 ipsi
295 2939 542 2994 similiter
573 2935 801 3008 profugi.

240 3030 515 3088 Gallorum
543 3038 721 3085 autem
749 3026 1181 3083 Narbonensium
1208 3033 1394 3096 gentes
1421 3031 1474 3078 et
1501 3019 1765 3075 inhabita-

162 3125 373 3180 tiones:
396 3122 670 3179 Amaxobii
695 3121 902 3188 Graece,
927 3120 1204 3177 Sarmatae.

1863 510 2154 575 Achelous,
2183 511 2412 576 Peneus,
2456 509 2692 575 Ebenus,
2740 504 3053 576 Sperchius,
3098 501 3342 574 Cayster,
3372 498 3461 556 Si-

1865 603 2393 668 mois,Scamander,
2435 601 2711 672 Strymon,
2753 597 3090 663 Parthenius,
3136 594 3292 662 Ister,
3330 592 3461 649 Illa-

1864 698 1975 752 rius
2000 697 2086 767 (tui
2112 709 2164 752 et
2196 696 2486 760 Danubius,
2519 694 2759 758 Rhenus,
2794 689 3111 753 Rhodanus,
3151 686 3320 754 Betis,
3348 684 3457 741 lic-

1863 788 2103 852 ridanus,
2124 788 2395 843 Thember
2419 787 2510 855 qui
2536 799 2679 840 nunc
2702 784 2897 840 dicitur
2920 780 3148 837 Tiberis.

1937 882 2195 937 Filiorum
2220 881 2378 952 igitur
2406 880 2564 941 trium
2605 876 2717 934 Noe
2745 871 3065 948 tripartitum
3093 870 3349 929 saeculum
3377 868 3460 926 di-
3541 900 3547 906 ι

1864 973 2122 1029 visorum.

1937 1067 2001 1121 Et
2022 1065 2238 1137 quidem
2285 1064 2410 1119 Sem
2457 1062 2844 1133 primogenilus
2885 1058 3093 1129 accepit
3137 1055 3459 1119 Orientem;

1864 1156 2031 1214 Cham
2056 1166 2237 1212 autem
2270 1155 2763 1220 Mediterraneum;
2810 1151 2951 1208 Jal'et
2975 1148 3344 1208 Occidentem.
3394 1145 3464 1201 Et

1865 1250 2097 1306 ostensis
2122 1250 2391 1320 gentibus,
2411 1263 2530 1319 qua:
2556 1249 2624 1303 de
2651 1261 2758 1320 quo
2785 1255 2982 1303 creatae
3004 1242 3134 1312 sint,
3158 1239 3464 1298 necessario

1865 1343 2220 1399 decurremus
2250 1341 2315 1397 ad
2344 1355 2536 1396 annos.
3510 1314 3517 1331 ’

2545 1496 2730 1539 SECTIO
2767 1497 2821 1537 IX
2833 1452 2863 1537 ο.

1939 1621 2099 1678 Falec
2120 1634 2382 1676 annorum
2407 1634 2557 1675 cxxx
2575 1618 2760 1690 genuit
2783 1617 2989 1687 Ragau.

1938 1714 2122 1784 Ragau
2148 1726 2413 1767 annorum
2445 1725 2625 1765 cxxxn
2653 1708 2837 1779 genuit
2874 1704 3102 1762 Seruch.

1937 1803 2143 1861 Seruch
2172 1817 2434 1857 annorum
2454 1815 2596 1855 cxxx
2620 1799 2804 1869 genuit
2831 1796 3064 1853 Nachor.

1936 1896 2148 1954 Nachor
2174 1908 2436 1949 annorum
2470 1906 2639 1946 1.xth
2666 1890 2847 1959 genuit
2871 1887 3128 1942 Tharain.

1936 1992 2111 2048 Thara
2138 2002 2400 2044 annorum
2434 2001 2534 2040 ιιι
2565 1984 2749 2055 genuit
2769 1981 3064 2037 Abraham.

1938 2083 2205 2140 Abraham
2234 2089 2411 2134 autem
2439 2085 2558 2133 erat
2584 2088 2844 2130 annorum
2874 2085 3034 2136 Lxxv,
3062 2082 3170 2140 quo
3218 2075 3467 2134 tempore

1863 2177 2024 2234 edixit
2053 2177 2126 2231 illi
2156 2175 2315 2238 Deus,
2348 2181 2405 2227 ut
2430 2171 2602 2226 exiret
2638 2168 2707 2223 de
2741 2176 2885 2223 terra
2927 2179 3045 2229 sua,
3083 2170 3138 2218 et
3184 2160 3256 2216 de
3301 2157 3466 2214 domo

1865 2269 2030 2343 patris
2059 2268 2174 2334 sui,
2206 2275 2261 2320 et
2289 2264 2493 2319 veniret
2518 2262 2572 2316 in
2603 2269 2800 2315 terram
2841 2255 3138 2311 Chanaam.

1936 2360 2096 2415 Fiunt
2123 2359 2282 2428 igitur
2311 2372 2340 2410 a
2367 2352 2632 2410 divisione
2682 2362 2961 2421 usquequo
2999 2345 3147 2401 venit
3191 2340 3464 2398 Abraham

1866 2456 1920 2511 in
1990 2463 2190 2509 terram
2247 2450 2519 2504 Chanaam
2587 2444 2963 2516 generationes
3009 2439 3279 2509 quinque,
3337 2434 3468 2490 anni

1805 2576 1809 2582 ·
1864 2563 2070 2615 ncxvi;
2103 2547 2171 2599 ab
2199 2543 2372 2599 Adam
2406 2549 2584 2596 autem
2633 2536 3008 2611 generationes
3051 2549 3141 2600 xx,
3175 2532 3331 2587 annis
3384 2544 3464 2599 ut,

1868 2653 2246 2694 MCCCLSXXVII.

1938 2730 2300 2787 Conversatus
2341 2735 2424 2781 est
2454 2732 2634 2779 autem
2684 2735 2806 2777 cum
2837 2718 3110 2776 Chanaam
3158 2714 3317 2771 annis
3358 2728 3463 2770 xxv

1868 2838 1923 2884 et
1944 2825 2127 2898 genuit
2149 2824 2322 2880 Isaac.

1937 2918 2087 2974 Isaac
2117 2929 2380 2971 annorum
2415 2928 2481 2968 ιι
2535 2909 2721 2981 genuit
2745 2908 2931 2965 .lacob.

1938 3009 2105 3067 Jacob
2133 3021 2396 3062 annorum
2428 3019 2588 3060 Lxxvr
2614 3001 2795 3073 genuit
2814 2998 2966 3055 Levi.

1941 3101 2071 3157 Levi
2091 3113 2353 3156 annorum
2376 3113 2447 3152 χι
2466 3096 2651 3167 genuit
2668 3091 2860 3149 Caatb.

238 3217 309 3270 Et
364 3216 463 3271 hos
508 3223 691 3270 autem
736 3212 1098 3269 necessarium
1128 3209 1226 3265 fuit
1251 3207 1527 3264 declarare
1554 3205 1667 3271 tibi,
1697 3219 1765 3260 ne
1791 3195 1838 3259 C
1945 3192 2111 3250 Camb
2141 3205 2406 3246 annorum
2437 3205 2500 3243 ωε
2531 3187 2978 3259 senuilAmram.

156 3296 468 3380 ignotarum
509 3302 749 3378 gentium
787 3304 1066 3371 vocabula,
1092 3311 1146 3361 et
1169 3310 1375 3375 gentes,
1404 3309 1459 3356 et
1484 3298 1763 3357 manifesta

156 3403 389 3460 [lumina
411 3404 700 3476 ignorares.

798 3528 986 3572 SEC'I‘IO
1024 3528 1141 3582 vni.

236 3630 487 3706 Incipiam
524 3647 654 3706 ergo
672 3632 853 3689 dicere
882 3631 952 3687 de
981 3629 1231 3703 gentibus
1253 3627 1322 3683 ab
1341 3625 1580 3683 Oriente.

239 3726 548 3803 Adiabenici
597 3736 653 3781 et
698 3724 1095 3780 Talenicontra
1141 3719 1419 3780 Arabiam.
1476 3712 1758 3780 Saraceni,

168 3816 433 3877 Saraceni
457 3821 542 3877 alii
587 3818 848 3874 Atalenos
879 3824 1065 3872 contra
1097 3809 1371 3869 Arabiam.
1399 3811 1589 3866 Albani
1635 3821 1767 3864 eon-‘

176 3919 253 3966 tn
290 3913 447 3984 Pylas
494 3913 735 3983 ca5pias.
763 3910 1061 3965 Madiauitte
1108 3908 1362 3977 majores,
1403 3921 1538 3977 quos
1585 3918 1761 3974 expu-

179 4007 355 4073 gnavit
368 4008 591 4080 Moyses,
617 4007 757 4061 inter
776 4003 1212 4074 Mesopotamiam
1236 4011 1291 4056 et
1310 4016 1456 4054 mare
1479 3999 1722 4054 Rubrum
1743 4013 1756 4050 :

181 4094 345 4153 liuor
391 4112 559 4154 autem
587 4097 793 4153 Madian
826 4103 911 4151 est
953 4104 1138 4149 contra
1166 4109 1312 4147 mare
1340 4092 1581 4146 Rubrum
1610 4091 1761 4158 juxta

192 4189 576 4266 Egyptumnhi
594 4194 836 4263 regnavit
849 4189 1012 4244 Ravel
1026 4203 1182 4244 socer
1194 4186 1360 4257 Moysi
1375 4187 1465 4254 qui
1482 4183 1759 4239 etJothro.

265 4282 447 4340 Contra
465 4284 812 4355 Cgppadoces
839 4297 870 4336 a
915 4293 1068 4352 parte
1092 4280 1281 4335 dextra
1311 4276 1571 4339 Armenii,
1599 4274 1761 4329 llibe-

213 4372 293 4437 vii,
316 4373 341 4411 ‘
363 4378 567 4448 Birrani,
595 4377 775 4448 Scyta:
795 4417 809 4441 ,
857 4373 1064 4437 Colchi,
1103 4372 1434 4443 BOSpIiorani
1458 4413 1472 4435 ,
1514 4368 1643 4425 Sani
1671 4368 1761 4438 qui

230 4467 505 4533 appellantur
531 4471 823 4531 Sannices.
872 4481 1041 4539 usque
1085 4467 1313 4521 Pontum
1366 4461 1757 4525 extendentes;

229 4552 297 4610 ubi
322 4569 389 4615 est
429 4563 704 4627 Accessus,
736 4560 1004 4625 Absarus,
1038 4568 1094 4615 et
1145 4554 1531 4626 Sehastopolis,
1564 4552 1759 4608 Ussili-
1788 4586 1841 4647 Β

227 4659 319 4703 men
354 4655 476 4722 quod
507 4664 588 4711 est
620 4663 824 4726 portus,
858 4663 914 4707 et
960 4651 1149 4707 Pasias
1187 4649 1407 4715 ﬂumen,
1437 4661 1602 4718 usque
1628 4644 1761 4702 Tra-

230 4752 407 4807 pezunta
433 4747 787 4805 extenduntur
811 4748 892 4801 ha:
917 4754 1125 4814 gentes.

278 4835 453 4896 Montes
480 4853 655 4896 autem
685 4848 808 4894 sunt
859 4836 1117 4892 nominati
1159 4850 1232 4890 xu
1265 4832 1593 4896 :Caucasus,
1623 4829 1763 4885 Tau-

226 4932 308 4994 ηε,
347 4930 504 5000 Atlas,
536 4942 558 4969 θ
592 4933 921 5002 Paruaysus,
967 4926 1218 5002 Citeron,
1250 4924 1471 4981 Helicon
1492 4965 1507 4991 ,
1539 4922 1763 4978 Partlie‘

227 5015 332 5086 Ilius,
356 5023 502 5096 Nysa,
537 5026 898 5087 Lucabantus,
928 5022 1146 5088 Penios,
1175 5021 1456 5091 Olympus,
1504 5018 1762 5073 Libanus.

276 5113 484 5173 Flumina
504 5130 682 5173 autem
708 5126 1039 5186 suntmagna
1060 5122 1116 5169 et
1143 5114 1415 5168 nominata
1445 5128 1532 5167 xu
1563 5129 1577 5165 :
1605 5109 1764 5166 Indos

220 5209 291 5269 qui
314 5221 359 5266 et
395 5211 565 5274 Fison.
599 5211 748 5267 Nilus
797 5211 886 5280 qui
917 5218 971 5264 et
997 5208 1170 5273 Gcon,
1200 5206 1395 5276 Tigris,
1439 5204 1762 5276 Euphrates,

214 5291 460 5375 J0rdauis,
526 5307 777 5371 Ceﬂsos,
835 5303 1066 5381 Tanais,
1124 5301 1338 5364 Menas,
1392 5297 1763 5362 Erimanthus,

210 5384 341 5467 Mys,
365 5401 596 5472 Asopus,
655 5398 1029 5463 Thermodon,
1072 5396 1349 5457 Erasinus,
1392 5391 1547 5457 Rius,
1596 5390 1765 5446 Boru-

202 5486 415 5563 8thence,
467 5495 689 5561 Alfauus,
740 5488 969 5557 Taurus,
1025 5489 1250 5552 Eurota,
1301 5484 1594 5550 Meandcr,
1629 5483 1766 5540 Her-

1944 3288 2161 3341 Amram
2194 3295 2458 3337 annorum
2489 3294 2598 3335 Lxx
2622 3277 2809 3350 genuit
2834 3275 3035 3332 Aaron.

1943 3380 1999 3434 In
2031 3376 2362 3449 octogesimo
2385 3381 2564 3428 autem
2596 3382 2652 3427 et
2678 3371 2837 3426 tertio
2862 3382 3004 3423 anno
3034 3366 3233 3430 Aaron,
3264 3359 3469 3433 egressi

1869 3482 1994 3530 sunt
2021 3472 2116 3527 lilii
2144 3468 2309 3525 Israel
2360 3467 2429 3522 de
2456 3464 2711 3537 Egypto,
2742 3463 2974 3518 ducente
2997 3472 3093 3517 eos
3118 3456 3320 3555 Moyse.

1941 3565 2103 3621 Fiunt
2125 3563 2286 3634 igitur
2301 3573 2492 3616 omnes
2517 3558 2642 3613 anni
2669 3570 2937 3612 ccccxxx.

1940 3658 1998 3714 In
2026 3657 2244 3712 deserto
2272 3668 2340 3708 ιι.
2361 3664 2533 3707 annos
2563 3648 2688 3703 facit
2715 3646 2942 3718 populus
2962 3642 3065 3699 sub
3088 3641 3291 3714 Moyse.

1942 3749 2100 3805 Iesus
2143 3746 2291 3801 Nave
2322 3743 2548 3799 transito
2587 3739 2822 3796 Iordane
2858 3737 2988 3793 facit
3021 3738 3072 3790 in
3125 3743 3268 3791 terra
3296 3748 3468 3791 annos

1867 3859 2032 3907 xxvn,
2057 3842 2251 3897 bellum
2278 3838 2385 3909 agit
2405 3837 2560 3892 annis
2582 3851 2673 3900 vn,
2694 3843 2747 3889 et
2774 3842 3056 3903 postquam
3087 3828 3329 3901 possedit
3357 3837 3469 3885 ter-

1868 3955 1980 3994 ram
2029 3936 2165 3994 vixit
2193 3935 2345 3989 annis
2377 3949 2466 3987 xx.

1938 4030 2096 4086 Fiunt
2126 4042 2277 4098 ergo,
2311 4040 2375 4081 ex
2407 4039 2513 4093 quo
2538 4020 2806 4077 Abraham
2842 4016 2988 4073 venit
3012 4017 3065 4070 in
3094 4023 3291 4069 terram
3313 4013 3453 4070 Cha-

1867 4138 2046 4187 naam,
2078 4134 2244 4188 uSque
2274 4116 2342 4171 ad
2364 4125 2592 4170 mortem
2614 4111 2744 4167 Jesu
2772 4109 2942 4172 Nave,
2968 4104 3347 4176 generationes
3363 4120 3466 4159 nu-

1868 4232 2017 4271 mero
2040 4229 2130 4276 vn,
2154 4210 2279 4264 anni
2308 4225 2340 4263 ι)
2368 4223 2467 4272 ;ex
2489 4204 2657 4260 Adam
2685 4211 2862 4257 autem
2879 4197 3260 4270 generationes
3289 4212 3466 4269 xxv",

1864 4309 1987 4365 anni
2017 4322 2094 4372 nt,
2117 4315 2476 4360 ncccnxxxw.

2550 4490 2733 4533 SECTIO
2770 4490 2825 4530 Χ.
2902 4480 2913 4486 ’

1939 4646 2072 4703 Post
2102 4647 2330 4698 mortem
2377 4651 2507 4693 vero
2529 4635 2657 4693 Jesu
2704 4648 2934 4705 peccans
2984 4632 3211 4704 populus
3239 4628 3474 4688 traditur

1865 4742 2193 4799 Cnsarsaton
2228 4735 2340 4806 regi
2375 4730 2799 4802 Mesopotamiae,
2827 4728 2912 4785 cui
2944 4727 3112 4783 servit
3133 4741 3307 4782 annos
3344 4738 3461 4789 vnr,

1864 4847 1919 4893 et
1944 4849 2067 4890 cum
2092 4826 2460 4888 clamassetad
2502 4824 2789 4880 Dominum
2818 4863 2832 4886 ,
2852 4816 3457 4877 eXSurrexitGothoniel

1868 4927 2035 4983 frater
2058 4923 2224 4980 Caleb
2257 4920 2439 4992 junior
2481 4916 2551 4971 de
2595 4914 2763 4970 Tribu
2816 4911 2982 4978 Juda,
3015 4909 3104 4980 qui
3134 4907 3474 4964 denuntiavit

1867 5019 1968 5090 ipsi
2021 5016 2370 5078 Cusarsaton,
2402 5018 2458 5065 et
2486 5005 2682 5062 occidit
2713 5005 2883 5071 illum,
2918 5011 2975 5060 et
3002 5002 3170 5075 gessit
3214 5000 3464 5058 ducatum

1868 5110 2051 5184 populi
2077 5108 2234 5164 annis
2266 5120 2423 5161 χχιι.
3262 5104 3266 5113 ι

1945 5204 2013 5259 Et
2058 5204 2251 5256 iterum
2295 5184 2424 5252 dum
2457 5202 2726 5265 peccaret,
2763 5189 2993 5246 traditus
3041 5199 3126 5244 est
3154 5187 3326 5260 Eglon
3355 5188 3473 5258 regi

1872 5297 2052 5364 Moab,
2071 5304 2127 5351 et
2150 5292 2372 5349 servivit
2398 5288 2474 5343 illi
2495 5286 2653 5341 annis
2682 5299 2833 5339 xvni.
2862 5281 3139 5338 Couverso
3164 5290 3346 5337 autem
3374 5294 3473 5351 po—

1866 5391 1994 5463 pulo
2036 5384 2266 5443 surrexit
2302 5379 2448 5447 Aod,
2496 5379 2578 5433 vir
2611 5377 2680 5432 de
2726 5374 2892 5431 Tribu
2922 5372 3160 5440 Ell‘rem,
3204 5381 3262 5429 et
3289 5373 3473 5429 occiso

1871 5481 2065 5553 Eglon,
2085 5470 2412 5548 principatus
2428 5479 2511 5526 est
2534 5468 2733 5540 populo
2759 5465 2916 5521 annis
2938 5480 3103 5520 ωαχ.

1399 5595 1781 5657 LECTIONES
1817 5585 2228 5651 VARIANTES.

270 5730 292 5828 ῗι
601 5726 1051 5851 ῗέιρενὶεω.

269 5859 287 5891 ο
307 5856 473 5916 Palmc,
505 5848 646 5907 Ldbb.
677 5848 879 5905 Palma.

1930 5707 1957 5747 ἁ
1995 5703 2207 5757 Birrani.
2231 5698 2402 5751 Labbe.
2431 5698 2644 5748 Gircani.

1942 5774 1965 5801 ε
1992 5769 2283 5830 Parnaysus,
2307 5762 2523 5815 Clteron.
2553 5759 2725 5813 Labbe.
2751 5758 3043 5823 Parnassus,
3084 5758 3348 5813 Cithterou.
