3730 6270
361 227 465 286 667

1647 221 2037 281 CHHONICON
2077 222 2400 280 ANONYMI.
3437 245 3511 304 (illi

431 338 639 396 Mortuo
677 348 855 396 autem
908 339 1056 404 Aod,
1088 338 1406 409 delinquens
1452 338 1682 409 populos
1724 337 1950 393 traditus
1978 338 2030 396 A
2127 336 2255 393 Post
2284 339 2446 395 David
2473 346 2651 396 autem
2677 345 2867 409 regnat
2889 339 3127 396 Salomon
3154 343 3275 401 ﬁlius
3293 349 3382 419 ejus
3411 364 3517 421 annis

362 438 449 487 est
493 426 646 487 Jabin
687 431 797 502 regi
827 431 1235 496 Cananteorum,
1272 431 1356 485 cui
1401 431 1627 485 servivit
1674 430 1829 484 anuis
1858 442 1949 485 xx.

363 521 478 581 Sub
499 540 564 580 eo
595 522 932 595 prophetavit
963 520 1230 590 Deborra,‘
1259 536 1392 577 uxor
1415 521 1674 590 Lapidod,
1694 521 1761 576 de
1788 518 1953 576 'l‘ribu

367 614 568 671 Eil‘rem
604 630 616 667 :
651 623 705 669 et
759 626 855 683 per
897 613 1063 684 ipsam
1103 613 1353 669 dlicatum
1395 612 1564 683 gessit
1594 612 1763 667 Barac
1810 612 1958 667 Ami—

372 720 534 771 noen,
555 705 623 761 de
675 704 814 760 tribu
841 703 1129 775 Neptalim.
1158 702 1250 759 llic
1271 704 1604 759 denuntiavit
1640 703 1794 759 Jabin
1820 704 1953 775 regi,

368 806 425 854 et
462 795 656 852 occidit
705 808 829 852 eum
854 838 869 863 ,
907 806 963 852 et
1018 797 1264 868 regnavit
1288 794 1535 867 judicans
1564 808 1685 850 cum
1723 794 1956 851 Deborra

366 888 521 943 annis
548 903 636 942 xc.

442 981 569 1036 Post
584 980 737 1051 cujus
764 990 992 1037 mortem
1016 981 1257 1052 peccavit
1280 983 1524 1053 populus,
1555 989 1610 1036 et
1634 980 1855 1035 traditus
1877 986 1959 1034 est

367 1070 659 1129 Madianeis
687 1076 842 1131 atmis
884 1090 955 1130 vn
983 1118 998 1144 ,
1028 1090 1189 1146 super
1219 1090 1354 1146 quos
1380 1075 1615 1132 surrexit
1641 1075 1858 1130 Gedeon
1890 1073 1957 1129 de

371 1170 509 1224 tribu
552 1166 816 1237 Manasse,
847 1171 935 1241 qui
959 1171 1009 1225 in
1036 1186 1132 1226 ccc
1166 1171 1316 1237 viris,
1345 1186 1449 1226 cxx
1482 1168 1713 1226 hostium
1742 1168 1812 1223 Μ.
1836 1181 1949 1239 per-

372 1261 527 1318 didit.
559 1262 656 1319 llic
681 1263 821 1320 rexit
850 1266 1108 1336 populum
1129 1265 1283 1320 anuis
1299 1279 1386 1320 χι.

438 1356 606 1425 Hujus
634 1356 776 1411 ﬁlius
801 1357 1095 1413 Abimelec.

437 1449 565 1504 Post
616 1451 757 1505 hunc
806 1451 1016 1521 praefuit
1062 1452 1258 1522 populo
1286 1450 1456 1506 Thole
1507 1449 1647 1504 ﬁlius
1673 1448 1824 1513 Fale,
1866 1447 1957 1501 ﬁlii

367 1542 580 1609 Caram,
601 1543 668 1599 de
697 1544 835 1599 tribu
884 1543 1081 1600 Eﬁ‘rem
1111 1545 1266 1599 annis
1295 1560 1383 1598 xx.

438 1637 567 1692 Post
594 1638 764 1702 hunc,
808 1637 1062 1709 judicavit
1090 1637 1202 1693 Jair
1235 1636 1510 1694 Galadites
1557 1635 1623 1693 de
1664 1628 1803 1691 tribu
1850 1626 1960 1689 Ma-

367 1744 547 1795 nasse,
572 1738 623 1785 et
653 1729 866 1800 praefuit
892 1731 1048 1787 annis
1081 1746 1217 1785 xxtt.

439 1824 567 1880 Post
593 1824 757 1891 hunc,
791 1839 1021 1896 peccans
1060 1824 1289 1897 populus
1337 1822 1563 1879 traditus
1613 1832 1695 1879 est
1741 1825 1958 1879 Amma-

360 1917 489 1972 nitis
518 1921 677 1974 annis
699 1935 850 1985 xvm,
872 1928 926 1975 et
962 1934 1082 1975 cum
1110 1920 1398 1975 clamasset
1424 1918 1489 1973 ad
1513 1918 1821 1985 Dominum,
1846 1932 1964 1972 sur—

369 2012 512 2068 rexit
539 2012 642 2067 illis
669 2014 919 2087 princeps
946 2010 1102 2087 Jepte
1137 2011 1437 2078 Galaadita,
1467 2011 1534 2067 de
1557 2012 1696 2067 tribu
1727 2009 1862 2079 Gad,
1895 2010 1964 2067 de

372 2104 589 2161 civitate
610 2104 905 2172 Masefatb;
935 2115 991 2162 et
1013 2106 1179 2177 gessit
1207 2106 1456 2161 ducatum
1487 2106 1642 2160 annis
1659 2121 1730 2159 vi.

445 2197 573 2254 Post
599 2197 763 2268 hunc,
789 2198 1050 2271 judicavit
1078 2200 1211 2254 Elon
1249 2200 1403 2254 annis
1437 2217 1491 2254 x.

446 2289 572 2345 Post
609 2290 773 2356 hunc,
807 2290 1067 2361 judicavit
1120 2289 1334 2346 Hebron
1377 2278 1519 2345 ﬁlius
1559 2286 1771 2345 Allelon
1803 2288 1969 2344 Fara-

376 2376 619 2448 thonoin,
644 2382 711 2438 de
737 2382 876 2438 tribu
910 2382 1131 2447 Effrem,
1165 2383 1320 2437 annis
1337 2398 1449 2437 vtu.
1512 2372 1521 2385 ’

447 2475 577 2531 Post
620 2476 780 2543 hunc,
811 2491 1040 2548 peccans
1068 2476 1298 2550 p0pnlus
1349 2475 1577 2532 traditur
1611 2474 1840 2531 Alloﬁlis
1870 2488 1968 2546 per

370 2581 542 2623 annos
583 2584 673 2624 XL.

447 2659 573 2716 Post
601 2660 735 2729 haec,
768 2663 1042 2718 conversis
1089 2663 1212 2719 ﬁliis
1264 2662 1427 2718 Israel
1457 2660 1962 2727 surrexitSamson,

378 2750 520 2806 ﬁlius
541 2751 747 2821 Manoe,
771 2750 839 2810 de
862 2754 1001 2809 tribu
1029 2754 1163 2810 Dan.
1190 2752 1287 2811 Hic
1311 2754 1599 2811 debellavit
1628 2753 1887 2821 Alloﬁlos,
1914 2762 1969 2808 et

376 2844 542 2914 gessit
568 2845 921 2916 principatum
943 2848 1098 2903 annis
1126 2864 1214 2903 xx.

450 2934 757 3004 Postbuuc,
797 2938 909 2993 Heli
937 2938 1189 2994 sacerdos
1210 2939 1469 3009 judicavit
1494 2953 1665 2994 annos
1690 2955 1780 2993 xx.

449 3028 616 3097 Post,
660 3029 877 3087 Samuel
924 3031 1183 3105 propheta
1235 3033 1385 3086 unxit
1421 3030 1548 3088 Saul
1594 3034 1645 3087 in
1678 3049 1880 3104 regem,
1915 3043 1970 3089 et

374 3122 490 3194 ipse
509 3124 766 3194 judicavit
794 3128 1051 3198 populum
1079 3127 1234 3181 annis
1265 3140 1394 3182 xxx.

448 3215 575 3271 Post
627 3225 856 3287 tempus,
888 3234 1008 3272 eum
1060 3228 1305 3286 regnaret
1340 3217 1526 3283 David,
1560 3217 1743 3274 eduxit
1787 3235 1966 3275 arcam

376 3305 444 3361 de
471 3306 632 3361 domo
678 3307 997 3373 Aminadab,
1027 3310 1080 3362 et
1122 3308 1337 3363 divertit
1366 3310 1593 3376 vitulos;
1627 3322 1681 3366 et
1716 3327 1836 3367 cum
1873 3328 1964 3367 re-

376 3402 680 3453 verteretur
708 3398 958 3469 opposuit
995 3415 1183 3456 manus
1214 3400 1353 3456 ﬁlius
1381 3400 1701 3469 Aminadab,
1748 3404 1966 3459 nomine

376 3488 484 3545 Oza
514 3500 565 3545 et
595 3506 878 3560 percussus
929 3505 1045 3549 est:
1076 3500 1131 3549 et
1158 3494 1332 3549 timuit
1359 3495 1545 3564 David,
1579 3504 1633 3552 et
1658 3494 1868 3551 induxit
1899 3495 1964 3551 il-

375 3582 483 3637 lam
514 3582 567 3637 in
603 3582 822 3640 domum
853 3582 1157 3643 Abeddarat
1186 3584 1399 3655 Gethei,
1433 3596 1487 3644 et
1516 3587 1641 3645 fecit
1685 3588 1757 3643 ibi
1799 3600 1955 3645 men.

373 3689 463 3731 88$
488 3684 621 3732 tres.

446 3766 709 3838 Regnavit
760 3779 935 3826 autem
985 3772 1110 3828 Saul
1154 3774 1309 3829 annis
1355 3790 1479 3829 xxx.
1513 3774 1637 3829 Erat
1667 3784 1842 3830 autem
1890 3775 1967 3832 illi

377 3861 484 3918 dux
517 3862 721 3932 Abner,
755 3865 893 3921 ﬁlius
927 3865 1053 3923 Ner.
1088 3867 1206 3939 Ipse
1235 3878 1409 3924 autem
1441 3867 1657 3925 Samuel
1686 3869 1835 3924 unxit
1866 3869 1967 3925 Da-

372 3956 457 4013 vid
490 3958 541 4013 in
584 3975 787 4030 regem.

446 4047 609 4104 Fiunt
639 4051 798 4123 igitur
823 4051 891 4107 ab
918 4052 1048 4109 Jesu
1074 4069 1354 4126 usquequo
1379 4069 1673 4110 conversus
1695 4055 1835 4126 cepit
1866 4052 1971 4112 Da-

371 4139 461 4196 vid
500 4158 723 4215 regt-um
753 4145 804 4201 in
854 4147 995 4202 tribu
1042 4146 1177 4204 Juda
1207 4192 1222 4216 ,
1277 4150 1656 4220 generationes
1684 4167 1734 4205 tx
1771 4172 1783 4206 :
1816 4150 1970 4205 annis

371 4251 682 4305 cccccxxx;
716 4241 783 4296 ab
813 4239 986 4298 Adam
1031 4253 1210 4300 autem
1235 4245 1613 4316 generationes
1644 4262 1804 4301 xxxiv
1830 4262 1845 4311 ;
1875 4261 1964 4301 an.

369 4343 449 4395 tv,
475 4344 754 4392 ucccutv.

1028 4442 1212 4491 SECTIO
1252 4445 1324 4483 XI.

446 4518 711 4589 Deinceps
732 4529 919 4591 regnat
940 4521 1105 4575 David
1124 4522 1280 4576 annis
1311 4539 1376 4577 χι
1407 4523 1680 4579 mensibus
1707 4539 1821 4579 sex.

448 4611 505 4667 In
538 4610 720 4665 Ebron
759 4620 936 4667 autem
986 4613 1231 4682 regnavit
1258 4614 1410 4669 annis
1440 4630 1508 4669 vn
1536 4615 1810 4673 mensibus
1847 4630 1965 4684 sex,

376 4712 432 4761 et
458 4704 509 4759 in
532 4702 827 4759 Jerusalem
855 4702 1013 4758 annis
1043 4718 1231 4759 xxstu.
1264 4702 1375 4758 Sub
1403 4704 1506 4760 hoc
1532 4706 1784 4763 sacerdos
1809 4708 1970 4767 Abia-

376 4797 519 4863 thar,
544 4795 684 4851 ﬁlius
708 4794 1002 4861 Abimelec,
1030 4810 1095 4850 ex
1120 4810 1320 4866 genere
1340 4796 1478 4863 Heli,
1507 4807 1561 4854 et
1586 4815 1652 4854 ex
1674 4799 1775 4857 alia
1802 4803 1969 4871 patria

373 4887 606 4947 Saddoe.

453 4986 849 5056 Prophetabant
879 4993 1057 5040 autem
1078 4985 1408 5054 temporibus
1430 4987 1618 5053 David,
1651 4988 1765 5047 Gad
1792 4998 1846 5046 et
1867 4992 1970 5049 Na-

376 5078 526 5134 than.
550 5079 868 5134 Eratantem
897 5077 997 5146 ipsi
1032 5078 1202 5133 David
1223 5078 1327 5134 dux
1351 5079 1506 5146 Joad,
1525 5080 1668 5139 ﬁlius
1694 5080 1896 5141 Servius
1916 5095 1963 5153 ε,

374 5173 580 5229 sororis
611 5172 799 5229 David.
833 5172 929 5228 Hic
949 5173 1304 5229 dinumeravit
1328 5176 1583 5245 populum
1610 5193 1624 5241 ;
1657 5187 1710 5232 et
1726 5189 1849 5245 erat
1871 5194 1970 5235 nu-

262 5310 269 5315 .
371 5281 575 5333 merus,
595 5280 733 5337 quos
765 5268 1064 5329 numeravit
1093 5268 1321 5324 ﬁliorum
1351 5268 1514 5327 Israel
1546 5273 1743 5329 millies
1765 5277 1970 5331 centies

368 5357 603 5414 milleni:
633 5355 723 5411 ﬁlii
754 5365 931 5412 autem
948 5359 1096 5417 Juda
1126 5359 1566 5431 quadringenties
1608 5352 1808 5432 septies
1847 5367 1969 5423 mil.

367 5448 642 5504 leni.Levi
665 5457 842 5504 autem
865 5458 920 5505 et
941 5450 1220 5521 Benjamin
1251 5468 1354 5510 non
1383 5453 1976 5516 dinumeravit.Nume-

363 5556 454 5598 rus
476 5550 657 5598 autem
688 5557 871 5598 eorum
904 5544 992 5613 qui
1010 5544 1319 5603 ceciderunt
1347 5564 1410 5603 ex
1431 5548 1620 5619 Israel,
1653 5567 1756 5606 Lxx
1786 5552 1970 5611 litim].

1993 3124 2039 3188 C
2145 3125 2273 3180 Post
2291 3126 2446 3189 hanc,
2471 3124 2658 3196 regnat
2686 3120 2813 3180 Joas
2838 3126 2985 3180 ﬁlius
3002 3125 3242 3181 Ochozite
3268 3129 3394 3181 anuis
3414 3143 3477 3181 ιι.
3495 3125 3553 3180 ilic

2057 444 2147 495 XL,
2171 440 2224 485 et
2267 428 2367 485 sub
2405 432 2522 501 ipso
2550 430 2727 487 adhuc
2752 430 2955 487 Nathan
2996 434 3256 505 prophetat
3279 454 3291 492 :
3314 454 3355 497 et
3384 448 3518 511 Acilia;

2067 536 2135 575 ex
2163 521 2344 589 Selon,
2370 531 2425 578 et
2446 525 2585 579 inter
2611 539 2707 580 eos
2731 522 2976 580 sacerdos
3004 523 3215 584 Saddoc.

2134 612 2262 668 Post
2308 614 2675 681 Salomonem,
2705 624 2893 684 regnat
2936 616 3163 673 Roboam
3193 620 3313 677 ﬁlius
3340 626 3429 695 ejus
3463 649 3524 691 an.

2061 719 2160 759 nos
2193 721 2283 760 xlv
2316 723 2328 760 :
2361 707 2461 761 sub
2500 706 2602 762 hoc
2630 707 2858 763 divisum
2886 717 2967 763 est
2994 724 3201 780 regnum
3228 722 3275 768 et
3295 722 3527 787 regnavitin

2062 799 2306 856 Samaria
2355 801 2641 858 Jeroboam
2696 817 2887 857 servus
2940 802 3244 873 Salomonis,
3267 795 3326 864 de
3344 813 3448 867 tribu
3467 815 3528 872 El-

2064 892 2223 961 frem,
2251 893 2535 966 prophetat
2564 902 2767 959 autem,
2807 904 2861 949 et
2888 895 2985 950 sub
3015 894 3275 952 Jeroboam
3297 899 3449 959 Aebias
3467 906 3531 964 se.

2062 986 2280 1054 lonites,
2314 996 2367 1043 et
2394 985 2614 1043 Sameas
2642 987 2782 1042 ﬁlius
2810 984 3028 1043 Elami.
3278 970 3310 1021 κ’

2134 1078 2264 1134 Post
2307 1079 2572 1147 Roboam,
2604 1089 2793 1151 regnat
2822 1080 2987 1136 Abias
3013 1074 3146 1136 ﬁlius
3185 1083 3289 1152 ejus
3309 1087 3429 1142 annis
3449 1106 3533 1149 tm.

2137 1172 2266 1230 Post
2296 1174 2509 1240 Abiam,
2538 1185 2724 1245 regnat
2756 1174 2900 1229 Asab
2929 1173 3066 1230 ﬁlius
3093 1175 3202 1245 ejus
3228 1178 3359 1234 annis
3385 1186 3536 1244 milic

2062 1267 2116 1322 in
2139 1274 2380 1338 tempore
2406 1269 2698 1325 senectutis
2717 1269 2881 1340 pedes
2894 1267 3076 1325 doluit.
3098 1269 3408 1341 Prophetabat
3421 1289 3537 1336 autem

2062 1359 2161 1416 sub
2185 1376 2251 1416 eo
2273 1361 2511 1417 Azarias.

2134 1451 2265 1508 Post
2302 1453 2467 1521 Asab,
2502 1462 2691 1525 regnat
2731 1452 2869 1509 ﬁlius
2902 1454 3020 1526 ejus
3046 1453 3287 1528 Josaphat
3314 1460 3435 1516 annis
3459 1478 3539 1521 ω’.

2061 1544 2173 1601 Sub
2199 1545 2302 1602 hoc
2343 1544 2629 1618 prophetat
2649 1544 2847 1615 Helias,
2879 1558 2935 1605 et
2976 1546 3201 1606 Micbeas
3225 1550 3348 1608 ﬁlius
3368 1553 3541 1626 lembus,

2063 1648 2117 1695 et
2145 1638 2349 1695 Abdias
2401 1640 2544 1695 ﬁlius
2600 1642 2841 1696 Ananite.
2896 1641 3008 1698 Sub
3063 1641 3257 1699 Micbea
3299 1655 3545 1708 autem'erat

1988 1732 2038 1795 B
2068 1734 2541 1806 pseudopmpheta
2569 1732 2825 1790 Sedecias
2853 1732 2996 1790 ﬁlius
3032 1734 3289 1793 Canantei.

2140 1826 2270 1881 Post
2296 1824 2572 1897 Josapltat,
2608 1837 2795 1898 regnat
2828 1826 2973 1883 ﬁlius
3021 1829 3137 1899 ejus
3174 1829 3334 1885 Joratn
3359 1834 3473 1889 annis
3490 1852 3545 1903 tt,

2068 1927 2123 1975 et
2149 1918 2257 1973 sub'
2288 1921 2404 1990 ipso
2437 1919 2719 1992 prophetat
2774 1918 2977 1988 Helias,
3020 1930 3073 1977 et
3104 1932 3217 1993 post
3250 1923 3372 1981 hunc
3395 1930 3549 2000 prophe

2070 2020 2148 2067 tat
2172 2011 2419 2069 Heliseus
2435 2014 2535 2068 sub
2565 2013 2673 2068 ﬁlio
2690 2013 2872 2070 Joram
2894 2012 3149 2082 Ochozia,
3176 2017 3268 2073 sub
3290 2032 3381 2088 quo
3400 2021 3551 2090 populus

2069 2107 2124 2162 in
2156 2106 2394 2162 Samaria
2428 2107 2566 2163 ﬁlios
2608 2123 2756 2176 suos,
2803 2119 2858 2165 et
2885 2120 3098 2165 stercus
3123 2111 3433 2168 columbinum
3454 2130 3552 2171 man-

2068 2197 2315 2264 ducabat,
2350 2206 2608 2269 regnante
2634 2200 2685 2253 in
2712 2200 2956 2256 Samaria
2982 2199 3180 2256 Joram.

2142 2287 2270 2345 Post
2296 2289 2475 2344 Joram
2503 2292 2747 2361 regnavit
2770 2291 2917 2347 ﬁlius
2938 2293 3056 2363 ejus
3078 2291 3322 2350 Ochozias
3339 2311 3448 2352 anno
3459 2300 3550 2355 lino:

2070 2388 2125 2437 et
2150 2383 2250 2438 sub
2282 2383 2383 2438 hoc
2402 2383 2688 2455 prophetat
2718 2384 2917 2441 Gotbol
2948 2394 3011 2442 et
3036 2386 3297 2443 Labdone.

2142 2472 2271 2532 Post
2297 2477 2457 2545 hunc,
2488 2488 2677 2549 regnat
2713 2478 2992 2545 Gotholia,
3022 2488 3188 2535 mater
3209 2479 3551 2547 0chozia:,annis

2070 2586 2179 2625 vnt.
2214 2569 2345 2638 Quae
2375 2586 2670 2642 exsurgens
2695 2572 2891 2626 occidit
2919 2580 3076 2629 natos
3106 2572 3195 2627 lilii
3219 2575 3289 2627 sui
3316 2592 3327 2627 :
3352 2585 3441 2629 erat
3461 2577 3551 2630 enim

2070 2658 2139 2717 de
2167 2676 2367 2731 genere
2397 2660 2579 2717 Achab
2608 2662 2751 2733 regis
2778 2662 2941 2718 Israel
2972 2680 2985 2715 :
3019 2678 3172 2719 soror
3193 2673 3347 2719 autem
3367 2665 3551 2731 Ochozia,

2072 2754 2290 2810 nomine
2311 2754 2590 2821 Zosabam,
2623 2770 2744 2809 cum
2772 2762 2918 2811 esset
2941 2754 3145 2811 Joiada:
3176 2756 3434 2811 Sacerdotis
3453 2774 3551 2823 utor,
3640 2754 3653 2829 'j

2073 2846 2244 2902 furata
2277 2857 2359 2903 est
2386 2848 2543 2914 Joas,
2588 2848 2756 2902 ﬁlium
2785 2848 3062 2918 Ochoziaa,
3094 2849 3178 2905 cui
3202 2848 3363 2905 Joiada
3383 2852 3552 2906 sacerdos
3648 2850 3651 2885 1

2072 2941 2327 3011 imposuit
2352 2940 2733 3011 regimonium.
2761 2941 3058 3011 Proplzetat
3078 2948 3246 2997 autem
3283 2940 3368 2997 sub
3388 2940 3553 2998 Gotholia
3650 2936 3651 2983 Ῡ

2072 3033 2301 3088 Eliseus.

2071 3219 2336 3274 interfecit
2364 3218 2678 3274 Zachariam
2709 3220 2871 3273 ﬁlium
2903 3216 3112 3275 Joiada:
3139 3219 3410 3275 sacerdotis.

2143 3309 2273 3366 Post
2301 3308 2447 3375 Joas,
2495 3319 2682 3381 regnat
2732 3310 2871 3366 ﬁlius
2916 3311 3040 3378 ejus
3076 3311 3302 3366 Amasias
3344 3312 3549 3364 annisnn.

2142 3401 2272 3458 Post
2300 3404 2592 3469 Amasiam,
2629 3403 2872 3474 regnavit
2899 3402 3049 3458 ﬁlius
3077 3403 3191 3472 ejus
3217 3401 3352 3458 Ozias
3367 3403 3479 3457 annis
3496 3416 3551 3455 ω.

2069 3496 2167 3553 llic
2217 3498 2464 3567 leprosus
2505 3495 2606 3551 fuit
2660 3510 2939 3567 usquequo
2999 3506 3304 3552 moreretur.
3356 3495 3551 3550 Iudicabat

2070 3584 2249 3648 autem
2296 3592 2397 3648 sub
2435 3608 2502 3648 eo
2527 3591 2780 3648 Joatham
2809 3590 2947 3647 ﬁlius
2980 3591 3123 3661 ejus.
3148 3587 3550 3663 Propitetabantsub
3654 3634 3655 3641 η

2071 3684 2220 3753 Otia,
2256 3687 2420 3740 Amos
2467 3695 2523 3740 et
2567 3683 2756 3739 Esaias
2818 3684 2960 3739 [ilius
3012 3685 3130 3754 ejus
3159 3724 3174 3749 ,
3218 3693 3268 3738 et
3312 3680 3430 3738 Ozete
3462 3679 3548 3733 ﬁlius
3652 3678 3653 3709 ῖ

2071 3779 2287 3845 Beberi,
2313 3786 2367 3835 et
2395 3777 2560 3835 Jonas
2582 3776 2724 3835 ﬁlius
2754 3776 2972 3833 Amatbi
2998 3791 3064 3832 ex
3090 3775 3266 3833 Gol‘er.
3654 3770 3655 3777 “

2145 3873 2276 3926 PoSt
2300 3871 2505 3938 Oziam,
2533 3879 2719 3940 regnat
2747 3870 2890 3925 ﬁlius
2926 3871 3046 3940 ejus
3069 3870 3305 3929 Juatltatn
3340 3868 3445 3923 anuis
3468 3879 3543 3918 tu.

2070 3964 2186 4023 Sub
2206 3963 2309 4020 hoc
2333 3962 2611 4035 prepltetze
2634 3964 2842 4030 Esaias,
2876 3961 3044 4032 Osee,
3078 3963 3301 4019 Micheas
3340 3958 3546 4025 lloratltita,

2070 4065 2127 4119 et
2148 4056 2270 4119 Joel
2299 4056 2439 4111 lilius
2461 4054 2679 4111 Batuel.

2144 4151 2273 4206 Post
2312 4148 2585 4229 .lnatham,
2615 4156 2807 4220 regnat
2833 4146 2977 4204 ﬁlius
3026 4149 3144 4219 ejus
3179 4145 3338 4205 Acbas
3361 4144 3472 4201 annis
3491 4156 3543 4211 tt,

2071 4258 2126 4303 et
2153 4246 2252 4303 sub
2267 4244 2368 4300 hoc
2391 4243 2666 4315 prophetas
2691 4243 2899 4310 Esaias,
2930 4243 3076 4300 Osee
3095 4252 3152 4299 et
3174 4241 3378 4298 Micheas
3400 4249 3539 4295 τεπαῖ-

2072 4339 2172 4397 dos
2192 4348 2369 4395 autem
2418 4337 2594 4394 Urias.
2628 4337 2740 4395 Sub
2770 4338 2873 4393 hoc
2899 4336 3261 4394 Salmanassar
3278 4349 3357 4390 rex
3383 4327 3547 4400 Assyrio-

2076 4448 2196 4494 t‘um
2225 4447 2319 4489 eos
2345 4432 2437 4502 qui
2475 4439 2631 4486 erant
2657 4430 2711 4485 in
2755 4429 2995 4487 Samaria
3037 4425 3396 4498 transmigravit
3415 4423 3454 4478 in
3478 4418 3548 4474 lle-

3642 3268 3653 3315 pl

3642 3310 3653 3459 ἕ

1992 4520 2049 4582 D
2075 4524 2218 4582 diam
2247 4534 2304 4580 et
2332 4523 2702 4596 Babyloniam.
2746 4522 2762 4539 ’

2146 4620 2275 4676 Post
2295 4619 2495 4684 Aehas,
2518 4619 2761 4690 regnavit
2784 4618 2926 4674 ﬁlius
2946 4617 3064 4688 ejus
3086 4615 3327 4674 Ezechias
3337 4611 3451 4671 annis
3464 4620 3548 4663 ut.

2073 4712 2186 4768 Sub
2214 4712 2314 4767 hoc
2335 4710 2611 4782 prOphette
2637 4711 2842 4778 Esaias,
2867 4709 3118 4776 Micheas,
3144 4719 3195 4766 et
3215 4708 3352 4765 Osee.

2146 4806 2275 4862 Post
2303 4804 2609 4873 Ezechiam,
2640 4804 2780 4861 ﬁlius
2809 4805 2926 4875 ejus
2950 4805 3191 4861 Manasse
3214 4820 3327 4861 ann.
3346 4817 3414 4856 tv.

2147 4901 2275 4957 Post
2295 4899 2559 4966 Manasse,
2577 4910 2763 4970 regnat
2785 4899 2928 4957 ﬁlius
2948 4900 3065 4970 ejus
3077 4899 3235 4956 Amos
3254 4896 3383 4952 annis
3393 4889 3547 4949 duobus.

2149 4994 2279 5050 Post
2299 4998 2465 5049 Amos
2494 5002 2685 5064 regnat
2703 4992 2843 5049 ﬁlius
2868 4993 2985 5065 ejus
3011 4992 3185 5049 Josias
3210 4990 3343 5046 annis
3359 5000 3469 5042 xm.
3489 4980 3547 5034 Hic

2074 5087 2219 5144 idola
2247 5095 2302 5142 et
2326 5076 2573 5142 altarium
2595 5085 2851 5142 Samaria:
2871 5085 3169 5156 dissipavit.
3194 5082 3294 5139 Sub
3318 5080 3399 5135 hoc
3413 5070 3544 5132 Pascha

2076 5180 2405 5237 celebratum
2437 5189 2521 5235 est
2567 5192 2709 5234 anno
2733 5194 2864 5234 xvnt
2904 5178 3051 5249 regni
3093 5178 3225 5248 ejus.
3269 5172 3377 5229 Nam
3413 5183 3462 5222 ex
3480 5174 3545 5233 ί1⁰⁰

2075 5283 2322 5331 mortuus
2346 5280 2431 5327 est
2456 5271 2583 5327 Jesn
2610 5271 2776 5338 Nave,
2794 5287 2899 5328 non
2927 5280 3006 5327 est
3037 5277 3288 5326 servatum
3310 5260 3462 5320 Pascha
3480 5255 3543 5310 sic-

2076 5376 2136 5423 ut
2161 5377 2304 5421 tunc.
2339 5365 2451 5422 Sub
2473 5365 2576 5420 hoc
2597 5364 2805 5421 Celeias
2827 5365 3077 5420 sacerdos
3097 5373 3240 5434 pater
3260 5356 3541 5419 Jeremiepto-

2076 5459 2252 5530 pheta:
2280 5459 2481 5514 invenit
2513 5459 2564 5512 in
2609 5458 2844 5515 sacrario
2890 5457 3081 5513 librum
3109 5451 3541 5525 Legisinxvmanm

2077 5555 2226 5624 regni
2269 5553 2453 5609 Josite.
2510 5552 2840 5623 PrOphelant
2875 5561 3048 5608 autem
3086 5550 3182 5608 sub
3216 5562 3274 5604 eo
3312 5542 3429 5600 Oliba
3457 5544 3539 5591 tuo!

1582 5666 1967 5728 LECTIONES
2002 5664 2421 5727 VARIANTES.

429 5782 455 5809 ⁸
479 5758 691 5832 δονοιιὶεί
718 5780 889 5848 Labbe,
916 5781 1113 5851 coniicit
1141 5776 1419 5849 legendum,
1460 5783 1655 5835 sororli.
