3730 6270
156 297 261 360 609

1389 277 1776 339 Cl'iRONlCON
1816 277 2142 337 ANONYMI.

3333 284 3441 343 G70

155 409 327 473 Sellim
356 413 554 463 aveste
594 405 912 472 sacerdotis,
941 412 995 460 et
1050 401 1300 461 Solonius
1353 409 1408 458 et
1441 394 1813 465 Jeremias,A
1910 394 1994 449 Ab
2026 394 2212 452 Exodo
2262 396 2676 481 Egyptiusque
2729 399 2781 454 in
2831 400 3114 456 transitum
3164 399 3436 470 Iordanis,

160 506 252 568 sub
273 519 375 575 quo
401 499 869 573 pseudopropheta
889 499 1141 554 Ananias.

226 598 350 654 Post
394 595 592 651 Josiam
623 636 639 661 ,
701 601 892 665 regnat
950 591 1201 648 Sofonias
1267 591 1425 646 annis
1476 589 1732 661 quinque,

170 692 414 755 mensibus
452 688 722 747 tmdecim.

234 788 355 844 Post
379 783 649 840 Sofoniam
680 825 696 848 ,
742 790 932 853 regnat
955 782 1185 838 Joachas
1212 778 1352 835 (ilius
1376 778 1492 849 ejus
1521 791 1736 832 menses

182 889 406 955 quatuor.
426 876 572 932 llunc
591 874 780 945 ligavit
814 874 1027 931 Nechao
1058 889 1150 949 rex
1185 872 1424 945 IEgypti,
1448 870 1737 926 etadduxit

186 977 238 1032 in
257 973 532 1045 Egyptum,
559 968 811 1024 ordinato
840 968 892 1024 in
925 968 1045 1023 loco
1069 967 1188 1039 ejus
1217 966 1497 1032 Eliachim,
1528 966 1617 1038 qui
1645 980 1737 1021 co-

192 1068 489 1141 gnominatus
534 1070 617 1117 est
641 1060 913 1128 Joachim,
964 1071 1154 1132 regnat
1204 1061 1358 1117 annis
1385 1077 1459 1114 xi.
1491 1055 1735 1115 Subihoc

196 1159 441 1234 prophetat
464 1154 743 1220 Jeremias,
766 1163 821 1210 et
849 1153 1000 1217 Buzi,
1034 1163 1088 1207 et
1120 1152 1276 1208 Urias
1324 1152 1467 1207 tilius
1511 1150 1736 1209 Samace

186 1269 241 1310 ex
281 1247 643 1307 Caristbiarim.
687 1245 843 1302 Hunc
892 1245 1387 1302 Nabuchodonosor
1430 1245 1611 1316 ligavit
1646 1260 1736 1301 c.1-

184 1344 305 1400 tcnis
342 1340 483 1397 mrcis
510 1338 755 1395 loachitn
782 1352 962 1408 regem
1011 1337 1167 1407 Juda,
1199 1347 1255 1395 et
1280 1338 1432 1394 duxit
1469 1339 1522 1394 in
1560 1338 1735 1410 Baby-

180 1437 327 1492 lonia.

241 1528 357 1584 Post
375 1524 624 1591 Joachim,
653 1532 845 1595 regnat
866 1523 1003 1580 ﬁlius
1028 1525 1150 1596 ejus
1180 1524 1425 1581 Joachim
1449 1527 1607 1582 annis
1641 1528 1735 1583 tri-

176 1623 296 1686 bus;
323 1629 370 1676 et
405 1618 536 1673 hunc
561 1616 711 1672 ducit
734 1617 799 1670 ad
828 1632 950 1672 eum
976 1618 1340 1687 compeditum
1377 1617 1733 1676 Nabuchodo-

177 1728 331 1769 nosor
350 1727 428 1768 rex
455 1709 763 1781 Babylonis,
788 1718 843 1765 et
871 1711 1006 1767 alios
1026 1727 1147 1766 cum
1178 1727 1264 1768 eo.

1841 488 2055 557 quando
2085 488 2244 545 .lcsns
2274 490 2479 546 Pascha
2501 492 2813 560 celebravit,
2845 503 2969 549 sunt
2993 492 3117 549 anni
3148 510 3260 549 xu.

1915 580 2178 638 Ezechias
2209 593 2330 654 post
2381 599 2553 641 annos
2582 596 2837 641 coccum
2867 584 3161 642 celebravit
3214 585 3437 642 Pascha.

1916 674 2047 731 Post
2096 676 2383 733 Ezechlam
2428 677 2605 734 Josias
2657 693 2799 735 anno
2850 688 2972 735 cxiv
3035 677 3239 735 Pascha
3292 680 3441 737 cele-

1840 758 2034 826 bravii.

1912 862 2043 918 Post
2076 861 2279 919 Josiam
2313 863 2543 921 ileszras
2573 872 2694 936 post
2715 876 2885 921 annos
2911 879 3038 921 cvm
3067 865 3271 922 Pascha
3298 867 3443 923 cele-

1799 981 1806 988 -
1839 953 2032 1010 bravit.

1911 1050 2041 1104 Post
2094 1049 2362 1105 ‘lleszram
2419 1060 2442 1087 ει
2499 1050 2789 1107 Servatoris
2864 1066 3023 1123 usque
3075 1052 3441 1124 generationes

1838 1142 2036 1201 Christi
2064 1154 2177 1214 post
2207 1162 2365 1199 annos
2391 1160 2557 1201 nLtht
2586 1142 2790 1202 Pascha
2828 1147 2907 1201 lit.

1912 1239 1956 1293 A
1988 1241 2324 1310 generatione
2368 1250 2535 1294 autem
2564 1238 2756 1295 Christi
2794 1248 2917 1311 post
2946 1256 3058 1295 xxx
3087 1248 3279 1307 annos,
3322 1256 3442 1297 cum

1840 1347 2025 1400 passus
2072 1341 2141 1385 est
2188 1328 2473 1404 ,Dominns,
2528 1328 2731 1388 Pascha
2788 1332 3109 1402 celebratur,
3155 1335 3266 1406 ipse
3308 1336 3442 1392 enim

1839 1434 1956 1479 erat
1977 1426 2179 1495 justum
2200 1426 2425 1482 Pascha.
2756 1440 2761 1445 '

1850 1499 1954 1571 .A
1981 1521 2216 1592 passione
2242 1530 2418 1576 autem
2458 1521 2664 1576 Domini
2712 1528 2880 1594 usque
2904 1522 2956 1578 in
2986 1536 3079 1578 xm
3107 1536 3308 1579 annum
3338 1522 3441 1580 im-
3512 1536 3517 1541 ‘

1840 1614 1972 1684 petii
2019 1611 2353 1684 Imperatoris
2380 1608 2661 1668 Alexandri
2703 1614 2922 1670 Cwsarls
2968 1615 3093 1670 anni
3122 1624 3241 1671 CCVI
3268 1632 3442 1671 serua»

1838 1717 1943 1762 tum
1972 1717 2040 1761 est
2062 1702 2294 1774 Pascha,
2329 1706 2468 1777 quod
2517 1707 2571 1761 in
2624 1712 3163 1765 commemorationem
3216 1708 3432 1767 Domini

253 1806 345 1860 Per
364 1804 534 1873 ipsum,
560 1802 904 1858 constituitur
929 1803 983 1859 in
1000 1804 1119 1859 loco
1139 1804 1255 1876 ejus
1279 1804 1446 1861 frater
1464 1805 1725 1872 Joachim,
1759 1792 1807 1854 Β
1836 1801 2003 1856 nostri
2031 1799 2158 1856 Jcsu
2186 1800 2384 1856 Christi
2405 1811 2632 1855 servatur
2661 1812 2691 1856 α
2714 1803 2875 1857 nobis.

169 1897 321 1967 cujus
346 1910 513 1953 nomen
543 1892 819 1961 Sedecias,
849 1893 1014 1966 quiet
1045 1896 1355 1968 Jechonias,
1385 1901 1477 1972 qui
1526 1916 1721 1973 regna-

162 1991 245 2045 vit
266 1988 402 2045 attnis
418 2006 484 2045 xi.

245 2082 295 2139 lu
320 2099 443 2139 anno
465 2082 785 2143 duodecimo
811 2086 1210 2159 trausmigravit
1240 2086 1387 2143 illum
1411 2087 1464 2143 in
1500 2078 1732 2161 Babylo-

157 2178 324 2242 niam,
351 2173 538 2231 eli‘ossis
559 2179 751 2247 oculis,
774 2190 827 2237 et
854 2181 1109 2251 p0pu|um
1146 2180 1449 2235 transduxit
1484 2197 1607 2236 cum
1639 2197 1727 2249 eo,

157 2275 353 2337 prater
371 2282 574 2338 paucos,
597 2270 687 2339 qui
715 2281 894 2342 postea
918 2273 971 2327 in
990 2271 1283 2344 rEgyptum
1310 2273 1726 2330 descenderunt.

148 2357 469 2430 Pmphetant
495 2370 673 2417 autem
728 2364 827 2418 sub
872 2363 1096 2420 Sedecia
1125 2350 1388 2419 Jercmias
1441 2374 1495 2419 et
1532 2364 1729 2419 Amba-

150 2466 306 2518 cum,
341 2453 385 2508 in
410 2469 547 2509 anno
572 2463 751 2510 autem
785 2472 837 2512 ix
869 2458 1020 2529 regni
1049 2457 1164 2527 ejus
1190 2456 1600 2529 prophetavitin
1629 2457 1731 2512 Ba—

140 2543 363 2615 bylonia
386 2544 644 2602 Ezechiel.
661 2547 785 2603 Post
798 2548 946 2613 hunc
966 2549 1243 2621 pronhetaa
1264 2549 1471 2605 Nahum
1490 2561 1544 2605 et
1565 2548 1728 2605 Mala-

139 2636 328 2703 cliias,
364 2647 414 2692 et
436 2638 620 2695 Daniel
645 2681 660 2705 ,
703 2642 792 2710 qui
818 2641 949 2698 vidit
972 2642 1040 2697 de
1079 2641 1428 2698 hebdomadis
1474 2644 1525 2696 in
1556 2644 1730 2713 primo

142 2744 299 2783 anno
325 2728 453 2784 Darii
481 2734 646 2803 regis,
692 2732 784 2788 ﬁlii
814 2733 1054 2802 Assueri,
1082 2735 1149 2791 de
1177 2736 1381 2791 semine
1429 2734 1726 2803 Medorum,

136 2824 242 2893 qui
257 2826 481 2895 regnavit
502 2841 668 2897 super
694 2843 917 2899 regnum
948 2827 1328 2885 Chaldeorum.

222 2918 277 2973 ln
298 2920 460 2989 primo
484 2931 664 2976 autem
696 2937 837 2978 anno
862 2923 1014 2994 regni
1041 2924 1124 2977 sui
1145 2924 1315 2995 Cyrus
1335 2922 1539 2979 dimisit
1559 2938 1727 2994 popu-

140 3010 261 3065 lum
288 3012 453 3067 redire
478 3015 528 3067 in
571 3012 893 3070 Jerusalem.
930 3014 1008 3070 Eo
1042 3030 1304 3085 tempore,
1336 3031 1443 3085 quo
1468 3017 1724 3087 templum

137 3105 430 3169 aediﬁcavit,
462 3105 787 3176 protihetant
829 3107 990 3162 simul
1031 3108 1243 3176 Aggeus
1288 3119 1340 3163 et
1387 3107 1675 3163 Zacharias
1708 3125 1721 3161 :

138 3206 261 3264 post
288 3212 414 3267 quos
456 3197 712 3254 Neemias
755 3198 893 3254 ﬁlius
924 3198 1109 3254 Acheli
1140 3198 1207 3254 de
1231 3200 1436 3255 semine
1456 3199 1615 3255 lsracl
1644 3200 1718 3253 la-
1750 3181 1796 3245 C

140 3287 356 3344 bricavit
400 3291 669 3346 civitatem
704 3291 1060 3358 Hierusalem,
1092 3307 1212 3346 cum
1267 3303 1411 3347 esset
1459 3293 1527 3346 ah
1569 3294 1724 3348 annis

137 3383 431 3440 Artaxersis
456 3384 597 3454 regis
616 3401 631 3439 :
654 3394 712 3440 et
732 3392 852 3454 post
878 3383 1019 3438 hunc
1037 3382 1309 3439 secundus
1330 3383 1720 3439 Mardochreus.

764 3515 953 3556 SEC'I‘IO
993 3516 1090 3555 χιι.

209 3628 358 3687 Fiunt
406 3634 566 3706 igitur
589 3650 617 3688 a
649 3632 815 3690 David
846 3652 1016 3709 usque
1036 3634 1334 3703 Sedechim,
1360 3637 1449 3708 qui
1471 3648 1526 3693 et
1555 3637 1721 3694 Zeco-

148 3725 261 3790 nire,
325 3728 866 3798 transmigrationem,
923 3733 1298 3799 generationes
1335 3747 1506 3797 xvm,
1566 3733 1721 3788 annis

150 3832 475 3887 cccccxxvm,
524 3837 742 3878 menses
786 3839 879 3889 ix;
933 3824 1004 3877 ab
1039 3822 1209 3878 Adam
1261 3833 1436 3879 autem
1468 3842 1637 3898 usque
1666 3828 1719 3882 in

152 3911 647 3983 transmigrationem
683 3913 990 3985 Babylonia:
1031 3915 1132 3968 sub
1174 3914 1454 3985 Jechonia,
1487 3934 1718 3991 genera-

158 4002 314 4059 tiones
332 4023 396 4074 ιι,
424 4009 545 4063 anni
568 4025 639 4074 iv,
664 4017 963 4077 unoccx’w,
984 4024 1202 4065 menses
1227 4027 1301 4065 ix.

222 4097 279 4152 Et
306 4111 413 4169 post
436 4105 965 4176 transmigrationem
993 4104 1323 4176 Babyloniae,
1348 4121 1517 4177 usque
1539 4106 1603 4161 ad
1625 4122 1718 4179 ge-

164 4191 456 4250 nerationem
482 4195 703 4263 Christi,
748 4199 1121 4269 generationes
1142 4216 1256 4265 xiv,
1283 4214 1372 4255 an.
1405 4216 1572 4264 nccx;
1604 4210 1657 4256 ct
1684 4218 1716 4259 a

170 4286 467 4352 generatione
491 4287 693 4344 Christi
738 4304 906 4362 usque
934 4290 999 4346 ad
1043 4290 1385 4358 Passionem,
1416 4292 1541 4347 anni
1565 4309 1710 4357 xxx;

104 4406 111 4413 -
181 4381 229 4429 et
251 4391 275 4430 a
296 4379 519 4438 Passione
549 4398 720 4455 usque
748 4385 815 4439 ad
843 4382 985 4438 hunc
1009 4400 1233 4454 annum,
1256 4385 1346 4457 qui
1389 4394 1470 4441 est
1492 4402 1586 4441 xm
1615 4387 1716 4441 im-

182 4471 291 4539 perii
309 4472 564 4533 Alexandri
592 4493 785 4544 annus,
812 4493 902 4532 an.
926 4494 1063 4534 ccvr.

1912 1892 2072 1947 Fiunt
2102 1893 2262 1963 igitur
2288 1907 2465 1947 omnes
2486 1894 2609 1947 anni
2644 1894 2807 1948 Adam
2839 1906 3006 1966 usque
3034 1894 3088 1951 in
3125 1895 3264 1952 hunc
3305 1897 3438 1954 diem

1836 1989 1959 2042 anni
1984 1988 2246 2058 quinquies
2275 1985 2413 2041 mille
2433 1987 2737 2058 septingenti
2757 1990 2966 2062 triginta
2988 1998 3120 2045 octo.

2452 2138 2642 2180 SECTIO
2680 2139 2793 2178 Xlll.

2153 2258 2317 2332 Reges
2350 2259 2627 2316 Persarum
2644 2275 2709 2315 ea:
2729 2268 2953 2332 tmpore
2972 2261 3113 2333 Cyri.

1905 2397 2078 2469 Cyrus
2106 2396 2337 2466 regnavit
2367 2393 2544 2451 Persis
2565 2398 2714 2451 annis
2753 2413 2880 2452 xxx.

1904 2488 2034 2545 Post
2058 2489 2220 2555 hunc,
2244 2487 2515 2558 Cambyses
2536 2488 2687 2544 annis
2708 2504 2905 2545 novem.

1907 2581 2185 2655 Smcrdius
2210 2574 2391 2651 Magne
2410 2580 2665 2635 mensibus
2709 2590 2841 2636 octo.

1905 2675 2095 2731 Darius
2122 2674 2292 2747 fannis
2320 2688 2501 2729 χχχιιι.

1902 2766 2101 2824 Xerxes
2126 2768 2283 2823 annis
2310 2780 2455 2822 χχιιι.

1902 2861 2591 2934 Ατιιιχθιυπεοζιοηθὶηιαηαο
2610 2861 2761 2917 annis
2780 2875 2965 2917 xxxvr.

1900 2956 2102 3013 Xerxes
2126 2957 2233 3011 dies
2263 2957 2548 3027 semginta.

1903 3052 2201 3123 Sogdianus
2233 3060 2448 3107 menses
2478 3058 2704 3119 septem.

1903 3146 2090 3200 Darius
2111 3144 2318 3200 Nuthus
2346 3144 2500 3199 annis
2519 3154 2671 3198 xvm.

1903 3240 2250 3305 Artaxerxes,
2280 3239 2400 3309 Cyri
2413 3238 2640 3307 junioris
2669 3240 2848 3307 frater,
2873 3236 3028 3291 annis
3069 3248 3200 3291 Lxlt.

1904 3332 2074 3399 Ocor,
2137 3331 2223 3401 qui
2278 3330 2324 3384 ei
2380 3329 2696 3383 Artaxerxes
2767 3328 2921 3383 annis
2961 3338 3110 3395 mn,
3176 3327 3429 3395 mensibus

1829 3434 2044 3497 septem.
2662 3479 2669 3485 .

1901 3521 2054 3583 Arses
2083 3518 2290 3574 Nothus
2313 3518 2468 3574 annis
2500 3518 2676 3575 tribus.

1902 3612 2097 3666 Darius
2145 3612 2295 3666 annis
2344 3615 2438 3667 xii.
2467 3610 2570 3666 Hic
2599 3621 2671 3669 est
2695 3628 2842 3681 quem
2869 3611 3174 3668 Alexander
3212 3610 3431 3668 Macedo

1828 3706 2076 3777 deposuit
2103 3707 2153 3761 in
2185 3706 2346 3773 bello,
2375 3706 2514 3776 quod
2537 3706 2636 3761 fuit
2661 3705 3041 3764 inenarrabile.

1899 3798 2062 3854 Fiunt
2101 3814 2289 3855 omnes
2318 3800 2444 3853 anni
2474 3814 2664 3856 ccxu'.

1898 3892 2027 3949 Post
2075 3908 2239 3964 quos,
2301 3902 2536 3963 tempora
2577 3892 2689 3963 jam
2742 3891 2880 3962 apud
2919 3892 3131 3947 Graecos
3176 3906 3243 3947 ex
3295 3906 3427 3948 eon-

1826 3986 2124 4043 structionc
2155 3984 2527 4056 Olympiadum
2579 3993 2708 4041 sunt
2757 3985 2902 4039 clara
2950 3999 2964 4038 :
3014 3999 3133 4036 nam
3155 3998 3312 4053 usque
3360 3985 3430 4039 ad

1824 4078 2194 4135 Alexandrum
2250 4077 2597 4134 Macedonem
2638 4078 2853 4135 {uerunt
2886 4074 3231 4148 Olympiades
3282 4089 3425 4141 cxiv,

1821 4188 1936 4244 qua:
1985 4172 2187 4227 faciunt
2238 4184 2410 4227 annos
2451 4184 2691 4238 ccccnvr,
2733 4169 2797 4225 ab
2844 4167 3020 4239 Ipltito
3047 4168 3135 4239 qui
3165 4167 3431 4224 constituit

1820 4265 2179 4338 Olympiadas.

1889 4359 1966 4413 Ab
1989 4359 2287 4414 Alexandro
2314 4373 2483 4428 usque
2508 4357 2576 4413 ad
2596 4356 2864 4415 Christum
2891 4354 3224 4429 Olympiades
3253 4370 3415 4424 Lxxx,

1819 4450 1963 4522 quod
1993 4459 2123 4504 sunt
2149 4449 2278 4505 anni
2306 4463 2502 4506 cccxx.

179 4538 209 4631 ἱ
235 4563 364 4623 Fiunt
382 4569 535 4641 igitur
564 4586 754 4627 omnes
770 4538 904 4626 anni
929 4570 997 4625 ab
1018 4571 1209 4638 Adam,
1227 4588 1395 4640 usque
1415 4571 1481 4627 ad
1502 4574 1715 4630 tertium
1739 4570 1795 4633 D
1822 4546 1858 4641 ἦ,
1893 4541 2173 4641 iam!“
2195 4552 2541 4641 ,amemmque
2593 4555 2795 4641 fumum
2825 4555 2918 4641 mil
2948 4538 3160 4612 Imperii
3190 4539 3416 4599 Almn‘

180 4655 391 4717 decimum
428 4664 1126 4736 Alexandri__imperatoris
1199 4680 1436 4734 annum,
1489 4666 1613 4721 anni
1655 4682 1714 4733 v,

183 4762 486 4812 IDCCXXXVIII.

84 4832 93 4837 ’
232 4846 285 4904 Ut
318 4861 481 4907 autem
519 4860 573 4908 et
613 4852 769 4909 aliter
806 4853 1156 4909 ostendamus
1203 4868 1310 4909 non
1362 4862 1567 4909 tantum
1619 4868 1716 4925 per

181 4947 362 5016 tempora
392 4963 596 5020 regum,
630 4948 727 5005 sed
764 4949 926 5004 etiam
976 4964 1006 5004 a
1041 4965 1145 5020 quo
1192 4948 1398 5005 Pascha
1440 4958 1713 5006 servatum

182 5047 250 5107 est,
267 5040 645 5100 dinumerantes
675 5043 832 5099 simul
857 5058 1030 5100 annos
1053 5042 1315 5099 dicemus.

223 5132 464 5191 AbAdam
493 5152 662 5208 usque
681 5136 939 5192 diluvium
969 5152 1058 5191 an.
1091 5152 1147 5202 ιι,
1172 5152 1406 5192 uccxut.

215 5225 253 5281 Α
297 5226 497 5285 diluvio
548 5244 718 5302 usque
766 5230 832 5285 ad
888 5230 1088 5286 exitum
1141 5228 1412 5286 Abraham
1457 5229 1527 5287 de
1573 5238 1712 5288 terra

151 5314 230 5373 sua
255 5334 442 5376 ICXLV.

209 5414 331 5470 Hinc
359 5430 632 5488 usquequo
657 5415 864 5473 exirent
904 5417 1157 5474 Israelita:
1187 5418 1255 5472 de
1299 5416 1550 5489 Egypto,
1576 5418 1711 5475 edu-

98 5492 279 5599 ‘cﬁate
301 5521 393 5563 eos
450 5508 654 5581 Moyse,
704 5508 918 5580 quando
960 5517 1014 5569 ct
1057 5509 1261 5565 Pascha
1293 5508 1552 5578 fecerunt,
1586 5513 1710 5566 anni

93 5594 115 5615 ί
136 5594 246 5657 ltnt
270 5613 522 5655 ccccxxx.

1823 4635 1903 4689 dri
1928 4634 2272 4707 Olympiades
2299 4651 2442 4701 Lvm,
2468 4633 2605 4706 quod
2630 4642 2749 4690 sunt
2774 4634 2897 4691 anni
2918 4648 3171 4690 ccxxxvn.

1895 4728 2031 4785 Sunt
2080 4746 2201 4802 ergo
2249 4745 2423 4786 omnes
2479 4728 2816 4801 Olympiades
2868 4744 3036 4801 usque
3082 4744 3276 4785 annuat
3330 4743 3420 4783 xtn

1820 4804 2104 4901 Alexandri
2159 4824 2387 4883 Ctesaris
2460 4823 2795 4899 Olympiades
2866 4839 3043 4892 ccutt,
3114 4823 3252 4896 quod
3301 4830 3422 4878 sunt

1819 4934 1942 4972 anni
1970 4932 2109 4972 IlXIl.

2440 5067 2625 5109 SECTIO
2665 5066 2776 5109 XIV.

2349 5185 2578 5243 Nomina
2605 5196 2869 5244 creaturae.

1892 5322 2084 5390 Adam,
2117 5322 2269 5391 Seth,
2295 5321 2461 5390 Enos,
2491 5322 2709 5388 Cainan,
2741 5321 3004 5391 Malaleel,
3033 5322 3214 5387 Jared.
3242 5325 3410 5395 Euoc,

1819 5418 2156 5483 Matusalam,
2179 5416 2434 5483 Lamech,
2457 5415 2587 5481 Noe,
2607 5412 2754 5483 Sem,
2784 5415 3026 5484 Arfaxat,
3044 5412 3191 5485 Sala,
3212 5413 3412 5487 lleher,~

1820 5509 2003 5578 Falec,
2026 5509 2124 5565 sub
2151 5526 2257 5579 quo
2276 5510 2443 5565 divisa
2460 5517 2544 5564 est
2570 5518 2731 5574 terra,
2757 5509 2964 5579 Ragau,
2998 5509 3185 5578 Seruo,
3209 5512 3408 5582 ngor,

1818 5604 2018 5669 Thura,
2049 5603 2339 5671 Abraham,
2373 5603 2539 5671 Isaac,
2570 5601 2754 5672 Jacob,
2784 5602 2943 5683 Iuda,
2975 5603 3161 5674 Feres,
3191 5604 3406 5671 Esrum,

1345 5714 1725 5779 LECTIONES
1752 5715 2164 5780 VARIAN'I‘ES.

188 5835 214 5867 ⁸
248 5832 535 5887 Servatur-is.
561 5831 739 5888 Italica
757 5832 1041 5901 supplentur
1064 5831 1255 5888 exedit.
1273 5830 1539 5887 Labbeaaa.
