3730 6270
110 358 199 422 6T5

1352 328 1743 391 CllliONICON
1771 328 2099 390 ANONYMI.

3277 324 3382 384 674

113 418 229 518 ,τίς-ιιι
258 448 333 497 est
351 439 459 505 lex,
500 446 562 493 ut
598 448 951 508 qudcumque
996 435 1303 503 acciperent
1333 450 1359 488 a
1390 433 1587 503 populo
1609 448 1673 487 ex
1706 428 1758 489 A
1857 429 2105 484 Claudius
2127 425 2280 482 annis
2311 421 2419 490 xiii,
2455 435 2639 479 mense
2665 434 2796 489 uno,
2826 419 3016 518 diebus
3042 418 3231 478 xxvni.

118 536 325 608 decimis,
348 532 591 588 decimus
611 529 803 585 darent
830 527 1232 589 Sacerdotibus,
1263 534 1322 582 ιιι
1349 527 1679 581 existimare-

124 653 184 695 m,
224 628 294 685 eis
314 634 580 691 tamquam
630 621 851 677 oblatio.
877 619 1032 674 Initio
1083 633 1269 674 eorum
1313 617 1524 672 tradita:
1555 624 1681 673 sunt

132 732 211 787 illis
229 717 372 777 etiam
396 715 645 770 civitates
696 712 1039 784 liefugiorum
1069 727 1186 779 sex,
1215 719 1271 766 et
1311 711 1498 766 barum
1529 719 1677 780 prata

138 810 382 878 sementim
424 807 476 861 in
517 805 751 861 circuitu
801 804 1061 876 cujusque
1116 803 1347 859 civitatis
1375 803 1541 858 cubiti
1571 800 1679 856 duo

146 906 292 975 millia,
315 908 364 955 et
403 897 515 953 alia:
557 896 807 950 civitates
854 910 996 958 XLII;
1036 892 1406 949 sacerdotibus
1463 890 1677 962 quidem

156 1002 298 1057 decem
315 1034 329 1059 ,
352 989 529 1047 Levitis
555 1003 692 1044 vero
713 1004 826 1043 xm.

217 1084 469 1143 Putolnius
500 1094 601 1135 nos
640 1079 870 1145 dixisse,
899 1094 1057 1150 quam
1108 1076 1461 1150 speravimus,
1499 1084 1676 1131 tamen

167 1176 396 1234 necessaria
422 1187 513 1245 pro
542 1172 629 1227 bis
653 1173 745 1243 qui
784 1171 1150 1243 scrupulosius
1188 1170 1467 1242 requirere
1496 1169 1680 1224 volunt

166 1270 601 1341 etmoltalegerunt
650 1281 666 1323 :
719 1282 856 1338 quos
886 1267 1136 1322 existimo
1198 1265 1353 1321 facile
1406 1263 1680 1336 percipere

143 1374 247 1434 gnte
272 1361 448 1431 scripta
493 1370 620 1416 sunt
651 1376 667 1413 :
701 1359 796 1414 sed
834 1368 889 1415 et
938 1358 1015 1413 illi
1064 1358 1154 1428 qui
1205 1372 1371 1428 pauca
1416 1357 1677 1427 legerunt,

104 1452 306 1515 [minus
358 1453 419 1509 ad
471 1451 804 1509 intellectum
844 1459 1070 1523 possunt
1097 1450 1382 1520 pervenire
1432 1465 1496 1504 ex
1529 1448 1633 1502 illis
1659 1492 1674 1513 ,

85 1563 283 1624 ipsa}:
319 1546 462 1603 nobis
496 1561 601 1618 per
642 1545 941 1602 breviatum
985 1543 1384 1615 inquisitionem
1412 1542 1678 1598 declarata

91 1661 163 1703 su
190 1650 253 1696 ut.

697 1721 884 1765 SECTIO
935 1723 1086 1764 χνιιι.

326 1801 644 1857 Macedonum
669 1800 834 1873 Reges
874 1801 1030 1872 juxta
1060 1798 1461 1855 Alexandrinos.

197 1917 455 1975 Alexander
481 1916 622 1972 filius
646 1914 895 1986 Philippi.
923 1924 1046 1986 post
1077 1914 1293 1971 Darium
1320 1915 1478 1970 annis
1505 1928 1575 1969 vn

202 2009 478 2067 Ptolemaeus
496 2006 621 2079 Lagi
646 2022 823 2072 socer,
854 2007 1008 2063 annis
1031 2023 1122 2062 LII.

202 2101 473 2158 Ptolemaeus
524 2099 688 2167 filius,
716 2098 1069 2163 Pliiladelftts,
1094 2099 1250 2155 annis
1266 2115 1492 2155 xxxvm.

196 2194 473 2252 Ptolemaeus
492 2193 652 2259 filius,
686 2193 995 2265 Evergetes,
1038 2193 1194 2248 annis
1219 2208 1353 2249 xxx.

195 2287 501 2353 Ptolemtcus,
531 2286 809 2358 Evergetaa
842 2285 1004 2353 filius,
1028 2287 1184 2343 annis
1208 2302 1337 2341 xxv.

192 2378 475 2434 Ptolemaeus
494 2377 827 2448 Philopator,
859 2378 1015 2434 annis
1039 2394 1171 2433 χιιι.

195 2469 478 2525 Ptolemaeus
518 2468 704 2535 frater,
730 2470 887 2524 annis
913 2485 1063 2524 χχιιι.

194 2560 474 2616 Ptolenmus
494 2559 725 2626 Fuscus,
754 2561 907 2616 annis
945 2576 1003 2618 ιι.

191 2652 444 2723 Erergetcs
467 2651 625 2707 annis
653 2667 797 2707 χχνι.

191 2744 476 2801 Rob-tumis
494 2745 715 2811 Alexas,
742 2743 898 2798 annis
920 2761 1006 2799 xx.

188 2835 458 2891 Alexander
476 2835 645 2890 frater
666 2835 940 2891 Ptolemaei
967 2835 1170 2902 Alexar,
1196 2836 1353 2892 annis
1378 2851 1525 2892 xvni.

187 2925 477 2983 Ptolemmus
506 2927 810 2998 Dionysius,
842 2927 997 2982 annis
1024 2943 1170 2983 χχιχ.

189 3018 437 3090 Cleopatra
468 3018 596 3085 ﬁlia,
636 3019 792 3073 annis
820 3035 945 3075 xxv.

187 3109 326 3165 fiunt
354 3112 560 3167 insimul
587 3111 712 3167 anni
739 3127 983 3168 ccchw.

250 3201 505 3276 Sequenda
528 3204 709 3260 absunt
736 3221 768 3259 a
798 3206 1026 3261 Canisio.

708 3332 892 3375 SECTIO
935 3333 1023 3374 XIX
1031 3357 1047 3373 ο

498 3407 857 3481 Imperatores
878 3409 1228 3465 Rontanorum
1240 3450 1252 3463 .
1309 3420 1327 3431 κ

192 3521 432 3595 Augustus
466 3522 621 3579 annis
646 3539 772 3578 LVII.

191 3616 408 3673 Tiberius
430 3617 583 3673 annis
619 3632 751 3684 χχιι,
784 3615 1058 3673 mensibus
1084 3631 1175 3681 vtt,
1206 3614 1396 3671 diebus
1426 3630 1575 3670 xxnt.

190 3707 332 3765 Caius
357 3710 508 3765 anuis
534 3724 592 3765 ut
620 3709 897 3766 mensibus
925 3723 1142 3764 novem.

1855 521 2006 578 Nero
2032 522 2185 576 annis
2215 536 2329 585 χιιι,
2365 517 2641 574 mensibus
2664 524 2808 581 octo,
2837 514 3232 571 diebUSXXV’lll.

1857 614 2025 672 Galba
2053 613 2326 669 mensibus
2355 614 2620 683 quinque;
2651 609 2841 665 diebus
2867 625 3014 665 χχνι.

1857 710 1998 766 Otlto
2030 709 2305 766 mensibus
2331 715 2476 775 octo,
2504 705 2695 762 diebus
2720 714 2952 774 septem.

1854 801 2100 857 Vitellius
2129 800 2403 856 mensibus
2423 812 2639 864 novem,
2671 795 2863 853 diebus
2889 810 2981 852 xv.

1854 913 2005 969 Titus
2054 912 2208 968 annis
2266 912 2475 979 tribus,
2534 909 2812 967 mensibus
2874 909 3130 979 duobus,
3190 907 3378 965 diebus

1782 1005 2012 1062 duobus.

1855 1120 2118 1191 Trajanus
2152 1121 2305 1175 annis
2346 1137 2474 1184 xvtt,
2500 1122 2774 1179 mensibus
2797 1132 2941 1185 octo,
2968 1120 3158 1178 diebus
3187 1135 3305 1178 sex.

1858 1212 2158 1269 Hadrianus
2174 1214 2328 1268 annis
2343 1231 2434 1283 xx,
2454 1215 2731 1272 mensibus
2751 1216 2960 1284 decem,
2979 1216 3169 1273 diebus
3192 1234 3380 1278 χχχιιι.

1855 1307 2161 1363 Antoninus
2186 1308 2405 1364 Pius....
2436 1310 2716 1366 mensibus
2737 1320 2880 1377 octo,
2908 1311 3098 1367 diebus
3129 1329 3254 1369 χχιι.

1855 1398 2063 1453 Marcus
2117 1401 2272 1455 annis
2335 1417 2469 1469 χιχ,
2527 1402 2801 1458 mensibus
2851 1403 3128 1475 quinque,
3189 1405 3381 1463 diebus

1783 1491 2087 1548 duodecim.

1850 1582 2178 1638 Contmodtts
2205 1583 2359 1638 annis
2384 1600 2474 1651 χιι,
2507 1584 2782 1641 mensibus
2821 1595 2966 1654 octo,
2995 1586 3185 1645 diebus
3229 1605 3374 1646 χχιιι.

1854 1672 2030 1729 Elius
2062 1675 2312 1730 Pertinax
2343 1678 2619 1732 mensibus
2644 1688 2872 1750 septem.

1854 1766 2099 1823 Julianus
2128 1770 2404 1825 mensibus
2429 1771 2658 1838 duobus,
2689 1773 2879 1828 diebus
2902 1782 3127 1845 septem.

1706 1820 1755 1881 Β
1853 1859 2088 1917 Severus
2111 1864 2265 1917 annis
2292 1879 2403 1918 xtv.

1841 1952 2167 2019 Antoninus,
2221 1964 2580 2026 cognomento
2618 1954 2915 2020 Caracalla,
2967 1955 3152 2012 Severi
3202 1956 3362 2025 filius,

1778 2045 1933 2100 annis
1950 2060 2066 2112 sex,
2100 2047 2377 2101 mensibus
2400 2062 2614 2116 novem,
2645 2048 2831 2105 diebtts
2858 2048 3086 2106 duobus.

1851 2134 2119 2192 Macrinus
2147 2152 2292 2193 anno
2311 2153 2418 2194 uno
2444 2139 2629 2195 diebus
2653 2155 2768 2196 sex.

1851 2228 2155 2286 Antoninus
2184 2230 2339 2285 annis
2362 2245 2477 2296 sex,
2502 2233 2778 2288 mensibus
2810 2242 2954 2301 octo,
2978 2232 3169 2290 diebus
3189 2249 3375 2293 xxvtu.

1852 2320 2159 2378 Alexander
2180 2323 2337 2379 annis
2361 2325 2641 2391 tredecim,
2671 2327 2863 2384 diebus
2892 2342 3109 2386 novem.

2435 2430 2621 2472 SECTIO
2649 2433 2738 2473 XX.

2279 2506 2476 2577 Regum
2521 2506 2871 2568 Hebrteorum.

1851 2595 1981 2651 Sanl
2021 2598 2175 2653 annis
2206 2614 2332 2654 χχχ.
2394 2599 2557 2654 David
2597 2602 2752 2657 annis
2799 2618 2887 2657 xt..
2927 2602 3179 2659 Salomon
3219 2604 3376 2661 annis

1781 2703 1868 2742 xt..
1905 2688 2147 2744 Roboam
2172 2691 2327 2745 annis
2346 2707 2474 2748 xvn.
2502 2691 2635 2747 Abia
2663 2693 2819 2748 annis
2861 2694 3050 2761 tribus,
3083 2697 3187 2753 Asa
3221 2699 3376 2754 annis

1779 2795 1889 2834 χιι.
1912 2779 2119 2836 Josafat
2150 2784 2307 2837 annis
2335 2798 2459 2839 xxv.
2483 2782 2665 2839 Jorom
2717 2785 2872 2840 annis
2912 2802 3127 2854 novem,
3152 2787 3376 2845 Occsias

1777 2885 1921 2926 anno
1948 2887 2076 2938 uno,
2124 2873 2374 2930 Gotltolia
2406 2885 2579 2931 mater
2604 2877 2758 2931 annis
2778 2887 2924 2945 octo,
2950 2876 3079 2933 Joas
3105 2880 3261 2935 annis
3285 2897 3369 2935 xt..

1781 2964 2057 3021 Amessias
2093 2968 2247 3023 annis
2300 2984 2519 3025 xxxvtu.
2569 2969 2724 3025 Ozias
2773 2972 2929 3026 annis
2967 2988 3112 3028 LVIII.
3154 2972 3373 3029 Jotham

1780 3060 1939 3115 annis
1984 3076 2093 3115 xvt.
2130 3059 2309 3117 Achas
2360 3063 2514 3117 annis
2538 3078 2667 3118 xvn.
2713 3063 2971 3121 Ezechias
3009 3066 3165 3121 annis
3187 3083 3372 3124 χχχιχ.

1780 3150 2052 3208 Manasses
2076 3153 2232 3207 anuis
2260 3168 2344 3207 LV.
2379 3155 2544 3209 Amos
2574 3155 2731 3212 annis
2760 3155 2992 3223 duobus,
3021 3156 3197 3214 Josias
3221 3160 3377 3215 annis

1704 3257 1750 3321 ρ
1782 3259 1949 3299 xxxv.
1976 3243 2221 3300 Joacbim
2254 3244 2419 3301 frater
2446 3246 2678 3303 Joacbaz
2697 3249 2852 3305 annis
2881 3266 2957 3305 xt.
2978 3249 3219 3307 Joacbim
3238 3252 3379 3307 filius

1784 3335 2073 3403 Hemeras,
2104 3338 2260 3393 annis
2290 3338 2459 3395 tribus
2479 3342 2819 3411 captivitatis,
2845 3342 3102 3400 Sedecias
3123 3340 3277 3401 annis
3305 3361 3380 3402 xt.

1781 3427 2277 3485 Nabuchodonosor
2300 3430 2469 3486 redux
2496 3432 2651 3488 annis
2678 3449 2768 3488 xv.
2793 3433 3089 3506 Cymarotlt
3115 3436 3254 3493 filius
3274 3453 3372 3492 an-

1785 3521 1869 3576 nis
1905 3537 1999 3576 xu.
2037 3522 2291 3579 Baldasar
2331 3524 2495 3581 frater
2530 3527 2687 3583 annis
2729 3543 2841 3583 xtv.
2876 3529 3066 3585 Darius
3105 3531 3375 3588 Assuerus

1790 3613 1945 3666 annis
1976 3629 2122 3668 xun.
2150 3613 2324 3686 Cyrus
2345 3630 2489 3671 anno
2514 3617 2712 3687 primo.

1863 3705 2056 3762 Cretera
2076 3707 2288 3763 deerant
2310 3710 2365 3764 in
2394 3726 2490 3765 ms.
2519 3713 2821 3785 exemplari.

2535 3809 2839 3820 M

1126 3803 1185 3811 -.
2094 3802 2311 3812 -_..___.
2333 3806 2531 3814 --η

1185 3892 1506 3979 ANNO
1563 3893 1995 3976 DOMINI
2050 3892 2300 3979 CCL.

104 4013 532 4078 CELERINUS
553 4059 568 4089 ,
601 4013 989 4076 LUCIANUS
1012 4059 1028 4088 ,
1063 4008 1547 4081 CALDONIUS,
1583 4007 1931 4085 MOYSES,
1962 4010 2342 4076 MAXIMUS
2368 4060 2384 4088 ,
2421 4016 3002 4095 NICOSTRATUS,
3042 4019 3385 4082 RUFINUS

492 4118 597 4178 ET
628 4115 948 4181 CIETERI
977 4110 1538 4177 CONFESSOBES
1567 4108 1975 4172 ECCLESUE
2001 4112 2367 4215 ROMpAN/E
2392 4120 2496 4180 ET
2528 4123 2982 4188 AFRICANJE.

711 4265 1052 4325 EPISTULA

553 4376 802 4418 CELERINI
821 4360 911 4430 (an
936 4372 1222 4416 wcuxuu.

148 4447 351 4512 (PameI.,
385 4452 579 4516 Rigalt.,
614 4451 800 4510 Baluz.,
823 4450 1001 4513 Paris,
1031 4463 1123 4499 xx.
1160 4448 1344 4505 Oxon.,
1371 4444 1526 4508 Lips,
1564 4446 1695 4508 χχι.)

137 4535 471 4594 Anconem:
495 4537 658 4608 hujus
684 4547 738 4591 et
764 4535 1041 4608 sequentis
1071 4532 1329 4604 Epistula:
1358 4530 1523 4585 babes
1550 4529 1693 4584 istud

195 4630 244 4683 in
266 4630 483 4703 Epistula
513 4630 770 4703 Cypriani
798 4644 927 4683 xxu.
962 4625 1218 4697 Exempla
1241 4638 1468 4694 quoque,
1496 4621 1683 4691 inquit,

189 4719 420 4792 Epistulae
442 4721 664 4779 Celerini
703 4720 820 4775 boni
849 4728 898 4775 et
943 4718 1138 4773 robusti
1184 4714 1501 4787 confessoris
1538 4730 1693 4783 quam

185 4816 249 4868 ed
267 4810 543 4871 Lat-ianum
568 4814 807 4870 eumdem
835 4815 1209 4884 confessorem,
1238 4806 1541 4879 scripserit,
1575 4807 1697 4862 item

180 4907 300 4978 quid
327 4906 587 4963 Lucianus
608 4906 654 4961 ei
684 4904 1027 4975 rescripserit,
1062 4903 1178 4958 misi
1214 4901 1373 4963 vobis,
1417 4909 1470 4953 ut
1499 4899 1698 4955 sciretis
1732 4950 1733 4953 η

175 5012 223 5055 et
243 4999 467 5056 laborem
491 5001 629 5054 circa
654 4998 824 5052 omnia
851 5005 898 5051 at
920 4995 1235 5066 diligentiam
1262 5005 1513 5060 nostram,
1540 5002 1585 5046 et
1615 5006 1699 5045 ve-

170 5094 378 5147 ritatem
402 5092 568 5161 ipsam
605 5088 867 5144 disceretis
904 5104 923 5140 :
950 5086 1212 5142 Celerinus
1243 5087 1505 5157 confessor
1547 5102 1700 5157 quam

165 5187 239 5240 sit
260 5186 533 5238 timoratus
550 5225 565 5251 ,
594 5193 640 5237 et
669 5190 852 5236 cautus
878 5190 925 5235 et
953 5180 1243 5234 humilitate
1266 5197 1326 5234 ac
1350 5182 1528 5235 timore
1552 5190 1701 5235 secta:

167 5286 370 5333 nostra
413 5275 725 5331 verecundus
748 5289 768 5330 :
802 5272 1064 5328 Lucianus
1103 5286 1219 5326 vero
1240 5272 1378 5325 circa
1421 5272 1702 5342 intelligen-

163 5370 305 5424 tiam
346 5368 620 5421 dontinica:
640 5365 887 5430 lectionis,
918 5373 972 5418 ut
1015 5363 1155 5431 dixi,
1188 5363 1355 5416 minus
1400 5362 1622 5433 peritus,
1655 5371 1701 5416 et

164 5464 320 5518 circa
343 5461 591 5516 invidiam
605 5459 924 5515 verecundia:
952 5469 1141 5513 nostrae
1167 5456 1553 5525 relinquendam
1577 5457 1706 5528 faci-

165 5557 327 5613 litate
353 5570 451 5609 sua
484 5552 744 5609 molestus.
782 5550 922 5605 Nam
958 5566 1074 5605 cum
1104 5548 1357 5604 Dominus
1400 5548 1609 5613 dixerit,
1652 5549 1703 5603 in
1729 5575 1784 5634 D

160 5648 392 5706 nomine
405 5643 774 5700 PatrisetFilii
802 5652 849 5698 et
877 5643 1288 5713 Spiritus-sancti
1303 5642 1485 5697 Gentes
1514 5642 1696 5714 tingui,

165 5753 223 5797 et
251 5740 311 5793 in
338 5737 604 5808 Baptismo
631 5745 840 5804 peccata
864 5735 1053 5789 dimitti
1082 5750 1102 5789 :
1133 5735 1216 5815 Itic
1239 5735 1478 5807 prazcepti
1506 5743 1552 5789 et
1583 5735 1705 5807 legis

164 5837 424 5911 ignarus,
468 5828 676 5885 mandat
724 5844 903 5901 pacem
931 5827 1045 5882 dari
1086 5837 1134 5884 et
1172 5838 1380 5903 peccata
1421 5828 1613 5883 dimitti
1652 5828 1707 5884 in

1260 5950 1289 5975 ἐ

1870 4264 2032 4318 Pauli
2051 4269 2281 4334 nomine,
2307 4280 2355 4323 et
2388 4270 2482 4325 ltoc
2505 4273 2602 4327 sibi
2640 4276 2762 4331 dicit
2801 4278 2864 4332 ab
2898 4280 2989 4335 illa
3026 4299 3134 4341 esse
3172 4292 3387 4346 manda-

1870 4367 1978 4411 tum
2008 4377 2026 4412 :
2047 4360 2175 4413 sicut
2202 4362 2255 4415 in
2283 4361 2464 4418 litteris
2502 4366 2730 4436 ejusdem
2765 4368 2977 4427 aniani
3001 4375 3070 4429 ad
3098 4377 3389 4439 Celerinum

1871 4450 2019 4522 factis
2039 4451 2477 4523 animadvertetis,
2513 4464 2622 4512 etc.

1871 4542 2019 4598 Hanc
2048 4559 2180 4599 vero
2221 4554 2277 4601 et
2303 4557 2594 4618 sequentes
2624 4551 2903 4621 epistolas,
2936 4573 3004 4615 nc
3030 4559 3378 4622 Baluzianum

1798 4648 1935 4707 opus
1957 4637 2179 4692 nimittm
2208 4637 2622 4710 diseiuderetur,
2656 4643 2795 4703 inter
2818 4646 3086 4720 Epistolas
3108 4652 3391 4727 Cypriani-

1799 4743 1895 4784 cas
1945 4728 2013 4785 ad
2069 4738 2273 4787 tomum
2326 4744 2572 4804 quartum
2624 4738 2875 4810 rejectas,
2933 4760 2999 4800 eo
3035 4757 3213 4805 tamen
3256 4751 3381 4818 loci,

1797 4818 2020 4899 propter
2051 4834 2354 4899 accuratam
2384 4828 2757 4888 cbronotaxim
2777 4875 2792 4898 ,
2847 4840 3233 4895 remeavimus.
3264 4842 3384 4899 Vid.

1802 4893 1951 4964 infr.,
1978 4904 2019 4949 t.
2041 4910 2119 4963 tv,
2165 4899 2270 4953 col.
2302 4898 2431 4955 274.

2430 4991 2768 5052 EPISTULA

2254 5097 2466 5139 LUCIANI
2496 5101 2564 5140 AD
2590 5101 2914 5146 CBLERINUII.

1803 5147 2041 5236 (Pamel.,
2057 5150 2328 5215 xxu.Rig.,
2353 5153 2539 5219 Baluz.,
2556 5157 2850 5219 Paris.,xxt.
2873 5162 3223 5233 Oxon.,I.ips.,
3245 5170 3392 5236 χχιι.)

1882 5234 2016 5290 Vide
2046 5236 2396 5306 prmcedentis
2410 5236 2666 5307 Epistolm
2693 5256 3066 5327 argumentum
3105 5267 3169 5307 ex
3200 5253 3258 5308 S.
3290 5234 3397 5326 Cy?

1806 5325 1995 5396 priztno
2030 5334 2328 5396 acceptum,
2359 5334 2415 5383 et
2452 5338 2633 5385 notam
2678 5348 2781 5403 qua
2817 5335 2949 5397 alias
2982 5336 3100 5395 haec
3150 5325 3393 5413 Epistola

1807 5419 2117 5476 remittitur.
2148 5419 2273 5476 lnfr.
2312 5429 2350 5475 t.
2384 5437 2471 5487 tv,
2498 5423 2603 5477 cal.
2635 5424 2759 5481 279.

2442 5514 2775 5572 EPISTOLA

2058 5598 2262 5639 OIINIUI
2298 5599 2672 5642 CONFESSORUI
2709 5605 2779 5644 AD
2804 5606 3121 5653 CYPRIANUI.

1809 5671 2041 5735 (Pamel.,
2053 5685 2171 5734 xm,
2184 5672 2387 5735 Rigalt.,
2400 5674 2587 5737 Baluz.,
2603 5677 2867 5733 Paris.xvr.
2886 5683 3066 5751 Oxon.,
3079 5688 3398 5761 Lips.,xxnt.l

1808 5760 2204 5840 Αιιᾳυιιειισςιιλι.
2240 5759 2472 5840 libellus
2528 5761 2817 5840 Martyrum
2844 5774 3064 5840 nomine
3094 5791 3128 5831 a
3174 5759 3405 5840 aniano

1809 5833 2055 5903 scriptus.
2086 5829 2209 5889 Viti.
2240 5830 2409 5902 infra,
2439 5841 2569 5891 tom.
2598 5829 2803 5908 ινξιεοΙ.
2835 5838 2964 5910 268.
