3730 6270
376 313 481 372 079

1720 305 1787 362 IN
1829 305 1885 364 S.
1928 304 1974 361 Ct

2084 302 2324 362 VELIUH
3455 321 3523 384 680

375 427 650 488 sexdecim
671 424 1004 499 coepiscOpis
1030 422 1190 489 facto,
1219 421 1447 489 adulter,
1489 429 1647 492 atque
1677 430 1966 478 extraneos
1994 420 2045 481 Λ
2072 436 2180 475 non
2207 419 2637 482 admitterentur,
2670 415 2771 472 nisi
2803 422 3008 486 peracta
3035 419 3310 487 ptenitentia
3331 426 3523 505 diuturna,

374 523 491 579 fieri
524 536 554 576 a
583 520 944 578 desertoribus
973 516 1192 584 nititur,
1227 536 1246 569 ›
1279 514 1329 570 id
1359 523 1444 570 est
1469 529 1498 568 a
1528 513 1807 569 Novatiani
1845 512 1967 567 fauo

373 614 580 671 toribus
605 612 706 686 (l).

447 705 688 776 Egregiis
735 717 858 759 eum
899 700 1154 767 'meritis,
1197 699 1592 770 virtutibusque
1647 705 1968 754 exornatum

374 798 539 854 fuisse
562 837 579 864 ,
614 794 702 851 vel
732 794 859 850 inde
900 792 1201 867 Cyprianus
1224 791 1441 862 arguit,
1475 790 1618 861 quod
1645 833 1659 855 ,
1693 789 1856 844 Decio
1882 805 1973 843 su-

373 887 614 959 perstite,
636 885 933 941 Romanam
964 883 1261 940 Ecclesiam
1288 882 1690 953 gubernandam
1720 893 1973 950 suscepe-

375 982 485 1055 rit]:
524 999 545 1034 ι
573 980 786 1036 Etenim
817 987 941 1050 post
964 980 1334 1049 episcopatum
1358 992 1463 1033 non
1485 976 1842 1035 exambitum.
1866 989 1971 1028 nou

373 1083 665 1141 extortum,
695 1073 788 1130 sed
808 1071 879 1129 de
909 1073 1024 1139 Dei,
1047 1071 1139 1144 qui
1169 1070 1481 1126 sacerdotes
1517 1068 1662 1132 facit,
1694 1070 1971 1124 voluntate

375 1177 686 1239 susceptum
714 1209 729 1233 ,
771 1175 970 1238 quanta
1001 1165 1054 1220 in
1102 1165 1222 1235 ipso
1252 1171 1503 1232 suscepto
1543 1162 1849 1231 episcopatu
1878 1175 1976 1215 suo

320 1302 327 1311 ς
374 1263 576 1319 virtus!
617 1268 872 1333 quantum
902 1259 1066 1314 robur
1094 1256 1298 1312 animi!
1352 1254 1527 1327 qualis
1555 1255 1782 1310 ﬁrmitas
1816 1250 1972 1307 fidei!

374 1356 518 1428 quod
559 1371 656 1412 nos
704 1353 934 1424 simplici
982 1351 1147 1409 corde
1200 1358 1257 1405 et
1293 1348 1601 1420 perspicere
1644 1346 1879 1417 penitus,
1923 1352 1979 1399 et

377 1448 599 1504 laudare
636 1447 930 1511 debemus,
975 1443 1179 1500 sedisse
1219 1439 1543 1511 intrepidum
1575 1439 1760 1494 Romm
1797 1439 1851 1493 in
1892 1452 1980 1492 sa-

375 1538 635 1597 cerdotali
682 1537 973 1601 cathedra,
1007 1550 1074 1591 co
1117 1541 1391 1604 tempore,
1432 1546 1553 1586 cum
1609 1534 1868 1600 tyrannus
1898 1529 1979 1582 in-

375 1637 548 1694 festus
587 1635 682 1691 Dei
723 1631 1094 1690 sacerdotibus
1142 1629 1299 1685 fanda
1341 1637 1503 1697 atque
1552 1624 1781 1681 nefanda
1833 1638 1981 1679 com-

377 1730 707 1794 minaretur,
754 1741 878 1782 cum
936 1723 1107 1779 multo
1161 1722 1487 1789 patientius,
1544 1729 1599 1774 et
1649 1716 1980 1773 tolerabilius

2073 526 2126 572 et
2156 517 2357 584 integra
2389 532 2403 570 :
2436 516 2505 569 ita
2537 523 2711 568 tamen
2741 520 2795 567 ut
2825 504 2953 582 ipsis
2974 513 3023 567 in
3053 528 3275 592 supremo
3296 521 3390 578 vita:
3406 504 3532 588 disert.

2074 609 2219 664 mine
2266 608 2644 663 subveniretur
2674 648 2687 672 ,
2731 619 2905 678 neque
2946 606 3194 663 absolutio
3233 618 3280 665 et
3319 625 3534 681 communio

2078 708 2383 769 negaretur.

2147 789 2408 845 Enmdem
2468 787 2778 859 pontiﬁcem
2850 803 2881 843 e
2944 789 3251 846 catacumbis
3297 800 3536 861 transtulism

2074 896 2301 953 corpora
2331 891 2639 937 sanctorum
2681 879 2825 935 Petri
2850 888 2906 935 et
2933 879 3077 935 Pauli
3106 892 3263 938 narrat
3303 897 3446 945 auctor
3465 895 3541 952 libri

2076 974 2409 1030 Pontiﬁcalis
2456 972 2535 1044 (5)
2576 990 2591 1027 :
2643 972 2933 1043 subditque
2973 972 3037 1027 ad
3066 983 3331 1031 extremum
3354 985 3545 1047 exsulasse

2072 1064 2489 1131 Centumcellis,
2534 1073 2588 1120 et
2633 1064 2919 1134 plumbatis
2960 1080 3020 1119 os
3063 1067 3170 1134 ejus
3196 1077 3428 1127 contusum
3450 1075 3545 1136 Decii

2072 1156 2226 1227 jussu
2250 1157 2353 1230 (4).
2411 1157 2522 1213 Sub
2549 1156 2789 1244 Cornelii
2815 1156 3120 1226 pontiﬁcatu
3146 1175 3242 1217 non
3267 1163 3406 1219 solum
3427 1183 3545 1237 perge.

2083 1251 2317 1309 cutionis
2347 1249 2600 1320 procella,
2633 1265 2754 1318 qua:
2783 1249 2928 1304 Decii
2958 1250 3167 1305 interitu
3190 1254 3388 1309 extincta
3408 1258 3549 1317 videto.

2090 1350 2200 1409 tur,
2235 1357 2263 1396 a
2295 1340 2451 1398 Gallo
2477 1351 2531 1397 el
2562 1340 2855 1397 Volusiano
2881 1340 3059 1397 denuo
3080 1344 3289 1398 excitata
3313 1387 3324 1409 ,
3350 1347 3549 1409 lict-tedam

2082 1434 2407 1505 exagitavit;
2439 1432 2534 1489 sed
2560 1434 2725 1489 etiam
2754 1433 2952 1504 duplex
2981 1434 3230 1501 schisma;
3253 1438 3551 1507 primomaNo-

2080 1520 2627 1598 vatoCartbaginensi
2652 1535 2708 1582 et
2736 1527 3036 1582 Novatiano
3056 1527 3283 1585 Romano
3306 1535 3553 1607 presbyteris,

2086 1621 2405 1686 Romanam,
2439 1621 2737 1690 przcscrtim
2773 1621 3099 1687 Ecclesiam;
3135 1624 3338 1679 alterum
3360 1628 3412 1681 ab
3428 1631 3551 1688 eodem

2083 1714 2297 1784 quidem
2322 1713 2528 1770 Novato
2551 1715 2679 1769 olim
2705 1717 3002 1782 incentore,
3034 1715 3126 1771 sed
3155 1716 3280 1774 duce
3301 1717 3554 1794 Felicissimo,

373 1823 604 1888 audiret,
633 1818 800 1876 levari
826 1816 1086 1872 adversus
1107 1830 1166 1869 se
1191 1814 1443 1868 mmulum
1470 1809 1786 1882 principem,
1815 1822 1973 1878 quam
2005 1809 2052 1870 B
2080 1818 2134 1862 et
2161 1807 2471 1864 Novatianis
2500 1808 2777 1864 erroribus
2817 1809 2972 1878 plane
3008 1812 3323 1880 oppositum,
3353 1813 3557 1875 Ecclesiam

375 1915 626 1972 constitui
645 1913 842 1968 Romae
882 1909 973 1965 Dci
1014 1906 1400 1963 sacerdotem:
1439 1924 1457 1957 ι
1507 1918 1668 1975 quem
1702 1902 1823 1957 ideo
1852 1909 1977 1955 ante

379 2006 696 2080 martyrium
724 2010 1014 2074 martyrem
1040 2000 1315 2054 voluntate
1345 2013 1439 2053 sua
1468 1997 1633 2051 fuisse
1661 1994 1938 2066 praedicat.

449 2100 514 2155 Il.
554 2097 864 2155 Cornelium
893 2095 1109 2149 natione
1130 2092 1458 2156 Romanum,
1487 2105 1553 2144 ex
1577 2097 1730 2159 patre
1756 2086 1978 2141 Castiuo

379 2202 566 2250 natum
594 2202 718 2246 esse
769 2186 957 2243 scribit
999 2183 1316 2240 Anastasius
1368 2178 1843 2243 bibliothecarius,
1890 2176 1976 2231 vel

379 2284 626 2357 quisquis
669 2281 745 2336 illi
795 2279 1038 2350 prativil;
1086 2276 1172 2333 cui
1224 2276 1385 2329 etiam
1417 2272 1685 2331 nonnulla~
1718 2271 1976 2325 Actorum

377 2375 685 2450 apographa
705 2416 721 2440 ,
750 2384 804 2429 et
837 2372 1011 2444 quoad
1043 2371 1341 2426 Romanam
1365 2368 1592 2440 patriam
1620 2365 1783 2421 etiam
1820 2364 1980 2417 Cata-

386 2472 543 2543 logus
564 2469 931 2525 Romanorum
956 2465 1299 2530 Pontificum,
1325 2478 1357 2520 e
1379 2461 1739 2545 serenissima:
1764 2458 1981 2528 Regina:

382 2564 590 2621 Succia:
620 2562 940 2619 bibliotheca
967 2570 1093 2615 ante
1123 2569 1251 2613 tom.
1283 2573 1302 2612 ι
1328 2556 1514 2627 aprilis
1541 2554 1610 2610 ab
1637 2551 1979 2609 Henscbenio

388 2656 589 2725 editus,
620 2653 985 2711 consentiunt.
1018 2651 1177 2707 Forte
1204 2650 1363 2721 igitur
1392 2647 1552 2704 fuerit
1572 2662 1604 2702 e
1629 2644 1977 2702 celeberrima

382 2753 472 2809 illa
506 2751 647 2807 inter
671 2749 945 2805 Romanas
985 2745 1217 2800 lautitias
1250 2751 1411 2815 gente
1449 2740 1697 2798 Cornelia
1728 2738 1978 2808 progeni-

380 2857 465 2904 tus
492 2891 507 2913 ,
542 2854 601 2900 ut
634 2842 959 2899 Franciscus
1006 2837 1332 2893 Blauchinus
1368 2834 1577 2891 censuit
1616 2833 1709 2905 (ex
1755 2830 1982 2886 Cornelii

380 2939 622 2995 arbitror
665 2932 972 3002 vocabulo),
1016 2931 1068 2985 in
1111 2929 1263 2985 Notis
1300 2924 1570 2982 historicis
1609 2923 1676 2979 ad
1707 2923 1976 2978 laudatum

379 3030 872 3090 bibliothecariutn.

450 3126 601 3181 Illum
633 3138 727 3193 per
765 3134 956 3178 omnes
1007 3112 1403 3174 ecclesiasticos
1436 3111 1682 3178 ordines,
1714 3108 1977 3181 insignia-

2086 1899 2177 1955 Dei
2209 1900 2260 1955 in
2293 1902 2469 1955 Africa
2498 1902 2849 1971 perturbavit.
2883 1901 2954 1958 Ut
2982 1903 3122 1957 enim
3150 1903 3561 1966 Novatianidetesta-

2082 1994 2176 2049 bili
2197 1995 2487 2051 severitate
2511 2002 2727 2051 omnem
2759 2010 2911 2066 spem
2943 1997 3115 2051 veniae
3145 1996 3293 2067 lapsis
3317 2001 3477 2069 penitus
3503 2020 3562 2060 ne-

2081 2086 2309 2158 gandam
2357 2087 2798 2155 contendebant,
2855 2088 2925 2143 ita
2978 2080 3095 2151 illi.
3142 2088 3397 2146 damnabili
3432 2094 3563 2163 pariter
3642 2080 3652 2163 λ

2085 2179 2424 2234 conniveutia
2446 2221 2463 2245 ,
2496 2195 2524 2233 a
2555 2181 2730 2250 primo
2771 2180 2949 2234 statim
2987 2181 3351 2251 persecutionis
3374 2183 3465 2250 die,
3486 2201 3562 2241 tam
3646 2179 3652 2253 l

2082 2272 2314 2326 recentia
2342 2271 2767 2343 delinquentium
2795 2272 3037 2327 facinora
3069 2273 3336 2339 ferverent,
3359 2285 3404 2332 et
3429 2279 3565 2333 sacriﬁ-

2082 2362 2180 2417 ciis
2226 2363 2474 2419 nefandis
2500 2379 2607 2420 non
2637 2373 2842 2420 tantum
2874 2363 3076 2419 diaboli
3114 2365 3307 2431 altaria,
3348 2367 3424 2422 sed
3454 2369 3564 2424 adhuc

2082 2471 2270 2513 manus
2297 2458 2427 2528 ipsa:
2474 2458 2769 2528 lapsorum,
2813 2465 2979 2528 atque
3008 2472 3101 2512 ora
3134 2457 3387 2524 fumarent,
3407 2477 3563 2517 commu-

2082 2548 2265 2606 nicare
2298 2566 2420 2605 cum
2448 2549 2635 2621 lapsis,
2665 2560 2721 2606 et
2750 2552 3086 2622 poenitentia:
3112 2551 3313 2622 agendae
3334 2553 3395 2607 int
3412 2555 3565 2611 medere

2082 2658 2188 2697 non
2216 2643 2563 2709 desriternnt,
2582 2653 2718 2702 teste
2729 2642 3026 2717 Cypriane,
3047 2647 3259 2716 cpistola
3287 2664 3342 2702 LV
3362 2647 3415 2704 ad
3434 2648 3563 2705 Come-

2087 2736 2241 2791 lium.
2293 2737 2850 2805 Felicissimus,.cum
2895 2755 2957 2794 se
3003 2740 3070 2795 ab
3109 2741 3349 2802 Africanis
3382 2744 3564 2811 episcopis

2082 2829 2135 2883 in
2185 2830 2415 2886 concilio
2460 2832 2804 2903 congregatis
2844 2832 3159 2888 damnatum
3210 2834 3406 2898 videret,
3442 2844 3483 2890 ut
3513 2836 3563 2904 jus

2082 2924 2478 2980 communionis
2530 2941 2637 2995 quo
2686 2925 3006 2993 exciderat,
3066 2928 3117 2982 in
3163 2927 3375 2984 Ecclesia
3409 2929 3565 2983 Bonum

2082 3015 2434 3073 suﬂ‘uraretur
2467 3060 2481 3082 ,
2531 3019 2758 3074 Romam
2811 3021 3129 3091 navigavit,
3175 3032 3229 3076 et
3270 3021 3414 3077 fucum
3454 3024 3564 3079 facere

2082 3119 2271 3166 sancto
2314 3110 2568 3167 Cornelio
2608 3111 2856 3167 Pontiﬁci
2886 3112 3138 3172 Maximo
3174 3123 3371 3168 conatus
3398 3124 3472 3169 est.
3501 3114 3564 3170 Sed

380 3233 485 3290 quo
507 3217 562 3272 in
588 3213 891 3270 Ecelesiam
925 3209 1110 3265 merita
1138 3205 1205 3261 ad
1227 3205 1462 3276 supremi
1493 3202 1831 3273 pontiﬁcatus
1859 3201 1972 3270 api-
2002 3200 2047 3263 C
2082 3201 2213 3256 nihil
2241 3188 2491 3264 obtinuit,
2524 3201 2628 3257 nisi
2668 3217 2781 3257 sua:
2810 3202 3177 3258 damnationis
3199 3205 3562 3272 confirmationem,

378 3327 498 3369 cem
526 3306 859 3369 ascendisse,
888 3298 1277 3370 irrefragahilis
1306 3298 1457 3352 testis
1479 3303 1563 3351 est
1591 3295 1651 3351 S.
1677 3291 1980 3366 Cyprianus

386 3402 441 3459 in
471 3399 673 3470 saepius
709 3397 821 3468 jam
865 3391 1079 3449 laudata
1115 3390 1349 3462 Epistola
1382 3388 1448 3443 ad
1491 3387 1875 3443 Antonianum.
1912 3386 1983 3441 At

386 3490 629 3564 ejusdem
658 3495 808 3560 gesta
846 3501 878 3541 a
917 3484 1132 3540 nemine
1178 3479 1441 3537 recensita
1483 3479 1803 3549 reperimus.
1834 3478 1983 3533 Atta-

382 3599 507 3642 men
534 3596 654 3637 cum
681 3595 712 3635 e
740 3579 985 3634 Romano
1012 3574 1171 3629 Clero
1205 3572 1400 3637 fuerit,
1432 3570 1571 3625 haud
1609 3568 1769 3624 dubie
1792 3568 1859 3623 ad
1899 3569 1980 3637 ip-

389 3690 508 3733 sum
538 3679 749 3744 spectat
779 3684 903 3739 pars
924 3709 941 3736 ,
977 3675 1034 3723 et
1070 3664 1181 3720 fors
1210 3677 1321 3719 non
1350 3661 1567 3717 minima
1598 3674 1784 3715 eorum
1805 3699 1821 3727 ,
1862 3674 1981 3729 qua:

382 3768 573 3824 Clerus
602 3764 711 3819 ille.
737 3761 793 3819 S.
825 3759 967 3815 Petri
992 3755 1260 3812 Cathedra
1291 3769 1384 3824 per
1412 3751 1635 3807 Fabiani
1658 3751 1976 3821 martyrium

382 3866 641 3924 vacante,
672 3857 724 3910 in
754 3852 1069 3909 calamitosa
1098 3848 1184 3903 illa
1209 3845 1467 3902 Ecclesia:
1494 3852 1808 3915 tempestate
1832 3857 1982 3913 egre-

382 3953 470 4025 gie
498 3949 765 4023 praestitit.
785 3947 1015 4002 Exstant
1030 3942 1193 3998 varia:
1220 3941 1359 3996 inter
1370 3937 1718 4010 Cyprianicas
1740 3935 1982 4006 epistola:

384 4064 456 4106 ex
500 4046 695 4120 quibus
739 4042 1078 4115 perspicuum
1122 4046 1233 4103 est,
1267 4043 1467 4107 quanto
1506 4031 1620 4106 zelo
1664 4028 1855 4085 Clerus
1897 4028 1984 4085 ille

385 4157 495 4200 non
525 4138 687 4196 modo
725 4137 1021 4193 Romanam
1053 4129 1357 4203 Dimcesin},
1390 4127 1483 4185 sed
1509 4136 1565 4183 et
1591 4123 1982 4196 Carthaginien-

387 4247 526 4300 sem,
559 4231 801 4302 aiiasque
829 4227 1030 4285 curarit
1061 4223 1164 4299 (2).

430 4312 766 4383 ’Coruelium
797 4334 1067 4395 tamquam
1094 4318 1223 4374 vitio
1247 4326 1489 4374 creatum
1516 4313 1841 4384 Episcopum
1861 4310 1975 4366 Ro-

386 4434 603 4478 manum
630 4416 983 4476 calumniatus
1003 4423 1088 4471 est
1116 4412 1444 4467 Novatianus
1468 4407 1745 4464 Romanus
1768 4406 1983 4478 presby-

386 4525 504 4583 ter,
553 4511 842 4583 instigante
883 4509 1123 4573 Novato,
1173 4505 1493 4577 presbytero
1536 4501 1978 4573 Carthaginensi,

2085 3303 2143 3348 ut
2170 3308 2238 3349 ex
2258 3309 2420 3363 supra
2453 3294 2666 3349 laudata
2693 3305 2907 3350 conSIat
3031 3294 3273 3367 Cypriani
3296 3298 3482 3366 epistola.

2155 3384 2245 3439 Ill.
2287 3384 2408 3455 Ipso
2437 3387 2824 3455 persecutionis
2844 3386 3076 3442 exordio
3101 3388 3219 3442 anni
3243 3386 3355 3453 232,
3370 3385 3563 3442 Cornelius

2086 3477 2364 3532 Romanus
2412 3476 2657 3533 Pontifex
2702 3476 3106 3536 Centumcellas
3147 3479 3321 3553 (Civita
3350 3477 3560 3549 Veceluia):

2085 3564 2240 3627 Gallo
2286 3571 2612 3640 imperatore
2660 3570 2930 3641 relegatus
2975 3582 3100 3640 est,
3151 3573 3292 3643 cujus
3316 3574 3359 3627 in
3384 3572 3461 3626 ﬁde
3479 3584 3563 3626 cott-

2085 3662 2334 3747 stantiam
2362 3658 2664 3733 Cyprianus
2691 3663 2934 3734 epistolis
2953 3665 3071 3721 suis
3100 3681 3255 3736 quam
3279 3666 3459 3719 maxime
3475 3676 3562 3717 com

2086 3751 2303 3807 mcudat
2329 3751 2409 3826 (5)
2446 3770 2459 3803 :
2499 3770 2521 3805 ι
2556 3750 2920 3821 Cognovimus
2941 3794 2960 3819 ,
3010 3756 3174 3811 frater
3200 3755 3474 3817 cbarissime,
3495 3754 3556 3815 ait,

2085 3845 2239 3911 ﬁdei,
2277 3860 2341 3900 ac
2379 3845 2591 3900 virtutis
2624 3856 2820 3902 vestrae
2855 3848 3162 3905 testimonia
3189 3850 3395 3920 gloriosa,
3415 3858 3449 3902 et
3468 3860 3557 3902 con-

2085 3938 2337 3995 fessionis
2366 3948 2559 3995 vestrae
2578 3946 2581 3949 '
2600 3941 2860 3996 honorem
2901 3943 2982 3998 sic
3006 3943 3302 3998 exultanter
3333 3940 3558 4010 accepimus.

2086 4042 2145 4088 ut
2172 4033 2224 4089 in
2254 4034 2483 4097 meritis,
2513 4047 2579 4090 ac
2610 4033 2857 4089 laudibus
2883 4036 3080 4092 vestris
3108 4052 3204 4092 nos
3230 4051 3407 4108 quoque
3421 4032 3561 4104 partici-

2088 4139 2183 4196 pes
2212 4165 2228 4190 ,
2276 4134 2332 4179 et
2374 4124 2552 4181 socios
2597 4136 2972 4196 computemus
3010 4147 3023 4183 :
3066 4148 3086 4181 ι
3136 4140 3187 4184 et
3231 4138 3335 4200 post
3370 4126 3557 4195 plurima:

2091 4236 2110 4269 ι
2143 4218 2323 4272 Virtus
2370 4217 2479 4272 illic
2516 4216 2767 4290 Episcopi
2808 4220 3167 4289 praecedentis
3203 4221 3382 4291 publice
3400 4229 3556 4286 compro-

2087 4310 2208 4366 bata
2234 4320 2337 4376 est,
2369 4310 2624 4366 adunatio
2653 4314 2932 4381 sequentis
2963 4314 3298 4370 fraternitatis
3318 4322 3479 4368 ostensa
3497 4315 3555 4363 est

2085 4403 2221 4459 Dum
2248 4403 2392 4474 apud
2420 4417 2518 4458 vos
2546 4419 2684 4459 unus
2708 4404 2940 4471 animus,
2970 4416 3028 4462 et
3054 4424 3156 4461 uua
3184 4423 3276 4462 vox
3302 4414 3384 4470 est,
3406 4401 3560 4459 Ecclesia

2087 4494 2264 4550 omnis
2293 4494 2536 4551 Romana
2562 4496 2808 4552 confessa
2835 4508 2934 4553 est.
2973 4497 3210 4567 Claruit,
3246 4499 3405 4554 fratres
3424 4495 3559 4552 charis-

385 4608 548 4677 idque
577 4616 684 4661 tam
715 4602 887 4667 vafre,
927 4610 982 4657 et
1010 4598 1301 4663 malitiose,
1334 4607 1393 4652 ut
1424 4597 1709 4652 nonnullos
1743 4613 1811 4652 ex
1854 4592 2063 4653 con-1)
2089 4589 2247 4657 simi,
2280 4589 2447 4657 ﬁdes,
2477 4605 2637 4661 qnam
2664 4590 2732 4647 de
2777 4592 2927 4647 vobis
2955 4592 3144 4649 beatus
3173 4592 3417 4664 Apostolus
3435 4586 3560 4660 pardi.

385 4696 685 4758 fessoribus
713 4692 952 4750 traheret
977 4691 1030 4746 in
1068 4698 1249 4761 partes
1278 4702 1441 4753 suas,
1481 4702 1545 4743 ac
1587 4704 1681 4757 per
1740 4697 1850 4744 tres
1878 4688 1987 4759 cpi.

391 4806 591 4865 scopos
618 4804 721 4862 qua
749 4785 960 4853 fraude,
1007 4798 1110 4854 qua
1139 4783 1189 4837 vi
1225 4780 1530 4853 compulsos
1561 4782 1846 4850 episcopus
1869 4781 1983 4835 Ro.

384 4900 597 4950 manus,
622 4882 760 4940 clam
784 4878 1084 4942 ordinatus,
1115 4874 1346 4946 primum
1376 4874 1429 4929 in
1460 4872 1704 4929 Ecclesia
1744 4873 1984 4930 Romana

389 4979 625 5036 schisma
663 4974 945 5032 excitaret.
986 4968 1118 5024 Eam
1156 4968 1226 5023 ob
1250 4981 1363 5023 rem
1395 4964 1681 5022 Cornelius
1704 4966 1981 5038 sexaginta

386 5072 761 5142 episcoporum
797 5061 1025 5120 concilio
1060 5059 1282 5116 Romam
1332 5075 1474 5116 anno
1513 5060 1613 5116 251
1663 5068 1979 5129 convocato,

385 5161 742 5219 Novatianum
763 5196 779 5223 ,
813 5153 1040 5225 ejusque
1064 5160 1359 5209 sectatores
1384 5152 1726 5209 anathemate
1756 5152 1981 5209 damna-

384 5253 480 5320 vit,
515 5260 573 5309 et
595 5246 966 5311 eonfessores,
1012 5245 1101 5313 qui
1133 5245 1267 5316 lapsi
1294 5244 1536 5312 fuerant,
1567 5245 1634 5300 ad
1665 5245 1982 5301 reconcilia-

386 5347 591 5401 tionem
636 5348 693 5396 et
740 5338 1110 5410 paenitentiam
1154 5335 1515 5393 admittendos
1555 5351 1678 5392 esse
1720 5336 1978 5392 decrevit.

387 5437 505 5495 Hoc
540 5434 594 5490 in
649 5431 890 5489 Concilio
927 5431 1197 5502 lapsorum
1233 5443 1393 5486 causa
1437 5428 1743 5485 decretorio
1783 5428 1986 5497 judicio

388 5530 541 5588 ﬁnita
583 5535 664 5584 est
696 5568 712 5595 ,
754 5533 1118 5596 statutumque
1158 5532 1218 5578 ut
1247 5523 1382 5592 lapsi
1424 5520 1493 5576 ad
1547 5520 1983 5577 communionem

464 5665 546 5739 ti)
583 5662 971 5739 Cypriae-10.6-
1003 5663 1101 5739 sit.-

389 5730 541 5874 u(x2)
582 5730 715 5825 Vide
769 5734 1021 5809 Cypriani
1074 5730 1377 5804 Epistolas,
1428 5746 1575 5787 num.
1630 5746 1774 5794 xxx,
1846 5743 1984 5787 xxxt

499 5825 553 5871 tt.

2085 4683 2243 4737 cavit.
2284 4701 2303 4734 ι
2343 4681 2470 4737 Haec
2514 4682 2728 4754 aliaque
2773 4684 3001 4755 plurima
3048 4684 3327 4759 Cyprianus
3355 4683 3407 4739 ad
3424 4682 3557 4737 Come-

2084 4776 2238 4842 lium,
2283 4775 2376 4846 qui
2423 4775 2567 4831 exilii
2616 4777 2906 4846 aerumnis,
2961 4772 3325 4851 laboribusque
3357 4778 3557 4834 contectus.

2086 4868 2246 4940 paulo
2274 4877 2395 4937 post
2419 4867 2509 4923 die
2537 4867 2746 4925 decima
2786 4881 2973 4941 quarta
3001 4874 3311 4941 septembris
3332 4879 3480 4938 martyr
3497 4863 3558 4926 illi.-

2086 4959 2210 5017 dern
2248 4959 2499 5015 occubuit
2528 4977 2542 5014 :
2580 4978 2600 5011 ι
2632 4960 2763 5016 Post
2790 4961 2925 5029 hoc,
2957 4983 2975 5016 ι
3005 4965 3080 5019 ait
3103 4964 3383 5019 Pontiﬁcale
3405 4956 3555 5017 Damasi.

2089 5072 2108 5106 ‹
2137 5052 2533 5109 Centumcellas
2589 5054 2880 5125 expulsus,
2924 5056 2993 5111 ibi
3031 5071 3152 5112 cum
3180 5056 3331 5124 gloria
3360 5048 3556 5109 dormitioc

2087 5160 2209 5203 nem
2240 5148 2467 5216 accepit.
2507 5162 2526 5196 ι
2559 5144 2711 5201 Diem
2739 5145 2918 5203 obitus
2949 5147 3293 5220 Hieronymus
3319 5146 3457 5206 docet,
3476 5140 3553 5195 dum

2158 5302 2240 5376 (3)
2281 5303 2408 5359 Hace
2429 5303 2708 5376 translatio
2733 5304 2933 5361 incerta
2956 5316 3032 5360 est
3057 5307 3275 5363 Barnnio
3292 5305 3345 5360 ad
3366 5319 3457 5376 ann.
3472 5295 3550 5376 Ἐξ.

2091 5373 2119 5446 §
2147 5367 2485 5448 3._'Pagio_ad
2512 5375 2691 5448 cnmd.
2720 5392 2915 5430 annum
2938 5377 2964 5448 §
2988 5379 3022 5433 '5
3050 5389 3101 5432 et
3132 5367 3551 5448 Blanchinoinnctis

2088 5443 2156 5501 (id
2174 5443 2511 5516 Anna—maiori:
2541 5443 2990 5511 bibliotltecarimrt,
3022 5458 3149 5503 tom.
3179 5464 3230 5514 η,
3262 5462 3363 5516 pag.
3388 5443 3477 5497 205.

2163 5514 2240 5588 (4)
2280 5517 2407 5588 Erat
2434 5515 2486 5570 id
2513 5531 2683 5586 genus
2711 5526 3091 5573 tormentorum
3116 5514 3272 5588 quasi
3290 5515 3491 5588 ﬂagellum
3511 5522 3548 5561 er

2087 5581 2359 5659 funiculis,
2391 5586 2443 5640 in
2467 5581 2690 5659 quarum
2729 5581 3546 5659 summitatibus'glandes'plumbeg

2086 5668 2240 5731 erant
2280 5643 2548 5731 inripactar.
2581 5658 2757 5731 Bacon
2791 5660 2859 5711 ad
2887 5643 3212 5731 ΜιινιερηὲιᾶξιΓ
3245 5643 3545 5731 Roman._di_ei

2080 5730 2239 5801 junii.
2267 5720 2543 5801 (ial'lonius
2560 5728 2946 5801 tieﬂartyrum
2973 5720 3288 5794 Crtwialibus,
3316 5742 3410 5801 pag.
3426 5720 3513 5778 θοι.

2158 5798 2238 5879 (5)
2275 5798 2528 5883 Cypriani.
2558 5798 2727 5872 Epist.
2757 5798 2861 5858 Lvt.
