  <div class='ocr_page' id='page_1' title='image "/cluster/home/n/w/nwhite01/storage/ocr_20150623/3/uva.x000669812/392.png"; bbox 0 0 3730 6270; ppageno 0'>
   <div class='ocr_carea' id='block_1_1' title="bbox 261 308 1764 372">
    <p class='ocr_par' dir='ltr' id='par_1_1' title="bbox 261 308 1764 370">
     <span class='ocr_line' id='line_1_1' title="bbox 261 308 1764 370; baseline -0.001 -2"><span class='ocrx_word' id='word_1_1' title='bbox 261 308 329 368; x_wconf 75' lang='grc'><strong>681</strong></span> <span class='ocrx_word' id='word_1_2' title='bbox 1574 313 1764 370; x_wconf 72' lang='lat' dir='ltr'><strong>PROL!</strong></span> 
     </span>
    </p>
   </div>
   <div class='ocr_carea' id='block_1_2' title="bbox 1931 308 2111 372">
    <p class='ocr_par' dir='ltr' id='par_1_2' title="bbox 1932 316 2111 372">
     <span class='ocr_line' id='line_1_2' title="bbox 1932 316 2111 372; baseline 0.011 -2"><span class='ocrx_word' id='word_1_3' title='bbox 1932 316 2111 372; x_wconf 82' lang='lat' dir='ltr'><strong>lENA.</strong></span> 
     </span>
    </p>
   </div>
   <div class='ocr_carea' id='block_1_3' title="bbox 3367 340 3473 396">
    <p class='ocr_par' dir='ltr' id='par_1_3' title="bbox 3367 340 3473 396">
     <span class='ocr_line' id='line_1_3' title="bbox 3367 340 3473 396; baseline -0.009 0"><span class='ocrx_word' id='word_1_4' title='bbox 3367 340 3473 396; x_wconf 69' lang='grc'>68⁸2</span> 
     </span>
    </p>
   </div>
   <div class='ocr_carea' id='block_1_4' title="bbox 251 419 3471 518">
    <p class='ocr_par' dir='ltr' id='par_1_4' title="bbox 251 419 3471 518">
     <span class='ocr_line' id='line_1_4' title="bbox 251 419 3471 518; baseline 0.009 -41"><span class='ocrx_word' id='word_1_5' title='bbox 251 426 300 478; x_wconf 73' lang='lat' dir='ltr'><strong>tle</strong></span> <span class='ocrx_word' id='word_1_6' title='bbox 326 421 557 492; x_wconf 77' lang='lat' dir='ltr'><strong>Cypriane</strong></span> <span class='ocrx_word' id='word_1_7' title='bbox 595 421 666 473; x_wconf 89' lang='lat' dir='ltr'><strong>ait</strong></span> <span class='ocrx_word' id='word_1_8' title='bbox 701 419 819 491; x_wconf 82' lang='lat' dir='ltr'><strong>(i):</strong></span> <span class='ocrx_word' id='word_1_9' title='bbox 856 440 874 472; x_wconf 76' lang='grc' dir='ltr'><strong>ι</strong></span> <span class='ocrx_word' id='word_1_10' title='bbox 904 421 1100 476; x_wconf 82' lang='lat' dir='ltr'><strong>Passus</strong></span> <span class='ocrx_word' id='word_1_11' title='bbox 1141 432 1223 478; x_wconf 90' lang='lat' dir='ltr'><strong>est</strong></span> <span class='ocrx_word' id='word_1_12' title='bbox 1265 424 1365 479; x_wconf 87' lang='lat' dir='ltr'><strong>sub</strong></span> <span class='ocrx_word' id='word_1_13' title='bbox 1397 423 1684 481; x_wconf 79' lang='lat' dir='ltr'><strong>Valeriano</strong></span> <span class='ocrx_word' id='word_1_14' title='bbox 1715 438 1768 483; x_wconf 90' lang='lat' dir='ltr'><strong>et</strong></span> <span class='ocrx_word' id='word_1_15' title='bbox 1794 431 1847 490; x_wconf 79' lang='grc' dir='ltr'><strong>Α</strong></span> <span class='ocrx_word' id='word_1_16' title='bbox 1872 443 1993 484; x_wconf 86' lang='lat' dir='ltr'><strong>esse</strong></span> <span class='ocrx_word' id='word_1_17' title='bbox 2019 429 2269 484; x_wconf 78' lang='lat' dir='ltr'><strong>observat</strong></span> <span class='ocrx_word' id='word_1_18' title='bbox 2294 431 2560 488; x_wconf 75' lang='lat' dir='ltr'><strong>Antonius</strong></span> <span class='ocrx_word' id='word_1_19' title='bbox 2591 434 2802 506; x_wconf 81' lang='lat' dir='ltr'><strong>Pagius,</strong></span> <span class='ocrx_word' id='word_1_20' title='bbox 2833 452 2953 494; x_wconf 89' lang='lat' dir='ltr'><strong>cum</strong></span> <span class='ocrx_word' id='word_1_21' title='bbox 2986 441 3038 497; x_wconf 92' lang='lat' dir='ltr'><strong>in</strong></span> <span class='ocrx_word' id='word_1_22' title='bbox 3067 446 3219 502; x_wconf 88' lang='lat' dir='ltr'><strong>annis</strong></span> <span class='ocrx_word' id='word_1_23' title='bbox 3257 453 3471 518; x_wconf 86' lang='lat' dir='ltr'><strong>pontiti-</strong></span> 
     </span>
    </p>
   </div>
   <div class='ocr_carea' id='block_1_5' title="bbox 246 511 1773 595">
    <p class='ocr_par' dir='ltr' id='par_1_5' title="bbox 246 511 1773 595">
     <span class='ocr_line' id='line_1_5' title="bbox 246 511 1773 595; baseline 0.003 -24"><span class='ocrx_word' id='word_1_24' title='bbox 246 515 439 571; x_wconf 85' lang='lat' dir='ltr'><strong>Gallieno</strong></span> <span class='ocrx_word' id='word_1_25' title='bbox 459 511 820 581; x_wconf 65' lang='lat' dir='ltr'><strong>persecutione</strong></span> <span class='ocrx_word' id='word_1_26' title='bbox 848 524 1033 569; x_wconf 82' lang='lat' dir='ltr'><strong>octava</strong></span> <span class='ocrx_word' id='word_1_27' title='bbox 1055 557 1070 581; x_wconf 93' lang='lat'><strong>,</strong></span> <span class='ocrx_word' id='word_1_28' title='bbox 1103 517 1293 572; x_wconf 90' lang='lat' dir='ltr'><strong>eodem</strong></span> <span class='ocrx_word' id='word_1_29' title='bbox 1317 517 1421 595; x_wconf 82' lang='lat' dir='ltr'><strong>die,</strong></span> <span class='ocrx_word' id='word_1_30' title='bbox 1450 536 1554 589; x_wconf 90' lang='lat' dir='ltr'><strong>quo</strong></span> <span class='ocrx_word' id='word_1_31' title='bbox 1587 520 1773 575; x_wconf 72' lang='lat' dir='ltr'><strong>Roma:</strong></span> 
     </span>
    </p>
   </div>
   <div class='ocr_carea' id='block_1_6' title="bbox 243 609 1821 685">
    <p class='ocr_par' dir='ltr' id='par_1_6' title="bbox 243 609 1821 685">
     <span class='ocr_line' id='line_1_6' title="bbox 243 609 1821 685; baseline 0.004 -21"><span class='ocrx_word' id='word_1_32' title='bbox 243 609 503 671; x_wconf 84' lang='lat' dir='ltr'><strong>Cornelius,</strong></span> <span class='ocrx_word' id='word_1_33' title='bbox 544 609 635 663; x_wconf 85' lang='lat' dir='ltr'><strong>sed</strong></span> <span class='ocrx_word' id='word_1_34' title='bbox 673 622 782 663; x_wconf 90' lang='lat' dir='ltr'><strong>non</strong></span> <span class='ocrx_word' id='word_1_35' title='bbox 823 609 1019 666; x_wconf 91' lang='lat' dir='ltr'><strong>eodem</strong></span> <span class='ocrx_word' id='word_1_36' title='bbox 1063 627 1229 667; x_wconf 89' lang='lat' dir='ltr'><strong>anno.</strong></span> <span class='ocrx_word' id='word_1_37' title='bbox 1271 633 1289 665; x_wconf 74' lang='grc' dir='ltr'><strong>ι</strong></span> <span class='ocrx_word' id='word_1_38' title='bbox 1333 613 1536 685; x_wconf 85' lang='lat' dir='ltr'><strong>Nempe</strong></span> <span class='ocrx_word' id='word_1_39' title='bbox 1562 615 1773 671; x_wconf 91' lang='lat' dir='ltr'><strong>decimo</strong></span> <span class='ocrx_word' id='word_1_40' title='bbox 1808 612 1821 621; x_wconf 70' lang='grc'><em>“</em></span> 
     </span>
    </p>
   </div>
   <div class='ocr_carea' id='block_1_7' title="bbox 241 700 1774 775">
    <p class='ocr_par' dir='ltr' id='par_1_7' title="bbox 241 700 1774 775">
     <span class='ocr_line' id='line_1_7' title="bbox 241 700 1774 775; baseline 0.002 -15"><span class='ocrx_word' id='word_1_41' title='bbox 241 711 382 760; x_wconf 77' lang='lat' dir='ltr'><strong>octavo</strong></span> <span class='ocrx_word' id='word_1_42' title='bbox 400 700 501 755; x_wconf 81' lang='lat' dir='ltr'><strong>kal.</strong></span> <span class='ocrx_word' id='word_1_43' title='bbox 531 700 784 767; x_wconf 87' lang='lat' dir='ltr'><strong>octobris,</strong></span> <span class='ocrx_word' id='word_1_44' title='bbox 815 718 917 773; x_wconf 90' lang='lat' dir='ltr'><strong>qua</strong></span> <span class='ocrx_word' id='word_1_45' title='bbox 940 703 1027 758; x_wconf 88' lang='lat' dir='ltr'><strong>die</strong></span> <span class='ocrx_word' id='word_1_46' title='bbox 1049 701 1375 775; x_wconf 84' lang='lat' dir='ltr'><strong>Cyprianum</strong></span> <span class='ocrx_word' id='word_1_47' title='bbox 1397 718 1610 762; x_wconf 88' lang='lat' dir='ltr'><strong>constat</strong></span> <span class='ocrx_word' id='word_1_48' title='bbox 1640 724 1774 763; x_wconf 82' lang='lat' dir='ltr'><strong>mar-</strong></span> 
     </span>
    </p>
   </div>
   <div class='ocr_carea' id='block_1_8' title="bbox 242 791 1773 873">
    <p class='ocr_par' dir='ltr' id='par_1_8' title="bbox 242 791 1773 873">
     <span class='ocr_line' id='line_1_8' title="bbox 242 791 1773 873; baseline 0.006 -25"><span class='ocrx_word' id='word_1_49' title='bbox 242 794 345 865; x_wconf 79' lang='lat' dir='ltr'><strong>tyrio</strong></span> <span class='ocrx_word' id='word_1_50' title='bbox 366 800 658 849; x_wconf 74' lang='lat' dir='ltr'><strong>coronatum</strong></span> <span class='ocrx_word' id='word_1_51' title='bbox 700 791 867 873; x_wconf 77' lang='lat' dir='ltr'><strong>fuisse</strong></span> <span class='ocrx_word' id='word_1_52' title='bbox 889 834 904 860; x_wconf 86' lang='lat'><strong>,</strong></span> <span class='ocrx_word' id='word_1_53' title='bbox 935 804 990 850; x_wconf 91' lang='lat' dir='ltr'><strong>et</strong></span> <span class='ocrx_word' id='word_1_54' title='bbox 1031 797 1311 866; x_wconf 89' lang='lat' dir='ltr'><strong>utriusque</strong></span> <span class='ocrx_word' id='word_1_55' title='bbox 1340 800 1598 854; x_wconf 83' lang='lat' dir='ltr'><strong>memoria</strong></span> <span class='ocrx_word' id='word_1_56' title='bbox 1627 799 1773 857; x_wconf 88' lang='lat' dir='ltr'><strong>cele-</strong></span> 
     </span>
    </p>
   </div>
   <div class='ocr_carea' id='block_1_9' title="bbox 232 868 397 943">
    <p class='ocr_par' dir='ltr' id='par_1_9' title="bbox 232 868 397 943">
     <span class='ocr_line' id='line_1_9' title="bbox 232 868 397 943; baseline -0.03 0"><span class='ocrx_word' id='word_1_57' title='bbox 232 868 397 943; x_wconf 77' lang='lat' dir='ltr'><strong>bratur.</strong></span> 
     </span>
    </p>
   </div>
   <div class='ocr_carea' id='block_1_10' title="bbox 210 972 1770 1052">
    <p class='ocr_par' dir='ltr' id='par_1_10' title="bbox 210 972 1770 1052">
     <span class='ocr_line' id='line_1_10' title="bbox 210 972 1770 1052; baseline 0.004 -17"><span class='ocrx_word' id='word_1_58' title='bbox 210 972 211 977; x_wconf 47' lang='grc'><em>“</em></span> <span class='ocrx_word' id='word_1_59' title='bbox 299 977 369 1035; x_wconf 75' lang='grc' dir='ltr'>Ν.</span> <span class='ocrx_word' id='word_1_60' title='bbox 398 977 495 1046; x_wconf 82' lang='lat' dir='ltr'><strong>Quo</strong></span> <span class='ocrx_word' id='word_1_61' title='bbox 509 983 688 1033; x_wconf 89' lang='lat' dir='ltr'><strong>autem</strong></span> <span class='ocrx_word' id='word_1_62' title='bbox 712 978 902 1034; x_wconf 88' lang='lat' dir='ltr'><strong>mortis</strong></span> <span class='ocrx_word' id='word_1_63' title='bbox 927 995 1124 1050; x_wconf 82' lang='lat' dir='ltr'><strong>genere</strong></span> <span class='ocrx_word' id='word_1_64' title='bbox 1143 990 1237 1037; x_wconf 90' lang='lat' dir='ltr'><strong>aut</strong></span> <span class='ocrx_word' id='word_1_65' title='bbox 1256 983 1523 1052; x_wconf 89' lang='lat' dir='ltr'><strong>supplicio</strong></span> <span class='ocrx_word' id='word_1_66' title='bbox 1549 994 1770 1041; x_wconf 89' lang='lat' dir='ltr'><strong>sanctus</strong></span> 
     </span>
    </p>
   </div>
   <div class='ocr_carea' id='block_1_11' title="bbox 252 1066 1770 1148">
    <p class='ocr_par' dir='ltr' id='par_1_11' title="bbox 252 1066 1770 1148">
     <span class='ocr_line' id='line_1_11' title="bbox 252 1066 1770 1148; baseline 0.003 -20"><span class='ocrx_word' id='word_1_67' title='bbox 252 1066 435 1129; x_wconf 73' lang='lat' dir='ltr'><strong>Pontifex</strong></span> <span class='ocrx_word' id='word_1_68' title='bbox 455 1071 671 1137; x_wconf 90' lang='lat' dir='ltr'><strong>obierit,</strong></span> <span class='ocrx_word' id='word_1_69' title='bbox 711 1071 870 1142; x_wconf 83' lang='lat' dir='ltr'><strong>plane</strong></span> <span class='ocrx_word' id='word_1_70' title='bbox 898 1074 1291 1145; x_wconf 90' lang='lat' dir='ltr'><strong>incompertum</strong></span> <span class='ocrx_word' id='word_1_71' title='bbox 1334 1087 1417 1132; x_wconf 90' lang='lat' dir='ltr'><strong>est</strong></span> <span class='ocrx_word' id='word_1_72' title='bbox 1446 1094 1460 1132; x_wconf 91' lang='lat'><strong>:</strong></span> <span class='ocrx_word' id='word_1_73' title='bbox 1502 1090 1622 1131; x_wconf 91' lang='lat' dir='ltr'><strong>nam</strong></span> <span class='ocrx_word' id='word_1_74' title='bbox 1651 1094 1770 1148; x_wconf 76' lang='lat' dir='ltr'><strong>qute</strong></span> 
     </span>
    </p>
   </div>
   <div class='ocr_carea' id='block_1_12' title="bbox 249 1162 1768 1242">
    <p class='ocr_par' dir='ltr' id='par_1_12' title="bbox 249 1162 1768 1242">
     <span class='ocr_line' id='line_1_12' title="bbox 249 1162 1768 1242; baseline 0.004 -22"><span class='ocrx_word' id='word_1_75' title='bbox 249 1166 300 1221; x_wconf 89' lang='lat' dir='ltr'><strong>de</strong></span> <span class='ocrx_word' id='word_1_76' title='bbox 334 1164 412 1219; x_wconf 85' lang='lat' dir='ltr'><strong>illis</strong></span> <span class='ocrx_word' id='word_1_77' title='bbox 451 1163 499 1218; x_wconf 91' lang='lat' dir='ltr'><strong>in</strong></span> <span class='ocrx_word' id='word_1_78' title='bbox 538 1162 671 1219; x_wconf 86' lang='lat' dir='ltr'><strong>urbe</strong></span> <span class='ocrx_word' id='word_1_79' title='bbox 714 1164 950 1219; x_wconf 74' lang='lat' dir='ltr'><strong>Romana</strong></span> <span class='ocrx_word' id='word_1_80' title='bbox 998 1166 1100 1221; x_wconf 87' lang='lat' dir='ltr'><strong>sub</strong></span> <span class='ocrx_word' id='word_1_81' title='bbox 1142 1168 1307 1223; x_wconf 91' lang='lat' dir='ltr'><strong>Decio</strong></span> <span class='ocrx_word' id='word_1_82' title='bbox 1350 1170 1592 1242; x_wconf 85' lang='lat' dir='ltr'><strong>martyrii</strong></span> <span class='ocrx_word' id='word_1_83' title='bbox 1638 1173 1768 1226; x_wconf 85' lang='lat' dir='ltr'><strong>Acta</strong></span> 
     </span>
    </p>
   </div>
   <div class='ocr_carea' id='block_1_13' title="bbox 242 1254 1773 1328">
    <p class='ocr_par' dir='ltr' id='par_1_13' title="bbox 242 1254 1773 1328">
     <span class='ocr_line' id='line_1_13' title="bbox 242 1254 1773 1328; baseline 0.004 -15"><span class='ocrx_word' id='word_1_84' title='bbox 242 1255 423 1324; x_wconf 84' lang='lat' dir='ltr'><strong>ejusdem</strong></span> <span class='ocrx_word' id='word_1_85' title='bbox 446 1254 697 1320; x_wconf 80' lang='lat' dir='ltr'><strong>referunt,</strong></span> <span class='ocrx_word' id='word_1_86' title='bbox 730 1256 862 1311; x_wconf 84' lang='lat' dir='ltr'><strong>nihil</strong></span> <span class='ocrx_word' id='word_1_87' title='bbox 889 1257 1110 1314; x_wconf 87' lang='lat' dir='ltr'><strong>omnino</strong></span> <span class='ocrx_word' id='word_1_88' title='bbox 1137 1261 1386 1328; x_wconf 88' lang='lat' dir='ltr'><strong>probant,</strong></span> <span class='ocrx_word' id='word_1_89' title='bbox 1416 1277 1538 1317; x_wconf 89' lang='lat' dir='ltr'><strong>cum</strong></span> <span class='ocrx_word' id='word_1_90' title='bbox 1568 1265 1635 1319; x_wconf 90' lang='lat' dir='ltr'><strong>ab</strong></span> <span class='ocrx_word' id='word_1_91' title='bbox 1655 1280 1773 1319; x_wconf 91' lang='lat' dir='ltr'><strong>eru-</strong></span> 
     </span>
    </p>
   </div>
   <div class='ocr_carea' id='block_1_14' title="bbox 235 1347 1768 1426">
    <p class='ocr_par' dir='ltr' id='par_1_14' title="bbox 235 1347 1768 1426">
     <span class='ocr_line' id='line_1_14' title="bbox 235 1347 1768 1426; baseline 0.005 -22"><span class='ocrx_word' id='word_1_92' title='bbox 235 1348 331 1404; x_wconf 83' lang='lat' dir='ltr'><strong>ditis</strong></span> <span class='ocrx_word' id='word_1_93' title='bbox 361 1347 482 1403; x_wconf 89' lang='lat' dir='ltr'><strong>inter</strong></span> <span class='ocrx_word' id='word_1_94' title='bbox 520 1349 702 1418; x_wconf 89' lang='lat' dir='ltr'><strong>spuria</strong></span> <span class='ocrx_word' id='word_1_95' title='bbox 744 1349 1072 1417; x_wconf 90' lang='lat' dir='ltr'><strong>rejiciantur.</strong></span> <span class='ocrx_word' id='word_1_96' title='bbox 1129 1351 1494 1409; x_wconf 91' lang='lat' dir='ltr'><strong>Vetustissimi</strong></span> <span class='ocrx_word' id='word_1_97' title='bbox 1538 1356 1768 1426; x_wconf 84' lang='lat' dir='ltr'><strong>catalogi</strong></span> 
     </span>
    </p>
   </div>
   <div class='ocr_carea' id='block_1_15' title="bbox 232 1439 1767 1520">
    <p class='ocr_par' dir='ltr' id='par_1_15' title="bbox 232 1439 1767 1520">
     <span class='ocr_line' id='line_1_15' title="bbox 232 1439 1767 1520; baseline 0.006 -23"><span class='ocrx_word' id='word_1_98' title='bbox 232 1439 493 1497; x_wconf 86' lang='lat' dir='ltr'><strong>Pontiﬁcum</strong></span> <span class='ocrx_word' id='word_1_99' title='bbox 530 1449 716 1495; x_wconf 85' lang='lat' dir='ltr'><strong>auctor</strong></span> <span class='ocrx_word' id='word_1_100' title='bbox 758 1451 960 1498; x_wconf 89' lang='lat' dir='ltr'><strong>tantum</strong></span> <span class='ocrx_word' id='word_1_101' title='bbox 989 1443 1153 1511; x_wconf 82' lang='lat' dir='ltr'><strong>dicit,</strong></span> <span class='ocrx_word' id='word_1_102' title='bbox 1188 1445 1338 1501; x_wconf 91' lang='lat' dir='ltr'><strong>illum</strong></span> <span class='ocrx_word' id='word_1_103' title='bbox 1379 1462 1501 1503; x_wconf 93' lang='lat' dir='ltr'><strong>cum</strong></span> <span class='ocrx_word' id='word_1_104' title='bbox 1545 1468 1564 1499; x_wconf 75' lang='grc' dir='ltr'><strong>ι</strong></span> <span class='ocrx_word' id='word_1_105' title='bbox 1596 1448 1767 1520; x_wconf 81' lang='lat' dir='ltr'><strong>gloria</strong></span> 
     </span>
    </p>
   </div>
   <div class='ocr_carea' id='block_1_16' title="bbox 232 1532 1764 1608">
    <p class='ocr_par' dir='ltr' id='par_1_16' title="bbox 232 1532 1764 1608">
     <span class='ocr_line' id='line_1_16' title="bbox 232 1532 1764 1608; baseline 0.005 -19"><span class='ocrx_word' id='word_1_106' title='bbox 232 1533 590 1589; x_wconf 74' lang='grc' dir='ltr'><strong><em>ἁοιιιιίιίυιιριιιι</em></strong></span> <span class='ocrx_word' id='word_1_107' title='bbox 639 1532 1026 1591; x_wconf 90' lang='lat' dir='ltr'><strong>Centumcellis</strong></span> <span class='ocrx_word' id='word_1_108' title='bbox 1071 1538 1367 1608; x_wconf 83' lang='lat' dir='ltr'><strong>accepisse.</strong></span> <span class='ocrx_word' id='word_1_109' title='bbox 1416 1539 1570 1596; x_wconf 89' lang='lat' dir='ltr'><strong>Unde</strong></span> <span class='ocrx_word' id='word_1_110' title='bbox 1625 1557 1764 1597; x_wconf 90' lang='lat' dir='ltr'><strong>non-</strong></span> 
     </span>
    </p>
   </div>
   <div class='ocr_carea' id='block_1_17' title="bbox 228 1626 1767 1705">
    <p class='ocr_par' dir='ltr' id='par_1_17' title="bbox 228 1626 1767 1705">
     <span class='ocr_line' id='line_1_17' title="bbox 228 1626 1767 1705; baseline 0.006 -23"><span class='ocrx_word' id='word_1_111' title='bbox 228 1627 332 1682; x_wconf 87' lang='lat' dir='ltr'><strong>nulli</strong></span> <span class='ocrx_word' id='word_1_112' title='bbox 360 1626 756 1705; x_wconf 73' lang='lat' dir='ltr'><strong>existimarunt,</strong></span> <span class='ocrx_word' id='word_1_113' title='bbox 803 1645 923 1683; x_wconf 89' lang='lat' dir='ltr'><strong>eum</strong></span> <span class='ocrx_word' id='word_1_114' title='bbox 967 1631 1197 1686; x_wconf 86' lang='lat' dir='ltr'><strong>naturali</strong></span> <span class='ocrx_word' id='word_1_115' title='bbox 1239 1634 1414 1702; x_wconf 83' lang='lat' dir='ltr'><strong>potius</strong></span> <span class='ocrx_word' id='word_1_116' title='bbox 1456 1649 1614 1704; x_wconf 91' lang='lat' dir='ltr'><strong>quam</strong></span> <span class='ocrx_word' id='word_1_117' title='bbox 1652 1636 1767 1691; x_wconf 84' lang='lat' dir='ltr'><strong>vio-</strong></span> 
     </span>
    </p>
   </div>
   <div class='ocr_carea' id='block_1_18' title="bbox 228 1710 1768 1793">
    <p class='ocr_par' dir='ltr' id='par_1_18' title="bbox 228 1710 1768 1793">
     <span class='ocr_line' id='line_1_18' title="bbox 228 1710 1768 1793; baseline 0.005 -17"><span class='ocrx_word' id='word_1_118' title='bbox 228 1721 341 1787; x_wconf 77' lang='lat' dir='ltr'><strong>lenta</strong></span> <span class='ocrx_word' id='word_1_119' title='bbox 376 1726 527 1775; x_wconf 79' lang='lat' dir='ltr'><strong>morte</strong></span> <span class='ocrx_word' id='word_1_120' title='bbox 577 1720 884 1778; x_wconf 77' lang='lat' dir='ltr'><strong>defunctum</strong></span> <span class='ocrx_word' id='word_1_121' title='bbox 930 1737 1083 1789; x_wconf 90' lang='lat' dir='ltr'><strong>esse;</strong></span> <span class='ocrx_word' id='word_1_122' title='bbox 1131 1740 1227 1793; x_wconf 90' lang='lat' dir='ltr'><strong>per</strong></span> <span class='ocrx_word' id='word_1_123' title='bbox 1271 1725 1415 1781; x_wconf 81' lang='lat' dir='ltr'><strong>exilii</strong></span> <span class='ocrx_word' id='word_1_124' title='bbox 1454 1710 1662 1793; x_wconf 84' lang='lat' dir='ltr'><strong>tamen,</strong></span> <span class='ocrx_word' id='word_1_125' title='bbox 1704 1743 1768 1784; x_wconf 93' lang='lat' dir='ltr'><strong>ac</strong></span> 
     </span>
    </p>
   </div>
   <div class='ocr_carea' id='block_1_19' title="bbox 1874 520 3469 599">
    <p class='ocr_par' dir='ltr' id='par_1_19' title="bbox 1874 520 3469 599">
     <span class='ocr_line' id='line_1_19' title="bbox 1874 520 3469 599; baseline 0.016 -25"><span class='ocrx_word' id='word_1_126' title='bbox 1874 530 2025 575; x_wconf 88' lang='lat' dir='ltr'><strong>catus</strong></span> <span class='ocrx_word' id='word_1_127' title='bbox 2055 520 2306 589; x_wconf 86' lang='lat' dir='ltr'><strong>Cornelii,</strong></span> <span class='ocrx_word' id='word_1_128' title='bbox 2345 532 2454 579; x_wconf 89' lang='lat' dir='ltr'><strong>tum</strong></span> <span class='ocrx_word' id='word_1_129' title='bbox 2485 526 2537 580; x_wconf 92' lang='lat' dir='ltr'><strong>in</strong></span> <span class='ocrx_word' id='word_1_130' title='bbox 2578 527 2860 583; x_wconf 88' lang='lat' dir='ltr'><strong>Deciorum</strong></span> <span class='ocrx_word' id='word_1_131' title='bbox 2913 538 3278 594; x_wconf 74' lang='lat' dir='ltr'><strong>consulatibus</strong></span> <span class='ocrx_word' id='word_1_132' title='bbox 3324 542 3469 599; x_wconf 85' lang='lat' dir='ltr'><strong>desi-</strong></span> 
     </span>
    </p>
   </div>
   <div class='ocr_carea' id='block_1_20' title="bbox 1873 612 3471 700">
    <p class='ocr_par' dir='ltr' id='par_1_20' title="bbox 1873 612 3471 700">
     <span class='ocr_line' id='line_1_20' title="bbox 1873 612 3471 700; baseline 0.018 -37"><span class='ocrx_word' id='word_1_133' title='bbox 1873 612 2120 681; x_wconf 85' lang='lat' dir='ltr'><strong>gnandis.</strong></span> <span class='ocrx_word' id='word_1_134' title='bbox 2143 613 2330 669; x_wconf 76' lang='lat' dir='ltr'><strong>Nullus</strong></span> <span class='ocrx_word' id='word_1_135' title='bbox 2359 617 2499 671; x_wconf 87' lang='lat' dir='ltr'><strong>enim</strong></span> <span class='ocrx_word' id='word_1_136' title='bbox 2524 629 2606 674; x_wconf 90' lang='lat' dir='ltr'><strong>est</strong></span> <span class='ocrx_word' id='word_1_137' title='bbox 2625 633 2714 675; x_wconf 87' lang='lat' dir='ltr'><strong>aut</strong></span> <span class='ocrx_word' id='word_1_138' title='bbox 2746 622 2887 677; x_wconf 86' lang='lat' dir='ltr'><strong>Decii</strong></span> <span class='ocrx_word' id='word_1_139' title='bbox 2913 627 3076 694; x_wconf 78' lang='lat' dir='ltr'><strong>patris</strong></span> <span class='ocrx_word' id='word_1_140' title='bbox 3108 641 3349 700; x_wconf 88' lang='lat' dir='ltr'><strong>quartus,</strong></span> <span class='ocrx_word' id='word_1_141' title='bbox 3376 647 3471 692; x_wconf 86' lang='lat' dir='ltr'><strong>aut</strong></span> 
     </span>
    </p>
   </div>
   <div class='ocr_carea' id='block_1_21' title="bbox 1876 704 3469 784">
    <p class='ocr_par' dir='ltr' id='par_1_21' title="bbox 1876 704 3469 784">
     <span class='ocr_line' id='line_1_21' title="bbox 1876 704 3469 784; baseline 0.017 -26"><span class='ocrx_word' id='word_1_142' title='bbox 1876 704 2021 760; x_wconf 84' lang='lat' dir='ltr'><strong>Decii</strong></span> <span class='ocrx_word' id='word_1_143' title='bbox 2052 706 2143 761; x_wconf 86' lang='lat' dir='ltr'><strong>ﬁlii</strong></span> <span class='ocrx_word' id='word_1_144' title='bbox 2171 709 2439 765; x_wconf 89' lang='lat' dir='ltr'><strong>secundus</strong></span> <span class='ocrx_word' id='word_1_145' title='bbox 2473 716 2808 771; x_wconf 82' lang='lat' dir='ltr'><strong>consulatus.</strong></span> <span class='ocrx_word' id='word_1_146' title='bbox 2835 716 3044 774; x_wconf 86' lang='lat' dir='ltr'><strong>Gallum</strong></span> <span class='ocrx_word' id='word_1_147' title='bbox 3082 733 3259 779; x_wconf 84' lang='lat' dir='ltr'><strong>autem</strong></span> <span class='ocrx_word' id='word_1_148' title='bbox 3311 727 3469 784; x_wconf 89' lang='lat' dir='ltr'><strong>Volu-</strong></span> 
     </span>
    </p>
   </div>
   <div class='ocr_carea' id='block_1_22' title="bbox 1874 797 3471 883">
    <p class='ocr_par' dir='ltr' id='par_1_22' title="bbox 1874 797 3471 883">
     <span class='ocr_line' id='line_1_22' title="bbox 1874 797 3471 883; baseline 0.018 -33"><span class='ocrx_word' id='word_1_149' title='bbox 1874 797 2080 852; x_wconf 88' lang='lat' dir='ltr'><strong>sianum</strong></span> <span class='ocrx_word' id='word_1_150' title='bbox 2114 800 2273 855; x_wconf 90' lang='lat' dir='ltr'><strong>Decio</strong></span> <span class='ocrx_word' id='word_1_151' title='bbox 2309 804 2548 874; x_wconf 88' lang='lat' dir='ltr'><strong>Augusto</strong></span> <span class='ocrx_word' id='word_1_152' title='bbox 2589 810 2825 863; x_wconf 91' lang='lat' dir='ltr'><strong>secundo</strong></span> <span class='ocrx_word' id='word_1_153' title='bbox 2868 826 2963 866; x_wconf 91' lang='lat' dir='ltr'><strong>seu</strong></span> <span class='ocrx_word' id='word_1_154' title='bbox 3003 815 3180 883; x_wconf 92' lang='lat' dir='ltr'><strong>tertio,</strong></span> <span class='ocrx_word' id='word_1_155' title='bbox 3213 827 3268 873; x_wconf 91' lang='lat' dir='ltr'><strong>et</strong></span> <span class='ocrx_word' id='word_1_156' title='bbox 3313 820 3471 879; x_wconf 87' lang='lat' dir='ltr'><strong>Decio</strong></span> 
     </span>
    </p>
   </div>
   <div class='ocr_carea' id='block_1_23' title="bbox 1874 887 3469 969">
    <p class='ocr_par' dir='ltr' id='par_1_23' title="bbox 1874 887 3469 969">
     <span class='ocr_line' id='line_1_23' title="bbox 1874 887 3469 969; baseline 0.017 -27"><span class='ocrx_word' id='word_1_157' title='bbox 1874 887 2084 945; x_wconf 64' lang='lat' dir='ltr'><strong>Caesare</strong></span> <span class='ocrx_word' id='word_1_158' title='bbox 2112 892 2341 962; x_wconf 90' lang='lat' dir='ltr'><strong>primum</strong></span> <span class='ocrx_word' id='word_1_159' title='bbox 2372 898 2681 954; x_wconf 88' lang='lat' dir='ltr'><strong>consulibus</strong></span> <span class='ocrx_word' id='word_1_160' title='bbox 2723 905 3049 960; x_wconf 86' lang='lat' dir='ltr'><strong>successisse</strong></span> <span class='ocrx_word' id='word_1_161' title='bbox 3074 921 3141 961; x_wconf 82' lang='lat' dir='ltr'><strong>ex</strong></span> <span class='ocrx_word' id='word_1_162' title='bbox 3169 908 3318 965; x_wconf 82' lang='lat' dir='ltr'><strong>fastis</strong></span> <span class='ocrx_word' id='word_1_163' title='bbox 3347 928 3469 969; x_wconf 89' lang='lat' dir='ltr'><strong>cer-</strong></span> 
     </span>
    </p>
   </div>
   <div class='ocr_carea' id='block_1_24' title="bbox 1877 985 3471 1063">
    <p class='ocr_par' dir='ltr' id='par_1_24' title="bbox 1877 985 3471 1063">
     <span class='ocr_line' id='line_1_24' title="bbox 1877 985 3471 1063; baseline 0.016 -28"><span class='ocrx_word' id='word_1_164' title='bbox 1877 989 1987 1035; x_wconf 87' lang='lat' dir='ltr'><strong>tuut</strong></span> <span class='ocrx_word' id='word_1_165' title='bbox 2032 993 2115 1037; x_wconf 92' lang='lat' dir='ltr'><strong>est</strong></span> <span class='ocrx_word' id='word_1_166' title='bbox 2160 1000 2173 1036; x_wconf 91' lang='lat'><strong>:</strong></span> <span class='ocrx_word' id='word_1_167' title='bbox 2220 985 2462 1057; x_wconf 88' lang='lat' dir='ltr'><strong>adeoque</strong></span> <span class='ocrx_word' id='word_1_168' title='bbox 2492 989 2547 1043; x_wconf 93' lang='lat' dir='ltr'><strong>in</strong></span> <span class='ocrx_word' id='word_1_169' title='bbox 2573 992 2815 1063; x_wconf 82' lang='lat' dir='ltr'><strong>cataIOgo</strong></span> <span class='ocrx_word' id='word_1_170' title='bbox 2838 1010 2961 1051; x_wconf 83' lang='lat' dir='ltr'><strong>mox</strong></span> <span class='ocrx_word' id='word_1_171' title='bbox 2991 998 3266 1057; x_wconf 90' lang='lat' dir='ltr'><strong>dictonon</strong></span> <span class='ocrx_word' id='word_1_172' title='bbox 3308 1022 3471 1062; x_wconf 74' lang='lat' dir='ltr'><strong>annos</strong></span> 
     </span>
    </p>
   </div>
   <div class='ocr_carea' id='block_1_25' title="bbox 1874 1073 3470 1156">
    <p class='ocr_par' dir='ltr' id='par_1_25' title="bbox 1874 1073 3470 1156">
     <span class='ocr_line' id='line_1_25' title="bbox 1874 1073 3470 1156; baseline 0.019 -30"><span class='ocrx_word' id='word_1_173' title='bbox 1874 1073 2021 1142; x_wconf 71' lang='lat' dir='ltr'><strong>duos,</strong></span> <span class='ocrx_word' id='word_1_174' title='bbox 2051 1076 2146 1132; x_wconf 90' lang='lat' dir='ltr'><strong>sed</strong></span> <span class='ocrx_word' id='word_1_175' title='bbox 2170 1094 2362 1134; x_wconf 85' lang='lat' dir='ltr'><strong>annum</strong></span> <span class='ocrx_word' id='word_1_176' title='bbox 2385 1098 2542 1137; x_wconf 83' lang='lat' dir='ltr'><strong>unum</strong></span> <span class='ocrx_word' id='word_1_177' title='bbox 2571 1084 2818 1143; x_wconf 90' lang='lat' dir='ltr'><strong>Cornelio</strong></span> <span class='ocrx_word' id='word_1_178' title='bbox 2845 1089 3007 1148; x_wconf 78' lang='lat' dir='ltr'><strong>fuisse</strong></span> <span class='ocrx_word' id='word_1_179' title='bbox 3033 1095 3470 1156; x_wconf 85' lang='lat' dir='ltr'><strong>adscribendum.</strong></span> 
     </span>
    </p>
   </div>
   <div class='ocr_carea' id='block_1_26' title="bbox 1873 1166 3470 1264">
    <p class='ocr_par' dir='ltr' id='par_1_26' title="bbox 1873 1166 3470 1264">
     <span class='ocr_line' id='line_1_26' title="bbox 1873 1166 3470 1264; baseline 0.02 -45"><span class='ocrx_word' id='word_1_180' title='bbox 1873 1166 2136 1234; x_wconf 86' lang='lat' dir='ltr'><strong>Quocirca</strong></span> <span class='ocrx_word' id='word_1_181' title='bbox 2157 1185 2278 1226; x_wconf 90' lang='lat' dir='ltr'><strong>eum</strong></span> <span class='ocrx_word' id='word_1_182' title='bbox 2296 1174 2373 1228; x_wconf 89' lang='lat' dir='ltr'><strong>sic</strong></span> <span class='ocrx_word' id='word_1_183' title='bbox 2391 1178 2766 1248; x_wconf 77' lang='lat' dir='ltr'><strong>corrigendum</strong></span> <span class='ocrx_word' id='word_1_184' title='bbox 2781 1182 3029 1242; x_wconf 90' lang='lat' dir='ltr'><strong>laudatus</strong></span> <span class='ocrx_word' id='word_1_185' title='bbox 3052 1188 3243 1260; x_wconf 83' lang='lat' dir='ltr'><strong>Pagius</strong></span> <span class='ocrx_word' id='word_1_186' title='bbox 3261 1208 3470 1264; x_wconf 83' lang='lat' dir='ltr'><strong>censet,</strong></span> 
     </span>
    </p>
   </div>
   <div class='ocr_carea' id='block_1_27' title="bbox 1874 1266 3469 1345">
    <p class='ocr_par' dir='ltr' id='par_1_27' title="bbox 1874 1266 3469 1345">
     <span class='ocr_line' id='line_1_27' title="bbox 1874 1266 3469 1345; baseline 0.021 -34"><span class='ocrx_word' id='word_1_187' title='bbox 1874 1266 1931 1312; x_wconf 92' lang='lat' dir='ltr'><strong>ut</strong></span> <span class='ocrx_word' id='word_1_188' title='bbox 1958 1275 2185 1316; x_wconf 70' lang='lat' dir='ltr'><strong>«annum</strong></span> <span class='ocrx_word' id='word_1_189' title='bbox 2214 1281 2376 1321; x_wconf 90' lang='lat' dir='ltr'><strong>unum</strong></span> <span class='ocrx_word' id='word_1_190' title='bbox 2405 1268 2565 1323; x_wconf 87' lang='lat' dir='ltr'><strong>Decio</strong></span> <span class='ocrx_word' id='word_1_191' title='bbox 2587 1270 2655 1326; x_wconf 85' lang='lat' dir='ltr'><strong>Ill</strong></span> <span class='ocrx_word' id='word_1_192' title='bbox 2683 1284 2734 1328; x_wconf 91' lang='lat' dir='ltr'><strong>et</strong></span> <span class='ocrx_word' id='word_1_193' title='bbox 2754 1275 2934 1345; x_wconf 84' lang='lat' dir='ltr'><strong>Decio,</strong></span> <span class='ocrx_word' id='word_1_194' title='bbox 2976 1298 2995 1331; x_wconf 76' lang='grc' dir='ltr'><strong>ι</strong></span> <span class='ocrx_word' id='word_1_195' title='bbox 3031 1280 3151 1337; x_wconf 84' lang='lat' dir='ltr'><strong>loco</strong></span> <span class='ocrx_word' id='word_1_196' title='bbox 3180 1286 3469 1344; x_wconf 86' lang='lat' dir='ltr'><strong>verborum</strong></span> 
     </span>
    </p>
   </div>
   <div class='ocr_carea' id='block_1_28' title="bbox 1871 1354 3473 1441">
    <p class='ocr_par' dir='ltr' id='par_1_28' title="bbox 1871 1354 3473 1441">
     <span class='ocr_line' id='line_1_28' title="bbox 1871 1354 3473 1441; baseline 0.023 -38"><span class='ocrx_word' id='word_1_197' title='bbox 1871 1367 2035 1407; x_wconf 80' lang='lat' dir='ltr'><strong>annos</strong></span> <span class='ocrx_word' id='word_1_198' title='bbox 2063 1354 2192 1411; x_wconf 78' lang='lat' dir='ltr'><strong>duos</strong></span> <span class='ocrx_word' id='word_1_199' title='bbox 2223 1359 2381 1415; x_wconf 90' lang='lat' dir='ltr'><strong>Decio</strong></span> <span class='ocrx_word' id='word_1_200' title='bbox 2423 1361 2512 1429; x_wconf 83' lang='grc' dir='ltr'><strong>ιν,</strong></span> <span class='ocrx_word' id='word_1_201' title='bbox 2563 1374 2616 1419; x_wconf 89' lang='lat' dir='ltr'><strong>et</strong></span> <span class='ocrx_word' id='word_1_202' title='bbox 2649 1367 2807 1423; x_wconf 87' lang='lat' dir='ltr'><strong>Decio</strong></span> <span class='ocrx_word' id='word_1_203' title='bbox 2837 1371 2883 1425; x_wconf 86' lang='lat' dir='ltr'><strong>II</strong></span> <span class='ocrx_word' id='word_1_204' title='bbox 2909 1374 3282 1434; x_wconf 89' lang='lat' dir='ltr'><strong>substituatur.</strong></span> <span class='ocrx_word' id='word_1_205' title='bbox 3318 1382 3473 1441; x_wconf 85' lang='lat' dir='ltr'><strong>Unde</strong></span> 
     </span>
    </p>
   </div>
   <div class='ocr_carea' id='block_1_29' title="bbox 1871 1445 3471 1539">
    <p class='ocr_par' dir='ltr' id='par_1_29' title="bbox 1871 1445 3471 1539">
     <span class='ocr_line' id='line_1_29' title="bbox 1871 1445 3471 1539; baseline 0.024 -44"><span class='ocrx_word' id='word_1_206' title='bbox 1871 1445 2112 1514; x_wconf 78' lang='lat' dir='ltr'><strong>sequitur</strong></span> <span class='ocrx_word' id='word_1_207' title='bbox 2140 1458 2195 1502; x_wconf 89' lang='lat' dir='ltr'><strong>ut</strong></span> <span class='ocrx_word' id='word_1_208' title='bbox 2222 1451 2267 1504; x_wconf 87' lang='lat' dir='ltr'><strong>si</strong></span> <span class='ocrx_word' id='word_1_209' title='bbox 2284 1450 2567 1510; x_wconf 84' lang='lat' dir='ltr'><strong>Cornelius</strong></span> <span class='ocrx_word' id='word_1_210' title='bbox 2588 1475 2777 1514; x_wconf 84' lang='lat' dir='ltr'><strong>annum</strong></span> <span class='ocrx_word' id='word_1_211' title='bbox 2804 1479 2983 1535; x_wconf 84' lang='lat' dir='ltr'><strong>unum,</strong></span> <span class='ocrx_word' id='word_1_212' title='bbox 3017 1472 3471 1539; x_wconf 86' lang='lat' dir='ltr'><strong>quemadmodum</strong></span> 
     </span>
    </p>
   </div>
   <div class='ocr_carea' id='block_1_30' title="bbox 1869 1535 3469 1631">
    <p class='ocr_par' dir='ltr' id='par_1_30' title="bbox 1869 1535 3469 1631">
     <span class='ocr_line' id='line_1_30' title="bbox 1869 1535 3469 1631; baseline 0.026 -42"><span class='ocrx_word' id='word_1_213' title='bbox 1869 1535 1964 1591; x_wconf 91' lang='lat' dir='ltr'><strong>illo</strong></span> <span class='ocrx_word' id='word_1_214' title='bbox 1990 1539 2045 1594; x_wconf 92' lang='lat' dir='ltr'><strong>in</strong></span> <span class='ocrx_word' id='word_1_215' title='bbox 2066 1542 2310 1614; x_wconf 80' lang='lat' dir='ltr'><strong>eatalngo</strong></span> <span class='ocrx_word' id='word_1_216' title='bbox 2329 1548 2597 1619; x_wconf 88' lang='lat' dir='ltr'><strong>scribitur,</strong></span> <span class='ocrx_word' id='word_1_217' title='bbox 2618 1563 2672 1608; x_wconf 93' lang='lat' dir='ltr'><strong>et</strong></span> <span class='ocrx_word' id='word_1_218' title='bbox 2695 1573 2714 1607; x_wconf 75' lang='grc' dir='ltr'><strong>ι</strong></span> <span class='ocrx_word' id='word_1_219' title='bbox 2741 1572 2956 1616; x_wconf 89' lang='lat' dir='ltr'><strong>menses</strong></span> <span class='ocrx_word' id='word_1_220' title='bbox 2981 1535 3111 1631; x_wconf 84' lang='lat' dir='ltr'><strong>tres,</strong></span> <span class='ocrx_word' id='word_1_221' title='bbox 3155 1587 3173 1620; x_wconf 74' lang='grc' dir='ltr'><strong>ο</strong></span> <span class='ocrx_word' id='word_1_222' title='bbox 3217 1584 3280 1625; x_wconf 91' lang='lat' dir='ltr'><strong>ac</strong></span> <span class='ocrx_word' id='word_1_223' title='bbox 3310 1590 3329 1624; x_wconf 82' lang='grc' dir='ltr'><strong>ι</strong></span> <span class='ocrx_word' id='word_1_224' title='bbox 3355 1573 3469 1631; x_wconf 84' lang='lat' dir='ltr'><strong>dies</strong></span> 
     </span>
    </p>
   </div>
   <div class='ocr_carea' id='block_1_31' title="bbox 1856 1630 3469 1726">
    <p class='ocr_par' dir='ltr' id='par_1_31' title="bbox 1856 1630 3469 1726">
     <span class='ocr_line' id='line_1_31' title="bbox 1856 1630 3469 1726; baseline 0.028 -43"><span class='ocrx_word' id='word_1_225' title='bbox 1856 1630 2058 1689; x_wconf 82' lang='lat' dir='ltr'><strong>&#39;deeem</strong></span> <span class='ocrx_word' id='word_1_226' title='bbox 2082 1656 2100 1687; x_wconf 80' lang='grc' dir='ltr'><strong>ι</strong></span> <span class='ocrx_word' id='word_1_227' title='bbox 2122 1639 2279 1707; x_wconf 87' lang='lat' dir='ltr'><strong>sedit,</strong></span> <span class='ocrx_word' id='word_1_228' title='bbox 2308 1658 2427 1698; x_wconf 93' lang='lat' dir='ltr'><strong>cum</strong></span> <span class='ocrx_word' id='word_1_229' title='bbox 2446 1648 2717 1716; x_wconf 89' lang='lat' dir='ltr'><strong>eumdem,</strong></span> <span class='ocrx_word' id='word_1_230' title='bbox 2748 1671 2768 1705; x_wconf 79' lang='grc' dir='ltr'><strong>ι</strong></span> <span class='ocrx_word' id='word_1_231' title='bbox 2790 1655 2946 1714; x_wconf 87' lang='lat' dir='ltr'><strong>Gallo</strong></span> <span class='ocrx_word' id='word_1_232' title='bbox 2959 1671 3011 1716; x_wconf 91' lang='lat' dir='ltr'><strong>et</strong></span> <span class='ocrx_word' id='word_1_233' title='bbox 3033 1662 3322 1723; x_wconf 82' lang='lat' dir='ltr'><strong>Volusiano</strong></span> <span class='ocrx_word' id='word_1_234' title='bbox 3338 1686 3469 1726; x_wconf 89' lang='lat' dir='ltr'><strong>con-</strong></span> 
     </span>
    </p>
   </div>
   <div class='ocr_carea' id='block_1_32' title="bbox 1852 1724 3470 1831">
    <p class='ocr_par' dir='ltr' id='par_1_32' title="bbox 1852 1724 3470 1831">
     <span class='ocr_line' id='line_1_32' title="bbox 1852 1724 3470 1831; baseline 0.025 -52"><span class='ocrx_word' id='word_1_235' title='bbox 1852 1724 2072 1781; x_wconf 80' lang='lat' dir='ltr'><strong>.sulibus</strong></span> <span class='ocrx_word' id='word_1_236' title='bbox 2097 1747 2116 1779; x_wconf 74' lang='grc' dir='ltr'><strong>ι</strong></span> <span class='ocrx_word' id='word_1_237' title='bbox 2146 1729 2282 1801; x_wconf 80' lang='lat' dir='ltr'><strong>(hoc</strong></span> <span class='ocrx_word' id='word_1_238' title='bbox 2303 1743 2386 1788; x_wconf 91' lang='lat' dir='ltr'><strong>est</strong></span> <span class='ocrx_word' id='word_1_239' title='bbox 2415 1751 2560 1793; x_wconf 88' lang='lat' dir='ltr'><strong>anno</strong></span> <span class='ocrx_word' id='word_1_240' title='bbox 2593 1741 2786 1799; x_wconf 87' lang='lat' dir='ltr'><strong>Christi</strong></span> <span class='ocrx_word' id='word_1_241' title='bbox 2822 1747 2985 1823; x_wconf 73' lang='lat'><strong>259.),</strong></span> <span class='ocrx_word' id='word_1_242' title='bbox 3020 1753 3107 1810; x_wconf 91' lang='lat' dir='ltr'><strong>die</strong></span> <span class='ocrx_word' id='word_1_243' title='bbox 3138 1757 3204 1812; x_wconf 72' lang='grc'><strong>14</strong></span> <span class='ocrx_word' id='word_1_244' title='bbox 3233 1724 3470 1831; x_wconf 83' lang='lat' dir='ltr'><strong>septem-</strong></span> 
     </span>
    </p>
   </div>
   <div class='ocr_carea' id='block_1_33' title="bbox 234 1812 3468 1915">
    <p class='ocr_par' dir='ltr' id='par_1_33' title="bbox 234 1812 3468 1915">
     <span class='ocr_line' id='line_1_33' title="bbox 234 1812 3468 1915; baseline 0.014 -49"><span class='ocrx_word' id='word_1_245' title='bbox 234 1812 341 1868; x_wconf 79' lang='lat' dir='ltr'><strong>lorte</strong></span> <span class='ocrx_word' id='word_1_246' title='bbox 360 1812 492 1868; x_wconf 83' lang='lat' dir='ltr'><strong>etiam</strong></span> <span class='ocrx_word' id='word_1_247' title='bbox 532 1817 769 1870; x_wconf 89' lang='lat' dir='ltr'><strong>carceris</strong></span> <span class='ocrx_word' id='word_1_248' title='bbox 800 1832 1065 1871; x_wconf 72' lang='lat' dir='ltr'><strong>mrumnas</strong></span> <span class='ocrx_word' id='word_1_249' title='bbox 1092 1817 1412 1886; x_wconf 90' lang='lat' dir='ltr'><strong>accelerata,</strong></span> <span class='ocrx_word' id='word_1_250' title='bbox 1444 1820 1672 1893; x_wconf 89' lang='lat' dir='ltr'><strong>ideoque</strong></span> <span class='ocrx_word' id='word_1_251' title='bbox 1699 1823 1767 1878; x_wconf 87' lang='lat' dir='ltr'><strong>ab</strong></span> <span class='ocrx_word' id='word_1_252' title='bbox 1796 1826 1844 1887; x_wconf 87' lang='lat' dir='ltr'><strong>B</strong></span> <span class='ocrx_word' id='word_1_253' title='bbox 1873 1816 1981 1871; x_wconf 76' lang='lat' dir='ltr'><strong>bris</strong></span> <span class='ocrx_word' id='word_1_254' title='bbox 2023 1825 2281 1895; x_wconf 79' lang='lat' dir='ltr'><strong>martyrio</strong></span> <span class='ocrx_word' id='word_1_255' title='bbox 2303 1843 2620 1888; x_wconf 85' lang='lat' dir='ltr'><strong>coronatum</strong></span> <span class='ocrx_word' id='word_1_256' title='bbox 2648 1853 2768 1894; x_wconf 90' lang='lat' dir='ltr'><strong>esse</strong></span> <span class='ocrx_word' id='word_1_257' title='bbox 2798 1857 2919 1899; x_wconf 87' lang='lat' dir='ltr'><strong>vera</strong></span> <span class='ocrx_word' id='word_1_258' title='bbox 2942 1812 3276 1907; x_wconf 70' lang='lat' dir='ltr'><strong>monimenta</strong></span> <span class='ocrx_word' id='word_1_259' title='bbox 3297 1812 3468 1915; x_wconf 79' lang='lat' dir='ltr'><strong>r{idem</strong></span> 
     </span>
    </p>
   </div>
   <div class='ocr_carea' id='block_1_34' title="bbox 231 1904 1758 1979">
    <p class='ocr_par' dir='ltr' id='par_1_34' title="bbox 231 1904 1758 1979">
     <span class='ocr_line' id='line_1_34' title="bbox 231 1904 1758 1979; baseline 0.006 -19"><span class='ocrx_word' id='word_1_260' title='bbox 231 1904 418 1960; x_wconf 84' lang='lat' dir='ltr'><strong>Ecclesia</strong></span> <span class='ocrx_word' id='word_1_261' title='bbox 444 1915 496 1961; x_wconf 90' lang='lat' dir='ltr'><strong>ut</strong></span> <span class='ocrx_word' id='word_1_262' title='bbox 523 1917 813 1979; x_wconf 87' lang='lat' dir='ltr'><strong>martyrem</strong></span> <span class='ocrx_word' id='word_1_263' title='bbox 847 1910 1038 1965; x_wconf 89' lang='lat' dir='ltr'><strong>merito</strong></span> <span class='ocrx_word' id='word_1_264' title='bbox 1067 1911 1191 1966; x_wconf 87' lang='lat' dir='ltr'><strong>coli.</strong></span> <span class='ocrx_word' id='word_1_265' title='bbox 1231 1911 1609 1969; x_wconf 85' lang='lat' dir='ltr'><strong>Verumtamen</strong></span> <span class='ocrx_word' id='word_1_266' title='bbox 1652 1931 1758 1970; x_wconf 88' lang='lat' dir='ltr'><strong>non</strong></span> 
     </span>
    </p>
   </div>
   <div class='ocr_carea' id='block_1_35' title="bbox 222 1996 1762 2078">
    <p class='ocr_par' dir='ltr' id='par_1_35' title="bbox 222 1996 1762 2078">
     <span class='ocr_line' id='line_1_35' title="bbox 222 1996 1762 2078; baseline 0.008 -26"><span class='ocrx_word' id='word_1_267' title='bbox 222 1996 379 2053; x_wconf 71' lang='lat' dir='ltr'><strong>desunt</strong></span> <span class='ocrx_word' id='word_1_268' title='bbox 402 1999 689 2055; x_wconf 88' lang='lat' dir='ltr'><strong>testimonia</strong></span> <span class='ocrx_word' id='word_1_269' title='bbox 711 2003 912 2072; x_wconf 77' lang='lat' dir='ltr'><strong>gravia,</strong></span> <span class='ocrx_word' id='word_1_270' title='bbox 946 2019 1064 2073; x_wconf 64' lang='lat' dir='ltr'><strong>quae</strong></span> <span class='ocrx_word' id='word_1_271' title='bbox 1090 2005 1393 2076; x_wconf 84' lang='lat' dir='ltr'><strong>ambiguam</strong></span> <span class='ocrx_word' id='word_1_272' title='bbox 1422 2009 1566 2063; x_wconf 84' lang='lat' dir='ltr'><strong>illam</strong></span> <span class='ocrx_word' id='word_1_273' title='bbox 1601 2009 1762 2078; x_wconf 85' lang='lat' dir='ltr'><strong>phra-</strong></span> 
     </span>
    </p>
   </div>
   <div class='ocr_carea' id='block_1_36' title="bbox 223 2090 1761 2171">
    <p class='ocr_par' dir='ltr' id='par_1_36' title="bbox 223 2090 1761 2171">
     <span class='ocr_line' id='line_1_36' title="bbox 223 2090 1761 2171; baseline 0.007 -27"><span class='ocrx_word' id='word_1_274' title='bbox 223 2090 336 2156; x_wconf 86' lang='lat' dir='ltr'><strong>sim,</strong></span> <span class='ocrx_word' id='word_1_275' title='bbox 369 2105 520 2145; x_wconf 70' lang='lat' dir='ltr'><strong>«eum</strong></span> <span class='ocrx_word' id='word_1_276' title='bbox 553 2093 721 2167; x_wconf 77' lang='lat' dir='ltr'><strong>gloria</strong></span> <span class='ocrx_word' id='word_1_277' title='bbox 748 2094 1124 2151; x_wconf 76' lang='lat' dir='ltr'><strong>domuitionem</strong></span> <span class='ocrx_word' id='word_1_278' title='bbox 1154 2100 1382 2166; x_wconf 85' lang='lat' dir='ltr'><strong>accepit,</strong></span> <span class='ocrx_word' id='word_1_279' title='bbox 1414 2118 1432 2151; x_wconf 76' lang='grc' dir='ltr'><strong>ι</strong></span> <span class='ocrx_word' id='word_1_280' title='bbox 1465 2099 1532 2154; x_wconf 92' lang='lat' dir='ltr'><strong>de</strong></span> <span class='ocrx_word' id='word_1_281' title='bbox 1565 2110 1761 2171; x_wconf 85' lang='lat' dir='ltr'><strong>marty-</strong></span> 
     </span>
    </p>
   </div>
   <div class='ocr_carea' id='block_1_37' title="bbox 217 2183 1757 2261">
    <p class='ocr_par' dir='ltr' id='par_1_37' title="bbox 217 2183 1757 2261">
     <span class='ocr_line' id='line_1_37' title="bbox 217 2183 1757 2261; baseline 0.007 -24"><span class='ocrx_word' id='word_1_282' title='bbox 217 2183 284 2237; x_wconf 88' lang='lat' dir='ltr'><strong>rio</strong></span> <span class='ocrx_word' id='word_1_283' title='bbox 303 2199 385 2254; x_wconf 88' lang='lat' dir='ltr'><strong>per</strong></span> <span class='ocrx_word' id='word_1_284' title='bbox 414 2200 711 2255; x_wconf 89' lang='lat' dir='ltr'><strong>supremum</strong></span> <span class='ocrx_word' id='word_1_285' title='bbox 739 2189 1055 2258; x_wconf 83' lang='lat' dir='ltr'><strong>supplicium</strong></span> <span class='ocrx_word' id='word_1_286' title='bbox 1086 2201 1458 2247; x_wconf 76' lang='lat' dir='ltr'><strong>consummato</strong></span> <span class='ocrx_word' id='word_1_287' title='bbox 1486 2194 1757 2261; x_wconf 84' lang='lat' dir='ltr'><strong>accipien-</strong></span> 
     </span>
    </p>
   </div>
   <div class='ocr_carea' id='block_1_38' title="bbox 215 2277 1757 2355">
    <p class='ocr_par' dir='ltr' id='par_1_38' title="bbox 215 2277 1757 2355">
     <span class='ocr_line' id='line_1_38' title="bbox 215 2277 1757 2355; baseline 0.006 -24"><span class='ocrx_word' id='word_1_288' title='bbox 215 2277 317 2332; x_wconf 85' lang='lat' dir='ltr'><strong>dam</strong></span> <span class='ocrx_word' id='word_1_289' title='bbox 343 2280 570 2335; x_wconf 89' lang='lat' dir='ltr'><strong>suadent.</strong></span> <span class='ocrx_word' id='word_1_290' title='bbox 602 2281 867 2351; x_wconf 76' lang='lat' dir='ltr'><strong>imprimis</strong></span> <span class='ocrx_word' id='word_1_291' title='bbox 892 2282 1262 2354; x_wconf 88' lang='lat' dir='ltr'><strong>S.Cyprianus</strong></span> <span class='ocrx_word' id='word_1_292' title='bbox 1289 2287 1343 2339; x_wconf 91' lang='lat' dir='ltr'><strong>in</strong></span> <span class='ocrx_word' id='word_1_293' title='bbox 1374 2286 1608 2355; x_wconf 80' lang='lat' dir='ltr'><strong>Epistola</strong></span> <span class='ocrx_word' id='word_1_294' title='bbox 1632 2303 1757 2342; x_wconf 82' lang='lat' dir='ltr'>LVIII</span> 
     </span>
    </p>
   </div>
   <div class='ocr_carea' id='block_1_39' title="bbox 208 2368 1761 2443">
    <p class='ocr_par' dir='ltr' id='par_1_39' title="bbox 208 2368 1761 2443">
     <span class='ocr_line' id='line_1_39' title="bbox 208 2368 1761 2443; baseline 0.005 -20"><span class='ocrx_word' id='word_1_295' title='bbox 208 2368 268 2423; x_wconf 86' lang='lat' dir='ltr'><strong>ad</strong></span> <span class='ocrx_word' id='word_1_296' title='bbox 314 2368 364 2425; x_wconf 93' lang='lat' dir='ltr'><strong>S.</strong></span> <span class='ocrx_word' id='word_1_297' title='bbox 407 2370 642 2437; x_wconf 87' lang='lat' dir='ltr'><strong>Lucium,</strong></span> <span class='ocrx_word' id='word_1_298' title='bbox 684 2370 916 2428; x_wconf 84' lang='lat' dir='ltr'><strong>Cornelii</strong></span> <span class='ocrx_word' id='word_1_299' title='bbox 955 2388 1343 2443; x_wconf 79' lang='lat' dir='ltr'><strong>succchorem,</strong></span> <span class='ocrx_word' id='word_1_300' title='bbox 1381 2376 1526 2432; x_wconf 86' lang='lat' dir='ltr'><strong>illum</strong></span> <span class='ocrx_word' id='word_1_301' title='bbox 1562 2377 1761 2431; x_wconf 86' lang='lat' dir='ltr'><strong>beatum</strong></span> 
     </span>
    </p>
   </div>
   <div class='ocr_carea' id='block_1_40' title="bbox 149 2442 1756 2537">
    <p class='ocr_par' dir='ltr' id='par_1_40' title="bbox 149 2442 1756 2537">
     <span class='ocr_line' id='line_1_40' title="bbox 149 2442 1756 2537; baseline 0.007 -26"><span class='ocrx_word' id='word_1_302' title='bbox 149 2442 159 2455; x_wconf 80' lang='grc'><strong>’</strong></span> <span class='ocrx_word' id='word_1_303' title='bbox 203 2470 448 2531; x_wconf 79' lang='lat' dir='ltr'><strong>martyrem</strong></span> <span class='ocrx_word' id='word_1_304' title='bbox 482 2462 707 2518; x_wconf 90' lang='lat' dir='ltr'><strong>disserte</strong></span> <span class='ocrx_word' id='word_1_305' title='bbox 745 2464 977 2534; x_wconf 76' lang='lat' dir='ltr'><strong>appellat</strong></span> <span class='ocrx_word' id='word_1_306' title='bbox 1010 2484 1022 2520; x_wconf 90' lang='lat'><strong>:</strong></span> <span class='ocrx_word' id='word_1_307' title='bbox 1050 2466 1194 2521; x_wconf 79' lang='lat' dir='ltr'><strong>Idem</strong></span> <span class='ocrx_word' id='word_1_308' title='bbox 1226 2442 1352 2521; x_wconf 88' lang='lat' dir='ltr'><strong>lacit</strong></span> <span class='ocrx_word' id='word_1_309' title='bbox 1378 2467 1617 2537; x_wconf 85' lang='lat' dir='ltr'><strong>Epistola</strong></span> <span class='ocrx_word' id='word_1_310' title='bbox 1646 2483 1756 2523; x_wconf 83' lang='lat' dir='ltr'><strong>Lvn</strong></span> 
     </span>
    </p>
   </div>
   <div class='ocr_carea' id='block_1_41' title="bbox 197 2550 1754 2624">
    <p class='ocr_par' dir='ltr' id='par_1_41' title="bbox 197 2550 1754 2624">
     <span class='ocr_line' id='line_1_41' title="bbox 197 2550 1754 2624; baseline 0.006 -20"><span class='ocrx_word' id='word_1_311' title='bbox 197 2550 256 2606; x_wconf 88' lang='lat' dir='ltr'><strong>ad</strong></span> <span class='ocrx_word' id='word_1_312' title='bbox 282 2551 332 2607; x_wconf 90' lang='lat' dir='ltr'><strong>S.</strong></span> <span class='ocrx_word' id='word_1_313' title='bbox 375 2551 692 2622; x_wconf 85' lang='lat' dir='ltr'><strong>Stephanum</strong></span> <span class='ocrx_word' id='word_1_314' title='bbox 725 2554 925 2623; x_wconf 85' lang='lat' dir='ltr'><strong>pariter</strong></span> <span class='ocrx_word' id='word_1_315' title='bbox 967 2554 1205 2624; x_wconf 82' lang='lat' dir='ltr'><strong>Papam:</strong></span> <span class='ocrx_word' id='word_1_316' title='bbox 1242 2575 1261 2608; x_wconf 72' lang='grc' dir='ltr'><strong>ι</strong></span> <span class='ocrx_word' id='word_1_317' title='bbox 1305 2556 1613 2613; x_wconf 87' lang='lat' dir='ltr'><strong>Servandus</strong></span> <span class='ocrx_word' id='word_1_318' title='bbox 1648 2568 1754 2621; x_wconf 88' lang='lat' dir='ltr'><strong>est.</strong></span> 
     </span>
    </p>
   </div>
   <div class='ocr_carea' id='block_1_42' title="bbox 188 2643 1759 2723">
    <p class='ocr_par' dir='ltr' id='par_1_42' title="bbox 188 2643 1759 2723">
     <span class='ocr_line' id='line_1_42' title="bbox 188 2643 1759 2723; baseline 0.004 -25"><span class='ocrx_word' id='word_1_319' title='bbox 188 2643 441 2715; x_wconf 84' lang='lat' dir='ltr'><strong>inquiens,</strong></span> <span class='ocrx_word' id='word_1_320' title='bbox 462 2657 858 2701; x_wconf 88' lang='lat' dir='ltr'><strong>autecessorum</strong></span> <span class='ocrx_word' id='word_1_321' title='bbox 891 2658 1220 2714; x_wconf 88' lang='lat' dir='ltr'><strong>nostrorum,</strong></span> <span class='ocrx_word' id='word_1_322' title='bbox 1246 2649 1523 2705; x_wconf 87' lang='lat' dir='ltr'><strong>beatorum</strong></span> <span class='ocrx_word' id='word_1_323' title='bbox 1557 2662 1759 2723; x_wconf 65' lang='lat' dir='ltr'><strong>marty.</strong></span> 
     </span>
    </p>
   </div>
   <div class='ocr_carea' id='block_1_43' title="bbox 179 2735 1752 2813">
    <p class='ocr_par' dir='ltr' id='par_1_43' title="bbox 179 2735 1752 2813">
     <span class='ocr_line' id='line_1_43' title="bbox 179 2735 1752 2813; baseline 0.005 -22"><span class='ocrx_word' id='word_1_324' title='bbox 179 2750 294 2791; x_wconf 82' lang='lat' dir='ltr'><strong>runt</strong></span> <span class='ocrx_word' id='word_1_325' title='bbox 338 2735 562 2793; x_wconf 73' lang='lat' dir='ltr'><strong>Cornelii</strong></span> <span class='ocrx_word' id='word_1_326' title='bbox 608 2746 663 2793; x_wconf 92' lang='lat' dir='ltr'><strong>et</strong></span> <span class='ocrx_word' id='word_1_327' title='bbox 701 2737 848 2794; x_wconf 90' lang='lat' dir='ltr'><strong>Lucii</strong></span> <span class='ocrx_word' id='word_1_328' title='bbox 891 2739 1063 2794; x_wconf 85' lang='lat' dir='ltr'><strong>honor</strong></span> <span class='ocrx_word' id='word_1_329' title='bbox 1085 2741 1445 2811; x_wconf 74' lang='lat' dir='ltr'><strong>gloriosus...</strong></span> <span class='ocrx_word' id='word_1_330' title='bbox 1490 2742 1752 2813; x_wconf 86' lang='lat' dir='ltr'><strong>lllienim,</strong></span> 
     </span>
    </p>
   </div>
   <div class='ocr_carea' id='block_1_44' title="bbox 170 2826 1751 2905">
    <p class='ocr_par' dir='ltr' id='par_1_44' title="bbox 170 2826 1751 2905">
     <span class='ocr_line' id='line_1_44' title="bbox 170 2826 1751 2905; baseline 0.007 -26"><span class='ocrx_word' id='word_1_331' title='bbox 170 2826 311 2897; x_wconf 87' lang='lat' dir='ltr'><strong>pleni</strong></span> <span class='ocrx_word' id='word_1_332' title='bbox 348 2828 544 2898; x_wconf 80' lang='lat' dir='ltr'><strong>Spiritu</strong></span> <span class='ocrx_word' id='word_1_333' title='bbox 586 2829 679 2886; x_wconf 90' lang='lat' dir='ltr'><strong>Dei</strong></span> <span class='ocrx_word' id='word_1_334' title='bbox 704 2839 759 2884; x_wconf 91' lang='lat' dir='ltr'><strong>et</strong></span> <span class='ocrx_word' id='word_1_335' title='bbox 802 2831 851 2884; x_wconf 91' lang='lat' dir='ltr'><strong>in</strong></span> <span class='ocrx_word' id='word_1_336' title='bbox 896 2831 1127 2902; x_wconf 82' lang='lat' dir='ltr'><strong>glorioso</strong></span> <span class='ocrx_word' id='word_1_337' title='bbox 1155 2834 1412 2905; x_wconf 76' lang='lat' dir='ltr'><strong>martyrio</strong></span> <span class='ocrx_word' id='word_1_338' title='bbox 1450 2836 1751 2902; x_wconf 89' lang='lat' dir='ltr'><strong>constituti,</strong></span> 
     </span>
    </p>
   </div>
   <div class='ocr_carea' id='block_1_45' title="bbox 166 2917 1755 2994">
    <p class='ocr_par' dir='ltr' id='par_1_45' title="bbox 166 2917 1755 2994">
     <span class='ocr_line' id='line_1_45' title="bbox 166 2917 1755 2994; baseline 0.009 -24"><span class='ocrx_word' id='word_1_339' title='bbox 166 2917 400 2974; x_wconf 89' lang='lat' dir='ltr'><strong>dandam</strong></span> <span class='ocrx_word' id='word_1_340' title='bbox 426 2936 541 2976; x_wconf 70' lang='lat' dir='ltr'><strong>esse</strong></span> <span class='ocrx_word' id='word_1_341' title='bbox 576 2921 738 2990; x_wconf 85' lang='lat' dir='ltr'><strong>lapsis</strong></span> <span class='ocrx_word' id='word_1_342' title='bbox 777 2938 962 2994; x_wconf 89' lang='lat' dir='ltr'><strong>pacem</strong></span> <span class='ocrx_word' id='word_1_343' title='bbox 1021 2938 1388 2980; x_wconf 90' lang='lat' dir='ltr'><strong>censuerunt:</strong></span> <span class='ocrx_word' id='word_1_344' title='bbox 1424 2946 1442 2979; x_wconf 73' lang='grc' dir='ltr'><strong>ι</strong></span> <span class='ocrx_word' id='word_1_345' title='bbox 1478 2928 1755 2985; x_wconf 89' lang='lat' dir='ltr'><strong>Consonat</strong></span> 
     </span>
    </p>
   </div>
   <div class='ocr_carea' id='block_1_46' title="bbox 163 3007 1756 3078">
    <p class='ocr_par' dir='ltr' id='par_1_46' title="bbox 163 3007 1756 3078">
     <span class='ocr_line' id='line_1_46' title="bbox 163 3007 1756 3078; baseline 0.009 -15"><span class='ocrx_word' id='word_1_346' title='bbox 163 3007 433 3067; x_wconf 83' lang='lat' dir='ltr'><strong>Eusebius</strong></span> <span class='ocrx_word' id='word_1_347' title='bbox 472 3012 522 3066; x_wconf 92' lang='lat' dir='ltr'><strong>in</strong></span> <span class='ocrx_word' id='word_1_348' title='bbox 565 3012 817 3069; x_wconf 82' lang='lat' dir='ltr'><strong>Chronico</strong></span> <span class='ocrx_word' id='word_1_349' title='bbox 853 3015 1036 3070; x_wconf 84' lang='lat' dir='ltr'><strong>dicens</strong></span> <span class='ocrx_word' id='word_1_350' title='bbox 1078 3035 1090 3070; x_wconf 90' lang='lat'><strong><em>:</em></strong></span> <span class='ocrx_word' id='word_1_351' title='bbox 1136 3037 1154 3068; x_wconf 77' lang='grc' dir='ltr'><strong>ι</strong></span> <span class='ocrx_word' id='word_1_352' title='bbox 1208 3018 1461 3074; x_wconf 77' lang='lat' dir='ltr'><strong>Romamn</strong></span> <span class='ocrx_word' id='word_1_353' title='bbox 1506 3022 1756 3078; x_wconf 79' lang='lat' dir='ltr'><strong>Ecclesiae</strong></span> 
     </span>
    </p>
   </div>
   <div class='ocr_carea' id='block_1_47' title="bbox 155 3104 1753 3180">
    <p class='ocr_par' dir='ltr' id='par_1_47' title="bbox 155 3104 1753 3180">
     <span class='ocr_line' id='line_1_47' title="bbox 155 3104 1753 3180; baseline 0.009 -25"><span class='ocrx_word' id='word_1_354' title='bbox 155 3104 558 3176; x_wconf 87' lang='lat' dir='ltr'><strong>episcopatum,</strong></span> <span class='ocrx_word' id='word_1_355' title='bbox 600 3116 720 3175; x_wconf 85' lang='lat' dir='ltr'><strong>post</strong></span> <span class='ocrx_word' id='word_1_356' title='bbox 780 3107 999 3163; x_wconf 75' lang='lat' dir='ltr'><strong>Fabiani</strong></span> <span class='ocrx_word' id='word_1_357' title='bbox 1040 3110 1325 3180; x_wconf 80' lang='lat' dir='ltr'><strong>gloriosam</strong></span> <span class='ocrx_word' id='word_1_358' title='bbox 1365 3122 1630 3177; x_wconf 86' lang='lat' dir='ltr'><strong>mortem,</strong></span> <span class='ocrx_word' id='word_1_359' title='bbox 1680 3131 1753 3169; x_wconf 81' lang='lat' dir='ltr'><strong>xx</strong></span> 
     </span>
    </p>
   </div>
   <div class='ocr_carea' id='block_1_48' title="bbox 1868 1908 3469 2012">
    <p class='ocr_par' dir='ltr' id='par_1_48' title="bbox 1868 1908 3469 2012">
     <span class='ocr_line' id='line_1_48' title="bbox 1868 1908 3469 2012; baseline 0.027 -50"><span class='ocrx_word' id='word_1_360' title='bbox 1868 1908 2083 2011; x_wconf 68' lang='lat' dir='ltr'><strong>tactam,</strong></span> <span class='ocrx_word' id='word_1_361' title='bbox 2130 1932 2271 1971; x_wconf 88' lang='lat' dir='ltr'><strong>anno</strong></span> <span class='ocrx_word' id='word_1_362' title='bbox 2313 1919 2510 1979; x_wconf 87' lang='lat' dir='ltr'><strong>Christi</strong></span> <span class='ocrx_word' id='word_1_363' title='bbox 2538 1926 2666 1996; x_wconf 73' lang='lat'><strong>251,</strong></span> <span class='ocrx_word' id='word_1_364' title='bbox 2708 1930 2847 2000; x_wconf 89' lang='lat' dir='ltr'><strong>junii</strong></span> <span class='ocrx_word' id='word_1_365' title='bbox 2885 1936 2920 1991; x_wconf 75' lang='grc'>4</span> <span class='ocrx_word' id='word_1_366' title='bbox 2961 1939 3049 1994; x_wconf 91' lang='lat' dir='ltr'><strong>die</strong></span> <span class='ocrx_word' id='word_1_367' title='bbox 3101 1908 3469 2012; x_wconf 70' lang='lat' dir='ltr'><strong>pontiﬁcatum</strong></span> 
     </span>
    </p>
   </div>
   <div class='ocr_carea' id='block_1_49' title="bbox 1866 2005 2686 2059">
    <p class='ocr_par' dir='ltr' id='par_1_49' title="bbox 1866 2005 2686 2059">
     <span class='ocr_line' id='line_1_49' title="bbox 1866 2005 2686 2059; baseline 0.02 -5"><span class='ocrx_word' id='word_1_368' title='bbox 1866 2005 2067 2059; x_wconf 87' lang='lat' dir='ltr'><strong>inierit.</strong></span> <span class='ocrx_word' id='word_1_369' title='bbox 2103 2025 2122 2059; x_wconf 72' lang='grc' dir='ltr'><strong>ι</strong></span> <span class='ocrx_word' id='word_1_370' title='bbox 2682 2034 2686 2039; x_wconf 73' lang='lat'>&#39;</span> 
     </span>
    </p>
   </div>
   <div class='ocr_carea' id='block_1_50' title="bbox 1943 2096 3468 2207">
    <p class='ocr_par' dir='ltr' id='par_1_50' title="bbox 1943 2096 3468 2207">
     <span class='ocr_line' id='line_1_50' title="bbox 1943 2096 3468 2207; baseline 0.028 -59"><span class='ocrx_word' id='word_1_371' title='bbox 1943 2113 1962 2200; x_wconf 56' lang='grc' dir='ltr'><strong>ι</strong></span> <span class='ocrx_word' id='word_1_372' title='bbox 2002 2096 2208 2155; x_wconf 78' lang='lat' dir='ltr'><strong>Placuit</strong></span> <span class='ocrx_word' id='word_1_373' title='bbox 2238 2103 2396 2158; x_wconf 88' lang='lat' dir='ltr'><strong>etiam</strong></span> <span class='ocrx_word' id='word_1_374' title='bbox 2424 2107 2539 2163; x_wconf 57' lang='lat' dir='ltr'><strong>hinc</strong></span> <span class='ocrx_word' id='word_1_375' title='bbox 2571 2113 2749 2180; x_wconf 83' lang='lat' dir='ltr'><strong>Opinio</strong></span> <span class='ocrx_word' id='word_1_376' title='bbox 2779 2118 2989 2175; x_wconf 87' lang='lat' dir='ltr'><strong>erudito</strong></span> <span class='ocrx_word' id='word_1_377' title='bbox 3020 2121 3364 2188; x_wconf 89' lang='lat' dir='ltr'><strong>&#39;l‘illemontio</strong></span> <span class='ocrx_word' id='word_1_378' title='bbox 3382 2134 3468 2207; x_wconf 72' lang='grc'>(4)</span> 
     </span>
    </p>
   </div>
   <div class='ocr_carea' id='block_1_51' title="bbox 1866 2189 3463 2292">
    <p class='ocr_par' dir='ltr' id='par_1_51' title="bbox 1866 2189 3463 2292">
     <span class='ocr_line' id='line_1_51' title="bbox 1866 2189 3463 2292; baseline 0.028 -53"><span class='ocrx_word' id='word_1_379' title='bbox 1866 2189 1953 2256; x_wconf 89' lang='lat' dir='ltr'><strong>qui</strong></span> <span class='ocrx_word' id='word_1_380' title='bbox 1987 2200 2039 2243; x_wconf 86' lang='lat' dir='ltr'><strong>et</strong></span> <span class='ocrx_word' id='word_1_381' title='bbox 2085 2204 2342 2260; x_wconf 67' lang='lat' dir='ltr'><strong>praeterea</strong></span> <span class='ocrx_word' id='word_1_382' title='bbox 2381 2197 2688 2259; x_wconf 67' lang='lat' dir='ltr'><strong>Cornelium</strong></span> <span class='ocrx_word' id='word_1_383' title='bbox 2735 2209 2952 2268; x_wconf 86' lang='lat' dir='ltr'><strong>minime</strong></span> <span class='ocrx_word' id='word_1_384' title='bbox 2991 2229 3116 2275; x_wconf 81' lang='lat' dir='ltr'><strong>ante</strong></span> <span class='ocrx_word' id='word_1_385' title='bbox 3154 2189 3463 2292; x_wconf 71' lang='lat' dir='ltr'><strong>paschaleni</strong></span> 
     </span>
    </p>
   </div>
   <div class='ocr_carea' id='block_1_52' title="bbox 1864 2282 3467 2387">
    <p class='ocr_par' dir='ltr' id='par_1_52' title="bbox 1864 2282 3467 2387">
     <span class='ocr_line' id='line_1_52' title="bbox 1864 2282 3467 2387; baseline 0.029 -55"><span class='ocrx_word' id='word_1_386' title='bbox 1864 2282 1989 2335; x_wconf 86' lang='lat' dir='ltr'><strong>anni</strong></span> <span class='ocrx_word' id='word_1_387' title='bbox 2026 2282 2123 2339; x_wconf 75' lang='grc'><strong>251</strong></span> <span class='ocrx_word' id='word_1_388' title='bbox 2170 2287 2311 2344; x_wconf 91' lang='lat' dir='ltr'><strong>diem</strong></span> <span class='ocrx_word' id='word_1_389' title='bbox 2358 2293 2660 2352; x_wconf 85' lang='lat' dir='ltr'><strong>ordinatum</strong></span> <span class='ocrx_word' id='word_1_390' title='bbox 2700 2317 2822 2371; x_wconf 87' lang='lat' dir='ltr'><strong>esse</strong></span> <span class='ocrx_word' id='word_1_391' title='bbox 2863 2307 3106 2375; x_wconf 87' lang='lat' dir='ltr'><strong>pluribus</strong></span> <span class='ocrx_word' id='word_1_392' title='bbox 3135 2282 3467 2387; x_wconf 71' lang='lat' dir='ltr'><strong>argumentis</strong></span> 
     </span>
    </p>
   </div>
   <div class='ocr_carea' id='block_1_53' title="bbox 1865 2372 3465 2474">
    <p class='ocr_par' dir='ltr' id='par_1_53' title="bbox 1865 2372 3465 2474">
     <span class='ocr_line' id='line_1_53' title="bbox 1865 2372 3465 2474; baseline 0.03 -51"><span class='ocrx_word' id='word_1_393' title='bbox 1865 2372 2087 2474; x_wconf 71' lang='lat' dir='ltr'><strong>colligit.</strong></span> <span class='ocrx_word' id='word_1_394' title='bbox 2124 2378 2408 2439; x_wconf 86' lang='lat' dir='ltr'><strong>Probabile</strong></span> <span class='ocrx_word' id='word_1_395' title='bbox 2449 2400 2554 2456; x_wconf 89' lang='lat' dir='ltr'><strong>est,</strong></span> <span class='ocrx_word' id='word_1_396' title='bbox 2593 2406 2697 2446; x_wconf 90' lang='lat' dir='ltr'><strong>non</strong></span> <span class='ocrx_word' id='word_1_397' title='bbox 2746 2372 2914 2451; x_wconf 76' lang='lat' dir='ltr'><strong>multo</strong></span> <span class='ocrx_word' id='word_1_398' title='bbox 2952 2372 3231 2474; x_wconf 70' lang='lat' dir='ltr'><strong>postquam</strong></span> 
     </span>
    </p>
   </div>
   <div class='ocr_carea' id='block_1_54' title="bbox 1863 2464 3442 2563">
    <p class='ocr_par' dir='ltr' id='par_1_54' title="bbox 1863 2464 3442 2563">
     <span class='ocr_line' id='line_1_54' title="bbox 1863 2464 3442 2563; baseline 0.031 -48"><span class='ocrx_word' id='word_1_399' title='bbox 1863 2480 1927 2516; x_wconf 83' lang='lat' dir='ltr'><strong>ex</strong></span> <span class='ocrx_word' id='word_1_400' title='bbox 1965 2464 2103 2563; x_wconf 79' lang='lat' dir='ltr'><strong>Urbe</strong></span> <span class='ocrx_word' id='word_1_401' title='bbox 2134 2471 2199 2525; x_wconf 90' lang='lat' dir='ltr'><strong>ad</strong></span> <span class='ocrx_word' id='word_1_402' title='bbox 2229 2477 2624 2545; x_wconf 82' lang='lat' dir='ltr'><strong>expeditionem</strong></span> <span class='ocrx_word' id='word_1_403' title='bbox 2656 2499 2843 2542; x_wconf 89' lang='lat' dir='ltr'><strong>contra</strong></span> <span class='ocrx_word' id='word_1_404' title='bbox 2872 2491 3075 2552; x_wconf 88' lang='lat' dir='ltr'><strong>Gothos</strong></span> <span class='ocrx_word' id='word_1_405' title='bbox 3099 2500 3442 2563; x_wconf 88' lang='lat' dir='ltr'><strong>discessisset</strong></span> 
     </span>
    </p>
   </div>
   <div class='ocr_carea' id='block_1_55' title="bbox 1865 2556 3462 2661">
    <p class='ocr_par' dir='ltr' id='par_1_55' title="bbox 1865 2556 3462 2661">
     <span class='ocr_line' id='line_1_55' title="bbox 1865 2556 3462 2661; baseline 0.03 -54"><span class='ocrx_word' id='word_1_406' title='bbox 1865 2556 2006 2623; x_wconf 89' lang='lat' dir='ltr'><strong>quod</strong></span> <span class='ocrx_word' id='word_1_407' title='bbox 2040 2558 2180 2615; x_wconf 89' lang='lat' dir='ltr'><strong>circa</strong></span> <span class='ocrx_word' id='word_1_408' title='bbox 2211 2579 2397 2621; x_wconf 81' lang='lat' dir='ltr'><strong>verum</strong></span> <span class='ocrx_word' id='word_1_409' title='bbox 2429 2578 2638 2641; x_wconf 88' lang='lat' dir='ltr'><strong>tempus</strong></span> <span class='ocrx_word' id='word_1_410' title='bbox 2668 2579 2793 2633; x_wconf 89' lang='lat' dir='ltr'><strong>anui</strong></span> <span class='ocrx_word' id='word_1_411' title='bbox 2834 2580 2931 2638; x_wconf 77' lang='lat'><strong>25!</strong></span> <span class='ocrx_word' id='word_1_412' title='bbox 2965 2592 3205 2661; x_wconf 85' lang='lat' dir='ltr'><strong>contigit,</strong></span> <span class='ocrx_word' id='word_1_413' title='bbox 3259 2597 3462 2654; x_wconf 90' lang='lat' dir='ltr'><strong>clerum</strong></span> 
     </span>
    </p>
   </div>
   <div class='ocr_carea' id='block_1_56' title="bbox 1865 2650 3462 2753">
    <p class='ocr_par' dir='ltr' id='par_1_56' title="bbox 1865 2650 3462 2753">
     <span class='ocr_line' id='line_1_56' title="bbox 1865 2650 3462 2753; baseline 0.03 -54"><span class='ocrx_word' id='word_1_414' title='bbox 1865 2650 2228 2724; x_wconf 86' lang='lat' dir='ltr'><strong>populumque</strong></span> <span class='ocrx_word' id='word_1_415' title='bbox 2253 2656 2576 2731; x_wconf 86' lang='lat' dir='ltr'><strong>Romanum,</strong></span> <span class='ocrx_word' id='word_1_416' title='bbox 2611 2669 2706 2723; x_wconf 87' lang='lat' dir='ltr'><strong>hac</strong></span> <span class='ocrx_word' id='word_1_417' title='bbox 2724 2677 3009 2733; x_wconf 85' lang='lat' dir='ltr'><strong>occasione</strong></span> <span class='ocrx_word' id='word_1_418' title='bbox 3028 2650 3228 2753; x_wconf 61' lang='lat' dir='ltr'><strong>oblata,</strong></span> <span class='ocrx_word' id='word_1_419' title='bbox 3260 2704 3462 2747; x_wconf 86' lang='lat' dir='ltr'><strong>conve-</strong></span> 
     </span>
    </p>
   </div>
   <div class='ocr_carea' id='block_1_57' title="bbox 1864 2741 3463 2842">
    <p class='ocr_par' dir='ltr' id='par_1_57' title="bbox 1864 2741 3463 2842">
     <span class='ocr_line' id='line_1_57' title="bbox 1864 2741 3463 2842; baseline 0.031 -48"><span class='ocrx_word' id='word_1_420' title='bbox 1864 2741 2025 2807; x_wconf 89' lang='lat' dir='ltr'><strong>nisse,</strong></span> <span class='ocrx_word' id='word_1_421' title='bbox 2061 2758 2114 2801; x_wconf 92' lang='lat' dir='ltr'><strong>et</strong></span> <span class='ocrx_word' id='word_1_422' title='bbox 2143 2748 2194 2802; x_wconf 92' lang='lat' dir='ltr'><strong>in</strong></span> <span class='ocrx_word' id='word_1_423' title='bbox 2226 2750 2461 2808; x_wconf 89' lang='lat' dir='ltr'><strong>Cornelii</strong></span> <span class='ocrx_word' id='word_1_424' title='bbox 2494 2758 2812 2819; x_wconf 85' lang='lat' dir='ltr'><strong>electionem</strong></span> <span class='ocrx_word' id='word_1_425' title='bbox 2840 2741 3316 2837; x_wconf 50' lang='lat' dir='ltr'><strong>COIISCIISlSSe.&#39;El</strong></span> <span class='ocrx_word' id='word_1_426' title='bbox 3344 2783 3463 2842; x_wconf 69' lang='lat' dir='ltr'><strong>haec</strong></span> 
     </span>
    </p>
   </div>
   <div class='ocr_carea' id='block_1_58' title="bbox 1862 2836 3462 2936">
    <p class='ocr_par' dir='ltr' id='par_1_58' title="bbox 1862 2836 3462 2936">
     <span class='ocr_line' id='line_1_58' title="bbox 1862 2836 3462 2936; baseline 0.028 -48"><span class='ocrx_word' id='word_1_427' title='bbox 1862 2836 2077 2936; x_wconf 75' lang='lat' dir='ltr'><strong>quidem</strong></span> <span class='ocrx_word' id='word_1_428' title='bbox 2104 2840 2352 2936; x_wconf 82' lang='lat' dir='ltr'><strong>Cypriani</strong></span> <span class='ocrx_word' id='word_1_429' title='bbox 2378 2845 2444 2901; x_wconf 80' lang='lat' dir='ltr'><strong>de</strong></span> <span class='ocrx_word' id='word_1_430' title='bbox 2474 2849 2634 2906; x_wconf 85' lang='lat' dir='ltr'><strong>Decio</strong></span> <span class='ocrx_word' id='word_1_431' title='bbox 2662 2857 2819 2912; x_wconf 86' lang='lat' dir='ltr'><strong>verba</strong></span> <span class='ocrx_word' id='word_1_432' title='bbox 2848 2861 2930 2933; x_wconf 77' lang='grc'>(5)</span> <span class='ocrx_word' id='word_1_433' title='bbox 2970 2880 2982 2917; x_wconf 89' lang='lat'><strong>:</strong></span> <span class='ocrx_word' id='word_1_434' title='bbox 3021 2885 3039 2917; x_wconf 85' lang='grc'><em>‹</em></span> <span class='ocrx_word' id='word_1_435' title='bbox 3076 2868 3230 2936; x_wconf 88' lang='lat' dir='ltr'><strong>Quod</strong></span> <span class='ocrx_word' id='word_1_436' title='bbox 3265 2836 3462 2931; x_wconf 67' lang='lat' dir='ltr'><strong>tolera:</strong></span> 
     </span>
    </p>
   </div>
   <div class='ocr_carea' id='block_1_59' title="bbox 1864 2928 3460 3039">
    <p class='ocr_par' dir='ltr' id='par_1_59' title="bbox 1864 2928 3460 3039">
     <span class='ocr_line' id='line_1_59' title="bbox 1864 2928 3460 3039; baseline 0.028 -56"><span class='ocrx_word' id='word_1_437' title='bbox 1864 2928 2022 2984; x_wconf 91' lang='lat' dir='ltr'><strong>bilius</strong></span> <span class='ocrx_word' id='word_1_438' title='bbox 2044 2934 2447 2994; x_wconf 71' lang='lat' dir='ltr'><strong>audiretierari</strong></span> <span class='ocrx_word' id='word_1_439' title='bbox 2476 2944 2735 3004; x_wconf 88' lang='lat' dir='ltr'><strong>adversus</strong></span> <span class='ocrx_word' id='word_1_440' title='bbox 2760 2968 2818 3007; x_wconf 85' lang='lat' dir='ltr'><strong>se</strong></span> <span class='ocrx_word' id='word_1_441' title='bbox 2856 2960 3106 3017; x_wconf 67' lang='lat' dir='ltr'><strong>annulum</strong></span> <span class='ocrx_word' id='word_1_442' title='bbox 3136 2965 3460 3039; x_wconf 88' lang='lat' dir='ltr'><strong>principem,</strong></span> 
     </span>
    </p>
   </div>
   <div class='ocr_carea' id='block_1_60' title="bbox 1862 3028 3462 3116">
    <p class='ocr_par' dir='ltr' id='par_1_60' title="bbox 1862 3028 3462 3116">
     <span class='ocr_line' id='line_1_60' title="bbox 1862 3028 3462 3116; baseline 0.029 -45"><span class='ocrx_word' id='word_1_443' title='bbox 1862 3035 2022 3089; x_wconf 88' lang='lat' dir='ltr'><strong>quam</strong></span> <span class='ocrx_word' id='word_1_444' title='bbox 2062 3028 2316 3083; x_wconf 78' lang='lat' dir='ltr'><strong>constitui</strong></span> <span class='ocrx_word' id='word_1_445' title='bbox 2358 3029 2544 3088; x_wconf 81' lang='lat' dir='ltr'><strong>Romae</strong></span> <span class='ocrx_word' id='word_1_446' title='bbox 2586 3035 2679 3091; x_wconf 87' lang='lat' dir='ltr'><strong>Dei</strong></span> <span class='ocrx_word' id='word_1_447' title='bbox 2717 3048 3074 3115; x_wconf 87' lang='lat' dir='ltr'><strong>sacerdotem,</strong></span> <span class='ocrx_word' id='word_1_448' title='bbox 3132 3028 3156 3106; x_wconf 62' lang='grc' dir='ltr'><em>ἶ</em></span> <span class='ocrx_word' id='word_1_449' title='bbox 3187 3056 3265 3111; x_wconf 89' lang='lat' dir='ltr'><strong>sic</strong></span> <span class='ocrx_word' id='word_1_450' title='bbox 3296 3028 3462 3116; x_wconf 47' lang='lat' dir='ltr'><strong>inter:</strong></span> 
     </span>
    </p>
   </div>
   <div class='ocr_carea' id='block_1_61' title="bbox 1863 3114 3460 3212">
    <p class='ocr_par' dir='ltr' id='par_1_61' title="bbox 1863 3114 3460 3212">
     <span class='ocr_line' id='line_1_61' title="bbox 1863 3114 3460 3212; baseline 0.027 -48"><span class='ocrx_word' id='word_1_451' title='bbox 1863 3114 2062 3181; x_wconf 90' lang='lat' dir='ltr'><strong>pretari</strong></span> <span class='ocrx_word' id='word_1_452' title='bbox 2107 3117 2249 3183; x_wconf 89' lang='lat' dir='ltr'><strong>licet,</strong></span> <span class='ocrx_word' id='word_1_453' title='bbox 2280 3130 2338 3174; x_wconf 92' lang='lat' dir='ltr'><strong>ut</strong></span> <span class='ocrx_word' id='word_1_454' title='bbox 2367 3121 2652 3193; x_wconf 87' lang='lat' dir='ltr'><strong>Tyrannus</strong></span> <span class='ocrx_word' id='word_1_455' title='bbox 2692 3130 2783 3188; x_wconf 93' lang='lat' dir='ltr'><strong>ille</strong></span> <span class='ocrx_word' id='word_1_456' title='bbox 2813 3140 3000 3194; x_wconf 85' lang='lat' dir='ltr'><strong>nuntio</strong></span> <span class='ocrx_word' id='word_1_457' title='bbox 3029 3144 3241 3212; x_wconf 83' lang='lat' dir='ltr'><strong>eodem,</strong></span> <span class='ocrx_word' id='word_1_458' title='bbox 3272 3160 3325 3203; x_wconf 93' lang='lat' dir='ltr'><strong>et</strong></span> <span class='ocrx_word' id='word_1_459' title='bbox 3354 3153 3460 3206; x_wconf 90' lang='lat' dir='ltr'><strong>im-</strong></span> 
     </span>
    </p>
   </div>
   <div class='ocr_carea' id='block_1_62' title="bbox 148 3198 3458 3299">
    <p class='ocr_par' dir='ltr' id='par_1_62' title="bbox 148 3198 3458 3299">
     <span class='ocr_line' id='line_1_62' title="bbox 148 3198 3458 3299; baseline 0.016 -53"><span class='ocrx_word' id='word_1_460' title='bbox 148 3199 400 3269; x_wconf 76' lang='lat' dir='ltr'><strong>suscepit</strong></span> <span class='ocrx_word' id='word_1_461' title='bbox 426 3198 900 3256; x_wconf 76' lang='lat' dir='ltr'><strong>Cornelius‘annis</strong></span> <span class='ocrx_word' id='word_1_462' title='bbox 936 3202 1177 3269; x_wconf 84' lang='lat' dir='ltr'><strong>duobus;</strong></span> <span class='ocrx_word' id='word_1_463' title='bbox 1218 3205 1305 3275; x_wconf 87' lang='lat' dir='ltr'><strong>qui</strong></span> <span class='ocrx_word' id='word_1_464' title='bbox 1331 3215 1385 3261; x_wconf 93' lang='lat' dir='ltr'><strong>et</strong></span> <span class='ocrx_word' id='word_1_465' title='bbox 1410 3206 1524 3276; x_wconf 88' lang='lat' dir='ltr'><strong>ipse</strong></span> <span class='ocrx_word' id='word_1_466' title='bbox 1555 3218 1755 3280; x_wconf 85' lang='lat' dir='ltr'><strong>marty-</strong></span> <span class='ocrx_word' id='word_1_467' title='bbox 1782 3210 1828 3274; x_wconf 73' lang='grc' dir='ltr'>ρ</span> <span class='ocrx_word' id='word_1_468' title='bbox 1863 3207 2068 3275; x_wconf 90' lang='lat' dir='ltr'><strong>perium</strong></span> <span class='ocrx_word' id='word_1_469' title='bbox 2101 3226 2128 3261; x_wconf 89' lang='lat' dir='ltr'><strong>a</strong></span> <span class='ocrx_word' id='word_1_470' title='bbox 2156 3209 2299 3267; x_wconf 85' lang='lat' dir='ltr'><strong>Julio</strong></span> <span class='ocrx_word' id='word_1_471' title='bbox 2329 3212 2556 3273; x_wconf 84' lang='lat' dir='ltr'><strong>Valente</strong></span> <span class='ocrx_word' id='word_1_472' title='bbox 2601 3236 2936 3296; x_wconf 80' lang='lat' dir='ltr'><strong>usurpatum,</strong></span> <span class='ocrx_word' id='word_1_473' title='bbox 2984 3243 3037 3289; x_wconf 91' lang='lat' dir='ltr'><strong>et</strong></span> <span class='ocrx_word' id='word_1_474' title='bbox 3066 3198 3373 3297; x_wconf 67' lang='lat' dir='ltr'><strong>Cornelium</strong></span> <span class='ocrx_word' id='word_1_475' title='bbox 3404 3245 3458 3299; x_wconf 91' lang='lat' dir='ltr'><strong>in</strong></span> 
     </span>
    </p>
   </div>
   <div class='ocr_carea' id='block_1_63' title="bbox 144 3288 1754 3367">
    <p class='ocr_par' dir='ltr' id='par_1_63' title="bbox 144 3288 1754 3367">
     <span class='ocr_line' id='line_1_63' title="bbox 144 3288 1754 3367; baseline 0.007 -24"><span class='ocrx_word' id='word_1_476' title='bbox 144 3288 232 3343; x_wconf 87' lang='lat' dir='ltr'><strong>rio</strong></span> <span class='ocrx_word' id='word_1_477' title='bbox 274 3302 570 3346; x_wconf 87' lang='lat' dir='ltr'><strong>coronatus</strong></span> <span class='ocrx_word' id='word_1_478' title='bbox 603 3300 724 3348; x_wconf 86' lang='lat' dir='ltr'><strong>est:</strong></span> <span class='ocrx_word' id='word_1_479' title='bbox 757 3312 776 3346; x_wconf 72' lang='grc' dir='ltr'><strong>ι</strong></span> <span class='ocrx_word' id='word_1_480' title='bbox 823 3292 881 3350; x_wconf 86' lang='lat' dir='ltr'><strong>S.</strong></span> <span class='ocrx_word' id='word_1_481' title='bbox 929 3293 1191 3350; x_wconf 87' lang='lat' dir='ltr'><strong>Pacianus</strong></span> <span class='ocrx_word' id='word_1_482' title='bbox 1236 3297 1290 3350; x_wconf 92' lang='lat' dir='ltr'><strong>in</strong></span> <span class='ocrx_word' id='word_1_483' title='bbox 1325 3297 1561 3367; x_wconf 86' lang='lat' dir='ltr'><strong>Epistola</strong></span> <span class='ocrx_word' id='word_1_484' title='bbox 1612 3315 1645 3354; x_wconf 93' lang='grc' dir='ltr'><strong>ιι</strong></span> <span class='ocrx_word' id='word_1_485' title='bbox 1687 3301 1754 3355; x_wconf 89' lang='lat' dir='ltr'><strong>ad</strong></span> 
     </span>
    </p>
   </div>
   <div class='ocr_carea' id='block_1_64' title="bbox 145 3383 1753 3458">
    <p class='ocr_par' dir='ltr' id='par_1_64' title="bbox 145 3383 1753 3458">
     <span class='ocr_line' id='line_1_64' title="bbox 145 3383 1753 3458; baseline 0.008 -23"><span class='ocrx_word' id='word_1_486' title='bbox 145 3383 649 3454; x_wconf 82' lang='lat' dir='ltr'><strong>Sympronianum,</strong></span> <span class='ocrx_word' id='word_1_487' title='bbox 701 3387 757 3442; x_wconf 91' lang='lat' dir='ltr'><strong>S.</strong></span> <span class='ocrx_word' id='word_1_488' title='bbox 798 3387 1110 3444; x_wconf 89' lang='lat' dir='ltr'><strong>Cornelium</strong></span> <span class='ocrx_word' id='word_1_489' title='bbox 1153 3390 1389 3445; x_wconf 90' lang='lat' dir='ltr'><strong>occisum</strong></span> <span class='ocrx_word' id='word_1_490' title='bbox 1429 3392 1612 3458; x_wconf 77' lang='lat' dir='ltr'><strong>fuisse,</strong></span> <span class='ocrx_word' id='word_1_491' title='bbox 1647 3410 1753 3449; x_wconf 91' lang='lat' dir='ltr'><strong>non</strong></span> 
     </span>
    </p>
   </div>
   <div class='ocr_carea' id='block_1_65' title="bbox 143 3475 1753 3553">
    <p class='ocr_par' dir='ltr' id='par_1_65' title="bbox 143 3475 1753 3553">
     <span class='ocr_line' id='line_1_65' title="bbox 143 3475 1753 3553; baseline 0.007 -24"><span class='ocrx_word' id='word_1_492' title='bbox 143 3475 396 3533; x_wconf 86' lang='lat' dir='ltr'><strong>obscure</strong></span> <span class='ocrx_word' id='word_1_493' title='bbox 430 3479 680 3534; x_wconf 89' lang='lat' dir='ltr'><strong>insinuat.</strong></span> <span class='ocrx_word' id='word_1_494' title='bbox 728 3480 911 3536; x_wconf 79' lang='lat' dir='ltr'><strong>Adhuc</strong></span> <span class='ocrx_word' id='word_1_495' title='bbox 948 3481 1145 3536; x_wconf 86' lang='lat' dir='ltr'><strong>clarius</strong></span> <span class='ocrx_word' id='word_1_496' title='bbox 1190 3481 1421 3553; x_wconf 89' lang='lat' dir='ltr'><strong>loquitur</strong></span> <span class='ocrx_word' id='word_1_497' title='bbox 1468 3485 1523 3540; x_wconf 91' lang='lat' dir='ltr'><strong>S.</strong></span> <span class='ocrx_word' id='word_1_498' title='bbox 1563 3484 1753 3541; x_wconf 82' lang='lat' dir='ltr'><strong>lliero-</strong></span> 
     </span>
    </p>
   </div>
   <div class='ocr_carea' id='block_1_66' title="bbox 139 3570 1754 3646">
    <p class='ocr_par' dir='ltr' id='par_1_66' title="bbox 139 3570 1754 3646">
     <span class='ocr_line' id='line_1_66' title="bbox 139 3570 1754 3646; baseline 0.009 -26"><span class='ocrx_word' id='word_1_499' title='bbox 139 3581 362 3640; x_wconf 72' lang='lat' dir='ltr'><strong>uymus</strong></span> <span class='ocrx_word' id='word_1_500' title='bbox 384 3570 433 3624; x_wconf 92' lang='lat' dir='ltr'><strong>in</strong></span> <span class='ocrx_word' id='word_1_501' title='bbox 464 3570 578 3625; x_wconf 83' lang='lat' dir='ltr'><strong>Vita</strong></span> <span class='ocrx_word' id='word_1_502' title='bbox 619 3571 677 3627; x_wconf 93' lang='lat' dir='ltr'><strong>S.</strong></span> <span class='ocrx_word' id='word_1_503' title='bbox 711 3571 859 3626; x_wconf 86' lang='lat' dir='ltr'><strong>Pauli</strong></span> <span class='ocrx_word' id='word_1_504' title='bbox 899 3572 1168 3640; x_wconf 79' lang='lat' dir='ltr'><strong>Eremitar,</strong></span> <span class='ocrx_word' id='word_1_505' title='bbox 1198 3584 1325 3628; x_wconf 86' lang='lat' dir='ltr'><strong>tom.</strong></span> <span class='ocrx_word' id='word_1_506' title='bbox 1356 3591 1407 3629; x_wconf 86' lang='lat' dir='ltr'><strong>tv</strong></span> <span class='ocrx_word' id='word_1_507' title='bbox 1431 3574 1592 3646; x_wconf 89' lang='lat' dir='ltr'><strong>Opp.,</strong></span> <span class='ocrx_word' id='word_1_508' title='bbox 1622 3578 1754 3634; x_wconf 88' lang='lat' dir='ltr'><strong>edit.</strong></span> 
     </span>
    </p>
   </div>
   <div class='ocr_carea' id='block_1_67' title="bbox 140 3652 1754 3740">
    <p class='ocr_par' dir='ltr' id='par_1_67' title="bbox 140 3652 1754 3740">
     <span class='ocr_line' id='line_1_67' title="bbox 140 3652 1754 3740; baseline 0.007 -28"><span class='ocrx_word' id='word_1_509' title='bbox 140 3656 364 3726; x_wconf 82' lang='lat' dir='ltr'><strong>Paris.,</strong></span> <span class='ocrx_word' id='word_1_510' title='bbox 393 3673 525 3733; x_wconf 85' lang='lat' dir='ltr'><strong>part.</strong></span> <span class='ocrx_word' id='word_1_511' title='bbox 550 3663 726 3720; x_wconf 75' lang='lat' dir='ltr'><strong>2.col.</strong></span> <span class='ocrx_word' id='word_1_512' title='bbox 748 3663 816 3719; x_wconf 85' lang='lat'><strong>69</strong></span> <span class='ocrx_word' id='word_1_513' title='bbox 839 3680 851 3716; x_wconf 88' lang='lat'><strong>:</strong></span> <span class='ocrx_word' id='word_1_514' title='bbox 889 3683 907 3715; x_wconf 82' lang='grc' dir='ltr'><strong>ι</strong></span> <span class='ocrx_word' id='word_1_515' title='bbox 929 3662 1210 3719; x_wconf 79' lang='lat' dir='ltr'><strong>Cornelius</strong></span> <span class='ocrx_word' id='word_1_516' title='bbox 1235 3652 1441 3731; x_wconf 57' lang='lat' dir='ltr'><strong>Romus,</strong></span> <span class='ocrx_word' id='word_1_517' title='bbox 1457 3669 1754 3740; x_wconf 88' lang='lat' dir='ltr'><strong>Cyprianus</strong></span> 
     </span>
    </p>
   </div>
   <div class='ocr_carea' id='block_1_68' title="bbox 141 3750 1742 3830">
    <p class='ocr_par' dir='ltr' id='par_1_68' title="bbox 141 3750 1742 3830">
     <span class='ocr_line' id='line_1_68' title="bbox 141 3750 1742 3830; baseline 0.007 -26"><span class='ocrx_word' id='word_1_518' title='bbox 141 3750 482 3825; x_wconf 83' lang='lat' dir='ltr'><strong>Carthagine</strong></span> <span class='ocrx_word' id='word_1_519' title='bbox 529 3754 669 3811; x_wconf 81' lang='lat' dir='ltr'><strong>felici</strong></span> <span class='ocrx_word' id='word_1_520' title='bbox 717 3771 910 3811; x_wconf 83' lang='lat' dir='ltr'><strong>cruore</strong></span> <span class='ocrx_word' id='word_1_521' title='bbox 961 3758 1276 3828; x_wconf 90' lang='lat' dir='ltr'><strong>martyrium</strong></span> <span class='ocrx_word' id='word_1_522' title='bbox 1328 3762 1683 3830; x_wconf 89' lang='lat' dir='ltr'><strong>pertulerunt.</strong></span> <span class='ocrx_word' id='word_1_523' title='bbox 1723 3781 1742 3816; x_wconf 73' lang='grc' dir='ltr'><strong>ι</strong></span> 
     </span>
    </p>
   </div>
   <div class='ocr_carea' id='block_1_69' title="bbox 144 3843 1750 3920">
    <p class='ocr_par' dir='ltr' id='par_1_69' title="bbox 144 3843 1750 3920">
     <span class='ocr_line' id='line_1_69' title="bbox 144 3843 1750 3920; baseline 0.006 -22"><span class='ocrx_word' id='word_1_524' title='bbox 144 3843 270 3920; x_wconf 56' lang='grc' dir='ltr'><strong><em>Ν-ᾳιι</em></strong></span> <span class='ocrx_word' id='word_1_525' title='bbox 300 3847 526 3903; x_wconf 86' lang='lat' dir='ltr'><strong>obscure</strong></span> <span class='ocrx_word' id='word_1_526' title='bbox 548 3849 708 3904; x_wconf 74' lang='lat' dir='ltr'><strong>etiam</strong></span> <span class='ocrx_word' id='word_1_527' title='bbox 732 3848 966 3919; x_wconf 88' lang='lat' dir='ltr'><strong>loquitur</strong></span> <span class='ocrx_word' id='word_1_528' title='bbox 994 3849 1224 3920; x_wconf 79' lang='lat' dir='ltr'><strong>Prosper</strong></span> <span class='ocrx_word' id='word_1_529' title='bbox 1251 3851 1302 3904; x_wconf 92' lang='lat' dir='ltr'><strong>in</strong></span> <span class='ocrx_word' id='word_1_530' title='bbox 1324 3850 1589 3907; x_wconf 90' lang='lat' dir='ltr'><strong>Chronico</strong></span> <span class='ocrx_word' id='word_1_531' title='bbox 1612 3854 1750 3908; x_wconf 92' lang='lat' dir='ltr'><strong>inte-</strong></span> 
     </span>
    </p>
   </div>
   <div class='ocr_carea' id='block_1_70' title="bbox 148 3914 1754 4016">
    <p class='ocr_par' dir='ltr' id='par_1_70' title="bbox 148 3914 1754 4016">
     <span class='ocr_line' id='line_1_70' title="bbox 148 3914 1754 4016; baseline 0.006 -24"><span class='ocrx_word' id='word_1_532' title='bbox 148 3914 252 4005; x_wconf 55' lang='grc' dir='ltr'>ὦ</span> <span class='ocrx_word' id='word_1_533' title='bbox 281 3937 505 3995; x_wconf 88' lang='lat' dir='ltr'><strong>dicens:</strong></span> <span class='ocrx_word' id='word_1_534' title='bbox 542 3959 562 3992; x_wconf 78' lang='grc' dir='ltr'><strong>ι</strong></span> <span class='ocrx_word' id='word_1_535' title='bbox 599 3914 853 3996; x_wconf 54' lang='lat' dir='ltr'><strong>Romanis</strong></span> <span class='ocrx_word' id='word_1_536' title='bbox 894 3942 1147 3997; x_wconf 73' lang='lat' dir='ltr'><strong>Ecclesia)</strong></span> <span class='ocrx_word' id='word_1_537' title='bbox 1183 3943 1545 4014; x_wconf 77' lang='lat' dir='ltr'><strong>episc0patum</strong></span> <span class='ocrx_word' id='word_1_538' title='bbox 1569 3988 1584 4012; x_wconf 91' lang='lat'><strong>,</strong></span> <span class='ocrx_word' id='word_1_539' title='bbox 1630 3957 1754 4016; x_wconf 89' lang='lat' dir='ltr'><strong>post</strong></span> 
     </span>
    </p>
   </div>
   <div class='ocr_carea' id='block_1_71' title="bbox 148 4027 1754 4105">
    <p class='ocr_par' dir='ltr' id='par_1_71' title="bbox 148 4027 1754 4105">
     <span class='ocr_line' id='line_1_71' title="bbox 148 4027 1754 4105; baseline 0.008 -24"><span class='ocrx_word' id='word_1_540' title='bbox 148 4027 391 4087; x_wconf 75' lang='lat' dir='ltr'><strong>Fabiani</strong></span> <span class='ocrx_word' id='word_1_541' title='bbox 434 4034 718 4104; x_wconf 80' lang='lat' dir='ltr'><strong>gloriosam</strong></span> <span class='ocrx_word' id='word_1_542' title='bbox 767 4046 1016 4101; x_wconf 87' lang='lat' dir='ltr'><strong>mortem,</strong></span> <span class='ocrx_word' id='word_1_543' title='bbox 1073 4051 1147 4089; x_wconf 80' lang='lat' dir='ltr'><strong>xx</strong></span> <span class='ocrx_word' id='word_1_544' title='bbox 1196 4036 1418 4105; x_wconf 88' lang='lat' dir='ltr'><strong>suscipit</strong></span> <span class='ocrx_word' id='word_1_545' title='bbox 1470 4036 1754 4094; x_wconf 88' lang='lat' dir='ltr'><strong>Cornelius</strong></span> 
     </span>
    </p>
   </div>
   <div class='ocr_carea' id='block_1_72' title="bbox 158 4123 1753 4200">
    <p class='ocr_par' dir='ltr' id='par_1_72' title="bbox 158 4123 1753 4200">
     <span class='ocr_line' id='line_1_72' title="bbox 158 4123 1753 4200; baseline 0.009 -28"><span class='ocrx_word' id='word_1_546' title='bbox 158 4123 324 4179; x_wconf 86' lang='lat' dir='ltr'><strong>annis</strong></span> <span class='ocrx_word' id='word_1_547' title='bbox 354 4124 571 4195; x_wconf 87' lang='lat' dir='ltr'><strong>duobus,</strong></span> <span class='ocrx_word' id='word_1_548' title='bbox 600 4127 689 4197; x_wconf 90' lang='lat' dir='ltr'><strong>qui</strong></span> <span class='ocrx_word' id='word_1_549' title='bbox 719 4135 838 4198; x_wconf 88' lang='lat' dir='ltr'><strong>post</strong></span> <span class='ocrx_word' id='word_1_550' title='bbox 855 4127 1127 4183; x_wconf 85' lang='lat' dir='ltr'><strong>biennium</strong></span> <span class='ocrx_word' id='word_1_551' title='bbox 1160 4127 1349 4184; x_wconf 92' lang='lat' dir='ltr'><strong>eodem</strong></span> <span class='ocrx_word' id='word_1_552' title='bbox 1380 4130 1639 4200; x_wconf 90' lang='lat' dir='ltr'><strong>martyrio</strong></span> <span class='ocrx_word' id='word_1_553' title='bbox 1659 4145 1753 4185; x_wconf 92' lang='lat' dir='ltr'><strong>co-</strong></span> 
     </span>
    </p>
   </div>
   <div class='ocr_carea' id='block_1_73' title="bbox 159 4229 1735 4274">
    <p class='ocr_par' dir='ltr' id='par_1_73' title="bbox 159 4229 1735 4274">
     <span class='ocr_line' id='line_1_73' title="bbox 159 4229 1735 4274; baseline 0.013 -4"><span class='ocrx_word' id='word_1_554' title='bbox 159 4229 409 4274; x_wconf 77' lang='lat' dir='ltr'><strong>ronatur.</strong></span> <span class='ocrx_word' id='word_1_555' title='bbox 438 4239 455 4273; x_wconf 78' lang='grc' dir='ltr'><strong>ι</strong></span> <span class='ocrx_word' id='word_1_556' title='bbox 1726 4230 1735 4239; x_wconf 63' lang='grc'><strong>“</strong></span> 
     </span>
    </p>
   </div>
   <div class='ocr_carea' id='block_1_74' title="bbox 242 4310 1745 4384">
    <p class='ocr_par' dir='ltr' id='par_1_74' title="bbox 242 4310 1745 4384">
     <span class='ocr_line' id='line_1_74' title="bbox 242 4310 1745 4384; baseline 0.003 -20"><span class='ocrx_word' id='word_1_557' title='bbox 242 4310 312 4365; x_wconf 82' lang='lat' dir='ltr'><strong>V.</strong></span> <span class='ocrx_word' id='word_1_558' title='bbox 350 4332 368 4365; x_wconf 79' lang='grc' dir='ltr'><strong>ι</strong></span> <span class='ocrx_word' id='word_1_559' title='bbox 397 4313 764 4384; x_wconf 84' lang='lat' dir='ltr'><strong>Episcopatum</strong></span> <span class='ocrx_word' id='word_1_560' title='bbox 808 4314 1045 4369; x_wconf 90' lang='lat' dir='ltr'><strong>tenuisse</strong></span> <span class='ocrx_word' id='word_1_561' title='bbox 1095 4312 1289 4369; x_wconf 89' lang='lat' dir='ltr'><strong>dicitur</strong></span> <span class='ocrx_word' id='word_1_562' title='bbox 1335 4313 1615 4368; x_wconf 89' lang='lat' dir='ltr'><strong>Cornelius</strong></span> <span class='ocrx_word' id='word_1_563' title='bbox 1675 4315 1745 4369; x_wconf 90' lang='lat' dir='ltr'><strong>ab</strong></span> 
     </span>
    </p>
   </div>
   <div class='ocr_carea' id='block_1_75' title="bbox 180 4398 1750 4482">
    <p class='ocr_par' dir='ltr' id='par_1_75' title="bbox 180 4398 1750 4482">
     <span class='ocr_line' id='line_1_75' title="bbox 180 4398 1750 4482; baseline 0.008 -29"><span class='ocrx_word' id='word_1_564' title='bbox 180 4398 615 4478; x_wconf 70' lang='lat' dir='ltr'><strong>Eusebioquidem</strong></span> <span class='ocrx_word' id='word_1_565' title='bbox 638 4408 718 4482; x_wconf 70' lang='lat'><strong>(2)</strong></span> <span class='ocrx_word' id='word_1_566' title='bbox 737 4427 753 4459; x_wconf 76' lang='grc' dir='ltr'><strong>ι</strong></span> <span class='ocrx_word' id='word_1_567' title='bbox 767 4408 917 4462; x_wconf 90' lang='lat' dir='ltr'><strong>annis</strong></span> <span class='ocrx_word' id='word_1_568' title='bbox 937 4407 1149 4462; x_wconf 87' lang='lat' dir='ltr'><strong>circiter</strong></span> <span class='ocrx_word' id='word_1_569' title='bbox 1170 4407 1355 4469; x_wconf 85' lang='lat' dir='ltr'><strong>tribus,</strong></span> <span class='ocrx_word' id='word_1_570' title='bbox 1371 4426 1390 4459; x_wconf 78' lang='grc' dir='ltr'><strong>ι</strong></span> <span class='ocrx_word' id='word_1_571' title='bbox 1412 4407 1465 4460; x_wconf 90' lang='lat' dir='ltr'><strong>in</strong></span> <span class='ocrx_word' id='word_1_572' title='bbox 1483 4409 1750 4465; x_wconf 88' lang='lat' dir='ltr'><strong>Chronico</strong></span> 
     </span>
    </p>
   </div>
   <div class='ocr_carea' id='block_1_76' title="bbox 188 4500 1746 4581">
    <p class='ocr_par' dir='ltr' id='par_1_76' title="bbox 188 4500 1746 4581">
     <span class='ocr_line' id='line_1_76' title="bbox 188 4500 1746 4581; baseline 0.003 -28"><span class='ocrx_word' id='word_1_573' title='bbox 188 4504 378 4563; x_wconf 78' lang='lat' dir='ltr'><strong>autem,</strong></span> <span class='ocrx_word' id='word_1_574' title='bbox 392 4503 459 4557; x_wconf 87' lang='lat' dir='ltr'><strong>cui</strong></span> <span class='ocrx_word' id='word_1_575' title='bbox 477 4502 835 4574; x_wconf 81' lang='lat' dir='ltr'><strong>Hieronymus</strong></span> <span class='ocrx_word' id='word_1_576' title='bbox 847 4501 1079 4557; x_wconf 90' lang='lat' dir='ltr'><strong>concinit</strong></span> <span class='ocrx_word' id='word_1_577' title='bbox 1098 4501 1176 4573; x_wconf 80' lang='grc'>(5)</span> <span class='ocrx_word' id='word_1_578' title='bbox 1201 4519 1218 4550; x_wconf 81' lang='grc' dir='ltr'><strong>ι</strong></span> <span class='ocrx_word' id='word_1_579' title='bbox 1241 4500 1670 4581; x_wconf 53' lang='lat' dir='ltr'><strong>annisduobusq</strong></span> <span class='ocrx_word' id='word_1_580' title='bbox 1690 4502 1746 4558; x_wconf 87' lang='lat' dir='ltr'><strong>In</strong></span> 
     </span>
    </p>
   </div>
   <div class='ocr_carea' id='block_1_77' title="bbox 182 4582 1829 4661">
    <p class='ocr_par' dir='ltr' id='par_1_77' title="bbox 182 4582 1829 4661">
     <span class='ocr_line' id='line_1_77' title="bbox 182 4582 1829 4661; baseline 0.008 -22"><span class='ocrx_word' id='word_1_581' title='bbox 182 4582 314 4644; x_wconf 88' lang='lat' dir='ltr'><strong>libro</strong></span> <span class='ocrx_word' id='word_1_582' title='bbox 334 4590 631 4661; x_wconf 72' lang='lat' dir='ltr'><strong>Pontilicali,</strong></span> <span class='ocrx_word' id='word_1_583' title='bbox 680 4612 699 4648; x_wconf 78' lang='grc' dir='ltr'><strong>ι</strong></span> <span class='ocrx_word' id='word_1_584' title='bbox 734 4594 888 4649; x_wconf 71' lang='lat' dir='ltr'><strong>annis</strong></span> <span class='ocrx_word' id='word_1_585' title='bbox 919 4594 1111 4659; x_wconf 89' lang='lat' dir='ltr'><strong>tribus,</strong></span> <span class='ocrx_word' id='word_1_586' title='bbox 1151 4592 1339 4647; x_wconf 92' lang='lat' dir='ltr'><strong>diebus</strong></span> <span class='ocrx_word' id='word_1_587' title='bbox 1380 4591 1609 4659; x_wconf 71' lang='lat' dir='ltr'><strong>decem;</strong></span> <span class='ocrx_word' id='word_1_588' title='bbox 1637 4615 1656 4648; x_wconf 77' lang='grc' dir='ltr'><strong>ι</strong></span> <span class='ocrx_word' id='word_1_589' title='bbox 1694 4596 1747 4651; x_wconf 91' lang='lat' dir='ltr'><strong>in</strong></span> <span class='ocrx_word' id='word_1_590' title='bbox 1775 4599 1829 4659; x_wconf 89' lang='lat' dir='ltr'><strong>D</strong></span> 
     </span>
    </p>
   </div>
   <div class='ocr_carea' id='block_1_78' title="bbox 181 4685 1750 4757">
    <p class='ocr_par' dir='ltr' id='par_1_78' title="bbox 181 4685 1750 4757">
     <span class='ocr_line' id='line_1_78' title="bbox 181 4685 1750 4757; baseline 0.006 -25"><span class='ocrx_word' id='word_1_591' title='bbox 181 4685 449 4754; x_wconf 78' lang='lat' dir='ltr'><strong>exemplari</strong></span> <span class='ocrx_word' id='word_1_592' title='bbox 468 4686 795 4753; x_wconf 84' lang='lat' dir='ltr'><strong>Corbcieusi,</strong></span> <span class='ocrx_word' id='word_1_593' title='bbox 820 4687 942 4741; x_wconf 88' lang='lat' dir='ltr'><strong>utin</strong></span> <span class='ocrx_word' id='word_1_594' title='bbox 963 4686 1296 4741; x_wconf 88' lang='lat' dir='ltr'><strong>Buchcriano</strong></span> <span class='ocrx_word' id='word_1_595' title='bbox 1314 4686 1580 4757; x_wconf 87' lang='lat' dir='ltr'><strong>catalogo,</strong></span> <span class='ocrx_word' id='word_1_596' title='bbox 1610 4704 1629 4738; x_wconf 81' lang='grc' dir='ltr'><strong>ι</strong></span> <span class='ocrx_word' id='word_1_597' title='bbox 1650 4703 1750 4742; x_wconf 90' lang='lat' dir='ltr'><strong>an-</strong></span> 
     </span>
    </p>
   </div>
   <div class='ocr_carea' id='block_1_79' title="bbox 168 4756 1753 4846">
    <p class='ocr_par' dir='ltr' id='par_1_79' title="bbox 168 4756 1753 4846">
     <span class='ocr_line' id='line_1_79' title="bbox 168 4756 1753 4846; baseline 0.009 -24"><span class='ocrx_word' id='word_1_598' title='bbox 168 4756 259 4826; x_wconf 71' lang='lat' dir='ltr'><strong>nis</strong></span> <span class='ocrx_word' id='word_1_599' title='bbox 282 4774 493 4845; x_wconf 89' lang='lat' dir='ltr'><strong>duobus,</strong></span> <span class='ocrx_word' id='word_1_600' title='bbox 520 4779 794 4834; x_wconf 71' lang='lat' dir='ltr'><strong>mensibus</strong></span> <span class='ocrx_word' id='word_1_601' title='bbox 823 4779 1009 4845; x_wconf 90' lang='lat' dir='ltr'><strong>tribus,</strong></span> <span class='ocrx_word' id='word_1_602' title='bbox 1034 4779 1220 4835; x_wconf 90' lang='lat' dir='ltr'><strong>diebus</strong></span> <span class='ocrx_word' id='word_1_603' title='bbox 1249 4779 1469 4846; x_wconf 88' lang='lat' dir='ltr'><strong>decem;</strong></span> <span class='ocrx_word' id='word_1_604' title='bbox 1499 4800 1515 4832; x_wconf 85' lang='grc'>›</span> <span class='ocrx_word' id='word_1_605' title='bbox 1544 4781 1595 4835; x_wconf 90' lang='lat' dir='ltr'><strong>in</strong></span> <span class='ocrx_word' id='word_1_606' title='bbox 1619 4781 1753 4837; x_wconf 80' lang='lat' dir='ltr'><strong>Fos-</strong></span> 
     </span>
    </p>
   </div>
   <div class='ocr_carea' id='block_1_80' title="bbox 170 4862 1751 4940">
    <p class='ocr_par' dir='ltr' id='par_1_80' title="bbox 170 4862 1751 4940">
     <span class='ocr_line' id='line_1_80' title="bbox 170 4862 1751 4940; baseline 0.008 -24"><span class='ocrx_word' id='word_1_607' title='bbox 170 4862 387 4931; x_wconf 77' lang='lat' dir='ltr'><strong>&#39;satensi,</strong></span> <span class='ocrx_word' id='word_1_608' title='bbox 427 4885 562 4925; x_wconf 91' lang='lat' dir='ltr'><strong>nunc</strong></span> <span class='ocrx_word' id='word_1_609' title='bbox 593 4869 927 4935; x_wconf 81' lang='lat' dir='ltr'><strong>Colbertino,</strong></span> <span class='ocrx_word' id='word_1_610' title='bbox 966 4886 1065 4927; x_wconf 91' lang='lat' dir='ltr'><strong>nec</strong></span> <span class='ocrx_word' id='word_1_611' title='bbox 1110 4886 1214 4926; x_wconf 92' lang='lat' dir='ltr'><strong>non</strong></span> <span class='ocrx_word' id='word_1_612' title='bbox 1253 4871 1391 4940; x_wconf 86' lang='lat' dir='ltr'><strong>apud</strong></span> <span class='ocrx_word' id='word_1_613' title='bbox 1434 4871 1751 4927; x_wconf 89' lang='lat' dir='ltr'><strong>Bollandum</strong></span> 
     </span>
    </p>
   </div>
   <div class='ocr_carea' id='block_1_81' title="bbox 191 4958 1747 5035">
    <p class='ocr_par' dir='ltr' id='par_1_81' title="bbox 191 4958 1747 5035">
     <span class='ocr_line' id='line_1_81' title="bbox 191 4958 1747 5035; baseline 0.003 -21"><span class='ocrx_word' id='word_1_614' title='bbox 191 4970 246 5010; x_wconf 74' lang='lat' dir='ltr'><strong>ex</strong></span> <span class='ocrx_word' id='word_1_615' title='bbox 290 4958 469 5017; x_wconf 85' lang='lat' dir='ltr'><strong>Codice</strong></span> <span class='ocrx_word' id='word_1_616' title='bbox 505 4964 630 5018; x_wconf 90' lang='lat' dir='ltr'><strong>olim</strong></span> <span class='ocrx_word' id='word_1_617' title='bbox 674 4964 971 5020; x_wconf 88' lang='lat' dir='ltr'><strong>Succorum</strong></span> <span class='ocrx_word' id='word_1_618' title='bbox 1019 4965 1235 5035; x_wconf 63' lang='lat' dir='ltr'><strong>regina‘,</strong></span> <span class='ocrx_word' id='word_1_619' title='bbox 1300 4980 1440 5019; x_wconf 88' lang='lat' dir='ltr'><strong>nunc</strong></span> <span class='ocrx_word' id='word_1_620' title='bbox 1474 4963 1747 5033; x_wconf 87' lang='lat' dir='ltr'><strong>Vaticano,</strong></span> 
     </span>
    </p>
   </div>
   <div class='ocr_carea' id='block_1_82' title="bbox 178 5036 1752 5128">
    <p class='ocr_par' dir='ltr' id='par_1_82' title="bbox 178 5036 1752 5128">
     <span class='ocr_line' id='line_1_82' title="bbox 178 5036 1752 5128; baseline 0.004 -24"><span class='ocrx_word' id='word_1_621' title='bbox 178 5038 348 5107; x_wconf 75' lang='lat' dir='ltr'><strong>&#39;tanno</strong></span> <span class='ocrx_word' id='word_1_622' title='bbox 367 5072 482 5125; x_wconf 91' lang='lat' dir='ltr'><strong>uno,</strong></span> <span class='ocrx_word' id='word_1_623' title='bbox 508 5036 781 5114; x_wconf 84' lang='lat' dir='ltr'><strong>mensibus</strong></span> <span class='ocrx_word' id='word_1_624' title='bbox 796 5058 1026 5124; x_wconf 89' lang='lat' dir='ltr'><strong>duobus,</strong></span> <span class='ocrx_word' id='word_1_625' title='bbox 1046 5057 1236 5113; x_wconf 90' lang='lat' dir='ltr'><strong>diebus</strong></span> <span class='ocrx_word' id='word_1_626' title='bbox 1264 5057 1430 5113; x_wconf 91' lang='lat' dir='ltr'><strong>tribus</strong></span> <span class='ocrx_word' id='word_1_627' title='bbox 1448 5099 1462 5124; x_wconf 95' lang='lat'><strong>,</strong></span> <span class='ocrx_word' id='word_1_628' title='bbox 1492 5076 1510 5110; x_wconf 83' lang='grc'><strong>›</strong></span> <span class='ocrx_word' id='word_1_629' title='bbox 1535 5058 1752 5128; x_wconf 89' lang='lat' dir='ltr'><strong>pontili-</strong></span> 
     </span>
    </p>
   </div>
   <div class='ocr_carea' id='block_1_83' title="bbox 188 5151 1750 5222">
    <p class='ocr_par' dir='ltr' id='par_1_83' title="bbox 188 5151 1750 5222">
     <span class='ocr_line' id='line_1_83' title="bbox 188 5151 1750 5222; baseline 0.006 -24"><span class='ocrx_word' id='word_1_630' title='bbox 188 5154 345 5215; x_wconf 16' lang='lat' dir='ltr'><strong>(catum</strong></span> <span class='ocrx_word' id='word_1_631' title='bbox 378 5152 604 5222; x_wconf 87' lang='lat' dir='ltr'><strong>gessisse</strong></span> <span class='ocrx_word' id='word_1_632' title='bbox 638 5151 849 5206; x_wconf 86' lang='lat' dir='ltr'><strong>dicitur.</strong></span> <span class='ocrx_word' id='word_1_633' title='bbox 884 5152 955 5207; x_wconf 90' lang='lat' dir='ltr'><strong>At</strong></span> <span class='ocrx_word' id='word_1_634' title='bbox 991 5151 1324 5207; x_wconf 79' lang='lat' dir='ltr'><strong>nOniiuatum</strong></span> <span class='ocrx_word' id='word_1_635' title='bbox 1357 5152 1750 5208; x_wconf 89' lang='lat' dir='ltr'><strong>Bucberianum</strong></span> 
     </span>
    </p>
   </div>
   <div class='ocr_carea' id='block_1_84' title="bbox 198 5239 1754 5314">
    <p class='ocr_par' dir='ltr' id='par_1_84' title="bbox 198 5239 1754 5314">
     <span class='ocr_line' id='line_1_84' title="bbox 198 5239 1754 5314; baseline 0.006 -24"><span class='ocrx_word' id='word_1_636' title='bbox 198 5239 478 5313; x_wconf 81' lang='lat' dir='ltr'><strong>catalogum,</strong></span> <span class='ocrx_word' id='word_1_637' title='bbox 505 5244 558 5299; x_wconf 92' lang='lat' dir='ltr'><strong>in</strong></span> <span class='ocrx_word' id='word_1_638' title='bbox 586 5259 691 5313; x_wconf 87' lang='lat' dir='ltr'><strong>quo</strong></span> <span class='ocrx_word' id='word_1_639' title='bbox 714 5243 1020 5299; x_wconf 90' lang='lat' dir='ltr'><strong>Cornelium</strong></span> <span class='ocrx_word' id='word_1_640' title='bbox 1048 5243 1254 5300; x_wconf 89' lang='lat' dir='ltr'><strong>sedisse</strong></span> <span class='ocrx_word' id='word_1_641' title='bbox 1280 5244 1502 5314; x_wconf 87' lang='lat' dir='ltr'><strong>legimus</strong></span> <span class='ocrx_word' id='word_1_642' title='bbox 1538 5266 1557 5298; x_wconf 77' lang='grc' dir='ltr'><strong>ι</strong></span> <span class='ocrx_word' id='word_1_643' title='bbox 1581 5261 1754 5301; x_wconf 88' lang='lat' dir='ltr'><strong>annos</strong></span> 
     </span>
    </p>
   </div>
   <div class='ocr_carea' id='block_1_85' title="bbox 199 5328 1751 5406">
    <p class='ocr_par' dir='ltr' id='par_1_85' title="bbox 199 5328 1751 5406">
     <span class='ocr_line' id='line_1_85' title="bbox 199 5328 1751 5406; baseline 0.003 -15"><span class='ocrx_word' id='word_1_644' title='bbox 199 5328 329 5403; x_wconf 77' lang='lat' dir='ltr'><strong>duos,</strong></span> <span class='ocrx_word' id='word_1_645' title='bbox 362 5354 568 5394; x_wconf 83' lang='lat' dir='ltr'><strong>menses</strong></span> <span class='ocrx_word' id='word_1_646' title='bbox 613 5349 743 5402; x_wconf 88' lang='lat' dir='ltr'><strong>tres,</strong></span> <span class='ocrx_word' id='word_1_647' title='bbox 785 5338 901 5394; x_wconf 91' lang='lat' dir='ltr'><strong>dies</strong></span> <span class='ocrx_word' id='word_1_648' title='bbox 943 5338 1152 5406; x_wconf 86' lang='lat' dir='ltr'><strong>decem,</strong></span> <span class='ocrx_word' id='word_1_649' title='bbox 1185 5354 1216 5393; x_wconf 91' lang='lat' dir='ltr'><strong>a</strong></span> <span class='ocrx_word' id='word_1_650' title='bbox 1244 5339 1557 5393; x_wconf 86' lang='lat' dir='ltr'><strong>consulibus</strong></span> <span class='ocrx_word' id='word_1_651' title='bbox 1594 5341 1751 5396; x_wconf 91' lang='lat' dir='ltr'><strong>Decio</strong></span> 
     </span>
    </p>
   </div>
   <div class='ocr_carea' id='block_1_86' title="bbox 198 5419 1749 5502">
    <p class='ocr_par' dir='ltr' id='par_1_86' title="bbox 198 5419 1749 5502">
     <span class='ocr_line' id='line_1_86' title="bbox 198 5419 1749 5502; baseline 0.003 -21"><span class='ocrx_word' id='word_1_652' title='bbox 198 5419 270 5495; x_wconf 72' lang='lat' dir='ltr'><strong>IV,</strong></span> <span class='ocrx_word' id='word_1_653' title='bbox 289 5439 333 5485; x_wconf 89' lang='lat' dir='ltr'><strong>et</strong></span> <span class='ocrx_word' id='word_1_654' title='bbox 354 5429 503 5486; x_wconf 87' lang='lat' dir='ltr'><strong>Decio</strong></span> <span class='ocrx_word' id='word_1_655' title='bbox 528 5429 594 5499; x_wconf 95' lang='lat' dir='ltr'><strong>ll,</strong></span> <span class='ocrx_word' id='word_1_656' title='bbox 617 5445 787 5502; x_wconf 88' lang='lat' dir='ltr'><strong>usque</strong></span> <span class='ocrx_word' id='word_1_657' title='bbox 803 5431 956 5486; x_wconf 86' lang='lat' dir='ltr'><strong>Gallo</strong></span> <span class='ocrx_word' id='word_1_658' title='bbox 980 5441 1033 5485; x_wconf 94' lang='lat' dir='ltr'><strong>et</strong></span> <span class='ocrx_word' id='word_1_659' title='bbox 1049 5429 1359 5496; x_wconf 79' lang='lat' dir='ltr'><strong>Volusiano,</strong></span> <span class='ocrx_word' id='word_1_660' title='bbox 1386 5448 1405 5481; x_wconf 68' lang='grc' dir='ltr'><strong>ι</strong></span> <span class='ocrx_word' id='word_1_661' title='bbox 1433 5429 1749 5486; x_wconf 88' lang='lat' dir='ltr'><strong>mendosqu</strong></span> 
     </span>
    </p>
   </div>
   <div class='ocr_carea' id='block_1_87' title="bbox 256 5583 1751 5658">
    <p class='ocr_par' dir='ltr' id='par_1_87' title="bbox 256 5583 1751 5658">
     <span class='ocr_line' id='line_1_87' title="bbox 256 5583 1751 5658; baseline -0.001 -19"><span class='ocrx_word' id='word_1_662' title='bbox 256 5584 324 5656; x_wconf 84' lang='lat' dir='ltr'><strong>(l)</strong></span> <span class='ocrx_word' id='word_1_663' title='bbox 356 5583 665 5658; x_wconf 9' lang='lat' dir='ltr'><strong>Vllieronytn.</strong></span> <span class='ocrx_word' id='word_1_664' title='bbox 730 5584 794 5638; x_wconf 82' lang='lat' dir='ltr'><strong>de</strong></span> <span class='ocrx_word' id='word_1_665' title='bbox 842 5584 1038 5654; x_wconf 84' lang='lat' dir='ltr'><strong>Script.</strong></span> <span class='ocrx_word' id='word_1_666' title='bbox 1098 5584 1298 5641; x_wconf 77' lang='lat' dir='ltr'><strong>Eccles.</strong></span> <span class='ocrx_word' id='word_1_667' title='bbox 1363 5585 1417 5639; x_wconf 83' lang='lat' dir='ltr'><strong>in</strong></span> <span class='ocrx_word' id='word_1_668' title='bbox 1466 5584 1701 5657; x_wconf 81' lang='lat' dir='ltr'><strong>Catalog.</strong></span> <span class='ocrx_word' id='word_1_669' title='bbox 1735 5626 1751 5654; x_wconf 92' lang='lat'><strong>,</strong></span> 
     </span>
    </p>
   </div>
   <div class='ocr_carea' id='block_1_88' title="bbox 188 5657 1207 5810">
    <p class='ocr_par' dir='ltr' id='par_1_88' title="bbox 188 5657 1207 5810">
     <span class='ocr_line' id='line_1_88' title="bbox 188 5657 1207 5810; baseline -0.019 -23"><span class='ocrx_word' id='word_1_670' title='bbox 564 5727 631 5781; x_wconf 77' lang='grc' dir='ltr'>Η.</span> <span class='ocrx_word' id='word_1_671' title='bbox 660 5725 731 5810; x_wconf 49' lang='grc' dir='ltr'><strong>Ε..</strong></span> <span class='ocrx_word' id='word_1_672' title='bbox 752 5726 1120 5810; x_wconf 47' lang='grc' dir='ltr'><strong>Ιίρ’,.νιῐε.ρερ,</strong></span> <span class='ocrx_word' id='word_1_673' title='bbox 1152 5726 1207 5781; x_wconf 69' lang='grc'><strong>2,</strong></span> 
     </span>
    </p>
   </div>
   <div class='ocr_carea' id='block_1_89' title="bbox 257 5797 1397 5874">
    <p class='ocr_par' dir='ltr' id='par_1_89' title="bbox 257 5797 1397 5874">
     <span class='ocr_line' id='line_1_89' title="bbox 257 5797 1397 5874; baseline -0.004 -17"><span class='ocrx_word' id='word_1_674' title='bbox 257 5797 665 5874; x_wconf 71' lang='lat' dir='ltr'><strong>(Slﬂieronym.,</strong></span> <span class='ocrx_word' id='word_1_675' title='bbox 695 5800 759 5851; x_wconf 81' lang='lat' dir='ltr'><strong>de</strong></span> <span class='ocrx_word' id='word_1_676' title='bbox 800 5797 908 5853; x_wconf 78' lang='lat' dir='ltr'><strong>Vir.</strong></span> <span class='ocrx_word' id='word_1_677' title='bbox 933 5798 1288 5871; x_wconf 79' lang='lat' dir='ltr'><strong>illustr.,eap.</strong></span> <span class='ocrx_word' id='word_1_678' title='bbox 1310 5798 1397 5854; x_wconf 75' lang='lat'><strong>66.</strong></span> 
     </span>
    </p>
   </div>
   <div class='ocr_carea' id='block_1_90' title="bbox 433 5888 866 5954">
    <p class='ocr_par' dir='ltr' id='par_1_90' title="bbox 433 5888 866 5954">
     <span class='ocr_line' id='line_1_90' title="bbox 433 5888 866 5954; baseline -0.016 0"><span class='ocrx_word' id='word_1_679' title='bbox 433 5888 710 5954; x_wconf 66' lang='lat' dir='ltr'><strong>PATROL.</strong></span> <span class='ocrx_word' id='word_1_680' title='bbox 756 5888 866 5951; x_wconf 88' lang='lat' dir='ltr'><strong>lll.</strong></span> 
     </span>
    </p>
   </div>
   <div class='ocr_carea' id='block_1_91' title="bbox 1862 3296 3462 3392">
    <p class='ocr_par' dir='ltr' id='par_1_91' title="bbox 1862 3296 3462 3392">
     <span class='ocr_line' id='line_1_91' title="bbox 1862 3296 3462 3392; baseline 0.026 -41"><span class='ocrx_word' id='word_1_681' title='bbox 1862 3296 2191 3371; x_wconf 88' lang='lat' dir='ltr'><strong>Episc0pum</strong></span> <span class='ocrx_word' id='word_1_682' title='bbox 2239 3304 2395 3362; x_wconf 86' lang='lat' dir='ltr'><strong>Urbis</strong></span> <span class='ocrx_word' id='word_1_683' title='bbox 2435 3322 2742 3382; x_wconf 89' lang='lat' dir='ltr'><strong>cooptatum</strong></span> <span class='ocrx_word' id='word_1_684' title='bbox 2784 3321 3048 3379; x_wconf 81' lang='lat' dir='ltr'><strong>didicerit.</strong></span> <span class='ocrx_word' id='word_1_685' title='bbox 3083 3328 3253 3386; x_wconf 86' lang='lat' dir='ltr'><strong>Porro</strong></span> <span class='ocrx_word' id='word_1_686' title='bbox 3286 3296 3462 3392; x_wconf 79' lang='lat' dir='ltr'><strong>Julius</strong></span> 
     </span>
    </p>
   </div>
   <div class='ocr_carea' id='block_1_92' title="bbox 1860 3396 3461 3493">
    <p class='ocr_par' dir='ltr' id='par_1_92' title="bbox 1860 3396 3461 3493">
     <span class='ocr_line' id='line_1_92' title="bbox 1860 3396 3461 3493; baseline 0.026 -50"><span class='ocrx_word' id='word_1_687' title='bbox 1860 3405 2091 3462; x_wconf 88' lang='lat' dir='ltr'><strong>purpura</strong></span> <span class='ocrx_word' id='word_1_688' title='bbox 2131 3396 2270 3451; x_wconf 84' lang='lat' dir='ltr'><strong>circa</strong></span> <span class='ocrx_word' id='word_1_689' title='bbox 2313 3416 2553 3459; x_wconf 86' lang='lat' dir='ltr'><strong>mensem</strong></span> <span class='ocrx_word' id='word_1_690' title='bbox 2581 3407 2776 3464; x_wconf 84' lang='lat' dir='ltr'><strong>Maium</strong></span> <span class='ocrx_word' id='word_1_691' title='bbox 2808 3416 2933 3468; x_wconf 89' lang='lat' dir='ltr'><strong>anni</strong></span> <span class='ocrx_word' id='word_1_692' title='bbox 2963 3416 3061 3473; x_wconf 74' lang='lat' dir='ltr'><strong>25l</strong></span> <span class='ocrx_word' id='word_1_693' title='bbox 3095 3435 3330 3493; x_wconf 89' lang='lat' dir='ltr'><strong>arrepta,</strong></span> <span class='ocrx_word' id='word_1_694' title='bbox 3360 3443 3461 3485; x_wconf 90' lang='lat' dir='ltr'><strong>nec</strong></span> 
     </span>
    </p>
   </div>
   <div class='ocr_carea' id='block_1_93' title="bbox 1858 3485 3460 3578">
    <p class='ocr_par' dir='ltr' id='par_1_93' title="bbox 1858 3485 3460 3578">
     <span class='ocr_line' id='line_1_93' title="bbox 1858 3485 3460 3578; baseline 0.025 -41"><span class='ocrx_word' id='word_1_695' title='bbox 1858 3485 2031 3540; x_wconf 90' lang='lat' dir='ltr'><strong>multo</strong></span> <span class='ocrx_word' id='word_1_696' title='bbox 2054 3499 2174 3557; x_wconf 91' lang='lat' dir='ltr'><strong>post</strong></span> <span class='ocrx_word' id='word_1_697' title='bbox 2202 3494 2414 3550; x_wconf 84' lang='lat' dir='ltr'><strong>occisus</strong></span> <span class='ocrx_word' id='word_1_698' title='bbox 2446 3509 2549 3552; x_wconf 91' lang='lat' dir='ltr'><strong>est.</strong></span> <span class='ocrx_word' id='word_1_699' title='bbox 2582 3501 2802 3559; x_wconf 84' lang='lat' dir='ltr'><strong>Demum</strong></span> <span class='ocrx_word' id='word_1_700' title='bbox 2834 3506 3100 3567; x_wconf 87' lang='lat' dir='ltr'><strong>Eusebius</strong></span> <span class='ocrx_word' id='word_1_701' title='bbox 3129 3525 3183 3568; x_wconf 92' lang='lat' dir='ltr'><strong>et</strong></span> <span class='ocrx_word' id='word_1_702' title='bbox 3208 3485 3328 3573; x_wconf 75' lang='lat' dir='ltr'><strong>cuni</strong></span> <span class='ocrx_word' id='word_1_703' title='bbox 3356 3520 3460 3578; x_wconf 89' lang='lat' dir='ltr'><strong>hac</strong></span> 
     </span>
    </p>
   </div>
   <div class='ocr_carea' id='block_1_94' title="bbox 1858 3582 3458 3671">
    <p class='ocr_par' dir='ltr' id='par_1_94' title="bbox 1858 3582 3458 3671">
     <span class='ocr_line' id='line_1_94' title="bbox 1858 3582 3458 3671; baseline 0.026 -40"><span class='ocrx_word' id='word_1_704' title='bbox 1858 3582 2121 3634; x_wconf 62' lang='lat' dir='ltr'><strong>sententia</strong></span> <span class='ocrx_word' id='word_1_705' title='bbox 2150 3593 2205 3638; x_wconf 92' lang='lat' dir='ltr'><strong>et</strong></span> <span class='ocrx_word' id='word_1_706' title='bbox 2225 3599 2407 3642; x_wconf 89' lang='lat' dir='ltr'><strong>secum</strong></span> <span class='ocrx_word' id='word_1_707' title='bbox 2440 3594 2711 3649; x_wconf 78' lang='lat' dir='ltr'><strong>concili-tri</strong></span> <span class='ocrx_word' id='word_1_708' title='bbox 2740 3599 2816 3653; x_wconf 66' lang='lat' dir='ltr'><strong>sic</strong></span> <span class='ocrx_word' id='word_1_709' title='bbox 2845 3613 3017 3669; x_wconf 90' lang='lat' dir='ltr'><strong>potest</strong></span> <span class='ocrx_word' id='word_1_710' title='bbox 3049 3622 3063 3659; x_wconf 93' lang='lat'><strong>:</strong></span> <span class='ocrx_word' id='word_1_711' title='bbox 3099 3617 3155 3662; x_wconf 90' lang='lat' dir='ltr'><strong>ut</strong></span> <span class='ocrx_word' id='word_1_712' title='bbox 3180 3627 3300 3666; x_wconf 91' lang='lat' dir='ltr'><strong>cum</strong></span> <span class='ocrx_word' id='word_1_713' title='bbox 3322 3613 3458 3671; x_wconf 83' lang='lat' dir='ltr'><strong>Cor-</strong></span> 
     </span>
    </p>
   </div>
   <div class='ocr_carea' id='block_1_95' title="bbox 1858 3670 3457 3765">
    <p class='ocr_par' dir='ltr' id='par_1_95' title="bbox 1858 3670 3457 3765">
     <span class='ocr_line' id='line_1_95' title="bbox 1858 3670 3457 3765; baseline 0.025 -43"><span class='ocrx_word' id='word_1_714' title='bbox 1858 3670 2058 3725; x_wconf 87' lang='lat' dir='ltr'><strong>nelium</strong></span> <span class='ocrx_word' id='word_1_715' title='bbox 2094 3691 2112 3723; x_wconf 80' lang='grc' dir='ltr'><strong>ι</strong></span> <span class='ocrx_word' id='word_1_716' title='bbox 2150 3675 2306 3731; x_wconf 86' lang='lat' dir='ltr'><strong>anuis</strong></span> <span class='ocrx_word' id='word_1_717' title='bbox 2331 3679 2546 3737; x_wconf 83' lang='lat' dir='ltr'><strong>circiter</strong></span> <span class='ocrx_word' id='word_1_718' title='bbox 2573 3685 2739 3741; x_wconf 89' lang='lat' dir='ltr'><strong>tribus</strong></span> <span class='ocrx_word' id='word_1_719' title='bbox 2771 3707 2790 3739; x_wconf 74' lang='grc' dir='ltr'><strong>ι</strong></span> <span class='ocrx_word' id='word_1_720' title='bbox 2824 3692 3189 3764; x_wconf 80' lang='lat' dir='ltr'><strong>episcopatum</strong></span> <span class='ocrx_word' id='word_1_721' title='bbox 3221 3670 3457 3765; x_wconf 80' lang='lat' dir='ltr'><strong>tenuisse</strong></span> 
     </span>
    </p>
   </div>
   <div class='ocr_carea' id='block_1_96' title="bbox 1855 3763 3454 3854">
    <p class='ocr_par' dir='ltr' id='par_1_96' title="bbox 1855 3763 3454 3854">
     <span class='ocr_line' id='line_1_96' title="bbox 1855 3763 3454 3854; baseline 0.024 -39"><span class='ocrx_word' id='word_1_722' title='bbox 1855 3763 2061 3834; x_wconf 69' lang='lat' dir='ltr'><strong>scribit,</strong></span> <span class='ocrx_word' id='word_1_723' title='bbox 2093 3775 2303 3839; x_wconf 88' lang='lat' dir='ltr'><strong>tempus</strong></span> <span class='ocrx_word' id='word_1_724' title='bbox 2338 3788 2366 3826; x_wconf 90' lang='lat' dir='ltr'><strong>a</strong></span> <span class='ocrx_word' id='word_1_725' title='bbox 2417 3773 2633 3832; x_wconf 89' lang='lat' dir='ltr'><strong>Fabiani</strong></span> <span class='ocrx_word' id='word_1_726' title='bbox 2678 3780 2822 3835; x_wconf 88' lang='lat' dir='ltr'><strong>obitu</strong></span> <span class='ocrx_word' id='word_1_727' title='bbox 2863 3786 2927 3838; x_wconf 87' lang='lat' dir='ltr'><strong>ad</strong></span> <span class='ocrx_word' id='word_1_728' title='bbox 2959 3763 3190 3846; x_wconf 89' lang='lat' dir='ltr'><strong>Cornelii</strong></span> <span class='ocrx_word' id='word_1_729' title='bbox 3226 3763 3454 3854; x_wconf 84' lang='lat' dir='ltr'><strong>mortem</strong></span> 
     </span>
    </p>
   </div>
   <div class='ocr_carea' id='block_1_97' title="bbox 1854 3852 3458 3945">
    <p class='ocr_par' dir='ltr' id='par_1_97' title="bbox 1854 3852 3458 3945">
     <span class='ocr_line' id='line_1_97' title="bbox 1854 3852 3458 3945; baseline 0.023 -38"><span class='ocrx_word' id='word_1_730' title='bbox 1854 3852 2195 3925; x_wconf 87' lang='lat' dir='ltr'><strong>iuterjectum</strong></span> <span class='ocrx_word' id='word_1_731' title='bbox 2221 3861 2468 3931; x_wconf 87' lang='lat' dir='ltr'><strong>judicare</strong></span> <span class='ocrx_word' id='word_1_732' title='bbox 2500 3869 2762 3938; x_wconf 83' lang='lat' dir='ltr'><strong>voluerit;</strong></span> <span class='ocrx_word' id='word_1_733' title='bbox 2794 3875 2884 3929; x_wconf 90' lang='lat' dir='ltr'><strong>ubi</strong></span> <span class='ocrx_word' id='word_1_734' title='bbox 2907 3889 3084 3934; x_wconf 90' lang='lat' dir='ltr'><strong>autem</strong></span> <span class='ocrx_word' id='word_1_735' title='bbox 3117 3897 3238 3937; x_wconf 92' lang='lat' dir='ltr'><strong>eum</strong></span> <span class='ocrx_word' id='word_1_736' title='bbox 3275 3905 3295 3937; x_wconf 74' lang='grc' dir='ltr'><strong>ι</strong></span> <span class='ocrx_word' id='word_1_737' title='bbox 3329 3888 3458 3945; x_wconf 90' lang='lat' dir='ltr'><strong>duo-</strong></span> 
     </span>
    </p>
   </div>
   <div class='ocr_carea' id='block_1_98' title="bbox 1854 3947 3454 4039">
    <p class='ocr_par' dir='ltr' id='par_1_98' title="bbox 1854 3947 3454 4039">
     <span class='ocr_line' id='line_1_98' title="bbox 1854 3947 3454 4039; baseline 0.023 -38"><span class='ocrx_word' id='word_1_738' title='bbox 1854 3947 1955 4002; x_wconf 91' lang='lat' dir='ltr'><strong>bus</strong></span> <span class='ocrx_word' id='word_1_739' title='bbox 1981 3952 2136 4005; x_wconf 91' lang='lat' dir='ltr'><strong>annis</strong></span> <span class='ocrx_word' id='word_1_740' title='bbox 2168 3971 2186 4002; x_wconf 80' lang='grc'><strong>»</strong></span> <span class='ocrx_word' id='word_1_741' title='bbox 2221 3955 2429 4011; x_wconf 90' lang='lat' dir='ltr'><strong>sedisse</strong></span> <span class='ocrx_word' id='word_1_742' title='bbox 2457 3959 2635 4039; x_wconf 85' lang='lat' dir='ltr'><strong>docet,</strong></span> <span class='ocrx_word' id='word_1_743' title='bbox 2667 3981 2827 4019; x_wconf 91' lang='lat' dir='ltr'><strong>unum</strong></span> <span class='ocrx_word' id='word_1_744' title='bbox 2856 3971 3207 4039; x_wconf 86' lang='lat' dir='ltr'><strong>completum,</strong></span> <span class='ocrx_word' id='word_1_745' title='bbox 3239 3988 3293 4031; x_wconf 91' lang='lat' dir='ltr'><strong>et</strong></span> <span class='ocrx_word' id='word_1_746' title='bbox 3320 3980 3454 4038; x_wconf 85' lang='lat' dir='ltr'><strong>alte-</strong></span> 
     </span>
    </p>
   </div>
   <div class='ocr_carea' id='block_1_99' title="bbox 1855 4041 3452 4142">
    <p class='ocr_par' dir='ltr' id='par_1_99' title="bbox 1855 4041 3452 4142">
     <span class='ocr_line' id='line_1_99' title="bbox 1855 4041 3452 4142; baseline 0.024 -52"><span class='ocrx_word' id='word_1_747' title='bbox 1855 4054 1972 4094; x_wconf 90' lang='lat' dir='ltr'><strong>rttm</strong></span> <span class='ocrx_word' id='word_1_748' title='bbox 2000 4041 2306 4100; x_wconf 87' lang='lat' dir='ltr'><strong>inchoatum</strong></span> <span class='ocrx_word' id='word_1_749' title='bbox 2348 4063 2445 4117; x_wconf 91' lang='lat' dir='ltr'><strong>pro</strong></span> <span class='ocrx_word' id='word_1_750' title='bbox 2474 4050 2682 4109; x_wconf 89' lang='lat' dir='ltr'><strong>duobus</strong></span> <span class='ocrx_word' id='word_1_751' title='bbox 2704 4062 3049 4126; x_wconf 80' lang='lat' dir='ltr'><strong>compatarit.</strong></span> <span class='ocrx_word' id='word_1_752' title='bbox 3092 4082 3107 4112; x_wconf 79' lang='grc' dir='ltr'><strong>ι</strong></span> <span class='ocrx_word' id='word_1_753' title='bbox 3148 4065 3260 4122; x_wconf 82' lang='lat' dir='ltr'><strong>lluc</strong></span> <span class='ocrx_word' id='word_1_754' title='bbox 3285 4085 3452 4142; x_wconf 90' lang='lat' dir='ltr'><strong>usque</strong></span> 
     </span>
    </p>
   </div>
   <div class='ocr_carea' id='block_1_100' title="bbox 1854 4129 3452 4218">
    <p class='ocr_par' dir='ltr' id='par_1_100' title="bbox 1854 4129 3452 4218">
     <span class='ocr_line' id='line_1_100' title="bbox 1854 4129 3452 4218; baseline 0.021 -34"><span class='ocrx_word' id='word_1_755' title='bbox 1854 4129 2197 4190; x_wconf 88' lang='lat' dir='ltr'><strong>Constantius</strong></span> <span class='ocrx_word' id='word_1_756' title='bbox 2227 4151 2409 4193; x_wconf 90' lang='lat' dir='ltr'><strong>noster</strong></span> <span class='ocrx_word' id='word_1_757' title='bbox 2440 4139 2543 4211; x_wconf 86' lang='lat'><strong>(6).</strong></span> <span class='ocrx_word' id='word_1_758' title='bbox 2573 4143 2779 4199; x_wconf 77' lang='lat' dir='ltr'><strong>Videsis</strong></span> <span class='ocrx_word' id='word_1_759' title='bbox 2808 4148 2968 4203; x_wconf 86' lang='lat' dir='ltr'><strong>etiam</strong></span> <span class='ocrx_word' id='word_1_760' title='bbox 2994 4153 3279 4213; x_wconf 87' lang='lat' dir='ltr'><strong>clarissimi</strong></span> <span class='ocrx_word' id='word_1_761' title='bbox 3310 4129 3452 4218; x_wconf 67' lang='lat' dir='ltr'><strong>inter</strong></span> 
     </span>
    </p>
   </div>
   <div class='ocr_carea' id='block_1_101' title="bbox 1857 4221 3452 4307">
    <p class='ocr_par' dir='ltr' id='par_1_101' title="bbox 1857 4221 3452 4307">
     <span class='ocr_line' id='line_1_101' title="bbox 1857 4221 3452 4307; baseline 0.02 -32"><span class='ocrx_word' id='word_1_762' title='bbox 1857 4221 2213 4281; x_wconf 85' lang='lat' dir='ltr'><strong>Bollandistas</strong></span> <span class='ocrx_word' id='word_1_763' title='bbox 2247 4227 2582 4287; x_wconf 87' lang='lat' dir='ltr'><strong>Constantini</strong></span> <span class='ocrx_word' id='word_1_764' title='bbox 2601 4234 2868 4304; x_wconf 87' lang='lat' dir='ltr'><strong>Suyskeni</strong></span> <span class='ocrx_word' id='word_1_765' title='bbox 2894 4248 3337 4305; x_wconf 87' lang='lat' dir='ltr'><strong>commentarium</strong></span> <span class='ocrx_word' id='word_1_766' title='bbox 3372 4254 3452 4307; x_wconf 86' lang='lat' dir='ltr'><strong>lti-</strong></span> 
     </span>
    </p>
   </div>
   <div class='ocr_carea' id='block_1_102' title="bbox 1857 4317 3452 4411">
    <p class='ocr_par' dir='ltr' id='par_1_102' title="bbox 1857 4317 3452 4411">
     <span class='ocr_line' id='line_1_102' title="bbox 1857 4317 3452 4411; baseline 0.023 -44"><span class='ocrx_word' id='word_1_767' title='bbox 1857 4317 2113 4371; x_wconf 91' lang='lat' dir='ltr'><strong>storicum</strong></span> <span class='ocrx_word' id='word_1_768' title='bbox 2137 4318 2205 4373; x_wconf 91' lang='lat' dir='ltr'><strong>de</strong></span> <span class='ocrx_word' id='word_1_769' title='bbox 2237 4319 2295 4375; x_wconf 91' lang='lat' dir='ltr'><strong>S.</strong></span> <span class='ocrx_word' id='word_1_770' title='bbox 2328 4320 2581 4380; x_wconf 92' lang='lat' dir='ltr'><strong>Cornelio</strong></span> <span class='ocrx_word' id='word_1_771' title='bbox 2612 4327 2750 4397; x_wconf 84' lang='lat' dir='ltr'><strong>Papa</strong></span> <span class='ocrx_word' id='word_1_772' title='bbox 2778 4340 2832 4386; x_wconf 87' lang='lat' dir='ltr'><strong>et</strong></span> <span class='ocrx_word' id='word_1_773' title='bbox 2858 4332 3110 4406; x_wconf 79' lang='lat' dir='ltr'><strong>Martyrc,</strong></span> <span class='ocrx_word' id='word_1_774' title='bbox 3140 4338 3167 4411; x_wconf 85' lang='lat'><strong>§</strong></span> <span class='ocrx_word' id='word_1_775' title='bbox 3198 4344 3256 4409; x_wconf 83' lang='grc' dir='ltr'><strong><em>ιι,</em></strong></span> <span class='ocrx_word' id='word_1_776' title='bbox 3300 4361 3357 4399; x_wconf 89' lang='grc' dir='ltr'><strong>ιιι</strong></span> <span class='ocrx_word' id='word_1_777' title='bbox 3396 4359 3452 4403; x_wconf 92' lang='lat' dir='ltr'><strong>et</strong></span> 
     </span>
    </p>
   </div>
   <div class='ocr_carea' id='block_1_103' title="bbox 1856 4413 3442 4502">
    <p class='ocr_par' dir='ltr' id='par_1_103' title="bbox 1856 4413 3442 4502">
     <span class='ocr_line' id='line_1_103' title="bbox 1856 4413 3442 4502; baseline 0.021 -40"><span class='ocrx_word' id='word_1_778' title='bbox 1856 4422 1909 4462; x_wconf 80' lang='lat' dir='ltr'><strong>tv</strong></span> <span class='ocrx_word' id='word_1_779' title='bbox 1930 4451 1942 4470; x_wconf 91' lang='lat'><strong>,</strong></span> <span class='ocrx_word' id='word_1_780' title='bbox 1975 4418 2029 4463; x_wconf 91' lang='lat' dir='ltr'><strong>et</strong></span> <span class='ocrx_word' id='word_1_781' title='bbox 2062 4413 2356 4478; x_wconf 74' lang='lat' dir='ltr'><strong>prtcserlitu</strong></span> <span class='ocrx_word' id='word_1_782' title='bbox 2397 4414 2425 4487; x_wconf 84' lang='lat'>§</span> <span class='ocrx_word' id='word_1_783' title='bbox 2461 4433 2553 4487; x_wconf 81' lang='lat' dir='ltr'><strong>xu,</strong></span> <span class='ocrx_word' id='word_1_784' title='bbox 2613 4437 2732 4493; x_wconf 89' lang='lat' dir='ltr'><strong>pag.</strong></span> <span class='ocrx_word' id='word_1_785' title='bbox 2767 4424 2867 4480; x_wconf 79' lang='grc'><strong>177</strong></span> <span class='ocrx_word' id='word_1_786' title='bbox 2894 4436 2949 4483; x_wconf 87' lang='lat' dir='ltr'><strong>et</strong></span> <span class='ocrx_word' id='word_1_787' title='bbox 2986 4444 3138 4502; x_wconf 84' lang='lat' dir='ltr'><strong>seqq.</strong></span> <span class='ocrx_word' id='word_1_788' title='bbox 3169 4433 3340 4493; x_wconf 79' lang='lat' dir='ltr'><strong>Temo</strong></span> <span class='ocrx_word' id='word_1_789' title='bbox 3369 4456 3442 4496; x_wconf 81' lang='lat' dir='ltr'><strong>tv.</strong></span> 
     </span>
    </p>
   </div>
   <div class='ocr_carea' id='block_1_104' title="bbox 1855 4498 2206 4570">
    <p class='ocr_par' dir='ltr' id='par_1_104' title="bbox 1855 4498 2206 4570">
     <span class='ocr_line' id='line_1_104' title="bbox 1855 4498 2206 4570; baseline 0.006 -15"><span class='ocrx_word' id='word_1_790' title='bbox 1855 4498 2206 4570; x_wconf 86' lang='lat' dir='ltr'><strong>Septembris.</strong></span> 
     </span>
    </p>
   </div>
   <div class='ocr_carea' id='block_1_105' title="bbox 2399 4622 2875 4687">
    <p class='ocr_par' dir='ltr' id='par_1_105' title="bbox 2399 4622 2875 4687">
     <span class='ocr_line' id='line_1_105' title="bbox 2399 4622 2875 4687; baseline 0.017 -8"><span class='ocrx_word' id='word_1_791' title='bbox 2399 4622 2787 4687; x_wconf 83' lang='lat' dir='ltr'><strong>ARTICULUS</strong></span> <span class='ocrx_word' id='word_1_792' title='bbox 2812 4631 2875 4687; x_wconf 90' lang='lat' dir='ltr'><strong>ll.</strong></span> 
     </span>
    </p>
   </div>
   <div class='ocr_carea' id='block_1_106' title="bbox 2120 4775 3163 4828">
    <p class='ocr_par' dir='ltr' id='par_1_106' title="bbox 2120 4775 3163 4828">
     <span class='ocr_line' id='line_1_106' title="bbox 2120 4775 3163 4828; baseline 0.015 -16"><span class='ocrx_word' id='word_1_793' title='bbox 2120 4784 2144 4793; x_wconf 75' lang='lat'><strong>&quot;</strong></span> <span class='ocrx_word' id='word_1_794' title='bbox 2205 4775 2252 4814; x_wconf 78' lang='grc' dir='ltr'>ε.</span> <span class='ocrx_word' id='word_1_795' title='bbox 2295 4776 2540 4820; x_wconf 73' lang='lat' dir='ltr'><strong>CORNELII</strong></span> <span class='ocrx_word' id='word_1_796' title='bbox 2567 4781 2619 4820; x_wconf 74' lang='grc' dir='ltr'>Ρ.</span> <span class='ocrx_word' id='word_1_797' title='bbox 2662 4782 2727 4822; x_wconf 79' lang='grc' dir='ltr'><strong>ΕΤ</strong></span> <span class='ocrx_word' id='word_1_798' title='bbox 2760 4784 2818 4823; x_wconf 71' lang='grc' dir='ltr'>Π.</span> <span class='ocrx_word' id='word_1_799' title='bbox 2850 4786 3089 4828; x_wconf 67' lang='grc' dir='ltr'><strong><em>δοιιιρτλ.</em></strong></span> <span class='ocrx_word' id='word_1_800' title='bbox 3154 4796 3163 4800; x_wconf 87' lang='grc'><strong>”</strong></span> 
     </span>
    </p>
   </div>
   <div class='ocr_carea' id='block_1_107' title="bbox 1930 4887 3448 4971">
    <p class='ocr_par' dir='ltr' id='par_1_107' title="bbox 1930 4887 3448 4971">
     <span class='ocr_line' id='line_1_107' title="bbox 1930 4887 3448 4971; baseline 0.019 -30"><span class='ocrx_word' id='word_1_801' title='bbox 1930 4887 1972 4942; x_wconf 83' lang='grc'>1.</span> <span class='ocrx_word' id='word_1_802' title='bbox 2001 4888 2289 4961; x_wconf 87' lang='lat' dir='ltr'><strong>Complura</strong></span> <span class='ocrx_word' id='word_1_803' title='bbox 2319 4895 2696 4953; x_wconf 89' lang='lat' dir='ltr'><strong>sollicitudinis</strong></span> <span class='ocrx_word' id='word_1_804' title='bbox 2740 4903 3059 4971; x_wconf 75' lang='lat' dir='ltr'><strong>Apostolica:</strong></span> <span class='ocrx_word' id='word_1_805' title='bbox 3102 4923 3448 4969; x_wconf 86' lang='lat' dir='ltr'><strong>monumenta</strong></span> 
     </span>
    </p>
   </div>
   <div class='ocr_carea' id='block_1_108' title="bbox 1855 4980 3449 5073">
    <p class='ocr_par' dir='ltr' id='par_1_108' title="bbox 1855 4980 3449 5073">
     <span class='ocr_line' id='line_1_108' title="bbox 1855 4980 3449 5073; baseline 0.016 -38"><span class='ocrx_word' id='word_1_806' title='bbox 1855 4980 2050 5037; x_wconf 89' lang='lat' dir='ltr'><strong>litteris</strong></span> <span class='ocrx_word' id='word_1_807' title='bbox 2071 4982 2416 5054; x_wconf 83' lang='lat' dir='ltr'><strong>consignasse</strong></span> <span class='ocrx_word' id='word_1_808' title='bbox 2443 4997 2660 5043; x_wconf 84' lang='lat' dir='ltr'><strong>sanctus</strong></span> <span class='ocrx_word' id='word_1_809' title='bbox 2684 4991 2922 5048; x_wconf 61' lang='lat' dir='ltr'><strong>Pontifex</strong></span> <span class='ocrx_word' id='word_1_810' title='bbox 2953 4996 3281 5065; x_wconf 87' lang='lat' dir='ltr'><strong>perhibetur,</strong></span> <span class='ocrx_word' id='word_1_811' title='bbox 3312 5019 3449 5073; x_wconf 75' lang='lat' dir='ltr'><strong>quo—</strong></span> 
     </span>
    </p>
   </div>
   <div class='ocr_carea' id='block_1_109' title="bbox 1855 5078 3449 5155">
    <p class='ocr_par' dir='ltr' id='par_1_109' title="bbox 1855 5078 3449 5155">
     <span class='ocr_line' id='line_1_109' title="bbox 1855 5078 3449 5155; baseline 0.015 -29"><span class='ocrx_word' id='word_1_812' title='bbox 1855 5088 1974 5127; x_wconf 89' lang='lat' dir='ltr'><strong>rum</strong></span> <span class='ocrx_word' id='word_1_813' title='bbox 2000 5083 2175 5129; x_wconf 87' lang='lat' dir='ltr'><strong>tatuen</strong></span> <span class='ocrx_word' id='word_1_814' title='bbox 2205 5092 2329 5145; x_wconf 83' lang='lat' dir='ltr'><strong>pars</strong></span> <span class='ocrx_word' id='word_1_815' title='bbox 2356 5078 2584 5132; x_wconf 78' lang='lat' dir='ltr'><strong>maxima</strong></span> <span class='ocrx_word' id='word_1_816' title='bbox 2616 5080 2817 5136; x_wconf 84' lang='lat' dir='ltr'><strong>interiit</strong></span> <span class='ocrx_word' id='word_1_817' title='bbox 2842 5083 2941 5155; x_wconf 85' lang='lat'><strong>(7).</strong></span> <span class='ocrx_word' id='word_1_818' title='bbox 2972 5087 3044 5141; x_wconf 87' lang='lat' dir='ltr'><strong>De</strong></span> <span class='ocrx_word' id='word_1_819' title='bbox 3072 5088 3152 5142; x_wconf 87' lang='lat' dir='ltr'><strong>bis</strong></span> <span class='ocrx_word' id='word_1_820' title='bbox 3185 5092 3250 5144; x_wconf 81' lang='lat' dir='ltr'><strong>ila</strong></span> <span class='ocrx_word' id='word_1_821' title='bbox 3277 5093 3449 5149; x_wconf 84' lang='lat' dir='ltr'><strong>Euse-</strong></span> 
     </span>
    </p>
   </div>
   <div class='ocr_carea' id='block_1_110' title="bbox 1855 5157 3455 5249">
    <p class='ocr_par' dir='ltr' id='par_1_110' title="bbox 1855 5157 3455 5249">
     <span class='ocr_line' id='line_1_110' title="bbox 1855 5157 3455 5249; baseline 0.014 -32"><span class='ocrx_word' id='word_1_822' title='bbox 1855 5164 1975 5221; x_wconf 81' lang='lat' dir='ltr'><strong>hius</strong></span> <span class='ocrx_word' id='word_1_823' title='bbox 1994 5165 2073 5237; x_wconf 87' lang='grc'><strong>(8)</strong></span> <span class='ocrx_word' id='word_1_824' title='bbox 2106 5157 2250 5222; x_wconf 58' lang='lat' dir='ltr'><strong>Iliad-2</strong></span> <span class='ocrx_word' id='word_1_825' title='bbox 2279 5168 2318 5220; x_wconf 81' lang='grc' dir='ltr'>δ’</span> <span class='ocrx_word' id='word_1_826' title='bbox 2347 5176 2422 5223; x_wconf 74' lang='grc' dir='ltr'><strong>οὖν</strong></span> <span class='ocrx_word' id='word_1_827' title='bbox 2468 5174 2537 5232; x_wconf 79' lang='grc' dir='ltr'><strong>εὶς</strong></span> <span class='ocrx_word' id='word_1_828' title='bbox 2587 5179 2714 5238; x_wconf 73' lang='grc' dir='ltr'><strong><em>ἡμᾶς</em></strong></span> <span class='ocrx_word' id='word_1_829' title='bbox 2757 5179 3001 5231; x_wconf 69' lang='grc' dir='ltr'><strong><em>ἓτιστόλοιι</em></strong></span> <span class='ocrx_word' id='word_1_830' title='bbox 3048 5186 3309 5249; x_wconf 67' lang='grc' dir='ltr'><strong>Κορνηλίου</strong></span> <span class='ocrx_word' id='word_1_831' title='bbox 3344 5176 3455 5239; x_wconf 61' lang='lat' dir='ltr'><strong>15m-</strong></span> 
     </span>
    </p>
   </div>
   <div class='ocr_carea' id='block_1_111' title="bbox 1923 5299 3452 5382">
    <p class='ocr_par' dir='ltr' id='par_1_111' title="bbox 1923 5299 3452 5382">
     <span class='ocr_line' id='line_1_111' title="bbox 1923 5299 3452 5382; baseline 0.01 -27"><span class='ocrx_word' id='word_1_832' title='bbox 1923 5299 2003 5373; x_wconf 74' lang='grc' dir='ltr'>(ι)</span> <span class='ocrx_word' id='word_1_833' title='bbox 2033 5300 2345 5382; x_wconf 60' lang='lat' dir='ltr'><strong>Tillemont.</strong></span> <span class='ocrx_word' id='word_1_834' title='bbox 2378 5302 2616 5357; x_wconf 78' lang='lat' dir='ltr'><strong>Mémoir.</strong></span> <span class='ocrx_word' id='word_1_835' title='bbox 2649 5321 2738 5358; x_wconf 84' lang='lat' dir='ltr'><strong>sur</strong></span> <span class='ocrx_word' id='word_1_836' title='bbox 2769 5307 2831 5362; x_wconf 90' lang='lat' dir='ltr'><strong>S.</strong></span> <span class='ocrx_word' id='word_1_837' title='bbox 2866 5308 3135 5377; x_wconf 81' lang='lat' dir='ltr'><strong>Corncille,</strong></span> <span class='ocrx_word' id='word_1_838' title='bbox 3165 5323 3201 5367; x_wconf 92' lang='lat' dir='ltr'><strong>t.</strong></span> <span class='ocrx_word' id='word_1_839' title='bbox 3229 5329 3284 5369; x_wconf 91' lang='grc' dir='ltr'><strong>ιιι</strong></span> <span class='ocrx_word' id='word_1_840' title='bbox 3306 5357 3321 5382; x_wconf 87' lang='grc'><strong><em>,</em></strong></span> <span class='ocrx_word' id='word_1_841' title='bbox 3350 5326 3452 5373; x_wconf 85' lang='lat' dir='ltr'><strong>art.</strong></span> 
     </span>
    </p>
   </div>
   <div class='ocr_carea' id='block_1_112' title="bbox 1858 5374 2255 5437">
    <p class='ocr_par' dir='ltr' id='par_1_112' title="bbox 1858 5374 2255 5437">
     <span class='ocr_line' id='line_1_112' title="bbox 1858 5374 2255 5437; baseline -0.008 -9"><span class='ocrx_word' id='word_1_842' title='bbox 1858 5375 1945 5437; x_wconf 77' lang='grc'><strong>15,</strong></span> <span class='ocrx_word' id='word_1_843' title='bbox 1974 5388 2096 5437; x_wconf 75' lang='lat' dir='ltr'><strong>pag.</strong></span> <span class='ocrx_word' id='word_1_844' title='bbox 2128 5374 2255 5427; x_wconf 76' lang='lat' dir='ltr'><strong>55L</strong></span> 
     </span>
    </p>
   </div>
   <div class='ocr_carea' id='block_1_113' title="bbox 1928 5388 2653 5515">
    <p class='ocr_par' dir='ltr' id='par_1_113' title="bbox 1928 5388 2653 5515">
     <span class='ocr_line' id='line_1_113' title="bbox 1931 5388 2255 5442; baseline 0 -17"><span class='ocrx_word' id='word_1_845' title='bbox 1931 5417 1945 5437; x_wconf 91' lang='lat'><strong>,</strong></span> <span class='ocrx_word' id='word_1_846' title='bbox 1974 5388 2096 5442; x_wconf 71' lang='lat' dir='ltr'><strong>pag.</strong></span> <span class='ocrx_word' id='word_1_847' title='bbox 2128 5388 2255 5427; x_wconf 67' lang='grc' dir='ltr'><strong>θοι.</strong></span> 
     </span>
     <span class='ocr_line' id='line_1_114' title="bbox 1928 5444 2653 5515; baseline 0.008 -18"><span class='ocrx_word' id='word_1_848' title='bbox 1928 5445 2010 5515; x_wconf 83' lang='grc'>(5)</span> <span class='ocrx_word' id='word_1_849' title='bbox 2032 5444 2283 5515; x_wconf 79' lang='lat' dir='ltr'><strong>Cypriau.</strong></span> <span class='ocrx_word' id='word_1_850' title='bbox 2314 5459 2442 5515; x_wconf 20' lang='lat' dir='ltr'><strong>Luc.</strong></span> <span class='ocrx_word' id='word_1_851' title='bbox 2475 5462 2528 5500; x_wconf 93' lang='lat' dir='ltr'><strong>n.</strong></span> <span class='ocrx_word' id='word_1_852' title='bbox 2565 5447 2653 5503; x_wconf 77' lang='lat' dir='ltr'><strong>i9.</strong></span> 
     </span>
    </p>
   </div>
   <div class='ocr_carea' id='block_1_114' title="bbox 1932 5514 3452 5597">
    <p class='ocr_par' dir='ltr' id='par_1_114' title="bbox 1932 5514 3452 5597">
     <span class='ocr_line' id='line_1_115' title="bbox 1932 5514 3452 5597; baseline 0.013 -32"><span class='ocrx_word' id='word_1_853' title='bbox 2037 5514 2315 5597; x_wconf 43' lang='lat' dir='ltr'><strong>Cilttstant.</strong></span> <span class='ocrx_word' id='word_1_854' title='bbox 2354 5514 2520 5585; x_wconf 79' lang='lat' dir='ltr'><strong>Epist.</strong></span> <span class='ocrx_word' id='word_1_855' title='bbox 2560 5517 2840 5575; x_wconf 83' lang='lat' dir='ltr'><strong>Romanor.</strong></span> <span class='ocrx_word' id='word_1_856' title='bbox 2872 5520 3145 5597; x_wconf 64' lang='lat' dir='ltr'><strong>Ponti/ia,</strong></span> <span class='ocrx_word' id='word_1_857' title='bbox 3179 5542 3299 5597; x_wconf 83' lang='lat' dir='ltr'><strong>pag.</strong></span> <span class='ocrx_word' id='word_1_858' title='bbox 3329 5529 3452 5584; x_wconf 73' lang='lat'><strong>125.</strong></span> 
     </span>
    </p>
   </div>
   <div class='ocr_carea' id='block_1_115' title="bbox 1930 5585 3454 5657">
    <p class='ocr_par' dir='ltr' id='par_1_115' title="bbox 1930 5585 3454 5657">
     <span class='ocr_line' id='line_1_116' title="bbox 1930 5585 3454 5657; baseline 0.009 -18"><span class='ocrx_word' id='word_1_859' title='bbox 1930 5587 2011 5657; x_wconf 83' lang='lat'><strong>(&#39;7)</strong></span> <span class='ocrx_word' id='word_1_860' title='bbox 2062 5585 2186 5657; x_wconf 64' lang='lat' dir='ltr'><strong>llaec</strong></span> <span class='ocrx_word' id='word_1_861' title='bbox 2231 5596 2293 5657; x_wconf 5' lang='lat' dir='ltr'><strong>et,</strong></span> <span class='ocrx_word' id='word_1_862' title='bbox 2325 5603 2446 5657; x_wconf 73' lang='lat' dir='ltr'><strong>qua:</strong></span> <span class='ocrx_word' id='word_1_863' title='bbox 2479 5602 2779 5655; x_wconf 88' lang='lat' dir='ltr'><strong>sequuntur</strong></span> <span class='ocrx_word' id='word_1_864' title='bbox 2821 5609 2884 5646; x_wconf 80' lang='lat' dir='ltr'><strong>ex</strong></span> <span class='ocrx_word' id='word_1_865' title='bbox 2918 5585 3454 5654; x_wconf 32' lang='lat' dir='ltr'><strong>Gall&#39;antlfB‘t&#39;bliotlt.</strong></span> 
     </span>
    </p>
   </div>
   <div class='ocr_carea' id='block_1_116' title="bbox 1862 5655 3458 5740">
    <p class='ocr_par' dir='ltr' id='par_1_116' title="bbox 1862 5655 3458 5740">
     <span class='ocr_line' id='line_1_117' title="bbox 1862 5655 3458 5740; baseline 0.011 -32"><span class='ocrx_word' id='word_1_866' title='bbox 1862 5655 2010 5740; x_wconf 59' lang='grc' dir='ltr'><strong>ριαω.</strong></span> <span class='ocrx_word' id='word_1_867' title='bbox 2071 5655 2199 5709; x_wconf 84' lang='lat' dir='ltr'><strong>Vett.</strong></span> <span class='ocrx_word' id='word_1_868' title='bbox 2255 5655 2377 5711; x_wconf 86' lang='lat' dir='ltr'><strong>PP.</strong></span> <span class='ocrx_word' id='word_1_869' title='bbox 2441 5668 2477 5712; x_wconf 93' lang='lat' dir='ltr'><strong>t.</strong></span> <span class='ocrx_word' id='word_1_870' title='bbox 2535 5675 2614 5725; x_wconf 84' lang='lat' dir='ltr'><strong>ut,</strong></span> <span class='ocrx_word' id='word_1_871' title='bbox 2667 5661 2879 5733; x_wconf 84' lang='lat' dir='ltr'><strong>Prolog.</strong></span> <span class='ocrx_word' id='word_1_872' title='bbox 2922 5680 2974 5733; x_wconf 88' lang='lat' dir='ltr'><strong>p.</strong></span> <span class='ocrx_word' id='word_1_873' title='bbox 3033 5667 3126 5732; x_wconf 74' lang='grc'><strong>55,</strong></span> <span class='ocrx_word' id='word_1_874' title='bbox 3180 5684 3299 5738; x_wconf 86' lang='lat' dir='ltr'><strong>cap.</strong></span> <span class='ocrx_word' id='word_1_875' title='bbox 3362 5687 3458 5740; x_wconf 81' lang='lat' dir='ltr'><strong>\‘ll,</strong></span> 
     </span>
    </p>
   </div>
   <div class='ocr_carea' id='block_1_117' title="bbox 1861 5726 2240 5783">
    <p class='ocr_par' dir='ltr' id='par_1_117' title="bbox 1861 5726 2240 5783">
     <span class='ocr_line' id='line_1_118' title="bbox 1861 5726 2240 5783; baseline 0 -1"><span class='ocrx_word' id='word_1_876' title='bbox 1861 5726 2240 5783; x_wconf 89' lang='lat' dir='ltr'><strong>desumuntur.</strong></span> 
     </span>
    </p>
   </div>
   <div class='ocr_carea' id='block_1_118' title="bbox 1932 5794 2953 5874">
    <p class='ocr_par' dir='ltr' id='par_1_118' title="bbox 1932 5794 2953 5874">
     <span class='ocr_line' id='line_1_119' title="bbox 1932 5794 2953 5874; baseline 0.006 -23"><span class='ocrx_word' id='word_1_877' title='bbox 1932 5794 2013 5870; x_wconf 83' lang='lat'><strong>(8)</strong></span> <span class='ocrx_word' id='word_1_878' title='bbox 2045 5797 2245 5855; x_wconf 80' lang='lat' dir='ltr'><strong>Euseb.</strong></span> <span class='ocrx_word' id='word_1_879' title='bbox 2278 5800 2341 5857; x_wconf 89' lang='lat' dir='ltr'><strong>ll.</strong></span> <span class='ocrx_word' id='word_1_880' title='bbox 2381 5799 2445 5856; x_wconf 85' lang='lat' dir='ltr'><strong>E.</strong></span> <span class='ocrx_word' id='word_1_881' title='bbox 2484 5798 2581 5858; x_wconf 73' lang='lat' dir='ltr'><strong>liii.</strong></span> <span class='ocrx_word' id='word_1_882' title='bbox 2616 5819 2689 5870; x_wconf 85' lang='lat' dir='ltr'><strong>Vi,</strong></span> <span class='ocrx_word' id='word_1_883' title='bbox 2720 5818 2840 5874; x_wconf 83' lang='lat' dir='ltr'><strong>cap.</strong></span> <span class='ocrx_word' id='word_1_884' title='bbox 2862 5804 2953 5858; x_wconf 73' lang='grc'>48.</span> 
     </span>
    </p>
   </div>
   <div class='ocr_carea' id='block_1_119' title="bbox 2837 5894 2997 5958">
    <p class='ocr_par' dir='ltr' id='par_1_119' title="bbox 2837 5894 2997 5958">
     <span class='ocr_line' id='line_1_120' title="bbox 2837 5894 2997 5958; baseline -0.063 0"><span class='ocrx_word' id='word_1_885' title='bbox 2837 5894 2997 5958; x_wconf 76' lang='grc'>22.</span> 
     </span>
    </p>
   </div>
  </div>
