3730 6270
347 208 458 275 683

1704 208 1769 271 IN
1810 205 1868 266 S.
1908 204 2311 273 CORNELIUM
3420 239 3495 302 ω
3534 212 3538 216 ‘

339 334 497 393 μαίων
518 327 777 403 intercessu
811 318 922 393 πρῧς
947 318 1025 378 τὸν
1053 334 1136 382 τῆς
1164 304 1425 392 Aur-toxica»:
1460 329 1707 387 ἐκκλησίας
1743 332 1886 381 «busto

2051 321 2262 413 tertiam
2295 304 2361 413 de
2390 320 2555 413 gestis
2597 318 3085 413 synodi;quartam
3119 333 3178 388 ad
3201 342 3393 404 eumdem
3424 354 3497 413 Fa-

345 420 638 477 -Ταυτοιῖς
659 419 779 477 ἀλλή
793 438 867 475 τις
878 421 1105 483 (imos-01%
1132 427 1339 474 συνῆπτο
1361 427 1443 472 τοῦ
1462 423 1726 487 Κορνηλίω
1745 420 1888 487 rupi:

2055 412 2199 466 biutn
2227 410 2378 466 valde
2404 412 2687 481 prolixam,
2720 422 2776 468 ct
2800 412 3090 475 Novatiante
3117 423 3339 491 haereseos
3356 410 3485 504 causas

349 520 477 569 κατὰ
504 522 594 568 τὴν
619 513 802 566 συνόδων
825 511 1078 579 ἀρισαντον
1113 512 1195 569 καὶ
1227 516 1376 565 «πᾶλιν
1400 516 1539 580 ἕτερα
1565 514 1671 580 περὶ
1709 527 1801 567 ’τῶν
1825 533 1887 563 κα

2054 514 2108 560 et
2132 504 2415 560 anathema
2441 506 2830 563 continentem.
2865 524 2886 559 ι
2934 507 3112 569 Verum
3152 519 3273 578 aliud
3297 492 3503 601 egisse-vi:

348 610 594 659 Νοούσιτον
637 607 955 674 πραχθέντων.
1019 601 1131 663 lloc
1172 612 1276 668 est,
1330 603 1623 673 interprete
1674 603 1888 659 Valesio
1931 620 1945 657 :

355 715 375 748 ι
407 697 632 751 Exstant
658 694 833 753 adhuc
875 694 1120 765 epistula:
1150 694 1381 753 Cornelii
1410 696 1772 752 Romanorum
1817 695 1946 767 Epi-

342 788 498 858 accpi
545 785 611 842 ad
650 784 874 842 Fabium
921 785 1302 847 Antiochensis
1357 786 1617 845 Ecclesiae
1662 788 1945 858 praesulem

340 880 547 938 missae.
571 899 592 935 ι
627 879 808 945 --llis
842 877 1094 946 adjuncta
1128 888 1244 936 erat
1286 881 1391 939 alia
1437 881 1678 952 ejusdem
1712 881 1947 937 Cornelii

340 974 601 1047 epistola,
634 973 703 1030 de
740 973 824 1029 his
862 988 982 1044 quae
1022 974 1074 1029 in
1121 973 1339 1046 Synodo
1373 975 1589 1035 decreta
1622 975 1946 1034 fuerant:et

337 1080 526 1122 rursus
557 1066 663 1122 alia
688 1065 756 1122 de
782 1066 1111 1123 facinoribus
1134 1066 1325 1123 Novati
1372 1087 1385 1123 :
1429 1067 1511 1124 Ad
1539 1084 1698 1138 quem
1723 1068 1938 1138 quidem

336 1156 522 1214 locum
563 1157 815 1213 observat
851 1157 1090 1214 eruditus
1135 1159 1438 1215 Cotelerius
1490 1160 1594 1232 (1).
1652 1160 1943 1215 Eusebium

336 1250 517 1306 verbis
542 1250 1239 1323 ῘΙΙί8,ἰπιστόλαιΚορνηλιου,
1254 1268 1411 1309 unam
1432 1253 1801 1308 tantummodo
1812 1252 1943 1309 Cor-

334 1343 603 1400 nelianam
632 1344 917 1414 epistolam
948 1344 1278 1413 signiﬁcasse
1302 1362 1314 1399 :
1339 1346 1480 1415 quod
1514 1361 1647 1401 sane
1670 1345 1943 1416 perspexit

335 1444 391 1490 ct
412 1435 792 1513 Hieronymus.
828 1437 963 1491 Dum
988 1437 1130 1491 enim
1156 1436 1445 1491 Eusebium
1468 1436 1768 1503 aﬂ‘ectatus,
1799 1437 1941 1497 inter

333 1530 629 1602 scriptores
674 1529 1072 1587 ecclesiasticos
1118 1529 1429 1587 Cornelium
1492 1539 1775 1597 recenset,
1821 1529 1940 1586 haec

333 1624 497 1681 habet
526 1624 609 1699 (2)
642 1640 657 1679 :
692 1643 710 1676 ‹
745 1622 1047 1693 Cornelius,
1078 1623 1335 1679 Romanae
1365 1623 1522 1679 Urbis
1552 1623 1872 1695 Episcopus,
1910 1644 1931 1678 ι

2050 598 2208 654 detur
2233 597 2422 653 doctor
2456 600 2742 664 maximus,
2771 599 2897 659 dum
2927 600 3088 663 locum
3147 597 3434 680 Eusebianum
3455 631 3506 685 in.

2051 692 2248 762 spexit,
2282 701 2339 747 ut
2365 701 2484 765 post
2510 692 2783 749 Valesium
2805 694 3031 753 advertit
3057 699 3320 765 Cotelerius
3340 714 3415 784 (9).
3437 719 3508 777 Eu.

2050 784 2231 838 sebius
2259 784 2426 849 enim,
2464 792 2743 865 postquam
2783 786 2965 855 prima:
3009 786 3220 848 Cornelii
3255 802 3443 868 epiStola:
3467 813 3513 867 ad

2050 876 2271 934 Fabium
2324 875 2746 933 Antiochensetn
2809 879 3122 937 mentionem
3164 885 3348 958 injecit,
3390 902 3512 957 statim

2047 967 2265 1023 subdit:
2302 987 2332 1022 ‹.
2360 967 2494 1023 Alia:
2525 978 2786 1036 praeterea
2836 969 2995 1026 latino
3032 987 3255 1034 sermone
3286 990 3516 1060 conscripta

2048 1070 2261 1118 exstant
2287 1061 2530 1130 epistolae
2558 1060 2830 1134 Cypriani,
2861 1073 2915 1117 ct
2938 1064 3151 1127 aliorum
3177 1072 3434 1142 antistitum,
3453 1085 3514 1149 qui

2047 1169 2167 1211 cum
2190 1155 2309 1226 ip~o
2335 1156 2388 1210 in
2410 1153 2588 1209 Africa
2614 1157 2923 1227 congregati
2947 1169 3095 1213 erant
3124 1176 3136 1212 :
3165 1176 3224 1217 ex
3245 1166 3402 1233 quibus
3418 1173 3520 1229 colli-

2046 1247 2211 1318 gitur,
2246 1248 2378 1318 ipsis
2423 1248 2586 1303 etiam
2642 1247 2932 1325 placuisse,
2963 1258 3020 1305 ut
3057 1252 3383 1313 subveniretur
3403 1261 3447 1318 iis
3461 1269 3521 1335 qni

2044 1341 2099 1398 in
2131 1343 2479 1398 tentationem
2512 1342 2853 1408 inciderunt;
2882 1353 3042 1415 utque
3069 1358 3241 1404 auctor
3260 1351 3430 1409 nefarie
3448 1359 3521 1428 opi-

2045 1435 2221 1490 nionis
2248 1435 2406 1490 simul
2438 1450 2559 1491 cum
2584 1435 2670 1502 iis,
2695 1436 2786 1507 qui
2808 1435 2876 1491 ad
2899 1448 3073 1508 partes
3087 1439 3242 1510 ipsius
3261 1442 3523 1519 desciverant,

2043 1526 2111 1581 ab
2132 1526 2386 1583 Ecclesia).
2409 1526 2700 1583 Catholicae
2720 1530 2994 1585 consortio
3015 1532 3196 1589 merito
3219 1533 3518 1597 abdicaretur

2043 1618 2245 1689 Quibus
2267 1619 2451 1679 relatis
2480 1620 2774 1677 secundam
2804 1631 3068 1680 memorat
3099 1623 3311 1683 Cornelii
3332 1630 3523 1698 epistolae

329 1718 631 1789 —scripsit
652 1717 933 1788 epistolam
965 1717 1033 1772 ad
1060 1718 1280 1775 Fabium
1311 1717 1663 1774 Antiochenae
1683 1718 1933 1774 ecclesiae
1964 1715 2012 1779 B
2041 1707 2107 1764 de
2131 1709 2230 1775 his,
2266 1725 2386 1781 quae
2415 1711 2469 1767 in
2501 1711 2731 1783 synodo,
2761 1712 3002 1769 Romana
3031 1715 3244 1787 scilicet,
3269 1717 3526 1781 decretalae-

330 1813 664 1885 episcopum.
710 1810 842 1864 Rem
876 1810 1096 1865 conﬁcit
1121 1810 1186 1866 ν.
1227 1809 1290 1865 C.
1322 1810 1527 1879 aliquot
1552 1809 1815 1880 ejusmodi
1849 1810 1929 1866 lo-

331 1902 606 1958 cutionum
657 1900 919 1970 exemplis
958 1900 1011 1954 in
1063 1899 1299 1954 medium
1347 1899 1611 1954 adductis.
1646 1899 1927 1969 Epistolas,

2034 1811 2178 1857 runt.
2233 1801 2404 1867 Quam
2454 1818 2584 1874 ergo
2639 1804 2878 1860 secundo
2929 1806 3047 1862 loco
3118 1808 3280 1865 laudat
3334 1813 3529 1884 epistolam

2035 1891 2091 1948 S.
2126 1893 2503 1965 Hieronymus,
2548 1910 2653 1950 non
2705 1896 2979 1967 Cornelio,
3011 1898 3101 1955 sed
3126 1898 3361 1972 Cypriano
3396 1906 3533 1963 adscri.

328 1994 536 2065 inquit,
583 2000 639 2048 et
681 1991 748 2047 de
795 2005 899 2046 una
936 1990 1161 2061 epistola
1201 1989 1339 2057 dici,
1383 1990 1725 2045 observatum
1755 1990 1931 2045 doctis
2032 1986 2231 2041 bcnda.
2272 1987 2459 2059 Neque
2514 1990 2675 2045 etiam
2726 1990 2961 2047 Ruﬁnus
3009 1993 3217 2051 Eusebii
3256 1997 3393 2055 verba
3422 2002 3531 2073 probe

329 2085 731 2153 Scripturarum
756 2082 1140 2153 interpretibus
1166 2081 1232 2137 ad
1260 2081 1428 2137 libros
1448 2081 1928 2137 Macchabaeorum.

330 2179 423 2236 Sic
454 2178 685 2235 Sanctus
716 2176 1066 2248 Polycarpus,
1101 2175 1382 2246 alloquens
1412 2173 1803 2245 Philippenses,
1858 2172 1934 2229 ait

328 2288 398 2329 ex
426 2279 608 2327 vetere
650 2272 945 2341 interprete
979 2267 1081 2340 (3).
1120 2286 1138 2319 ι
1169 2267 1354 2336 Neque
1381 2282 1502 2339 ego,
1536 2280 1711 2336 neque
1740 2265 1932 2321 similis

328 2364 470 2419 alius
513 2363 640 2429 mei,
674 2362 873 2433 poterit
914 2361 1066 2431 sequi
1105 2360 1423 2430 sapientiam
1463 2359 1602 2413 beati
1631 2367 1685 2413 et
1712 2357 1931 2430 gloriosi

327 2456 704 2524 Pauli.-—Qui
733 2464 790 2511 et
818 2454 1016 2510 absens
1046 2452 1264 2522 scripsit
1294 2451 1445 2506 vobis
1476 2449 1745 2521 Epistolas
1778 2467 1792 2504 :
1832 2469 1851 2501 ι
1883 2451 1931 2513 ες

327 2553 411 2604 καὶ
433 2552 569 2605 ἀπὼν
587 2551 697 2617 ὑμῖν
722 2554 917 2618 ἔγραψεν
944 2553 1192 2605 animus
1219 2560 1231 2595 :
1260 2544 1531 2613 Attamen,
1551 2556 1617 2596 ex
1631 2540 1820 2596 eodem
1850 2539 1932 2594 ill-

324 2651 589 2713 terprete,
619 2650 837 2695 sanctus
868 2638 957 2692 ille
987 2636 1334 2709 Smyrnensis
1370 2636 1598 2690 antistes
1629 2632 1787 2702 paulo
1814 2640 1933 2703 post

327 2718 488 2791 unius
531 2741 737 2789 tantum
768 2731 1004 2786 Paulinae
1034 2729 1468 2801 Philippensibus
1500 2728 1770 2800 inscriptae
1800 2726 1929 2795 Epi-

324 2827 482 2883 stolas
526 2824 840 2881 meminisse
856 2823 1184 2893 comperitur
1209 2837 1222 2874 :
1250 2820 1349 2886 Qui
1383 2821 1522 2885 estis,
1550 2818 1721 2888 inquit
1746 2817 1824 2890 (4)
1876 2818 1932 2873 in

327 2917 595 2989 principio
623 2916 867 2987 epistolae
909 2914 1046 2985 ejus.
1082 2911 1235 2973 Aliud
1266 2920 1463 2980 prazsto
1488 2918 1574 2965 est
1618 2909 1931 2979 exemplum

322 3026 394 3067 ex
424 3011 540 3081 ipso
565 3007 821 3074 Eusebio,
851 3005 1006 3076 cujus
1021 3004 1136 3063 hmc
1153 3003 1313 3058 verba
1341 3002 1447 3075 (5):
1474 3006 1771 3069 Μνημονεύει
1798 3009 1931 3075 γίτοι

2036 2079 2315 2148 accepisse
2372 2081 2699 2152 comperitur
2755 2098 2768 2135 :
2813 2082 3091 2153 Siquidem
3133 2102 3243 2156 quae
3282 2088 3531 2147 Cesariettsis

2035 2170 2323 2243 episcopus
2360 2170 2428 2226 de
2458 2174 2693 2227 secunda
2721 2173 2963 2229 Cornelii
3005 2176 3221 2246 epistola
3247 2180 3399 2248 tradit,
3420 2181 3529 2237 inter-

2034 2269 2276 2331 pretatur
2294 2263 2519 2333 ipsemet
2542 2263 2611 2321 de
2639 2265 2811 2336 prima
2837 2265 3008 2323 Fabio
3023 2268 3532 2345 Antiochensiepiscopo

2034 2352 2315 2423 inscripta.

2110 2445 2197 2503 IV.
2248 2445 2443 2505 Verum
2474 2448 2602 2505 illud
2630 2448 2813 2520 potius
2833 2459 3022 2507 nostra
3051 2451 3280 2521 interest,
3308 2454 3443 2525 inquit
3467 2456 3531 2512 da—

2034 2540 2303 2598 ctissimus
2326 2541 2641 2600 Gallaudius
2665 2544 2780 2616 (10)
2809 2561 2932 2601 cum
2956 2546 3114 2608 docto
3145 2548 3405 2605 Eusebiano
3422 2551 3533 2605 iuter~

2035 2641 2186 2717 prete
2232 2634 2534 2702 advertere,
2585 2651 2649 2690 ex
2708 2636 2970 2707 Epistolis
3023 2636 3250 2694 Cornelii
3291 2641 3463 2711 primam
3494 2655 3535 2694 ac

2038 2722 2245 2777 tertiam
2284 2722 2447 2780 fuisse
2477 2740 2507 2781 ει
2536 2733 2724 2781 sancto
2758 2726 2850 2782 illo
2877 2727 3133 2796 pontiﬁce
3171 2743 3328 2800 graeco
3359 2744 3536 2786 sermone

2037 2816 2382 2886 perscriptas.
2415 2836 2433 2868 ι
2467 2818 2643 2886 Quum
2673 2821 2839 2887 enim,
2867 2822 3047 2890 inquit
3072 2821 3319 2886 Valesius,
3347 2823 3534 2880 Eusebia

2035 2921 2102 2963 ex
2146 2909 2301 2964 tertia
2344 2909 2571 2980 cpistola
2610 2911 2835 2980 plurinta
2870 2913 3105 2970 adducat
3147 2915 3427 2982 testimonia,
3450 2929 3535 2971 nes-

2034 3018 2193 3073 quam
2224 3002 2351 3057 dicit
2378 3018 2440 3059 ea
2471 3019 2534 3059 ex
2570 3003 2738 3060 latino
2779 3020 3040 3064 sermone
3087 3008 3138 3063 in
3190 3024 3390 3078 grecum
3424 3008 3534 3065 fuisse

323 3105 408 3156 καὶ
431 3105 573 3163 αὐτὸς
601 3106 627 3154 ὁ
652 3091 939 3169 Αλέξανδρος
966 3102 1014 3151 ἰν
1033 3099 1175 3157 ἰδίαις
1207 3100 1478 3155 immolat;
1501 3097 1605 3154 ταῖς
1646 3103 1761 3162 πρὸς
1792 3083 1888 3148 Ᾰντι

2047 3097 2293 3155 translata
2334 3116 2346 3151 :
2376 3098 2519 3168 quod
2564 3108 2741 3156 tamen
2775 3112 3040 3172 perpetuo
3069 3117 3281 3159 monere
3304 3103 3532 3168 consuevit,

324 3205 506 3261 veritate
532 3199 597 3258 εἰς
626 3202 699 3248 ἔστι
734 3199 810 3247 νῦν
836 3189 951 3262 παρ’
983 3193 1095 3256 ἡμῖν
1128 3194 1412 3254 auge/simi;
1443 3202 1531 3248 τῆς
1555 3193 1826 3256 Ναρκίσσου
1854 3193 1930 3243 σὺν

323 3292 453 3356 αὗτῳ
475 3289 753 3360 προὲδρίας,
782 3290 905 3339 κατά
925 3288 1086 3337 ταῦτα
1133 3290 1254 3346 λέξιν
1278 3284 1349 3334 ἐντὶ
1375 3284 1505 3334 τελεῖ
1522 3288 1706 3350 γραφῶν
1731 3293 1814 3339 τῆς
1841 3282 1929 3332 αὖ·

325 3396 413 3440 τῆς
442 3379 713 3439 ἐπιπόλης.
747 3375 878 3443 Quae
905 3373 1119 3446 quidem
1155 3381 1379 3427 sanctus
1409 3371 1769 3444 Hieronymus
1799 3385 1930 3441 pau-

323 3468 402 3525 cis
431 3464 892 3536 complecteus_sic
918 3463 1090 3519 reddit
1118 3463 1199 3535 (6)
1233 3481 1245 3519 :
1283 3482 1301 3515 ι
1342 3464 1437 3519 Hic
1462 3462 1841 3535 (Alexander)
1874 3464 1927 3519 in

324 3561 436 3616 ﬁne
474 3556 751 3630 cujusdam
797 3555 1070 3626 epistolm,
1108 3571 1269 3627 quam
1298 3555 1482 3610 scribit
1511 3554 1577 3610 ad
1622 3556 1929 3610 Antinoitas

328 3667 495 3722 super
538 3664 668 3721 pace
701 3647 979 3714 Ecclesiae,
1013 3655 1122 3701 etc.
1162 3665 1181 3697 ι
1224 3645 1484 3700 Nimirum
1515 3657 1572 3699 ut
1608 3645 1707 3698 viri
1736 3645 1929 3700 eruditi

324 3743 487 3798 verba
505 3755 757 3810 usurpem
773 3738 854 3812 (7)
872 3737 1138 3811 frequenti
1160 3739 1299 3809 apud
1318 3754 1476 3794 omne
1493 3754 1661 3810 genus
1680 3749 1927 3795 auctores

327 3849 431 3891 usu
454 3834 620 3899 venit,
648 3832 791 3905 quod
821 3830 890 3887 de
912 3831 1168 3903 singulari
1196 3832 1445 3902 epistola,
1497 3832 1729 3902 dialogo,
1763 3830 1928 3886 libro-

328 3943 434 4000 que
458 3927 762 3998 loquentes,
788 3923 1112 3996 quandoque
1134 3924 1325 3994 plurali
1355 3938 1581 3980 numero
1614 3932 1852 3989 utantur.

397 4019 488 4076 IIl.
529 4018 612 4075 Ad
643 4019 759 4073 haec
800 4015 853 4071 in
888 4016 1052 4072 allato
1094 4026 1238 4072 textu
1280 4016 1587 4072 Eusebiano
1613 4032 1734 4073 cum
1766 4016 1925 4072 docto

326 4112 446 4185 ejus
497 4113 793 4184 interprete
839 4109 1233 4166 observandum
1283 4110 1551 4176 occurrit,
1602 4110 1925 4165 Historicum

325 4205 715 4262 Caesariensem
756 4211 867 4258 tres
894 4202 1154 4258 duntaxat
1183 4201 1419 4257 Cornelii
1452 4202 1710 4274 epistolas
1739 4217 1925 4257 recen-

323 4314 481 4355 sere:
512 4296 736 4367 primum
758 4295 822 4350 ad
854 4294 1099 4359 Fabium,
1126 4292 1551 4359 Antiochenscm
1581 4293 1918 4364 episcopum,

328 4391 397 4447 de
440 4391 683 4446 Romana
727 4387 958 4460 synodo,
990 4388 1164 4458 deque
1199 4386 1361 4442 Italiae
1390 4396 1447 4442 et
1479 4386 1675 4445 Africae
1713 4387 1924 4456 episco-

2034 3192 2247 3265 quoties
2278 3192 2429 3247 latini
2475 3193 2755 3263 scriptoris
2787 3196 3156 3255 testimonium
3184 3196 3302 3252 citat
3328 3214 3341 3251 :
3374 3196 3534 3266 exempli

2033 3287 2226 3361 gratia,
2260 3301 2382 3342 cum
2412 3286 2562 3342 locos
2584 3288 2789 3358 profert
2807 3304 2880 3344 ex
2913 3289 3228 3347 Tertulliani
3247 3289 3533 3362 Apoloxetioo;

2033 3387 2127 3434 aut
2164 3393 2284 3434 cum
2313 3378 2570 3448 epistolas
2596 3378 2972 3436 Romanorum
3022 3383 3323 3454 principum.
3350 3401 3367 3434 ι
3397 3381 3534 3437 Deinde

2034 3471 2298 3528 Eusebius
2330 3472 2444 3541 ipse
2490 3472 2612 3527 heic
2652 3474 2784 3529 satis
2826 3473 3028 3543 innuit,
3071 3477 3285 3546 primam
3311 3475 3424 3530 illam
3440 3471 3532 3528 Cor-

2033 3563 2158 3617 nelii
2204 3563 2273 3619 ad
2314 3562 2541 3617 Fabium
2591 3564 2874 3633 epistolam
2945 3567 3202 3637 scriptam
3245 3566 3384 3623 fuisse
3415 3577 3532 3635 sfw

2032 3670 2301 3714 sermone.
2356 3655 2646 3726 Postquam
2702 3660 2845 3711 enim
2897 3656 2973 3714 de
3034 3658 3123 3712 illa
3171 3653 3529 3719 commemoravit,

2031 3745 2178 3800 addit
2243 3745 2579 3815 conjunctam
2637 3748 2684 3802 ei
2739 3748 2907 3803 fuisse
2958 3749 3119 3809 aliam
3167 3750 3317 3805 latino
3357 3758 3527 3803 sermone

2031 3839 2287 3908 scriptam
2316 3839 2596 3908 epistolam
2624 3837 2878 3910 Cypriani
2910 3858 2924 3893 :
2957 3842 3102 3913 quod
3149 3842 3339 3917 quidem
3370 3834 3524 3901 uenti

2030 3928 2206 3992 deret,
2241 3930 2344 3984 nisi
2375 3929 2612 3986 Cornelii
2643 3932 2870 4001 epistola
2922 3934 3180 4005 superius
3229 3940 3455 3995 memorata
3473 3927 3531 3983 di-

2031 4038 2190 4079 verso
2220 4037 2469 4081 sermone
2500 4022 2695 4093 scripta
2724 4024 2912 4080 fuisset
2959 4026 3081 4081 haec
3112 4027 3201 4082 illa
3231 4026 3343 4081 satis
3361 4021 3529 4097 apjmite

2030 4134 2148 4188 qua:
2160 4117 2375 4187 quidem
2398 4130 2584 4172 semen
2613 4118 2660 4172 ia
2682 4118 3070 4176 eruditissimis
3092 4122 3219 4177 viris
3233 4115 3527 4193 probatur(ll).

2102 4210 2165 4265 ν.
2199 4210 2400 4266 Practer
2425 4209 2586 4267 hasce
2644 4212 2899 4282 epistolas
2926 4228 3112 4284 graeco
3148 4227 3372 4269 sermone
3400 4221 3523 4265 enra-

2032 4311 2132 4369 Ias,
2182 4303 2394 4371 scripsit
2434 4303 2594 4358 etiam
2637 4302 2693 4359 S.
2738 4303 3032 4367 Cornelius
3078 4306 3273 4377 aliquot
3310 4304 3464 4358 litteras
3485 4295 3528 4351 ad

2029 4392 2084 4449 S.
2120 4393 2443 4465 Cyprianum
2466 4436 2481 4458 ,
2537 4395 2674 4450 inter
2703 4396 2855 4468 cujus
2881 4398 3145 4468 epistolas
3182 4398 3291 4452 dua:
3315 4397 3525 4452 etiamnum

324 4499 518 4556 porum
543 4495 814 4538 consensu
844 4478 1175 4534 :secundam
1202 4479 1269 4533 de
1294 4479 1527 4533 decretis
1553 4479 1743 4550 synodi
1772 4497 1784 4531 :
1816 4486 1922 4533 ter-
1948 4490 2002 4551 Ι)
2030 4488 2299 4559 leguntur,
2331 4488 2579 4549 videlicet
2633 4489 2701 4544 46
2729 4498 2785 4545 οι
2820 4491 2915 4559 48,
2962 4499 3178 4548 (mrem
3212 4490 3385 4562 pariter
3408 4482 3531 4556 peric.

328 4581 458 4635 tiam
490 4577 570 4632 'de
606 4573 937 4630 facinoribus
978 4570 1255 4627 Novatiani
1298 4571 1365 4626 ad
1409 4572 1655 4627 eumdem
1697 4572 1923 4627 Fabium
2027 4590 2171 4636 rum,

327 4668 682 4726 Antiochense
701 4663 848 4727 urbis
863 4663 1206 4733 episcopum;
1230 4676 1297 4717 ex
1319 4678 1420 4732 qua
1439 4663 1919 4721 luculentissimum

329 4762 654 4827 Excerptum
688 4753 839 4809 nobis
871 4752 1133 4807 Eusebius
1175 4752 1430 4805 servavit.
1464 4755 1531 4806 At
1565 4752 1923 4825 Hieronymus

2098 4672 2210 4729 Sub
2252 4672 2491 4744 ejusdem
2532 4674 2746 4729 nomine
2789 4675 3213 4732 cirumferuntur
3248 4675 3426 4743 insuper
3449 4665 3530 4720 dum

2028 4767 2355 4832 Decretales,
2396 4768 2462 4822 ab
2490 4766 2695 4822 lsidOl‘O
2721 4767 3023 4825 Mercatore
3055 4768 3341 4840 producta,
3372 4770 3413 4817 et
3431 4752 3529 4827 apud

327 4861 556 4920 quatuor
599 4854 878 4904 enumerat
903 4843 985 4917 (8)
1013 4861 1025 4896 :
1055 4861 1075 4894 t
1103 4841 1404 4909 Cornelius,
1440 4843 1629 4913 inquit,
1662 4845 1888 4901 Romam

2047 4850 2764 4933 .abbeum(12)et11an’sium
2794 4859 2908 4934 (1'5)
2928 4861 3137 4916 relatae.
3167 4860 3346 4915 Harum
3357 4845 3529 4911 altemd

328 4941 476 4997 urbis
500 4940 806 5011 episc0pus,
836 4935 901 4988 ad
932 4949 1089 5013 quem
1116 4942 1239 4988 octo
1272 4932 1524 5005 Cypriani
1562 4945 1775 4991 exstant
1806 4939 1921 5008 epi-

328 5034 505 5098 stolre,
558 5029 774 5100 scripsit
828 5025 1114 5099 epistolam
1171 5024 1237 5080 ad
1296 5025 1521 5082 Fabium
1572 5029 1925 5085 Antiochenm

331 5123 575 5180 ecclesia:
601 5119 837 5191 episcoln
857 5132 915 5175 ιιι
942 5117 1008 5174 de
1034 5117 1242 5188 synodo
1272 5118 1529 5186 Romana,
1558 5118 1760 5189 Italica,
1793 5123 1927 5178 Afri-

325 5232 459 5274 cana
480 5231 496 5282 ;
525 5225 581 5271 et
606 5213 763 5268 aliam
788 5211 855 5267 de
875 5212 1194 5280 Novatiano,
1213 5222 1269 5269 et
1288 5212 1356 5269 de
1385 5213 1466 5268 his
1486 5212 1579 5285 qui
1606 5214 1738 5284 lapsi
1761 5224 1887 5271 sunt
1906 5232 1921 5283 ;

424 5349 477 5419 1)
511 5347 747 5404 Coteler.
778 5345 843 5401 ad
874 5361 995 5419 cap.
1022 5346 1077 5419 5,7
1098 5345 1335 5419 Epistol.
1377 5348 1431 5402 S.
1468 5347 1773 5419 Poiycarpi.

424 5352 446 5406 1
511 5349 747 5404 Coteler.
778 5349 843 5401 ad
876 5361 995 5408 cap.
1022 5349 1073 5408 5,
1106 5349 1335 5412 Epistol.
1377 5349 1431 5402 S.
1468 5349 1541 5401 Po

393 5349 477 5497 (si
510 5421 817 5497 [lieronyttt.
846 5417 911 5497 de
925 5415 1032 5471 Vir.
1065 5417 1277 5497 uta-gum
1309 5432 1428 5487 cap.
1458 5418 1547 5497 66ἒ

392 5487 476 5561 (ὅ)
508 5487 795 5561 Polycarp.
828 5488 987 5561 epist.
1011 5487 1077 5540 ad
1098 5487 1360 5559 Philipp.,
1388 5503 1507 5560 cap,
1533 5490 1586 5544 5,

424 5560 478 5630 ὦ)
510 5565 583 5619 Id.
610 5560 741 5619 ibid.
775 5575 896 5630 cap.
930 5560 1015 5617 11.

424 5567 457 5622 4
510 5567 583 5619 Id.
612 5567 741 5619 ibid.
775 5575 896 5630 cap.
930 5567 1015 5617 11.

400 5567 479 5708 (5i
510 5634 709 5708 Euseb.
745 5632 809 5688 Η.
836 5633 897 5708 E.
919 5631 1019 5708 lib.
1051 5645 1122 5708 vi,
1152 5644 1273 5700 cap.
1307 5631 1392 5696 11.

390 5700 471 5780 (Β)
499 5707 816 5776 Hieronym.
844 5700 1029 5759 dth'r.
1051 5701 1237 5757 illustr.
1269 5716 1390 5772 cap.
1420 5700 1509 5757 62.

2106 4995 2186 5069 (7)
2217 4995 2410 5050 Smith.
2442 4995 2618 5050 Schol.
2639 4998 2708 5069 od
2733 5015 2775 5052 ε.
2809 4995 3098 5069 Polycarpi
3116 4994 3305 5067 epistol.
3322 5006 3419 5065 pag.
3445 4982 3526 5043 uo.

2101 5068 2181 5141 (8)
2213 5069 2519 5141 llierunym.
2546 5068 2610 5123 de
2658 5068 2766 5125 Vir.
2794 5069 2985 5129 illustr.
3014 5068 3117 5141 cap
3143 5070 3230 5125 66.

2102 5138 2182 5209 (9)
2214 5139 2445 5195 (loteler.
2484 5140 2586 5209 loc.
2620 5141 2713 5201 cit.

2106 5206 2223 5280 (10)
2255 5209 2502 5273 tialland.
2536 5206 2779 5264 Bibliotlt.
2813 5211 3032 5266 Maxim.
3071 5210 3179 5267 SS.
3227 5207 3335 5264 PP.
3356 5215 3457 5262 tom.
3474 5213 3524 5262 III.

2026 5278 2076 5331 in
2109 5278 2386 5352 protegam.
2420 5296 2539 5352 cap.
2573 5282 2626 5346 6,
2659 5299 2716 5334 η.
2747 5283 2803 5345 4,
2834 5296 2950 5352 pag.
2979 5284 3077 5338 23.

2099 5339 2212 5421 (11)
2244 5339 2624 5424 Collaudant;
2641 5353 2747 5407 SS.
2773 5339 3059 5424 St'pténbr.
3082 5353 3229 5409 Tom.
3246 5364 3311 5424 η.
3330 5362 3424 5424 pag.
3443 5339 3519 5397 180.

2023 5419 2301 5474 Constant.
2333 5421 2555 5495 Epistot.
2587 5421 2739 5495 Rom.
2770 5419 3016 5495 Ponti/ie.
3059 5440 3175 5495 pag.
3219 5421 3330 5495 N5.
3358 5419 3471 5495 Τθρι
3492 5425 3522 5472 ιι

2015 5503 2127 5546 not.
2157 5508 2209 5557 a,
2239 5501 2293 5547 et
2330 5485 2471 5563 apud
2507 5493 2676 5549 Mausi
2702 5485 3153 5551 ϐοιιεεείϐοηὲὶιῖ
3173 5493 3389 5563 Δωριῆς.
3418 5485 3521 5541 Τοιυο

2012 5576 2050 5631 l,
2083 5562 2188 5617 col.
2219 5563 2345 5629 817,
2376 5572 2487 5617 not.
2520 5565 2571 5618 1.

2087 5632 2201 5775 (12)
2236 5633 2404 5716 Labb.
2432 5634 2587 5689 Tom.
2618 5651 2635 5690 ι
2667 5634 2938 5692 Concilior.
2972 5637 3085 5692 col.
3109 5635 3210 5703 668
3235 5644 3283 5692 et
3303 5646 3403 5755 sqq.
3485 5692 3502 5705 _

2087 5706 2175 5775 (15
2221 5705 2388 5762 Mansr
2418 5704 2572 5762 Tom.
2597 5723 2633 5763 ι.
2658 5706 2790 5765 Coit.
2823 5709 2995 5775 Ampl.
3023 5704 3303 5764 Conc.Cel.
3328 5703 3358 5758 8
3390 5694 3498 5754 1-811

2082 5694 2197 5775 (15)
2221 5705 2388 5762 Mansi
2418 5704 2572 5762 Tom.
2597 5723 2633 5763 ι.
2658 5706 2790 5765 Coit.
2823 5709 2995 5781 Ampl.
3023 5694 3303 5764 Conc.Cel.
3328 5694 3514 5758 811-817.
