3730 6270
222 282 308 341 885
1548 302 1551 309 ι
1597 273 2113 336 PROLECOMENA

3368 289 3472 346 686

215 395 477 453 universam
516 388 806 447 Ecclesiam
846 388 1118 463 dirigitur,
1165 392 1381 463 agitque
1422 392 1491 449 de
1530 394 1760 453 transla-
1787 394 1836 457 Α
1864 391 2018 450 theca
2048 394 2349 467 acceperit,
2394 404 2628 454 mentem
2658 405 2834 455 tamen
2879 414 3029 458 suam
3070 402 3200 459 satis
3241 388 3477 461 manife-i

206 487 333 542 tiens
359 485 444 541 SS.
466 483 602 540 Betri
631 493 684 539 et
707 483 861 539 Pauli
879 526 891 547 ,
926 494 1196 556 tamquam
1216 486 1283 540 ab
1312 500 1377 543 eo
1419 485 1555 543 facta
1575 527 1590 552 ,
1616 501 1677 541 ac
1698 485 1766 547 dc

199 576 493 642 Horatiano,
519 575 749 646 aliisque
774 577 1077 643 lnareticis;
1110 578 1298 645 altera,
1351 577 1492 637 Rufo
1519 577 1602 634 vel
1646 577 1765 633 Ru-

196 669 318 727 stico
341 669 578 738 episcopo
611 667 873 725 Orientall
901 670 1155 740 inscripta
1177 708 1193 735 ,
1227 679 1422 729 tractat
1462 669 1532 729 de
1573 669 1765 727 Sacra-

199 771 381 819 mento.
400 762 507 815 sive
532 758 885 832 jurejurando
921 763 1296 833 episcoporum
1324 771 1382 819 et
1417 778 1608 821 eorum
1636 764 1793 817 cau—‘

202 856 288 911 sis.
323 851 533 923 [itaque
570 851 641 908 ab
678 852 943 919 eruditis,
984 863 1041 908 et
1079 854 1150 909 ab
1187 855 1303 924 ipso
1342 855 1504 911 etiam
1544 853 1763 913 Labbeo

204 949 339 1006 velut
370 946 528 1017 spuria
566 947 846 1015 rejieitur,
892 963 1154 1019 altamque
1194 949 1424 1019 ipsamet
1472 948 1760 1012 falsitatem

207 1057 301 1115 per
319 1038 582 1108 sdscriptos
619 1040 942 1095 consulatus
981 1040 1192 1110 probat.
1226 1041 1380 1099 Prior
1399 1041 1543 1097 enim
1581 1060 1599 1093 ι
1636 1040 1762 1103 data

207 1132 409 1203 septimo
437 1128 591 1199 (alibi
639 1130 874 1201 octavo)
932 1130 1049 1187 idus
1098 1132 1449 1201 septembt-is,
1498 1132 1663 1191 Decio
1705 1141 1763 1191 et

202 1223 428 1287 Harimo,
473 1219 601 1276 viris
653 1221 991 1286 clarissimis,
1020 1225 1363 1290 consulibus;
1419 1244 1439 1281 ι
1490 1225 1761 1295 posterior

200 1332 221 1371 ι
252 1312 510 1370 undecimo
560 1310 822 1371 kalendas
845 1314 1009 1383 jnnii,
1054 1334 1073 1368 ι
1110 1316 1299 1375 iisdem
1336 1316 1648 1375 consulibus
1686 1317 1761 1372 si-

192 1416 336 1480 gnata
385 1417 491 1470 est;
529 1421 757 1477 quorum
799 1408 1043 1467 ultimum
1087 1410 1300 1471 nonnisi
1338 1427 1480 1473 anno
1515 1412 1657 1478 255;
1705 1411 1759 1479 id

196 1509 276 1557 est
308 1498 528 1555 secundo
567 1509 689 1569 post
729 1501 875 1557 Decii
915 1503 1189 1561 interitum
1228 1518 1403 1571 anno,
1460 1512 1515 1563 et
1553 1504 1759 1575 aliquot

197 1600 307 1663 post
350 1590 404 1648 S.
444 1591 676 1648 Cornelii
724 1594 1041 1664 martyrium
1088 1597 1365 1654 mensibus
1417 1597 1755 1657 consulatum

196 1682 581 1743 iniisscethstis
602 1694 834 1742 constat.
855 1686 911 1743 Si
928 1688 1048 1758 quis
1072 1688 1202 1745 velit
1229 1704 1323 1759 per
1348 1707 1367 1745 ι
1402 1689 1690 1751 Maximum
1729 1708 1749 1743 ι

1868 494 1998 553 Stat,
2024 485 2149 543 dum
2182 486 2248 542 ad
2275 488 2405 543 duas
2430 497 2577 544 certe
2609 491 2902 561 genuinas,
2942 508 3072 563 quas
3109 494 3305 551 ibidem
3342 498 3469 552 sub-

1869 576 1968 642 dit,
2027 578 2105 633 sic
2146 588 2336 634 notat:
2378 597 2396 630 ι
2437 579 2562 635 Hice
2607 591 2661 637 et
2688 596 2919 654 sequens
2967 583 3201 654 Epistula
3242 602 3362 642 cum
3402 588 3467 643 iis

1867 682 2004 736 quas
2032 667 2221 726 Clerus
2254 668 2525 727 Romanus
2555 673 2806 742 scripsit‘,
2832 672 3060 740 docent,
3110 677 3235 747 quid
3262 679 3466 734 distent

1867 773 1973 812 arra
2024 759 2242 830 lupinis,
2293 772 2347 818 et
2394 762 2677 818 subterata:
2723 780 2931 821 merces
2990 768 3165 822 aureis
3219 778 3461 826 veterum

1869 849 2109 920 scriptis.
2141 871 2159 903 ι
2196 851 2449 908 Eamtlem
2486 852 2859 910 Tillemontins
2889 854 2992 929 (3),
3022 869 3076 912 et
3101 859 3246 914 citati
3267 860 3468 917 Natalis

1868 940 2176 1000 Alexander
2203 960 2266 1000 ac
2295 943 2662 1015 Constantius,
2688 948 2902 1021 aliique,
2936 951 3076 1006 inter
3100 954 3468 1024 supposititias

1866 1034 2112 1107 similiter
2160 1047 2427 1108 reponunt
2456 1057 2468 1095 :
2502 1048 2557 1094 et
2604 1049 2753 1117 certe
2799 1056 2861 1105 ea
2912 1026 3100 1131 magna
3128 1058 3237 1129 prae
3260 1059 3320 1099 se
3366 1044 3471 1100 fert

1863 1130 2249 1199 Suppositionis
2276 1132 2490 1189 indicia.
2522 1132 2787 1203 Imprimis
2832 1153 2850 1185 σ
2896 1126 3298 1207 Λιεῐιὶιένίευοιιί
3347 1157 3367 1192 ι
3401 1136 3470 1193 ti-

1864 1219 2009 1281 tulus
2028 1232 2185 1279 tetate
2214 1221 2448 1281 Cornelii
2488 1225 2542 1280 in
2583 1241 2681 1279 usu
2714 1242 2818 1281 non
2859 1238 3009 1294 erat;
3055 1240 3109 1284 et
3154 1230 3199 1283 si
3244 1230 3468 1301 fuisset,

1867 1321 2086 1368 sanctus
2125 1313 2406 1385 Pontifex,
2462 1316 2699 1387 seipsum
2750 1320 3118 1376 tantnnnnodo
3156 1321 3470 1395 episcopum

1863 1400 2048 1460 dicens
2068 1446 2082 1471 ,
2116 1405 2439 1479 Lupicinum
2465 1408 2823 1467 Viennensem
2852 1427 2918 1467 eo
2949 1413 3162 1469 nomine
3187 1430 3293 1469 non
3322 1431 3473 1473 com-

1861 1495 2137 1565 pellasset.
2189 1498 2454 1571 Baronius
2483 1501 2699 1575 quidem
2730 1503 2785 1558 in
2823 1504 3120 1560 Annalibus
3161 1505 3226 1561 ad
3268 1522 3470 1563 annum

1860 1585 1990 1650 255,
2017 1603 2167 1644 num.
2197 1591 2286 1657 47,
2325 1591 2412 1647 ubi
2440 1607 2560 1648 eam
2604 1609 2703 1665 pro
2731 1596 2962 1667 genuina
3009 1597 3203 1666 refert,
3248 1599 3472 1657 Archie-

1864 1679 2073 1750 pismtpi
2105 1682 2314 1737 titulum
2341 1684 2576 1750 omittit;
2606 1686 2701 1740 sed
2730 1688 2857 1741 etin
2889 1688 3102 1745 laudata
3131 1690 3467 1749 Bibliotheca

205 1774 276 1831 iu
295 1774 525 1845 Nam
556 1794 575 1833 ε
610 1774 856 1843 aruum,
894 1796 915 1830 ι
945 1779 1032 1834 cui
1063 1778 1117 1835 id
1151 1793 1346 1840 ..οιηεη
1386 1782 1547 1839 etiam
1588 1779 1754 1839 fuisse
1784 1779 1833 1841 Β
1862 1771 2105 1840 Patrum,
2132 1789 2196 1829 ac
2220 1774 2421 1835 Labbei
2464 1775 2794 1835 Collectione
2824 1780 3173 1837 conciliorum
3195 1825 3209 1846 ,
3244 1784 3295 1841 in
3325 1783 3468 1842 hunc

210 1867 391 1939 legitur,
418 1866 539 1923 nihil
575 1877 756 1924 tamen
775 1869 1007 1936 efﬁciet,
1064 1886 1185 1928 cum
1215 1872 1376 1943 hujus
1416 1874 1755 1933 consolatum

204 1959 451 2014 adanutun
473 1958 579 2014 250
599 1971 829 2029 spectet,
874 1977 981 2032 quo
1017 1963 1302 2022 Cornelius
1339 1966 1573 2023 nondum
1621 1983 1755 2037 pan.

208 2051 321 2107 tich
344 2051 598 2111 ordinatus
623 2054 817 2109 fuerat.
845 2054 1004 2112 Plura
1029 2057 1327 2114 manifesta:
1373 2060 1757 2129 suppositionis

203 2141 374 2199 indicia
400 2142 604 2199 adducit
630 2143 835 2201 Natalis
860 2144 1179 2205 Alexander
1204 2150 1252 2216 (l
1269 2149 1312 2220 ),
1339 2151 1477 2207 inter
1495 2167 1615 2222 qua:
1648 2155 1726 2222 pri
1742 2183 1758 2201 ν

202 2246 331 2291 tuum
362 2235 632 2307 Scriptum
673 2252 843 2295 sacra:
870 2239 1163 2295 secundum
1212 2242 1510 2298 versionem
1562 2243 1758 2315 Vulga-

202 2336 299 2389 tam
328 2327 523 2393 citatis;
565 2336 619 2383 et
643 2329 925 2385 sententiae
969 2345 1035 2386 ex
1065 2329 1215 2387 Actis
1242 2332 1458 2391 concilii
1483 2332 1763 2405 Carthagi-

200 2418 394 2483 nensis,
425 2432 487 2474 ex
512 2418 736 2490 epistola
765 2420 834 2477 de
864 2420 982 2477 Vita
1022 2420 1367 2488 clericorum,
1395 2424 1461 2483 ad
1485 2423 1758 2483 Oceanum

193 2510 286 2566 sub
307 2510 503 2566 nomine
526 2511 586 2566 S.
618 2510 966 2583 Hieronymi,
1018 2528 1085 2569 ex
1130 2514 1362 2571 concilio
1402 2514 1648 2575 Romano
1693 2533 1749 2583 ν,

191 2600 283 2655 sub
305 2602 629 2672 Syntmacho,
657 2618 724 2659 ex
747 2613 934 2661 saneto
958 2605 1266 2673 Ambrosio,
1292 2605 1531 2677 Epistula
1558 2606 1659 2674 ευ,
1700 2617 1761 2669 et

188 2691 390 2751 alicnde
408 2704 718 2766 corrogatis.

256 2784 579 2844 (bummius
617 2799 801 2845 noster
827 2789 882 2846 in
911 2788 1167 2859 Epistolis
1186 2802 1521 2851 summorum
1568 2793 1757 2851 Pontiv

185 2877 335 2939 ticum
353 2920 368 2944 .
395 2880 497 2936 col.
524 2880 614 2945 26,
650 2890 909 2950 praeterea
938 2883 1192 2941 observat
1218 2884 1492 2943 decretum
1520 2901 1627 2958 quo
1651 2897 1759 2945 sta.

175 2970 329 3025 tuitur
355 2971 787 3043 utiuramentum
814 2988 843 3029 a
864 2972 1064 3043 jejunis
1094 2984 1395 3044 praestetur,
1418 2986 1474 3033 et
1501 2993 1570 3037 ne
1608 2983 1755 3048 pueri

173 3071 289 3117 ante
312 3077 501 3117 annum
526 3064 699 3118 aetatis
753 3064 819 3118 ll
861 3065 1046 3134 iurare
1079 3078 1360 3138 cogantur,
1392 3069 1536 3140 quod
1582 3081 1756 3129 exstat

1865 1863 2085 1919 modum
2102 1865 2449 1922 inscribitur:
2480 1886 2499 1920 t
2524 1868 2824 1936 Cornelius,
2852 1871 3151 1943 Episcopus
3175 1866 3469 1944 Romanus,

1863 1948 2017 2009 fratri
2064 1955 2323 2026 Lupicino
2374 1957 2666 2015 Viennensi
2713 1960 2983 2032 Episcopo
3027 1965 3279 2021 salutem.
3333 1988 3352 2019 ι
3403 1969 3476 2024 At

1866 2051 2392 2119 praeterquatnnnod
2416 2050 2680 2108 incertum
2708 2053 2776 2109 sit
2816 2055 2959 2124 apud
2987 2070 3122 2126 quos
3144 2056 3471 2115 Floriacensi

1862 2143 2210 2213 Autograplto
2244 2147 2578 2201 conlormius
2614 2146 2851 2217 legatur;
2899 2164 2998 2204 nec
3035 2148 3151 2205 haec
3192 2153 3471 2223 inscriptio

1861 2234 2098 2288 Cornelti
2127 2235 2397 2295 scribendi
2429 2238 2683 2294 methodo
2708 2240 2957 2310 congruit
2984 2258 2998 2295 :
3033 2240 3120 2297 hic
3160 2245 3305 2298 enim
3347 2246 3472 2315 epi~

1862 2326 2032 2382 stolas
2073 2342 2197 2382 suas
2242 2327 2307 2382 ad
2351 2327 2679 2401 Cyprianum
2717 2331 2869 2386 datas
2909 2348 3029 2402 qua:
3071 2335 3341 2406 etiamque
3376 2353 3473 2393 ex-

1864 2427 2033 2481 stant,
2061 2420 2264 2475 omisso
2296 2423 2572 2493 utriusque
2602 2425 2941 2495 episcopatus
2964 2427 3140 2495 titulo,
3176 2428 3257 2485 bis
3292 2432 3471 2488 verbis

1870 2509 2192 2565 exorditur:
2231 2531 2249 2565 ι
2284 2511 2569 2569 Cornelius
2609 2514 2881 2585 Cypriane
2928 2516 3082 2574 fratri
3130 2522 3394 2589 salutem;
3445 2545 3465 2578 ι

1866 2598 2009 2669 quod
2073 2608 2128 2668 et
2176 2598 2476 2674 Cyprianus
2528 2603 2580 2658 in
2628 2604 2738 2660 suis
2794 2606 2860 2660 ad
2907 2605 3217 2666 Cornelium
3272 2613 3471 2681 pariter

1864 2690 2140 2747 factitavit.

1934 2783 2203 2853 Secundo,
2231 2782 2453 2841 dubiant
2486 2794 2570 2843 est
2598 2802 2664 2841 an
2711 2788 2767 2844 S.
2814 2787 3124 2860 Lupicinus,
3171 2797 3466 2867 superstite

1864 2873 2134 2944 Cornelio,
2168 2877 2414 2932 ecclesia:
2462 2877 2750 2935 Viennensi
2793 2880 2903 2951 jam
2936 2884 3271 2953 prmsederit.
3304 2888 3468 2947 Certe

1842 2966 1919 3045 .id
1971 2967 2026 3022 in
2070 2967 2285 3025 Baronii
2316 2970 2583 3025 sententia
2636 2972 2927 3043 rogandum
2951 2983 3074 3029 est:
3114 2975 3161 3031 is
3205 2978 3345 3050 enim
3400 2981 3468 3036 ad

1864 3076 2063 3115 annum
2096 3059 2224 3126 262,
2259 3072 2405 3118 num.
2438 3064 2527 3135 58,
2571 3064 2628 3119 S.
2678 3063 3042 3136 Florentium,
3089 3069 3333 3141 Lupicini
3375 3073 3470 3130 de-

171 3152 220 3207 in
264 3156 632 3225 compilatione
679 3155 956 3224 Gratiani,
990 3158 1063 3213 22
1088 3203 1102 3225 ,
1157 3169 1350 3230 qumst.
1402 3163 1456 3229 5,
1489 3178 1540 3221 c.
1570 3165 1661 3232 16,
1695 3182 1720 3218 a

1919 3168 2163 3223 :ssorem,
2208 3154 2310 3211 sub
2358 3154 2641 3212 Valeriano
2686 3172 2901 3243 passum
2931 3160 3158 3227 scribit;
3209 3163 3275 3219 ad
3321 3167 3467 3235 quod

170 3241 325 3301 lvone
365 3255 418 3301 et
450 3246 783 3316 Burcbardo,
812 3258 998 3306 sancto
1027 3255 1263 3322 pontilici
1310 3266 1493 3312 nostro
1552 3259 1753 3337 pariter

169 3349 438 3411 perperam
466 3338 740 3394 abscrivit.

234 3426 598 3486 Commentitia
630 3431 787 3487 etiam
817 3442 965 3489 certe
989 3442 1074 3490 est
1101 3432 1201 3491 ista
1230 3435 1457 3506 epistola
1488 3439 1638 3497 ’acris
1686 3457 1750 3498 ac

163 3522 465 3593 vehemens,
510 3542 633 3598 quae
664 3535 787 3600 post
809 3525 1156 3601 Cyprianicas
1180 3529 1233 3585 in
1260 3529 1500 3589 editione
1524 3533 1744 3609 Veneta,

157 3629 260 3685 qua
288 3617 501 3685 utimur,
531 3617 639 3675 col.
668 3618 795 3687 505,
837 3619 980 3676 inter
1000 3619 1213 3687 dubias,
1236 3624 1513 3692 recitatur,
1534 3626 1679 3684 velut
1715 3643 1745 3683 a

160 3703 407 3764 Cornelio
431 3712 494 3765 ad
523 3710 849 3783 Cyprianum
881 3713 950 3768 de
989 3730 1098 3769 non
1138 3716 1532 3787 rebaptizandis
1563 3717 1743 3777 Ha‘re-

159 3795 277 3854 ticis
322 3800 459 3856 data.
502 3800 729 3858 Constat
793 3805 937 3859 enim
986 3804 1126 3861 hanc
1176 3811 1595 3866 controversiam
1642 3814 1742 3871 sub

159 3889 404 3951 Carnelio
439 3896 689 3969 agitatam
736 3913 841 3952 non
866 3898 1063 3966 fuisse,
1098 3900 1191 3956 sed
1234 3900 1558 3972 Cyprianum
1602 3905 1740 3963 inter

159 3996 220 4039 ac
244 3984 585 4066 Stephanum,
620 3988 763 4047 illius
803 4000 921 4065 post
950 3982 1171 4049 Lucium
1199 4008 1590 4064 successorem,
1626 3999 1739 4077 pri-

160 4089 303 4155 mum
330 4092 493 4141 ortam
519 4080 717 4148 fuisse;
751 4092 961 4139 constat
990 4099 1202 4157 quoque
1226 4101 1491 4145 summam
1523 4106 1737 4161 semper

166 4175 553 4232 consensionem
593 4176 903 4233 Cornelium
951 4178 1093 4234 inter
1118 4190 1173 4235 et
1210 4174 1532 4251 Cyprianum
1571 4184 1735 4240 inter-

166 4265 383 4323 cessisse
401 4267 495 4341 (2).

242 4355 334 4415 XI.
362 4359 812 4423 Eminentissimus
833 4363 1492 4432 RobertusBellarminus,
1514 4366 1647 4427 libro
1667 4367 1735 4425 de

183 4443 504 4516 Βαίβιοτίιιυο
522 4456 902 4511 ecclesiasticis
931 4457 983 4510 in
1012 4458 1069 4513 S.
1093 4455 1344 4512 Cornelio
1364 4458 1587 4513 alterius
1614 4475 1733 4529 per-

1858 3245 2332 3302 Eminentissimus
2362 3247 2640 3302 Annalists
2671 3265 2773 3305 non
2802 3248 3065 3318 advertit,
3096 3253 3222 3308 dum
3253 3272 3463 3315 memo-

1857 3349 2027 3394 ratam
2058 3337 2353 3409 Epistolam
2386 3338 2624 3406 admisit,
2657 3341 2740 3394 vel
2762 3350 2967 3409 contra,
3000 3342 3128 3399 dum
3159 3343 3301 3401 illius
3323 3365 3460 3404 mar-

1857 3431 2054 3503 tyrium
2116 3439 2225 3484 tam
2284 3444 2407 3485 sete
2457 3430 2762 3486 collocavit.
2814 3430 3088 3495 Laudatus
3135 3434 3371 3495 Joannes
3430 3459 3461 3497 a

1854 3520 2029 3576 Bosco
2069 3520 2136 3577 de
2179 3519 2368 3577 eodem
2422 3520 2481 3579 S.
2530 3521 2806 3583 Florentio
2845 3525 2923 3579 sic
2962 3525 3079 3581 ait:
3114 3547 3148 3603 γε
3197 3529 3461 3603 Tetnpora

1857 3614 2156 3681 Gordiani,
2189 3612 2453 3685 Philippi,
2482 3615 2664 3682 Decii,
2695 3614 2872 3680 Galli,
2901 3626 2956 3673 et
2979 3602 3252 3677 Volusiani
3297 3602 3462 3681 dcc...

1848 3711 2055 3766 currit:
2097 3730 2116 3763 ι
2154 3709 2226 3764 De
2249 3707 2508 3778 Lupicino
2530 3718 2707 3765 autem
2735 3728 2748 3764 :
2778 3729 2797 3761 ι
2832 3709 2939 3781 Ipsi
2960 3714 3223 3770 successit
3248 3715 3308 3770 Β.
3346 3717 3457 3776 Lu.

1849 3807 2053 3877 pit-inus
2098 3813 2319 3877 martyr,
2353 3803 2440 3875 qui
2487 3800 2810 3860 Catbedram
2842 3806 3011 3872 rexit,
3063 3805 3187 3864 dum
3219 3810 3458 3868 Valeria-

1845 3892 1947 3954 nus
1969 3910 2021 3954 et
2048 3896 2324 3953 Gallienus
2347 3897 2396 3951 itt
2417 3894 2665 3951 humanis
2698 3897 2983 3952 debebant.
3023 3917 3041 3949 ι
3072 3898 3270 3959 Eadem
3296 3902 3457 3962 habet

1842 3990 2076 4048 Joannes
2102 3989 2289 4045 Chenu
2328 3990 2382 4045 in
2426 3988 2827 4059 episcopalibus
2878 3988 3088 4046 Calliae.
3140 3991 3451 4059 Quinimmo

1842 4082 2185 4139 Tillemontio
2214 4078 2292 4154 (4)
2323 4079 2480 4135 valde
2510 4080 2784 4153 probabile
2806 4081 2974 4135 visum
3003 4090 3107 4149 est,
3130 4081 3450 4154 Lupicinum

1839 4197 1948 4237 non
1992 4181 2091 4236 nisi
2132 4189 2251 4250 post
2294 4192 2492 4232 annum
2522 4176 2659 4253 574,
2710 4175 2853 4229 illam
2901 4176 3085 4233 sedem
3130 4178 3446 4238 obtinuisse.

1838 4271 2022 4327 Tertio
2050 4272 2128 4324 vcl
2153 4270 2267 4339 ipsa
2294 4266 2522 4337 epistola
2555 4265 2645 4320 illa
2674 4267 2873 4336 scripta
2902 4278 2987 4323 est
3033 4279 3152 4338 post
3190 4270 3408 4328 Decium
3427 4315 3442 4341 ,

1838 4370 1998 4428 ante,
2049 4359 2131 4413 vel
2183 4365 2303 4429 post
2345 4357 2653 4412 inchoatam
2705 4371 2734 4409 a
2784 4354 2942 4411 Callo
2993 4362 3443 4428 persecutionem.

1841 4455 1896 4511 Si
1925 4452 2193 4524 primum,
2235 4465 2338 4518 qua
2380 4447 2625 4504 veritatis
2669 4447 2851 4518 specie
2902 4448 3005 4515 ait,
3045 4468 3063 4501 ι
3110 4449 3444 4511 Christianos

184 4533 349 4611 brevis
377 4545 599 4616 ερίειυιω
629 4547 695 4601 ad
747 4546 1053 4618 Lupicinum
1100 4549 1461 4605 Viennensem
1512 4549 1736 4620 Episco-
1762 4551 1815 4621 Ι)
1844 4546 2039 4616 ubique
2060 4540 2340 4596 tormen’Lis
2367 4538 2527 4592 variis
2554 4536 2694 4592 affici
2714 4580 2727 4604 ,
2768 4547 2824 4592 et
2846 4537 2955 4609 jam
2980 4539 3158 4610 plures
3188 4543 3441 4614 martyrio

178 4644 295 4701 pum
331 4643 569 4701 meminit.
619 4642 808 4703 Exstat
856 4660 917 4700 ea
956 4652 1103 4699 tomo
1147 4660 1205 4703 ιιι
1256 4644 1601 4703 Bibliotheca:
1640 4645 1740 4700 Pa-
1844 4644 2129 4694 coronatos
2159 4632 2367 4689 fuisse?
2404 4650 2421 4683 ι
2456 4630 2512 4686 Si
2542 4629 2835 4685 secundum
2859 4671 2873 4698 ,
2927 4647 3023 4687 cur
3064 4634 3130 4689 de
3168 4649 3261 4688 sua
3305 4650 3441 4690 con-

179 4730 306 4783 trum
327 4732 556 4791 editionis
587 4735 901 4792 Parisiensis
942 4737 1070 4791 anni
1103 4737 1263 4801 1589,
1294 4738 1433 4808 apud
1464 4737 1736 4792 Labbeutn

1834 4720 2076 4787 fessione
2103 4735 2195 4782 aut
2222 4724 2382 4782 exilio
2412 4740 2520 4779 non
2548 4723 2822 4791 tncminit,
2873 4738 2994 4779 cmn
3037 4742 3101 4782 ex
3133 4726 3286 4782 dictis
3305 4744 3437 4783 con-

185 4822 313 4874 tome
346 4838 379 4879 ι,
407 4825 782 4893 Camillorum,
819 4827 924 4883 cui,
972 4828 1077 4885 829
1122 4842 1173 4883 et
1214 4826 1478 4884 Joannem
1510 4845 1541 4883 a
1568 4827 1738 4884 Bosco
1842 4832 1947 4878 stet
1978 4820 2125 4875 illum
2158 4819 2298 4872 inter
2329 4815 2551 4886 .primos
2581 4814 2909 4880 confessum,
2960 4818 3438 4887 comprehensum-

187 4903 232 4963 in
262 4912 647 4987 Antiquitatibus
694 4919 1030 4975 bibliotheca:
1074 4920 1471 4989 Floriacensis,
1523 4938 1589 4977 ex
1634 4937 1723 4992 qua

1919 4928 1947 4968 e
1975 4911 2136 4967 esse?
2183 4908 2415 4975 Caetera,
2463 4922 2581 4977 tium
2630 4908 2682 4961 in
2713 4907 2900 4961 eadem
2946 4907 3167 4976 epistola
3218 4909 3439 4981 insuper

188 5000 381 5075 primum
406 5019 607 5066 emtam
654 5010 914 5083 Batonius
950 5011 1239 5083 descripsit
1273 5012 1341 5069 ad
1382 5029 1579 5087 annum
1628 5013 1740 5069 225
1841 5002 2113 5060 nonnullis
2143 5000 2461 5068 tliSplicent,
2485 4997 2623 5064 apud
2651 4996 3046 5051 Tillemontium
3074 5012 3138 5053 ac
3165 4997 3434 5056 Constan-

195 5098 332 5165 11.47,
356 5112 403 5157 et
429 5104 774 5159 Constantius
800 5115 982 5160 noster
1010 5105 1062 5159 in
1104 5106 1399 5174 appendice
1438 5106 1503 5162 ad
1528 5114 1659 5162 tom.
1695 5122 1733 5161 t.

194 5177 374 5259 Epistol.
404 5194 558 5251 Rom.
583 5195 780 5251 Pontif.
814 5212 932 5267 pag.
964 5195 1056 5261 25,
1085 5207 1389 5268 suspectam
1418 5196 1597 5253 habet.

1836 5096 1969 5152 tium
2021 5092 2187 5150 rideri
2238 5088 2698 5162 possunt:nolim
2754 5097 2933 5142 tamen
2982 5104 3104 5159 cum
3148 5091 3428 5161 posteriori

1836 5202 2098 5251 asserere,
2115 5198 2300 5240 vocem
2325 5200 2342 5233 ι
2370 5180 2574 5246 Missas,
2592 5198 2610 5230 ι
2631 5195 2750 5249 qua:
2772 5180 2905 5235 inea
2923 5181 3176 5250 occurrit,
3193 5181 3427 5240 Cornelii

247 5285 541 5361 Quamquam
597 5306 726 5346 vero
784 5290 1031 5345 Labheus
1078 5290 1147 5345 de
1192 5291 1290 5345 hac
1342 5290 1562 5359 epistola
1606 5289 1734 5345 nihil
1838 5297 1953 5336 mvo
1973 5288 2122 5335 certo
2152 5273 2503 5331 recentiorem
2526 5286 2664 5327 esse.

193 5378 332 5449 llatet,
364 5381 459 5438 nisi
490 5382 635 5455 quod
679 5397 799 5438 eam
823 5380 1086 5437 Baronius
1112 5396 1143 5438 e
1169 5380 1498 5437 Floriacensi
1538 5380 1735 5437 Biblio-

242 5603 305 5675 (l)
324 5601 488 5659 Natat.
521 5602 784 5675 Alexand.
813 5599 954 5658 Hist.
987 5602 1179 5658 Eccles.
1203 5602 1389 5659 swcula
1410 5616 1467 5657 nt
1486 5643 1499 5669 ,
1522 5616 1639 5672 cap.
1668 5601 1726 5671 4,

165 5668 261 5747 θληὲ
283 5668 468 5747 Mas-
494 5674 591 5747 7,3.

239 5745 300 5822 (Ξ)
324 5743 443 5805 Vide
490 5746 694 5803 Maron.
740 5744 845 5801 Vit.
880 5745 943 5801 S.
969 5743 1215 5817 Cypriani
1242 5744 1288 5816 θ.
1319 5744 1410 5813 '55,
1441 5758 1561 5816 pag.
1594 5743 1716 5800 “5.
1800 5830 1809 5839 '

1910 5374 2019 5428 VII.
2063 5373 2327 5427 Praeterea
2377 5378 2527 5423 notat
2572 5366 2985 5434 'l‘illemontius,
3039 5377 3319 5427 tractatum
3362 5371 3431 5428 de

1842 5464 2129 5537 Disciplina
2169 5473 2223 5519 et
2245 5462 2395 5516 Bono
2425 5459 2712 5531 pudicitiae,
2740 5461 2830 5530 qui
2867 5461 3008 5515 inter
3030 5460 3191 5519 dubia
3237 5465 3294 5526 S.
3322 5463 3429 5538 Cy-

1914 5601 1993 5672 (3)
2025 5592 2648 5672 TilletuontLAMémoires
2669 5632 2686 5660 ,
2719 5601 2837 5648 note
2875 5608 2966 5660 xv,
3015 5610 3105 5649 sur
3150 5593 3428 5657 Corneille.

1830 5663 1985 5728 Tom:
2016 5687 2090 5736 Ill,
2122 5683 2239 5738 pag.
2270 5663 2375 5722 352

1899 5740 1977 5818 (ί)
1999 5742 2138 5797 Idem
2162 5739 2292 5796 ibid.
