3730 6270
249 396 273 401 ⁸·
294 397 375 401 ’⁸⁷
462 401 591 407 οφνῆ-
616 402 875 407 μὴ’-οημμ
906 401 1241 407 -ςᾼί-η-
1947 407 2268 417 —~—_—_
2302 402 2421 411 ’ἀ-*ι
2520 405 2595 410 —--—
2626 405 2749 410 ‘—-—-—
2772 405 3245 413 -ο-κ--τ-ηί--ηα-κ--
3274 408 3429 413 ---ι’-·-

1615 528 1681 598 Ν
1689 527 2060 600 ΟΤΙΤΙΑ

473 681 1040 748 EPISTOLARUM
1079 683 1246 748 NON
1287 682 1815 748 EXSTANTIUM
1868 684 2053 760 QUJE
2101 684 2206 745 AD
2248 683 2719 747 CORNELIUM
2764 684 3170 748 ATTINENT
3197 730 3214 760 ,

1346 848 1588 889 AUCTORE
1628 851 1680 890 D.
1723 848 2050 890 COUSTANTIO
2087 850 2139 890 0.
2185 850 2229 890 S.
2273 851 2321 888 Β.

1517 966 2169 998 ς--ᾤ-

293 1178 334 1234 1.
363 1172 578 1230 Cornelii
600 1171 666 1228 ad
689 1173 1013 1244 Cyprianum
1037 1173 1240 1229 aliosve
1265 1172 1464 1228 Africae
1491 1171 1785 1243 episcopos

225 1272 414 1336 litterae,
465 1269 658 1339 quibus
685 1284 744 1322 se
782 1271 1092 1338 episcopum
1150 1267 1334 1321 Roma:
1384 1266 1583 1320 factum
1639 1281 1782 1319 nun—

223 1363 380 1417 tiahat.
433 1359 522 1414 lla:
578 1359 894 1414 modestiam
946 1369 998 1413 et
1049 1358 1442 1429 simplicitatem
1497 1357 1783 1427 quamdam

223 1454 495 1526 spirabant,
539 1467 697 1522 quam
727 1452 948 1506 minime
981 1466 1090 1520 pra:
1121 1465 1181 1505 se
1212 1449 1456 1506 ferebant
1482 1490 1496 1513 ,
1527 1465 1646 1519 qua:
1677 1463 1782 1503 non

226 1547 367 1602 multo
389 1554 500 1616 post
546 1544 598 1598 in
651 1543 885 1599 Africam
927 1555 1212 1612 venerunt,
1257 1543 1541 1598 Novatiani
1585 1544 1783 1614 scripta

223 1637 439 1694 conviciis
465 1643 517 1690 et
562 1635 848 1691 calumniis
877 1636 1053 1705 plena.
1084 1636 1425 1706 Quapropter
1483 1634 1783 1707 Cyprianus

226 1731 310 1784 has
346 1728 555 1785 Cornelii
605 1727 814 1784 litteras
839 1728 976 1798 plebi
1011 1729 1113 1800 legi
1169 1729 1426 1799 prtecepit
1489 1741 1544 1784 et
1576 1731 1783 1799 respuit

231 1825 392 1891 scripta
420 1819 716 1877 Novatiani.
778 1821 900 1893 Ipso
955 1832 1134 1878 autem
1203 1824 1472 1895 Cypriane
1525 1835 1779 1892 auctore,

232 1934 250 1968 ι
286 1914 446 1969 divina:
495 1913 802 1968 traditionis
869 1923 925 1970 et
989 1913 1372 1969 ecclesiastica:
1433 1915 1781 1969 institutionis

219 2007 439 2062 sanctitas
455 2007 653 2076 pariter
679 2020 742 2060 ac
763 2005 961 2060 veritas
991 2005 1239 2076 exigebat
1269 2025 1286 2058 ι
1320 2015 1379 2060 ιιι
1400 2009 1580 2060 statim
1619 2016 1781 2076 atque

222 2098 464 2154 Romanus
479 2099 764 2168 episc0pus
790 2098 1200 2169 Carthaginiensi
1217 2098 1608 2155 ordinationem
1628 2115 1777 2154 suam

216 2193 383 2248 litteris
451 2192 785 2259 nuntiasset,
840 2191 955 2261 ipse
1006 2201 1217 2245 mutuas
1256 2191 1321 2245 ad
1372 2192 1518 2245 illum
1575 2192 1778 2247 litteras

218 2285 478 2354 dirigeret,
516 2298 578 2339 ac
628 2285 816 2338 notitia
865 2283 1218 2338 ordinationis
1273 2283 1391 2354 ejus
1416 2283 1482 2338 ad
1538 2284 1777 2356 singulos

217 2377 476 2448 provincia:
505 2390 614 2430 sua:
655 2375 890 2446 collegas
918 2376 1142 2446 perlata,
1174 2375 1242 2430 ab
1287 2375 1370 2430 his
1409 2375 1602 2431 fratres
1652 2392 1776 2432 cmn

215 2470 387 2524 litteris
439 2469 500 2523 ad
539 2468 852 2539 episcopum
902 2483 1094 2523 recens
1131 2477 1367 2523 creatum
1423 2469 1776 2526 destinandos

214 2578 318 2618 esse
336 2562 617 2619 mendaret.
649 2562 744 2619 Cui
791 2562 968 2618 officio
999 2576 1104 2616 non
1122 2561 1359 2618 defuisse
1385 2577 1444 2617 se
1471 2561 1776 2634 Cyprianus

213 2653 515 2710 testiﬁcatur.

951 2747 1016 2803 II.

273 2863 319 2917 2.
360 2863 598 2935 Cypriani
654 2863 722 2920 ad
762 2863 1074 2920 Cornelium
1117 2877 1309 2933 papam
1351 2863 1625 2934 Epistola,
1681 2879 1776 2933 per

208 2953 496 3013 Caldonitun
523 2969 573 3014 et
607 2958 960 3013 Fortunatum
993 2957 1276 3028 episcopos
1302 2959 1640 3022 transmissa,
1670 2973 1773 3027 qua

207 3050 488 3115 rogabatur.
541 3059 598 3104 ιιι
639 3064 774 3118 quas
828 3051 942 3117 ipse
972 3049 1272 3120 Cyprianus
1300 3065 1420 3101 cum
1477 3049 1542 3101 ad
1568 3049 1771 3102 elerum

208 3141 309 3185 tum
337 3133 397 3187 ad
423 3135 623 3203 plebem
663 3148 814 3188 suam
846 3132 1329 3203 Carthaginensem
1353 3132 1421 3186 de
1455 3131 1772 3186 Felicissimi

209 3235 256 3279 et
275 3228 489 3296 quinque
514 3229 948 3299 presbyterorum
968 3228 1195 3282 factione
1213 3228 1502 3294 scripserat
1525 3269 1539 3291 ,
1572 3227 1672 3281 hoc
1693 3234 1776 3280 est

212 3318 330 3373 edit.
353 3320 538 3374 Pamel.
573 3337 778 3376 xxxvtu
835 3332 888 3377 et
917 3338 1004 3384 ιιι..
1043 3323 1226 3376 Romae
1279 3322 1522 3376 fidelibus
1553 3321 1772 3390 legeret.

214 3408 451 3472 Quocirca
481 3413 791 3468 earumdem
851 3414 1149 3468 litterarum
1207 3413 1452 3483 exempla
1503 3421 1628 3467 tunc
1681 3428 1776 3480 per

216 3500 472 3568 przrdictos
501 3505 782 3574 episcopos
815 3505 1091 3568 mittebat,
1143 3521 1262 3575 qua:
1292 3513 1345 3560 et
1385 3513 1568 3574 postea
1597 3505 1774 3559 denuo

220 3605 307 3660 per
344 3592 557 3649 Mettium
584 3605 637 3650 et
657 3595 1013 3668 Nicephorum
1048 3597 1212 3652 misit.

1814 1054 2016 1114 Aocto
2061 1055 2315 1128 Cypriani
2364 1070 2579 1116 exstant
2603 1062 2848 1133 epistola:
2902 1063 3163 1136 (totidem
3202 1066 3494 1122 etiamnum

1893 1144 2202 1221 habemus),
2232 1152 2451 1222 scripsit
2475 1153 2774 1224 Epistulam
2791 1155 2856 1210 ad
2876 1155 3121 1222 Fabium,
3143 1158 3494 1216 Antiochenze

1890 1239 2135 1294 ecclesia:
2197 1244 2535 1314 episcopum,
2569 1245 2638 1301 de
2694 1249 2902 1318 synodo
2946 1249 3222 1315 Romana,
3267 1251 3448 1308 Italica
3475 1295 3493 1321 ,

1889 1329 2140 1386 Africana
2169 1349 2182 1392 ;
2217 1342 2272 1387 et
2297 1335 2456 1389 aliam
2483 1335 2551 1391 de
2597 1337 2895 1395 Novatiano
2925 1350 2979 1394 et
3005 1341 3075 1396 de
3104 1341 3186 1396 bis
3219 1345 3308 1412 qui
3354 1344 3493 1415 lapsi

1889 1432 2046 1490 sunt;
2099 1427 2309 1481 tertiam
2339 1428 2407 1484 de
2437 1433 2605 1500 gestis
2633 1431 2857 1502 synodi;
2887 1445 3130 1502 quartam
3151 1435 3217 1490 ad
3247 1437 3492 1493 eumdem

1889 1512 2114 1570 Fabium
2174 1517 2330 1573 valde
2380 1521 2683 1589 prolixam,
2734 1533 2790 1577 et
2858 1523 3169 1580 Novatianze
3222 1525 3494 1583 ha-reseos

1887 1621 2080 1663 causas
2103 1619 2152 1664 et
2203 1611 2490 1668 anathema
2552 1615 2940 1672 continentem.
2982 1635 3002 1668 ι
3049 1617 3090 1672 Ε
3136 1631 3368 1689 quatuor
3390 1620 3494 1676 illis

1887 1700 2135 1768 epistolis
2188 1702 2323 1757 nihil
2351 1703 2418 1758 ad
2461 1720 2560 1760 nos
2593 1707 2867 1774 pervenit,
2901 1709 3004 1763 nisi
3039 1721 3325 1778 postrema:
3357 1711 3493 1766 insi-

1885 1791 2008 1860 gnia
2063 1793 2310 1862 quzedam
2361 1794 2694 1865 fragmenta.
2759 1814 2878 1867 qua:
2929 1798 3166 1855 Eusebio
3203 1801 3488 1858 debemus.

1887 1874 1990 1930 Isle
2029 1885 2208 1931 autem
2266 1880 2503 1950 scriptor
2524 1880 2815 1937 dciisdem
2839 1885 3006 1952 gestis
3053 1900 3116 1939 ac
3147 1885 3338 1941 litteris
3377 1888 3493 1943 hate

1887 1967 2089 2024 habet:
2127 1989 2146 2022 ι
2178 1971 2312 2026 Cum
2349 1973 2535 2028 Romae
2577 1985 2902 2046 eongregata
2934 1986 3081 2033 esset
3110 1979 3350 2050 synodus
3372 2021 3387 2048 ,
3436 1981 3489 2035 in

1882 2075 1988 2130 qua
2019 2066 2300 2132 sexaginta
2343 2063 2559 2133 quidem
2594 2066 2834 2138 episcopi
2859 2107 2875 2134 ,
2927 2069 3229 2141 presbyteri
3255 2087 3384 2126 vero
3427 2088 3490 2128 ac

1883 2151 2097 2208 diaconi
2119 2156 2293 2211 multo
2306 2157 2488 2227 plures
2507 2169 2877 2214 convenerunt
2897 2177 2912 2226 ;
2944 2176 3175 2232 cumque
3192 2164 3244 2218 in
3270 2165 3488 2234 provin-

1881 2243 1979 2300 ciis
2010 2247 2106 2315 (uti
2140 2248 2417 2316 probabile
2446 2249 2760 2320 est,ltali:e)
2784 2253 3054 2309 antistites
3085 2268 3329 2310 seorsum
3356 2271 3490 2312 eon-

1881 2337 2194 2405 sultassent,
2226 2339 2534 2408 hujusmodi
2556 2341 2832 2399 decretum
2852 2348 3062 2402 cunctis
3091 2349 3486 2420 promulgatum

1806 2441 1853 2499 Β
1880 2438 1963 2484 est
1989 2429 2154 2501 (haud
2201 2432 2363 2488 dubie
2391 2449 2420 2486 a
2451 2434 2732 2506 Cornelio)
2782 2436 3046 2494 Novatum
3077 2440 3202 2510 (leg.
3234 2440 3488 2496 Novatia-

1881 2519 2032 2590 num)
2062 2521 2278 2590 quidem
2308 2531 2361 2577 et
2387 2538 2482 2578 eos
2502 2526 2591 2595 qui
2615 2542 2736 2583 cum
2761 2527 2881 2596 ipso
2906 2543 3028 2585 sese
3057 2531 3377 2589 insolentius
3391 2548 3488 2589 ex-

1879 2611 2148 2677 tulerant,
2185 2624 2238 2668 et
2265 2616 2590 2686 quicumque
2611 2617 3074 2676 inhumanissima:
3100 2631 3155 2678 et
3181 2638 3212 2677 a
3251 2623 3486 2680 fraterna

1876 2703 2136 2759 charitate
2152 2706 2341 2762 aliena:
2367 2708 2484 2778 ejus
2505 2709 2744 2778 opinioni
2776 2713 3088 2769 consentire
3126 2731 3486 2788 praesumpse-

1879 2807 2020 2861 rant,
2039 2798 2246 2854 alienos
2273 2800 2340 2855 ab
2359 2801 2597 2857 Ecclesia
2631 2801 2906 2859 habendos
2926 2821 3049 2860 esse
3071 2825 3084 2871 ;
3106 2806 3299 2863 fratres
3332 2825 3481 2876 vero,

1877 2893 1967 2962 qui
1995 2908 2120 2948 casu
2145 2909 2206 2949 ac
2227 2897 2522 2952 tentatione
2546 2896 2681 2968 lapsi
2711 2897 2937 2956 fuerant.
2959 2901 3288 2968 ptenitentia:
3307 2919 3484 2961 reme-

1879 2985 1984 3040 diis
2006 2986 2274 3041 curandos
2304 2997 2358 3042 et
2384 2988 2748 3046 confovendos
2765 3005 2906 3046 esse.
2928 2991 3344 3052 Exstantailbuc
3369 2999 3485 3067 epi-

1878 3079 2032 3133 stola:
2059 3079 2292 3137 Cornelii
2326 3081 2686 3138 Romanorum
2745 3085 2980 3155 episcopi
3009 3087 3076 3140 ad
3120 3086 3342 3144 Fabium
3374 3093 3483 3146 An-

1880 3173 2171 3231 tiochensis
2187 3177 2426 3232 ecclesia»
2442 3180 2722 3247 prtesulent
2739 3180 2994 3247 missae,in
3008 3183 3200 3253 quibus
3211 3191 3265 3238 et
3285 3183 3480 3238 Roma-

1879 3282 1960 3320 nae
1978 3267 2165 3337 synodi
2181 3279 2407 3336 gesta,et
2430 3273 2666 3327 ori-mium
2687 3287 2781 3342 per
2796 3273 2996 3328 Italiam
3011 3287 3064 3329 et
3083 3274 3316 3330 Africam
3328 3275 3482 3332 alias-

1878 3373 1982 3426 que
1997 3359 2236 3416 locorum
2259 3362 2474 3419 illorum
2496 3366 2798 3434 provincias
2814 3369 3096 3424 sementim
3109 3369 3472 3425 declarantur.

1878 3448 1974 3504 His
2034 3450 2286 3520 adjuncta
2343 3464 2460 3510 erat
2503 3456 2605 3510 alia
2637 3455 2880 3524 ejusdem
2931 3457 3166 3513 Cornelii
3219 3461 3481 3530 epistola,

1878 3539 1946 3595 de
1971 3541 2052 3595 his
2079 3557 2198 3612 qua:
2229 3544 2279 3596 in
2313 3545 2522 3615 synodo
2570 3545 2589 3617 (
2624 3547 2866 3601 Romana
2903 3547 2922 3618 )
2970 3547 3185 3604 decreta
3238 3548 3473 3604 fuerant.
3567 3595 3574 3604 ,

1948 3635 2001 3690 5.
2047 3635 2273 3702 Quando
2309 3645 2488 3694 autem
2535 3638 2778 3694 habitum
2805 3641 2966 3695 fuerit
3011 3656 3134 3696 mox
3180 3641 3380 3697 dictum
3409 3642 3478 3697 tie

1876 3724 2172 3796 Lapsorum
2215 3743 2375 3783 causa
2408 3729 2731 3798 concilium,
2777 3731 3021 3802 adeoque
3069 3741 3123 3788 et
3169 3747 3276 3803 quo
3334 3742 3472 3788 tem-

287 3841 333 3895 3.
371 3842 630 3914 Synodierc
681 3847 1057 3918 episcoporum
1119 3846 1310 3901 Africa:
1363 3847 1428 3902 ad
1462 3847 1768 3902 Cornelium
1797 3837 1842 3900 C
1879 3831 2056 3918 por?“
2077 3816 2330 3918 ΟῩΠῘθ-[ίθ
2354 3821 2674 3918 θθηῗθνῖιξξίθ
2691 3823 2820 3918 Si?"
2844 3838 2905 3878 ⁸³
2931 3822 3002 3918 δέ
3026 3839 3187 3918 causa
3210 3825 3474 3918 el’isml‘?r

231 3927 420 3999 litterae,
450 3937 672 4004 ipsorum
715 3954 874 3992 manu
923 3939 1268 4008 subscriptar,
1311 3953 1373 3992 ac
1418 3954 1510 4006 per
1537 3938 1771 3992 Mettium

233 4022 607 4094 liypoiliaconum
637 4041 690 4086 et
721 4032 1076 4102 Nicephorum
1110 4032 1418 4104 acolythmn
1449 4033 1691 4102 perlatzr,
1721 4033 1772 4086 in

237 4117 394 4183 quibus
417 4119 476 4175 de
506 4121 816 4177 Felicissimi
844 4134 896 4178 et
923 4123 1157 4193 quinque
1187 4123 1624 4192 presbyterorum
1671 4123 1774 4192 ipsi

239 4208 564 4269 cohmreutium
591 4232 746 4270 causa
776 4216 902 4286 quid
939 4217 1274 4280 sensissent,
1305 4217 1501 4285 quidve
1534 4232 1775 4284 pronun-

245 4300 437 4370 tiassent,
468 4309 777 4374 educebant,
813 4311 935 4364 illos
987 4327 1199 4379 nempe,
1258 4321 1316 4363 ut
1345 4326 1504 4380 supra
1554 4312 1604 4363 in
1644 4310 1772 4380 Epi-

253 4394 358 4448 stula
377 4414 449 4463 ιιι,
469 4418 600 4454 anno
649 4411 908 4472 sequente
935 4405 1160 4472 scripta,
1198 4418 1232 4458 n
1295 4403 1350 4469 9,
1403 4413 1732 4457 memoratur
1756 4446 1770 4470 ,

251 4493 449 4547 sententia
469 4511 555 4550 sua
578 4499 855 4551 abstcntos
881 4512 1020 4551 esse.
1051 4495 1378 4566 Conseriptm
1397 4495 1618 4551 forsitan
1655 4496 1772 4552 fue-

243 4590 342 4635 runt
362 4599 411 4638 ex
438 4601 494 4640 eo
521 4588 904 4656 «plurimorum
923 4589 1297 4657 episcopomm
1316 4587 1566 4651 concilio,
1594 4606 1608 4638 ι
1629 4585 1773 4657 quod

238 4672 482 4745 Cyprianus
506 4681 705 4752 Epist.t
736 4682 800 4736 ad
823 4681 1189 4751 Stephanum!
1235 4682 1349 4747 τιέξ,
1375 4683 1641 4745 rceolit,in
1669 4698 1774 4753 quo

242 4785 256 4814 ι
286 4767 568 4828 Notatianus
613 4775 784 4828 hostis
852 4773 1106 4829 Ecclesia:
1151 4773 1422 4840 judicatus
1463 4782 1583 4838 est,
1628 4795 1646 4825 ι
1712 4789 1775 4828 ac

233 4862 395 4915 nemini
441 4880 551 4920 eum
593 4880 659 4921 eo
702 4865 1102 4921 communicare
1143 4864 1303 4920 licere
1375 4865 1773 4933 pronuntiatum

230 4949 324 5009 fuit.

929 5028 1019 5084 IV.

262 5139 341 5196 (ibi
362 5155 402 5198 et
427 5147 484 5200 de
509 5146 804 5219 punitentia
836 5148 1092 5214 mitiorum
1125 5145 1446 5211 clericorum,
1475 5162 1542 5199 an
1574 5144 1731 5198 tribus

287 5238 437 5304 primis
456 5241 655 5295 seculis
673 5241 900 5311 publica?
922 5239 1132 5311 subjecti
1163 5238 1376 5308 fuerint,
1409 5238 1697 5292 disseritur.

282 5371 326 5426 4.
364 5375 436 5431 Ad
485 5377 636 5432 initia
693 5374 1036 5447 pontificatus
1102 5373 1340 5429 Cornelii
1385 5372 1590 5428 referre
1648 5371 1775 5427 licet

230 5468 314 5517 tum
347 5477 479 5536 gesta
512 5468 770 5523 Romana:
795 5466 987 5539 synodi
1015 5465 1082 5520 de
1112 5465 1410 5534 Lapsorum
1441 5478 1602 5518 causa
1621 5506 1636 5528 ,
1666 5473 1775 5519 tum

231 5556 369 5611 varias
389 5560 617 5615 Cornelii
641 5558 923 5628 epistolas,
948 5573 1084 5626 quas
1107 5557 1466 5628 Hieronymus
1487 5555 1555 5610 de
1580 5555 1778 5627 Script.

231 5647 410 5706 Eccl.c.
451 5655 536 5720 76,
570 5665 624 5710 et
651 5653 938 5719 Eusebius,
964 5653 1060 5707 lib.
1088 5668 1164 5707 vt.
1211 5652 1374 5720 llist.,
1412 5667 1464 5708 c.
1496 5653 1594 5716 45.
1628 5665 1779 5706 com-

234 5753 506 5800 memorant.
544 5745 610 5801 Et
640 5745 1000 5815 Hieronymus
1029 5743 1246 5813 quidem
1278 5744 1347 5799 de
1371 5743 1454 5799 his
1481 5745 1549 5798 ita
1606 5743 1780 5813 loqui.

255 5841 334 5886 ttr:
361 5834 682 5903 tCornelius,
717 5835 975 5892 Itoniaom
1000 5833 1146 5890 urbis
1175 5834 1488 5906 episcopus,
1522 5832 1588 5891 ad
1619 5844 1780 5908 quem

1798 5236 1852 5297 D

1877 3922 1940 3962 ex
1977 3907 2058 3962 his
2084 3909 2217 3965 cleri
2247 3910 2474 3966 Romani
2503 3911 2569 3966 ad
2588 3913 2940 3984 Cyprianum,
2965 3913 3134 3982 Epist.
3174 3929 3328 4001 ικειι.
3357 3915 3476 3968 col-

1879 3999 2087 4070 ligitur:
2118 4019 2136 4052 ι
2169 4003 2306 4056 Ante
2344 4001 2784 4057 constitutionem
2826 4002 3067 4071 episcopi
3123 3999 3261 4056 nihil
3317 4003 3474 4059 inno-

1880 4094 2111 4148 vandmn
2142 4095 2482 4164 putavimus:
2511 4095 2606 4150 sed
2634 4094 2930 4163 Lapsorum
2962 4111 3145 4149 curam
3189 4095 3476 4151 mediocri-

1881 4191 1962 4237 ter
2015 4184 2418 4252 temperandam
2455 4199 2576 4238 esse
2605 4183 2918 4248 credimus;
2971 4193 3028 4236 ut
3087 4184 3302 4238 interim
3344 4185 3473 4240 dum

1878 4275 2164 4342 episcopus
2195 4274 2308 4326 dari
2358 4289 2386 4326 a
2416 4275 2528 4329 Deo
2559 4274 2714 4328 nobis
2742 4276 3111 4340 sustinentur,
3141 4275 3192 4330 in
3210 4290 3474 4346 suspenso

1879 4379 2064 4418 eorum
2083 4405 2098 4428 ,
2123 4365 2212 4433 qui
2239 4378 2418 4420 moras
2437 4373 2656 4433 possunt
2681 4365 2967 4430 susunerc,
2987 4379 3147 4418 causa
3173 4375 3431 4421 teneatur.
3448 4385 3467 4420 ι

1878 4454 2047 4508 Nemo
2097 4455 2242 4508 enim
2299 4469 2404 4507 non
2433 4453 2596 4518 videt,
2627 4453 2754 4507 dato
2780 4472 2808 4506 a
2842 4454 2952 4509 Deo
2993 4455 3180 4509 [tenue
3223 4455 3474 4526 pontifice

1877 4544 2148 4611 Cornelio,
2197 4544 2396 4598 nullam
2452 4543 2782 4613 superfuisse
2846 4560 3063 4600 causam
3128 4561 3224 4601 cur
3267 4561 3330 4602 ea
3386 4562 3475 4605 res

1877 4636 2084 4690 diutius
2117 4636 2168 4690 in
2189 4650 2450 4705 suspenso
2475 4645 2750 4692 teneretur
2774 4655 2787 4691 :
2811 4637 2975 4691 immo
2997 4653 3116 4693 cum
3146 4637 3475 4696 Novatianus

1877 4729 2068 4800 Lapsis
2109 4732 2322 4785 veniant
2352 4739 2604 4801 negaret,
2634 4731 2868 4786 maxime
2900 4720 3261 4788 necessarium
3291 4733 3476 4800 fuisse,

1878 4832 1936 4876 nt
1963 4822 2142 4889 citius,
2168 4821 2349 4877 habito
2367 4823 2612 4884 concilio,
2630 4821 2893 4877 finiretur.
2916 4823 3178 4890 Quocirca
3203 4825 3340 4878 inter
3362 4825 3478 4893 pri-

1876 4931 1962 4971 ma
1991 4915 2226 4972 Cornelii
2257 4918 2467 4988 negotia
2491 4926 2862 4987 computamus
2884 4927 2997 4970 tum
3035 4917 3134 4972 hoc
3161 4917 3467 4986 concilium,

1877 5019 1986 5062 tum
2003 5008 2207 5064 litteras
2234 5009 2428 5080 quibus
2448 5009 2687 5078 ejusdem
2706 5006 2919 5063 concilii
2953 5007 3228 5062 decretum
3247 5008 3476 5063 diversis

1877 5101 2172 5169 provinciis
2203 5109 2386 5154 notum
2417 5099 2623 5164 fieri,et
2643 5099 2711 5152 ab
2730 5101 2810 5154 eis
2833 5109 3006 5153 ratum
3025 5099 3207 5153 haberi
3246 5101 3474 5154 curavit.

1947 5195 2000 5249 6.
2029 5195 2106 5248 Ad
2141 5194 2280 5249 idem
2315 5193 2602 5249 concilium
2650 5191 2922 5261 pertinere
2959 5192 3168 5247 videtur
3196 5191 3476 5248 decretum

1879 5285 1948 5340 de
1972 5300 2080 5355 quo
2106 5284 2426 5356 Cyprianus,
2462 5283 2629 5353 Epist.
2662 5299 2842 5350 vatu,
2875 5286 2942 5338 ita
2960 5283 3231 5354 loquitur:
3265 5301 3284 5335 ι
3309 5281 3478 5337 Cum-

1881 5390 1986 5445 que
2005 5375 2109 5430 alia
2132 5375 2296 5430 multa
2326 5376 2438 5430 sint
2462 5383 2514 5428 et
2540 5374 2722 5442 gravia
2752 5373 2962 5436 delicta,
2989 5373 3182 5442 quibus
3214 5371 3478 5427 Basilides

1885 5477 1939 5522 et
1988 5465 2246 5520 Martialis
2287 5465 2539 5534 implicati
2569 5472 2850 5530 tenentur,
2880 5462 3072 5518 frustra
3106 5464 3240 5520 tales
3267 5465 3476 5535 episco-

1885 5569 2066 5629 patum
2081 5558 2178 5613 sibi
2194 5571 2451 5625 usurpare
2465 5563 2746 5622 conantur;
2761 5571 2882 5610 cum
2899 5555 3241 5612 manifestum
3259 5557 3482 5626 sitejuso

1888 5649 2032 5704 modi
2078 5649 2325 5703 homines
2353 5662 2452 5703 nec
2478 5647 2732 5702 Ecclesim
2771 5661 2928 5716 posse
2957 5661 3208 5716 praeesse,
3241 5663 3342 5702 nec
3372 5648 3481 5703 Deo

1886 5739 2148 5794 sacrificia
2183 5739 2376 5794 otl‘crre
2422 5739 2621 5795 debere
2653 5757 2666 5794 :
2699 5738 2930 5793 maxime
2962 5753 3083 5793 cum
3118 5738 3226 5807 jam
3275 5739 3482 5808 pridem

1897 5831 2176 5890 nobiscum
2209 5841 2262 5887 et
2299 5846 2420 5887 eum
2450 5833 2696 5890 omnibus
2734 5831 2954 5889 omnino
2983 5830 3246 5903 episcopis
3293 5830 3344 5886 iu
3387 5839 3498 5895 toto
