3824 6282
335 370 435 429 691

1054 366 1537 429 EPISTOLARUM
1571 362 1884 426 CORNELII

2052 364 2071 420 ι
2114 360 2567 425 EXSTANTIUM
2605 358 2901 426 ΝΟΊἾΤῙᾹ.
3444 376 3523 437 B99.

334 487 538 544 mundo
560 488 861 545 constitutis
874 489 1034 545 etiam
1058 486 1361 554 Cornelius,
1391 485 1595 554 collega
1624 490 1932 545 noster,sa-
1957 481 2012 547 Α
2038 472 2108 534 tia
2151 480 2501 551 intelligenda
2529 483 2634 548 sit;
2666 483 2809 538 nulla
2833 482 3017 538 subest
3042 484 3169 541 ratio
3182 501 3265 542 cur
3284 488 3515 560 decretum,

338 579 533 637 cerdos
564 582 815 651 paciﬁcus
836 591 890 636 et
913 582 1111 651 justus,
1143 590 1199 635 et
1226 580 1485 651 martyrio
1511 591 1724 649 quoque
1749 575 1937 645 digna-

336 670 484 726 tione
506 671 713 726 Domini
729 671 1043 738 honoratus,
1056 672 1380 737 decreverit,
1399 666 1663 741 ejusmodi
1685 662 1934 727 homines

336 760 402 815 ad
424 763 790 831 ptenitentiam
821 764 1035 835 quidem
1065 779 1228 836 posse
1252 765 1481 831 admitti,
1511 764 1579 818 ab
1596 761 1935 817 ordinatione

333 864 514 909 autem
543 856 669 911 cleri
693 867 853 928 atque
878 859 1196 913 sacerdotali
1224 857 1427 912 honore
1456 855 1749 926 prohiberi.
1775 875 1793 909 ι
1816 852 1934 921 Quo

332 944 388 1000 in
415 946 633 1001 decreto
658 963 779 1003 cum
814 950 1028 1018 planum
1058 950 1125 1003 sit
1158 948 1468 1003 sacerdotes
1518 948 1698 1017 lapsos
1736 947 1804 1001 de
1850 956 1936 1000 sa-

331 1037 597 1093 cerdotali
628 1038 888 1110 dignitate
917 1050 1078 1111 atque
1107 1039 1382 1094 iunctione
1402 1038 1560 1107 deiici
1579 1079 1594 1106 ,
1625 1038 1796 1107 iisque
1821 1037 1937 1091 adis

336 1138 452 1185 tum
480 1130 545 1185 ad
575 1133 946 1200 penitentiam
976 1132 1235 1202 permitti,
1256 1146 1377 1201 quae
1404 1131 1473 1185 ab
1494 1130 1597 1184 illis
1622 1129 1936 1199 pauitantia

336 1225 601 1295 exigenda
631 1236 796 1291 esset,
835 1242 939 1281 non
972 1227 1104 1281 Satis
1148 1226 1427 1296 perspicue
1444 1224 1772 1280 declaratur.

417 1318 471 1373 7.
495 1317 706 1373 Eruditi
737 1319 951 1386 Morini,
983 1318 1075 1373 lib.
1110 1333 1182 1373 tv.
1208 1318 1275 1373 de
1300 1316 1522 1383 Pmnit.,
1540 1330 1589 1371 c.
1607 1315 1694 1382 i2,
1716 1323 1937 1371 senten-

336 1408 413 1464 tia
442 1417 560 1474 est,
592 1410 677 1464 cui
708 1420 760 1465 et
787 1410 1003 1480 plurimi
1028 1409 1394 1477 subscribunt,
1428 1408 1662 1478 majores
1709 1408 1939 1462 clericos

332 1500 512 1554 tribus
576 1500 763 1570 primis
818 1501 1075 1557 Ecclesiae
1131 1500 1342 1555 saeculis
1423 1514 1529 1554 non
1577 1513 1732 1554 secus
1778 1510 1939 1568 atque

341 1589 542 1655 laicos,
596 1591 928 1660 paenitentiae
1003 1591 1234 1662 pubiicai
1292 1591 1457 1645 fuisse
1510 1590 1793 1645 obnoxios.
1825 1589 1942 1661 pllle

341 1697 472 1739 vero
502 1683 642 1739 istud
687 1684 921 1739 maxime
953 1684 1005 1739 in
1032 1684 1259 1754 gratiam
1278 1682 1548 1753 opinionis
1569 1697 1682 1736 sua:
1713 1680 1938 1751 profert,

342 1774 489 1845 quod
534 1773 1058 1848 Cyprianus,'Epist.
1100 1791 1186 1830 ιιι
1230 1775 1360 1829 edit.
1401 1774 1629 1840 ParneL,
1669 1786 1764 1827 seu
1816 1786 1943 1826 LXIV

2038 586 2147 640 quo
2174 590 2192 623 ι
2235 572 2543 640 hujusmodi
2571 574 2816 631 homines
2850 574 2918 629 ad
2947 576 3195 646 agendam
3241 582 3531 649 pteniteutiatn

2037 668 2199 729 posse
2225 662 2435 719 admitti
2475 683 2494 716 ι
2529 663 2814 722 Cornelius
2837 672 2958 721 cum
3006 669 3203 725 caeteris
3228 670 3368 728 totius
3400 676 3537 732 mundi

2040 754 2309 831 episcopis
2368 758 2669 825 constituit,
2724 757 2791 812 de
2835 757 3042 829 publica
3095 762 3372 831 pteniteutia
3416 766 3539 821 inter-

2042 857 2333 921 pretemur.
2360 850 2522 921 Atqui
2546 851 2806 908 Basilides
2836 853 2901 907 ad
2928 868 3044 908 eam
3075 856 3540 928 pceuitentiamageu—

2040 943 2163 998 dum
2197 952 2280 998 est
2302 959 2598 1000 conversus
2623 985 2638 1010 ,
2681 960 2803 1001 cum
2827 961 2929 1016 qua
2956 947 3277 1018 episcOpatns
3312 950 3541 1021 recipiendi

2042 1051 2191 1103 spem
2235 1050 2339 1090 non
2389 1036 2605 1106 abjccit,
2662 1037 2923 1093 immo'et
2949 1038 3094 1093 illum
3138 1055 3166 1094 a
3204 1031 3440 1112 Stephano
3479 1061 3546 1115 per

2043 1129 2424 1199 obreptionem
2450 1130 2786 1199 impetravit;
2816 1145 2938 1186 cum
2959 1146 3020 1186 ea
3039 1131 3090 1186 in
3119 1132 3335 1188 Ecclesia
3356 1135 3427 1190 les
3447 1151 3550 1191 scm-

2043 1236 2143 1290 per
2188 1220 2512 1288 obtinuerit,
2566 1230 2624 1276 ut
2652 1222 2716 1276 iis
2753 1222 2847 1293 qtti
2879 1222 3145 1293 publicam
3171 1225 3382 1295 egissent
3423 1228 3549 1296 pinni-

2046 1313 2294 1380 tentiam,
2324 1322 2418 1369 aut
2445 1314 2510 1368 ad
2539 1315 2745 1371 clerum
2769 1314 3023 1378 adeundi,
3039 1324 3129 1370 aut
3156 1317 3204 1371 in
3229 1332 3340 1372 eum
3356 1302 3551 1374 redeundi

2044 1420 2173 1476 spes
2202 1406 2345 1461 nulla
2372 1407 2790 1477 relinqueretur.
2819 1407 3003 1479 Neque
3042 1408 3195 1479 igitur
3230 1409 3410 1478 publica
3451 1410 3554 1469 illius

2046 1498 2362 1568 paenitentia
2393 1500 2527 1574 fuit._
2554 1500 2710 1567 Quod
2735 1511 2917 1557 autem
2959 1500 3202 1556 beneﬁcii
3249 1500 3356 1558 loco
3396 1503 3559 1560 duxisse

2046 1591 2266 1656 dicitur,
2298 1610 2318 1643 ς
2343 1592 2387 1646 si
2418 1591 2520 1653 sibi
2547 1593 2626 1648 vel
2653 1594 2791 1649 laico
2819 1596 3216 1665 communicare
3238 1596 3554 1668 contingeret,»

2046 1681 2298 1737 illustrat
2318 1681 2462 1737 idem
2492 1681 2814 1755 Cyprianus.
2845 1686 3004 1756 epist.
3042 1685 3133 1753 72,
3164 1687 3249 1743 ubi
3297 1689 3358 1743 de
3406 1689 3473 1753 iis,
3499 1690 3564 1759 qui

2048 1771 2310 1827 adversus
2350 1771 2645 1829 Ecclesiam
2689 1772 3036 1839 rebellarant,
3082 1777 3146 1851 ad
3171 1776 3463 1849 Stephanum
3495 1796 3564 1849 pa-

344 1865 693 1930 edit.0xou.,
715 1866 780 1920 ad
803 1866 991 1921 Fidum
1008 1866 1198 1921 scribit
1219 1878 1266 1919 τι
1296 1866 1548 1936 legimus
1574 1867 1780 1920 litteras
1803 1874 1940 1932 tuas,
1973 1870 2022 1930 Β
2050 1876 2173 1932 pain
2198 1864 2270 1917 ita
2296 1866 2485 1921 scribit
2514 1883 2528 1920 :
2567 1886 2586 1918 ι
2641 1858 2931 1923 Addimus‘
2952 1870 3112 1938 plane
3164 1882 3215 1926 et
3263 1871 3566 1944 adjttngimus,

342 1956 511 2013 frater
531 1958 872 2025 charissime,
896 1959 1091 2030 quibus
1111 1959 1424 2029 signiﬁcasti
1443 1957 1511 2013 de
1542 1958 1752 2013 Victore
1772 1950 1945 2027 quon-

343 2049 467 2105 dam
524 2051 877 2122 presbytero,
931 2052 1073 2123 quod
1124 2051 1179 2107 ei
1226 2061 1510 2120 antequam
1575 2051 1944 2121 paenitentiam

345 2143 561 2214 plenam
600 2145 823 2215 egisset,
854 2154 907 2199 et
936 2144 1165 2199 Domino
1193 2145 1325 2210 Deo,
1352 2145 1407 2198 in
1433 2156 1591 2213 quem
1622 2144 1943 2214 deliquerat,

348 2237 723 2304 satisfecisset,
755 2245 959 2293 temere
984 2237 1285 2308 Therapius
1309 2236 1514 2307 collega
1545 2244 1731 2292 noster
1756 2236 1949 2290 imma-

347 2337 474 2398 ture
500 2337 744 2400 tempore
769 2334 826 2385 et
856 2343 1193 2401 praepropera
1242 2328 1586 2383 festinatione
1617 2340 1801 2397 pacem
1855 2326 1949 2381 de-

344 2420 507 2476 derit.
558 2418 690 2489 Qua:
749 2435 837 2477 res
867 2434 974 2475 non
1003 2421 1136 2476 satis
1179 2421 1367 2486 movit,
1423 2432 1695 2475 secessum
1745 2432 1867 2474 esse
1918 2432 1950 2473 a

351 2512 557 2569 decreti
578 2513 752 2569 nostri
780 2514 1121 2581 auctoritate,
1156 2522 1216 2568 ut
1260 2522 1385 2568 ante
1411 2512 1706 2581 legitimum
1734 2519 1790 2567 et
1839 2512 1951 2582 ple-

342 2618 487 2659 ‘nnm
511 2614 724 2675 tempus
745 2604 1145 2670 satisfactionis,
1179 2613 1231 2660 et
1252 2605 1369 2659 sine
1396 2604 1565 2673 petitu
1593 2613 1649 2659 et
1670 2603 1951 2658 conscien-

346 2699 420 2752 tia
452 2698 643 2768 plebis,
669 2698 813 2752 nulla
856 2698 1170 2753 inﬁrmitate
1234 2708 1461 2768 urgente
1513 2710 1577 2753 ac
1628 2696 1954 2752 necessitate

350 2802 600 2862 cogente,
631 2806 731 2862 pax
760 2792 809 2847 ei
835 2791 1280 2846 concederetur.»
1302 2789 1497 2859 Quo-in
1515 2789 1635 2844 loco
1653 2789 1950 2855 decretum,

355 2897 385 2936 a
418 2897 524 2954 quo
563 2897 835 2938 recessum
865 2898 986 2938 esse
1011 2882 1313 2954 Cyprianus
1355 2882 1545 2949 docet,
1601 2881 1731 2936 illud
1777 2881 1954 2951 ipsum

348 2978 655 3048 intelligere
682 2978 830 3045 licet,
849 2979 991 3050 quod
1014 2978 1156 3035 idem
1181 2979 1407 3032 antistes
1426 2978 1479 3031 in
1511 2976 1746 3044 Epistula
1767 2990 1949 3030 vaut.

354 3083 481 3124 mox
537 3071 676 3124 dicta
721 3086 901 3125 secum
945 3081 999 3125 et
1073 3086 1194 3125 cum
1250 3068 1501 3124 omnibus
1546 3067 1767 3122 omnino
1841 3069 1955 3138 epi-

350 3162 533 3231 scopis
562 3163 615 3216 in
660 3172 773 3217 toto
817 3164 1018 3218 mundo
1055 3162 1366 3217 constitutis
1410 3177 1438 3213 a
1467 3160 1722 3215 Cornelio
1751 3160 1954 3216 editum

2049 1955 2222 2011 frater
2248 1957 2590 2026 charissime,
2620 1975 2887 2017 consensu
2932 1972 2989 2018 et
3014 1966 3323 2020 auctoritate
3340 1968 3568 2034 communi,

2053 2048 2216 2105 etiam
2260 2051 2306 2106 si
2335 2052 2425 2124 qui
2477 2054 2774 2129 presbyteri
2813 2065 2907 2110 aut
2946 2055 3184 2123 diaconi,
3213 2059 3298 2129 qui
3340 2059 3474 2114 velin
3494 2058 3571 2114 Ec-

2052 2139 2217 2195 clesia
2251 2142 2396 2211 prius
2434 2143 2665 2199 ordinati
2715 2144 2936 2213 fuerint,
2985 2157 3038 2202 et
3104 2148 3397 2216 posmodum
3436 2149 3574 2220 pertuli

2053 2241 2109 2286 et
2140 2232 2371 2291 rebelles
2412 2236 2865 2292 exstiterint......
2895 2252 2990 2293 eos
3042 2254 3258 2313 quoque
3307 2239 3396 2296 hac
3436 2240 3575 2294 condi-

2056 2324 2201 2379 tione
2228 2328 2427 2397 suscipi
2458 2344 2581 2383 eum
2602 2337 2964 2394 revertuntur,
2989 2340 3048 2384 ut
3082 2331 3448 2387 communicent
3472 2330 3576 2393 laici.

2055 2425 2110 2469 et
2148 2416 2278 2470 satis
2306 2415 2543 2473 habeant
2584 2418 2727 2489 quod
2781 2418 3140 2476 admittautur
3185 2420 3249 2476 ad
3294 2436 3473 2492 pacem,
3513 2421 3579 2489 (iui

2056 2506 2243 2587 hostes
2276 2508 2426 2578 pacis
2455 2511 2781 2565 exstiterint.
2822 2531 2840 2564 ι
2885 2510 3012 2569 Ideo
3076 2513 3235 2583 igitur
3268 2514 3336 2569 illi
3381 2512 3578 2583 indultatn

2057 2586 2161 2651 sibi
2192 2597 2543 2655 redeuntibus
2570 2603 3002 2658 communionem
3027 2603 3220 2659 laicam
3245 2603 3461 2660 beneﬁcii
3496 2604 3581 2658 loco

2057 2689 2259 2748 ducere
2285 2693 2603 2761 debuerant,
2636 2696 2758 2766 quia
2790 2707 2845 2752 et
2871 2699 3001 2767 ipsis
3029 2711 3194 2754 antea
3231 2709 3414 2753 certum
3453 2697 3581 2767 pinni-

2058 2785 2242 2838 tentite
2267 2793 2478 2855 tempus
2503 2787 2875 2856 praescribere,
2898 2798 2951 2843 et
2977 2790 3160 2859 quoad
3182 2790 3304 2846 illud
3324 2789 3582 2859 exegissent.

2061 2876 2495 2932 communionem
2528 2876 2673 2932 illam
2705 2877 2923 2935 diﬂ‘erre
2944 2881 3233 2946 licuisset;
3261 2878 3477 2953 nonquia
3499 2879 3579 2935 dit-

2061 2985 2251 3037 conos,
2285 2971 2629 3043 presbyteros
2656 2980 2747 3026 aut
2777 2974 3066 3044 episcolios
3109 2974 3395 3046 hujusmodi
3436 2972 3584 3029 solem-

2063 3060 2221 3118 nibus
2273 3062 2502 3132 pubiicu:
2576 3065 2903 3132 pmnilcnlite
2961 3062 3158 3121 ritibus
3206 3062 3455 3135 subiacere
3495 3077 3586 3118 usus

2061 3152 2294 3209 volebat.
2334 3153 2622 3213 Enimvero
2672 3154 2717 3209 si
2744 3171 2809 3210 ex
2841 3156 2925 3229 iis,
2958 3156 3053 3227 qui
3082 3158 3135 3212 in
3157 3152 3288 3213 libro
3332 3172 3362 3210 ιι
3400 3153 3585 3225 Gregorii

346 3263 639 3308 memorat.
673 3252 829 3309 Unde
853 3256 1118 3323 sequitur,
1149 3262 1207 3307 ut
1231 3253 1475 3323 ejusdem
1504 3252 1703 3308 decreti
1729 3252 1954 3306 auctori-
1979 3253 2025 3316 C
2057 3240 2259 3316 Magni,
2280 3245 2393 3300 Ind.
2427 3263 2479 3310 χ,
2511 3246 2670 3316 epist.
2698 3246 2854 3315 6,'de
2886 3246 3183 3316 Demetrio,
3213 3248 3453 3321 quondam
3484 3244 3585 3299 Nea-

346 3352 462 3399 tate
503 3346 837 3416 presbyteris
865 3345 1027 3413 lapsis
1050 3355 1260 3400 certum
1296 3345 1665 3416 praescriptum
1696 3347 1954 3401 sit.satis-

344 3435 598 3488 factionis
626 3450 687 3489 ac
744 3436 1074 3504 paenitentia:
1105 3446 1316 3507 tempus
1339 3480 1351 3501 ,
1398 3438 1477 3493 eis
1508 3438 1728 3492 minime
1757 3440 1950 3493 remit-

356 3526 610 3591 tendum,
647 3527 746 3582 nisi
772 3526 914 3582 aliud
952 3547 969 3579 ς
1014 3530 1179 3600 petitu
1207 3530 1397 3600 plebis,
1438 3548 1456 3582 ι
1491 3530 1571 3584 γει
1605 3530 1952 3587 «inﬁrmitate

353 3623 579 3683 urgente
627 3631 691 3671 ac
742 3619 1065 3673 necessitate
1116 3633 1347 3690 cogente
1377 3638 1395 3673 ι
1455 3621 1793 3676 suaderetur.
1843 3623 1950 3677 Sed

356 3709 669 3773 paenitentia
710 3711 819 3775 illa,
861 3727 981 3782 qua:
1009 3713 1076 3767 ab
1104 3713 1207 3768 illis
1234 3732 1253 3765 ι
1284 3715 1440 3784 plena
1468 3733 1487 3766 θ
1522 3717 1853 3786 exigebatur,
1882 3728 1949 3771 au

348 3801 563 3872 publica
580 3811 725 3858 esset
743 3818 933 3870 necne,
951 3807 1112 3860 etiam
1142 3807 1226 3860 hic
1248 3808 1454 3861 siletur.
1479 3807 1662 3876 Neque
1685 3808 1734 3861 id
1754 3809 1949 3865 clarius

353 3895 599 3948 enuntiat
641 3892 941 3967 Cyprianus
968 3898 1019 3951 in
1052 3896 1289 3967 Epistula
1331 3912 1475 3965 thv,
1507 3914 1601 3952 seu
1643 3909 1765 3967 va,
1789 3915 1948 3970 quant

349 3985 432 4039 sic
478 3986 760 4042 exorditur
796 4005 808 4040 :
851 4005 870 4040 ι
905 3984 1153 4043 Graviter
1185 3996 1237 4044 et
1267 3988 1514 4044 dolenter
1565 3999 1744 4044 motus
1790 4004 1906 4045 sum
1929 4033 1944 4058 ,

346 4072 547 4133 fratres
574 4077 901 4146 charissimi,
931 4079 1074 4150 quod
1102 4080 1449 4150 cognoverint
1479 4079 1948 4147 Fortunatiauum,

343 4166 612 4240 quondam
644 4170 785 4242 apud
814 4186 911 4226 vos
936 4173 1271 4243 episcopatu,
1305 4180 1428 4242 post
1464 4186 1682 4242 gravem
1734 4175 1945 4243 lapsum

343 4262 519 4317 ruina:
542 4277 671 4331 suae,
706 4274 805 4334 pro
830 4263 1041 4335 integro
1086 4280 1226 4319 nunc
1254 4278 1413 4336 agere
1440 4264 1599 4333 velle,
1636 4273 1692 4321 et
1730 4268 1945 4336 episeo-

342 4364 549 4423 patum,
592 4356 694 4411 sibi
759 4354 1033 4411 vindicare
1074 4357 1330 4427 ccepissc.
1376 4397 1392 4411 .
1437 4395 1452 4411 .
1498 4397 1511 4412 .
1558 4398 1570 4410 .
1620 4398 1633 4411 .
1679 4394 1695 4412 .
1741 4398 1754 4411 .
1800 4399 1813 4412 .
1863 4397 1876 4417 ._
1926 4400 1940 4412 .

340 4463 463 4503 cum
514 4448 707 4505 debeat
734 4449 1045 4505 satisfacere
1065 4491 1078 4514 ,
1103 4459 1159 4505 et
1182 4450 1248 4505 ad
1275 4449 1559 4504 Dominum
1583 4450 1938 4515 exorandum,

339 4540 530 4595 diebus
555 4554 617 4594 ac.
639 4541 904 4600 noctibus.
936 4541 1190 4611 lacrymis
1217 4549 1272 4595 et
1301 4541 1635 4595 orationibus
1664 4549 1719 4595 ct
1763 4541 1944 4612 preci-

2064 3338 2296 3406 politano
2355 3341 2629 3408 episcopo,
2680 3340 3130 3409 gravissimorum
3211 3343 3463 3397 criminum
3518 3352 3584 3391 reo

2056 3428 2263 3500 legunt,
2307 3447 2324 3480 ι
2366 3427 2702 3484 Pwuitentim
2755 3443 3085 3499 reservatus,
3133 3433 3399 3490 sacerdotii
3435 3431 3587 3485 honore

2059 3520 2293 3589 privatus
2325 3531 2424 3586 cst,
2453 3539 2469 3573 ι
2498 3530 2587 3595 aut
2604 3521 2694 3576 lib.
2716 3538 2788 3589 vr,
2823 3520 2935 3577 Ind.
2968 3539 3085 3595 XIV,
3105 3526 3261 3597 epist.
3290 3526 3371 3591 ii,
3395 3520 3581 3583 «Μαθεῖν

2060 3614 2393 3669 Nicoteraua:
2425 3616 2707 3684 episcopus
2740 3630 2834 3683 pro
2859 3617 3188 3685 quibusdam
3216 3617 3372 3687 culpis
3391 3616 3435 3670 in
3458 3611 3584 3683 pinni-

2059 3708 2278 3759 tcntiatu
2307 3707 2594 3775 deputatus
2615 3716 2717 3770 cst,
2756 3726 2775 3759 ι
2810 3708 2877 3762 Et
2902 3709 3005 3762 alia
3039 3711 3124 3764 his
3153 3711 3358 3774 similia,
3377 3720 3502 3760 nemo
3520 3712 3580 3756 est

2055 3799 2147 3869 qui
2178 3799 2311 3853 locis
2339 3799 2445 3853 illis
2477 3818 2494 3848 ι
2520 3800 2851 3869 pceuitentite
2875 3821 2893 3854 ι
2927 3804 3155 3859 nomine
3189 3802 3423 3872 publicam
3439 3814 3488 3851 ac
3510 3810 3579 3848 so-

2056 3890 2289 3947 lemnem
2322 3891 2687 3960 paenitentiam
2719 3891 3006 3963 intelligat;
3043 3892 3179 3964 quid
3204 3902 3339 3950 vetat
3357 3887 3574 3960 quominus

2055 3982 2199 4039 idem
2229 3999 2424 4039 nomen
2468 3984 2521 4040 in
2564 3986 2804 4051 decreto,
2834 3986 2977 4056 quod
3014 3984 3306 4042 Cornelius
3337 4000 3435 4039 cuin
3458 3979 3585 4034 tutius

2054 4076 2201 4132 orbis
2266 4074 2557 4131 Christiani
2610 4076 2877 4147 episcopis
2932 4079 3155 4145 sanxit,
3209 4077 3385 4134 eadem
3427 4069 3587 4127 ratione

2055 4177 2370 4236 usurpatum
2399 4167 2763 4236 intelligatur?

2127 4260 2181 4316 9.
2226 4259 2370 4314 istud
2402 4274 2562 4329 porro
2583 4275 2669 4315 me
2695 4259 2848 4316 valde
2878 4258 3231 4332 tnovet,quod
3256 4260 3352 4313 hoc
3372 4257 3586 4311 decretum

2054 4366 2160 4409 non
2192 4350 2361 4406 solius
2387 4348 2621 4407 Cornelii
2661 4359 2715 4406 et
2737 4351 3013 4418 Italorum,
3047 4352 3146 4407 sed
3175 4358 3232 4405 et
3256 4348 3590 4406 Africanorum.

2052 4447 2216 4505 immo
2252 4468 2270 4500 c
2306 4451 2545 4505 omnium
2576 4451 2797 4504 omnino
2845 4448 3229 4520 episcoporum
3262 4448 3312 4501 in
3352 4453 3450 4498 toto
3494 4437 3592 4492 orbe

2045 4544 2459 4603 constitutorum
2502 4562 2519 4594 ι
2550 4542 2714 4601 fuisse
2737 4541 3041 4615 Cyprianus
3069 4550 3320 4598 testatur.
3365 4536 3594 4591 Decretum

336 4630 438 4687 bus
466 4629 807 4695 incumbere;
838 4631 998 4685 audet
1037 4630 1138 4684 sibi
1175 4630 1353 4685 adhuc
1394 4631 1755 4686 sacerdotium
1796 4632 1939 4703 quod
1969 4640 2022 4702 Ι)
2048 4637 2192 4691 enim
2241 4645 2390 4692 tanto
2447 4646 2664 4708 tamque
2720 4636 2959 4708 generali
3026 4649 3302 4690 consensu
3345 4631 3590 4686 ﬁrmatum.

342 4723 579 4793 prodidit
609 4721 902 4788 vindicare,
950 4722 1101 4794 quasi
1147 4728 1268 4793 post
1295 4734 1417 4777 aras
1460 4723 1657 4779 diaboli
1685 4726 1943 4782 accedere

346 4816 411 4871 ad
434 4814 603 4871 altare
628 4815 721 4871 Dei
751 4813 830 4869 fas
855 4816 944 4870 sit.
963 4833 981 4868 ι

413 4908 468 4963 8.
502 4907 699 4962 Verum
728 4904 964 4962 Cornelii
993 4914 1154 4978 atque
1179 4907 1555 4978 episcoporum
1576 4908 1739 4964 totius
1753 4908 1943 4965 mundi

342 5012 464 5070 qua:
511 5013 664 5055 mens
694 4997 886 5066 fuerit,
943 5012 1010 5053 cx
1051 5013 1114 5055 ea
1162 5000 1278 5070 ipsa
1302 4997 1560 5071 Cypriani
1590 4999 1857 5071 Epistola,
1890 5002 1942 5057 in

342 5108 450 5164 qua
480 5092 756 5149 decretum
791 5093 1002 5148 illorum
1034 5093 1284 5148 laudatur
1306 5135 1320 5159 ,
1341 5094 1599 5166 colligere
1622 5096 1824 5150 certius
1861 5104 1941 5150 at-

335 5202 444 5256 que
472 5186 817 5257 interpretari
865 5187 1010 5242 licet.
1058 5187 1113 5242 In
1151 5184 1224 5243 ‘ea
1274 5187 1471 5259 quippe
1524 5198 1967 5259 reprmsentatur‘

337 5278 624 5344 Basilides,
659 5288 718 5333 ut
742 5278 833 5350 qui
863 5278 1083 5335 decreto
1108 5279 1185 5335 illi
1216 5294 1407 5351 parere
1431 5294 1495 5335 ac
1516 5295 1720 5336 morem
1748 5296 1939 5351 gerere

332 5367 444 5438 iam
473 5371 727 5440 ccepisset
750 5385 765 5425 :
788 5371 926 5426 adeo
957 5381 1042 5425 uti
1075 5372 1441 5442 episcopatum
1465 5386 1562 5443 pro
1591 5366 1940 5430 conscientia:

335 5473 450 5514 sua:
494 5460 717 5517 vulnere
767 5461 1079 5530 deponens,
1129 5462 1197 5518 ad
1251 5465 1514 5535 agendam
1566 5465 1936 5535 paenitentiam

330 5564 633 5608 conversus
663 5554 764 5621 sit,
790 5552 956 5609 Deum
1000 5554 1320 5626 deprecans,
1352 5567 1407 5613 et
1434 5557 1566 5612 satis
1591 5557 1868 5630 gratulans
1890 5559 1936 5613 si

333 5643 439 5697 sibi
467 5645 549 5699 vel
585 5645 723 5701 laico
748 5648 1153 5703 communicare
1178 5650 1540 5720 contingeret.
1572 5667 1592 5704 ι
1624 5651 1681 5708 Si
1711 5650 1856 5707 enim
1880 5651 1934 5708 in

331 5733 417 5788 his
441 5735 619 5788 verbis
644 5737 837 5805 quibus
859 5737 1119 5794 Basilides
1146 5760 1164 5791 ι
1181 5741 1247 5794 ad
1265 5742 1526 5812 agendam
1559 5743 1934 5813 pmuitentiam

324 5833 618 5877 conversus
656 5841 675 5875 ι
708 5833 980 5893 narratur,
1029 5843 1364 5899 nequaquam
1398 5832 1610 5901 publica
1663 5835 1936 5904 pceniten-

2049 4730 2261 4785 nonnisi
2318 4728 2548 4784 solemni
2601 4728 2776 4799 aliqua
2833 4728 2952 4798 lege
2990 4726 3244 4797 abrogari
3290 4720 3595 4780 debuit:‘aut

2052 4821 2099 4875 si
2133 4836 2227 4891 per
2249 4835 2308 4875 se
2338 4821 2603 4890 antiquari
2631 4829 2792 4891 atque
2820 4820 2871 4874 in
2904 4817 3319 4875 desuetudinem
3346 4813 3502 4868 venire
3524 4818 3595 4875 Ρθ·

2053 4915 2218 4969 tuisse
2246 4915 2364 4983 quis
2405 4914 2741 4983 su5picetur;
2794 4912 2923 4966 illud
2953 4923 3100 4966 certe
3153 4912 3379 4965 fateatur
3415 4910 3596 4959 necesse

2055 5014 2160 5069 est,
2193 5006 2276 5058 vix
2312 5005 2426 5060 ﬁeri
2456 4992 2716 5074 potuisse,
2746 5015 2801 5059 ut
2825 5003 2878 5061 id
2907 5012 3012 5057 tam
3038 5005 3152 5056 cito
3176 5004 3229 5056 in
3256 4998 3485 5056 omnibus
3521 4992 3595 5043 Ec-

2060 5097 2242 5153 clesiae
2276 5096 2569 5167 provinciis
2596 5096 2753 5151 simul
2800 5096 3160 5165 contingeret,
3207 5108 3305 5149 uec
3330 5090 3428 5146 ulla
3446 5084 3595 5141 saltem

2047 5189 2098 5243 in
2140 5188 2470 5258 principibus
2502 5188 2629 5243 viris
2662 5199 2969 5258 superesset
2996 5185 3254 5240 contrarii
3298 5198 3416 5238 usus
3443 5184 3596 5232 mento-

2045 5282 2143 5336 ria.
2190 5280 2349 5350 Atqui
2390 5281 2588 5333 smculo
2616 5289 2804 5350 quarto
2842 5279 3072 5342 clericis,
3123 5286 3182 5331 ut
3226 5273 3477 5346 publicam
3505 5276 3593 5335 p03-

2046 5372 2325 5428 nitentiam
2377 5380 2616 5440 agerent,
2654 5372 2892 5425 liomaua
2940 5371 2990 5424 in
3034 5367 3276 5423 Ecclesia
3325 5367 3592 5419 conoessum

2046 5480 2151 5520 non
2179 5479 2297 5519 esse
2328 5465 2482 5519 testis
2512 5472 2594 5519 cst
2616 5463 2860 5527 Siricius,
2898 5463 3062 5533 Epist.
3094 5475 3136 5526 ι,
3178 5476 3233 5513 ιι.
3269 5459 3354 5523 18,
3382 5454 3462 5509 ubi
3494 5441 3593 5505 illud

2043 5558 2192 5614 velut
2228 5560 2448 5628 antiquo
2482 5558 2761 5613 autetiam
2809 5564 3061 5627 perpetuo
3110 5567 3212 5607 usu
3240 5558 3493 5617 receptum
3535 5539 3594 5592 sic

2044 5651 2333 5723 proponit:
2381 5660 2400 5703 ι
2453 5651 2601 5707 Sicut
2646 5650 3007 5720 pmnitentiam
3037 5659 3202 5716 agerc
3240 5642 3471 5712 cuiquam
3508 5644 3589 5688 non

2042 5742 2362 5800 conceditur
2420 5742 2772 5808 clericorum,
2802 5742 2872 5796 ita
2900 5748 2957 5796 et
3000 5742 3121 5809 post
3163 5732 3521 5807 paenitudinem
3544 5736 3590 5774 ac

2039 5833 2531 5893 reconciliationem
2561 5834 2691 5891 nulli
2733 5848 2962 5906 unquam
2987 5831 3127 5888 laico
3168 5830 3330 5886 liceat
3370 5820 3585 5881 honorem
