3824 6282
237 384 324 443 693

1002 374 1489 438 EPISTOLARUM
1524 378 1844 437 CORNELII

2036 381 2477 477 EXSTANTIUM
2517 376 2814 444 ΝΟΤΙΤΙΑ.

3442 390 3549 447 694

231 499 526 557 clericatus
587 497 841 569 adipisci.
877 517 895 549 ι
928 495 1039 553 Hoc
1091 496 1266 567 ipsum
1322 506 1506 567 postea
1550 504 1605 550 et
1632 496 1765 564 Leo,
1817 512 1847 552 a
1874 496 1926 557 A
1956 508 2228 571 tamquam
2258 503 2645 572 paenitentibus
2668 503 2753 560 vel
2801 512 3074 575 tamquam
3125 503 3373 561 fidelibus
3399 504 3552 560 laicis

232 590 460 648 Rustico
483 588 837 647 Narbonensi
855 588 1108 658 episcopo
1128 596 1349 658 rogatus
1384 606 1404 639 ι
1428 587 1494 643 de
1532 586 1849 660 presbytero

235 683 310 738 vel
356 684 621 748 diacono,
666 683 783 752 qui,
816 682 1031 751 cognito
1072 679 1297 735 crimine
1335 682 1452 747 su'o,
1477 680 1847 750 ptenitentiam

242 787 463 846 petunt,
503 787 681 831 utrum
736 775 818 830 eis
856 789 954 844 per
1005 788 1194 827 manus
1248 774 1641 843 impositiouem
1673 773 1846 829 danda

246 866 329 932 sit,
373 886 395 920 ι
452 866 607 939 epist.
638 882 701 931 tt,
744 881 795 919 c.
848 865 906 930 2,
940 865 1241 920 luculenter
1270 862 1503 920 firmavit
1531 863 1617 919 his
1633 863 1842 919 verbis:

254 978 267 1012 t
292 958 559 1015 Alienum
586 966 668 1014 est
703 972 735 1011 a
758 955 1155 1013 consuetudine
1176 954 1560 1020 ecclesiastica,
1594 962 1655 1009 ut
1679 955 1768 1026 qui
1790 955 1847 1009 in

255 1053 602 1127 presbyterali
624 1052 838 1107 honore
860 1051 1026 1105 autin
1049 1049 1279 1105 diaconii
1302 1048 1467 1119 gradu
1497 1049 1629 1104 fueri
1639 1058 1694 1103 ut
1722 1062 1848 1103 con-

258 1146 463 1211 secrati,
492 1145 527 1198 ii
557 1159 655 1214 pro
680 1142 913 1197 crimine
937 1142 1117 1212 aliquo
1145 1155 1244 1196 suo
1273 1156 1368 1211 per
1393 1155 1584 1195 manus
1623 1139 1847 1210 imposi—

259 1236 445 1293 tionem
468 1235 772 1290 remedium
800 1234 1065 1301 accipiant
1088 1232 1413 1303 paenitendi:
1440 1233 1584 1303 quod
1607 1235 1724 1309 sine
1744 1232 1845 1289 du-

259 1329 329 1385 bio
344 1344 414 1383 ex
430 1328 732 1399 apostolica
758 1327 1048 1383 traditibue
1066 1325 1365 1383 descendit.
1382 1345 1401 1379 ι
1424 1326 1507 1382 An
1529 1340 1655 1381 vero
1669 1334 1849 1381 tantus

255 1419 483 1492 pontifex
512 1432 793 1475 sacrorum
816 1433 1082 1475 canonum
1113 1417 1249 1473 adeo
1276 1417 1423 1472 rudis
1447 1426 1585 1483 erat,
1634 1426 1690 1472 ut
1719 1432 1849 1473 con-

258 1511 581 1569 suetudinem
609 1513 659 1568 ei
703 1513 806 1581 legi
848 1511 1171 1566 contrariam
1216 1525 1377 1582 quam
1428 1511 1630 1565 saeculo
1688 1510 1848 1566 tertio

258 1607 552 1660 sanxissent
578 1604 742 1659 totius
757 1604 909 1658 orbis
936 1602 1201 1674 episcopi,
1230 1616 1330 1672 pro
1353 1601 1649 1671 apostolica
1679 1601 1842 1656 tradi-

258 1697 402 1752 tione
431 1695 767 1751 venditaret?
792 1685 994 1750 Verum
1020 1709 1126 1764 quo
1149 1694 1319 1763 magis
1347 1693 1645 1763 disciplinae
1669 1692 1847 1764 quarti

268 1797 354 1843 aut
392 1788 554 1858 quinti
601 1787 787 1842 szeculi
841 1802 966 1842 cum
1017 1786 1298 1856 disciplina
1362 1786 1503 1841 tertii
1557 1786 1844 1842 consensio

1952 592 2276 663 imponatur.
2312 612 2331 646 ι
2350 594 2614 650 Praeterea
2640 596 3056 665 etAugustinus,
3074 594 3339 651 Africanae
3358 594 3552 651 Eccle-

1950 687 2043 740 size
2071 687 2275 756 lumen,
2304 688 2400 743 lib.
2420 704 2433 742 ι
2452 688 2521 744 de
2546 690 2698 761 Bzipt.
2718 697 2903 745 contra
2932 690 3222 759 Donatist.,
3245 702 3294 747 c.
3328 692 3380 759 1,
3405 706 3551 762 pra:-

1951 777 2108 835 dictis
2125 780 2336 836 clericis
2358 800 2377 832 ι
2403 797 2595 837 manus
2619 783 2759 838 inter
2774 783 2939 839 laicos
2961 798 3069 839 non
3092 784 3294 855 imponi
3316 798 3337 836 ι
3362 784 3550 840 obser-

1951 879 2058 927 vat.
2116 871 2173 926 in
2222 872 2320 929 hac
2348 884 2526 928 autem
2556 876 2838 946 Augustini
2865 875 3263 942 observatione,
3285 890 3348 931 ac
3390 876 3551 946 longe

1950 964 2186 1033 apertius
2211 966 2262 1017 in
2306 966 2565 1034 proximis
2603 966 3041 1037 Carthaginiensis
3088 967 3305 1023 concilii
3345 965 3547 1033 verbis,

1951 1064 2173 1126 apparet
2220 1058 2548 1127 poenitentiae
2594 1059 2913 1114 clericorum
2963 1060 3149 1116 saltem
3190 1059 3453 1131 majorum
3492 1064 3551 1116 et

1951 1148 2276 1217 pmnitentia:
2300 1149 2555 1204 laicorum
2583 1148 2877 1205 distinctio.

2026 1239 2114 1293 11.
2145 1238 2344 1293 Eadem
2376 1255 2483 1293 non
2518 1241 2693 1295 minus
2736 1240 3019 1296 manifesta
3059 1250 3141 1297 est
3177 1242 3231 1298 in
3253 1254 3319 1298 eo
3344 1242 3551 1309 libello,

1950 1345 2107 1400 quem
2132 1330 2388 1399 Hilarius,
2423 1332 2780 1389 Pictaviensis
2824 1334 3127 1405 episcopus,
3176 1350 3317 1391 anno
3339 1335 3447 1391 360
3470 1336 3557 1391 ine

1950 1432 2109 1487 eunte
2140 1422 2601 1494 Constantinopoli
2625 1426 2948 1480 constitutus
2969 1426 3285 1482 Constantio
3312 1429 3553 1499 Augusto

1951 1516 2162 1570 obtulit.
2185 1515 2237 1569 In
2267 1530 2332 1571 eo
2352 1516 2547 1586 quippe
2575 1517 2653 1572 sic
2679 1518 3062 1588 imperatorem
3086 1518 3236 1573 illum
3261 1518 3330 1575 de
3356 1520 3555 1589 injusta

1952 1606 2122 1661 exsilii
2153 1606 2234 1661 sui
2267 1621 2450 1673 causa,
2477 1624 2525 1664 ιι.
2560 1606 2958 1678 2,alloquitur:
2994 1629 3013 1661 ι
3040 1610 3471 1666 Circumventum
3503 1619 3555 1666 te

1952 1698 2277 1768 Augustum,
2329 1698 2651 1769 illusumque
2680 1699 2947 1755 Caesarem
2979 1709 3157 1769 tuum,
3188 1716 3250 1758 ea
3277 1701 3552 1769 confidens

1952 1790 2297 1844 conscientiae
2333 1804 2466 1844 mea:
2515 1790 2822 1847 conditione
2862 1792 3202 1861 patefaciam,
3237 1802 3296 1848 ut
3321 1793 3367 1848 si
3415 1792 3552 1848 indi.

277 1892 528 1952 perspecta
553 1880 837 1945 habeatur,
881 1879 1071 1935 eadem
1094 1881 1429 1935 consuetudo
1450 1881 1718 1950 praedictis
1737 1882 1848 1938 cle—
1876 1881 1926 1944 B
1953 1892 2117 1951 gnum
2148 1881 2348 1950 aliquid
2365 1895 2471 1936 non
2496 1883 2658 1936 modo
2679 1883 2918 1954 episcopi
2950 1884 3253 1949 sanctitate,
3279 1884 3374 1939 sed
3390 1886 3551 1939 etiam

283 1974 393 2028 rieis
418 1988 515 2027 non
538 1972 904 2027 omnimodam
953 1971 1344 2042 pmrnitentiam,
1370 1972 1465 2027 sed
1500 1982 1704 2027 tantum
1756 1989 1851 2043 pu-

287 2066 453 2121 blicam
500 2075 672 2137 negat.
752 2065 1020 2132 Quocirca
1071 2081 1195 2120 mox
1243 2065 1390 2121 addit
1436 2066 1583 2121 Leo:
1618 2086 1637 2118 ι
1696 2065 1851 2124 Unde

291 2158 561 2227 huiusmodi
583 2159 747 2226 lapsis
775 2158 840 2212 ad
859 2158 1273 2229 promerendam
1301 2158 1725 2214 misericordiam
1751 2160 1849 2216 Dei

292 2251 468 2319 privata
492 2261 569 2306 est
594 2250 893 2321 expetenda
924 2250 1182 2315 secessio,
1219 2250 1304 2305 ubi
1328 2250 1435 2305 illis
1458 2250 1775 2315 satisfactio,
1801 2252 1850 2307 si

295 2340 430 2395 fuerit
449 2340 619 2411 digna,
638 2342 885 2399 sitetiam
914 2342 1205 2397 fructuosa.
1248 2360 1267 2393 ι
1300 2340 1533 2412 Equum
1562 2344 1704 2427 enim
1732 2351 1851 2398 erat

297 2434 377 2501 iis,
423 2450 447 2489 a
475 2434 653 2505 quibus
680 2436 843 2508 digna
884 2436 1182 2491 satislactio
1234 2435 1617 2504 expetebatur,
1664 2450 1849 2513 pacem

299 2535 350 2582 et
373 2529 771 2583 communionem
801 2541 910 2582 non
943 2527 1089 2596 prius
1115 2526 1301 2592 reddi,
1354 2542 1510 2596 quam
1553 2526 1710 2596 plene
1759 2539 1849 2580 sa-

302 2616 584 2674 tist‘ecissent
620 2636 634 2673 ι
674 2619 925 2688 adeoque
977 2618 1094 2674 luce
1143 2619 1340 2674 Leonis
1390 2617 1673 2687 respuusio
1726 2631 1851 2672 cum

300 2711 618 2777 superioribus
657 2708 914 2782 Cypriani
963 2710 1141 2765 verbis
1171 2712 1224 2765 in
1277 2710 1515 2780 Epistula
1560 2709 1626 2764 ad
1660 2708 1851 2764 Fidum

300 2805 520 2873 componi
542 2805 688 2860 facile
718 2813 922 2875 potest.

380 2894 454 2949 10.
485 2896 529 2951 Si
549 2907 715 2953 autem
737 2897 937 2951 mirum
969 2904 1133 2957 esset,
1161 2894 1438 2951 decretum
1465 2894 1531 2951 de
1560 2909 1619 2949 re
1642 2894 1851 2965 gravis-

309 2984 419 3039 simi
441 2990 683 3056 momenti,
711 3003 875 3059 quam
904 2987 1083 3042 clerus
1112 2986 1387 3040 Romanus
1430 2986 1590 3040 tertio
1632 2986 1849 3050 sacculo,

301 3078 456 3145 quoad
477 3079 765 3149 pontiﬁcem
795 3079 902 3134 sibi
928 3077 1167 3133 dedisset
1195 3077 1356 3143 Deus,
1374 3076 1603 3132 definire
1625 3091 1731 3131 non
1758 3091 1852 3130 au—

296 3180 386 3222 sus
406 3180 548 3234 esset,
595 3171 934 3241 postmodum
962 3169 1031 3224 ab
1060 3170 1248 3226 eodem
1303 3170 1452 3224 clero
1501 3182 1623 3222 cum
1666 3176 1853 3221 sancto

1955 1972 2073 2027 laici
2108 1973 2412 2043 integritate
2437 1974 2673 2044 gessisse
2690 1972 2910 2041 docear,
2938 1989 3042 2029 non
3060 1974 3171 2045 jam
3193 1976 3552 2031 sacerdotium

1956 2078 2051 2134 per
2074 2066 2284 2119 veniam
2337 2074 2668 2135 exspemem,
2717 2066 2811 2120 sed
2840 2066 2978 2121 intra
3010 2067 3378 2136 ptenitentiam
3431 2067 3557 2124 laici
3613 2060 3629 2072 ”

1955 2170 2365 2212 consenescam.
2403 2176 2422 2208 ›
2451 2155 2605 2225 Quod
2632 2170 2762 2212 sane
2788 2157 3032 2227 petiisset
3058 2157 3276 2225 frustra,
3299 2158 3554 2214 sicadem

1954 2248 2287 2319 ptenitentire
2317 2250 2436 2318 lege
2460 2249 2656 2302 laicnm
2684 2249 3050 2319 clericumque
3094 2249 3401 2321 promiscue
3422 2265 3555 2306 con.

1954 2342 2145 2412 stringi
2175 2356 2289 2395 mos
2313 2340 2713 2411 fuisset.Longe
2730 2341 2891 2411 igitur
2906 2340 3184 2408 falluntur,
3207 2343 3298 2413 qui
3324 2343 3559 2414 majores

1955 2425 2182 2480 clericos
2210 2440 2316 2479 non
2349 2439 2504 2479 secus
2534 2434 2695 2495 atque
2741 2426 2909 2483 laicus
2942 2426 3169 2498 publicae
3224 2428 3557 2499 paenitentia

1957 2515 2246 2586 aliquando
2274 2517 2538 2571 obnoxios
2592 2516 2761 2572 fuisse
2820 2528 3039 2589 putant,
3082 2518 3211 2574 dum
3268 2520 3371 2577 hoc
3434 2521 3557 2578 loco

1952 2608 2125 2678 juvari
2178 2623 2239 2663 se
2286 2608 2654 2673 arbitrantur,
2708 2608 2832 2679 quia
2875 2610 3198 2680 episcopum
3242 2612 3560 2681 permittere

1956 2697 2198 2763 audiunt,
2229 2707 2288 2753 ut
2320 2717 2339 2750 ι
2376 2698 2516 2753 intra
2552 2699 2929 2768 paenitentiam
2959 2700 3081 2756 laici
3105 2714 3498 2758 consenescere
3529 2721 3552 2755 ι
3608 2743 3621 2754 ,

1955 2800 2202 2860 cogatur.
2263 2790 2370 2846 Sed
2400 2790 2686 2846 advertere
2711 2790 3008 2847 debuerant
3044 2792 3119 2847 ibi
3168 2792 3429 2848 Hilarium
3488 2808 3561 2851 ex

1956 2893 2105 2939 certa
2168 2882 2492 2954 integritatis
2560 2890 2618 2937 et
2669 2881 2996 2937 innocentia!
3058 2896 3171 2936 suae
3223 2883 3560 2947 conscientia

1959 2991 2065 3035 non
2097 2975 2149 3031 id
2183 2976 2326 3047 quod
2370 2974 2486 3030 fieri
2513 2974 2686 3042 solet,
2729 2973 2993 3045 sedquod
3026 2974 3301 3030 insolitum
3328 2990 3556 3046 prorsus

1958 3078 2119 3138 atque
2173 3068 2484 3121 inusitatum
2518 3075 2635 3132 est,
2680 3082 2781 3123 nec
2810 3075 3129 3123 eventurum
3159 3068 3381 3124 omnino
3420 3083 3569 3126 con-.

1959 3158 2107 3223 ﬁdit,
2139 3159 2456 3212 concedere.
2492 3155 2674 3227 Neque
2700 3172 2829 3213 vero
2860 3159 3030 3229 magis
3062 3159 3189 3214 inde
3210 3159 3555 3228 _conficitur,

295 3264 519 3331 pontifice
541 3265 636 3320 sibi
672 3265 887 3321 ctelitus
910 3261 1150 3333 prtestito
1177 3277 1241 3319 ac
1278 3261 1523 3331 pluribus
1564 3260 1685 3314 aliis
1738 3248 1853 3327 epi-

2036 3250 2243 3319 iscopos
2268 3250 2335 3304 ad
2369 3250 2631 3305 laicorum
2663 3250 3042 3322 paenitentiam
3095 3250 3377 3306 emundari
3426 3265 3559 3307 eon-

292 3353 455 3422 scopis
475 3356 741 3420 sancitum,
764 3355 919 3423 cujus
950 3354 1206 3424 frequens
1235 3367 1362 3407 usus
1388 3352 1701 3406 memoriam
1722 3364 1854 3404 con-

298 3443 427 3499 tinue
448 3446 684 3504 refricare
726 3447 1036 3510 debuisset,
1089 3445 1159 3499 ita
1204 3446 1255 3498 in
1290 3445 1615 3499 oblivionem
1670 3443 1855 3498 venire

297 3536 536 3603 potuisse,
573 3548 628 3592 ut
647 3537 893 3607 sequenti
916 3535 1114 3591 sacculo
1145 3535 1197 3589 in
1249 3534 1437 3589 eadem
1478 3533 1722 3588 Ecclesia
1763 3548 1855 3601 pe-

297 3625 426 3682 nitus
454 3632 808 3698 ignoraretur;
839 3643 942 3682 non
971 3628 1149 3681 minus
1198 3625 1517 3694 stupendum
1548 3624 1851 3688 videretur,

297 3720 537 3786 querendo
563 3721 673 3777 ﬁeri
704 3722 1000 3790 potuisset,
1032 3729 1087 3774 ut
1114 3712 1170 3774 'et
1196 3718 1336 3788 apud
1377 3718 1568 3783 Afros,
1598 3718 1686 3785 qui
1714 3715 1853 3772 idem

299 3807 542 3867 decretum
559 3813 910 3881 expeticrunt,
938 3810 1242 3874 laudarant,
1269 3808 1670 3873 confirmarunt,
1698 3814 1857 3877 atque

303 3914 393 3955 usu
416 3904 539 3958 circa
567 3904 745 3974 lapsos
782 3902 1216 3972 comprobarunt,
1250 3900 1438 3955 eodem
1483 3910 1723 3968 tempore
1764 3915 1858 3969 pa-

305 3988 418 4047 riter
440 3994 609 4051 fuisset
636 3998 911 4066 ignotum:
939 3994 1075 4047 adeo
1108 4002 1163 4046 ut
1209 3991 1402 4062 Optato
1442 3992 1543 4046 sub
1573 3990 1731 4046 liuent
1762 3991 1854 4046 lib.

306 4096 340 4136 ll
363 4084 512 4143 dicere
548 4088 788 4155 licuerit,
837 4105 855 4138 ι
896 4085 1072 4139 Multis
1120 4094 1302 4138 uotum
1332 4093 1414 4139 est
1439 4096 1491 4139 et
1540 4084 1853 4153 probatum,

312 4179 654 4240 persecutionis
708 4187 950 4245 tempore
1004 4177 1286 4244 episcopos
1332 4175 1780 4244 aliquos'iuertia
1827 4190 1859 4230 a

315 4266 603 4325 Coniemiune
640 4270 735 4325 Dei
777 4270 1029 4338 delapsos
1063 4266 1429 4333 tlturilicasso;
1463 4277 1517 4321 et
1541 4277 1719 4320 tamen
1744 4267 1861 4320 ttul-

324 4352 395 4410 lus
413 4373 564 4415 eorum
593 4362 678 4432 qui
702 4369 1013 4425 evaserunt,
1044 4368 1134 4413 aut
1160 4374 1373 4413 manum
1395 4360 1557 4429 lapsis
1584 4359 1857 4428 imposuit,

312 4455 410 4507 ,λιιι
450 4460 493 4505 ιιι
530 4470 696 4523 genua
756 4454 983 4524 tigercut
1029 4452 1329 4520 imperavit.
1372 4471 1390 4504 ι
1425 4452 1539 4520 Qua
1586 4451 1728 4505 enim
1778 4450 1862 4504 vel

328 4533 491 4597 inscitia
515 4546 588 4600 t‘el
619 4556 927 4601 lOtilCl‘ilitiC
963 4542 1187 4613 Optatus
1212 4542 1315 4597 hoc
1343 4544 1633 4609 allii-mare,
1666 4557 1727 4595 ac
1756 4542 1858 4596 Do-

1956 3344 2220 3408 suevisse,
2254 3357 2413 3411 quam
2445 3358 2510 3397 ex
2534 3358 2601 3398 eo
2630 3344 2774 3412 qttod
2807 3343 3007 3399 Paulus
3055 3343 3176 3403 Gal.
3210 3359 3249 3407 ι,
3302 3344 3357 3411 8,
3406 3342 3559 3412 dicit,

1958 3434 2097 3489 Licet
2148 3450 2240 3489 nos
2269 3445 2358 3488 aut
2389 3435 2611 3506 Angelus
2655 3436 2718 3491 de
2746 3436 2875 3492 caelo
2913 3436 3329 3508 euangelizaverit
3374 3444 3560 3509 printer

1957 3544 2109 3595 quam
2155 3528 2290 3596 quod
2320 3530 2773 3599 evongelizauimus
2803 3522 2962 3596 vobis,
2995 3533 3267 3586 anathema
3305 3533 3389 3600 sit,
3427 3544 3558 3587 con-

1960 3619 2123 3675 ficere
2182 3623 2341 3676 liceat
2388 3622 2650 3691 Angelum
2714 3622 2991 3678 caelestem
3060 3623 3388 3681 anathemati
3440 3637 3563 3683 esse

1960 3712 2136 3767 adhuc
2165 3713 2478 3768 obnoxium.
2513 3713 2625 3769 illis
2673 3714 2833 3784 igitur
2879 3730 2985 3769 non
3014 3728 3205 3785 parum
3244 3716 3564 3771 adversatur

1962 3807 2066 3860 iste
2103 3805 2285 3860 llilarii
2331 3807 2479 3861 locus
2505 3845 2520 3872 ,
2553 3805 2682 3861 dum
2723 3806 2883 3861 aliam
2936 3808 3199 3877 episcopi,
3228 3809 3387 3863 aliam
3438 3806 3563 3863 laici

1962 3898 2331 3968 paenitentiam
2386 3907 2497 3952 tum
2562 3898 2727 3953 fuisse
2771 3897 2973 3954 diserte
3017 3899 3197 3953 docet.
3224 3898 3339 3954 Hoc
3378 3909 3560 3955 autem

1963 3993 2282 4063 loquebatur
2312 3992 2542 4046 llilarius
2563 4007 2683 4046 cum
2707 4006 2769 4046 ex
2806 4006 2958 4045 more
2984 4005 3143 4059 quem
3166 3991 3217 4044 in
3239 3988 3557 4059 Occidente,

1962 4086 2114 4151 cujus
2136 4094 2253 4138 erat
2270 4083 2837 4153 episcopus,nsitatum
2856 4088 3215 4146 uoverat,tum
3235 4093 3304 4134 ex
3317 4095 3384 4136 eo
3396 4095 3559 4150 quem

1962 4179 2015 4232 in
2048 4177 2291 4243 Oriente,
2341 4176 2429 4230 ubi
2460 4174 2706 4246 degebat,
2744 4174 2960 4229 videbat
3010 4182 3323 4241 receptum;
3355 4175 3560 4247 quique

1965 4270 2101 4325 adeo
2130 4278 2184 4322 et
2209 4269 2262 4322 in
2285 4267 2576 4322 Occidente
2598 4266 2757 4320 simul
2780 4276 2835 4320 et
2862 4266 2916 4319 itt
2944 4264 3167 4321 Oriente
3189 4264 3392 4334 pariter
3411 4267 3562 4337 vige-

1965 4359 2076 4414 bat.
2111 4358 2284 4411 Tantu
2311 4373 2438 4411 vero
2491 4356 2655 4409 totius
2704 4355 2960 4412 Ecclesia:
3016 4356 3304 4409 consensio
3342 4356 3561 4412 aliunde

1966 4453 2094 4506 oriri
2140 4466 2248 4505 non
2277 4457 2472 4520 potest,
2507 4448 2610 4503 nisi
2636 4456 2728 4502 aut
2779 4462 2845 4501 ex
2870 4444 3166 4515 apostolica
3231 4446 3518 4507 traditione
3542 4489 3560 4516 ,

1966 4554 2057 4597 aut
2085 4559 2151 4598 ex
2190 4540 2463 4597 communi
2495 4540 2584 4596 illa
2607 4541 2743 4609 lege,
2768 4553 2928 4608 quam
2958 4551 3080 4592 cum
3120 4555 3138 4589 ι
3175 4539 3412 4593 omnium
3442 4554 3562 4594 om—

326 4633 501 4689 natistas
521 4637 775 4704 dittCOltlS,
810 4635 1141 4707 presbyteris
1171 4643 1222 4688 et
1250 4633 1516 4703 episcopis
1543 4648 1732 4687 manus
1764 4633 1862 4687 itn-
1887 4638 1941 4711 D
1967 4638 2095 4693 nino
2110 4635 2487 4705 episcoporum
2505 4649 2598 4703 per
2617 4640 2784 4688 totum
2804 4631 3063 4687 mundum
3078 4633 3494 4695 constitutorum
3531 4653 3551 4686 ι

326 4735 536 4790 ponentes
563 4732 698 4787 velut
729 4730 880 4800 impii
900 4727 1187 4783 etinaud.ti
1210 4726 1392 4797 ﬂagitii
1419 4727 1613 4781 ibidcnt
1639 4741 1864 4796 arguere

323 4828 454 4871 ausus
487 4834 632 4890 esSet,
664 4825 708 4879 si
737 4821 953 4877 nibiilti
989 4821 1247 4892 egissent,
1281 4820 1380 4874 nisi
1419 4819 1561 4888 quod
1590 4819 1865 4889 superiore

323 4913 487 4967 seculo
528 4916 818 4988 Cyprianus
862 4914 1059 4983 aliique
1111 4911 1346 4967 Africani
1415 4914 1670 4985 praesules
1742 4928 1864 4967 cum

324 4996 531 5061 Cornelio
558 5024 615 5064 ac
642 5010 857 5066 caeteris
911 5007 1073 5060 totius
1096 5007 1243 5059 orbis
1283 5006 1551 5074 episcopis
1583 5009 1864 5074 praecepis-

324 5102 438 5161 seut,
471 5114 613 5172 atque
647 5102 900 5172 exemplo
930 5114 1029 5154 suo
1062 5099 1403 5153 ﬁrmassent?
1459 5099 1561 5154 Sed
1612 5099 1862 5170 Optatum

329 5188 384 5242 ab
420 5198 543 5251 omni
596 5199 820 5253 inscitia:
868 5194 1027 5264 culpa
1066 5194 1293 5248 liberum
1340 5208 1482 5257 esse,
1527 5202 1581 5247 et
1632 5193 1683 5247 in
1732 5204 1867 5249 unos

333 5279 582 5346 Dnnatistas
609 5291 930 5348 temeritatis
954 5289 1159 5343 crimen
1197 5286 1391 5342 cadere
1414 5287 1570 5340 ducet
1612 5302 1710 5340 nos
1739 5286 1868 5342 Car-

334 5374 588 5448 lluginense
613 5386 940 5447 concilium,
995 5383 1046 5436 in
1072 5395 1179 5451 quo
1224 5377 1390 5451 (haud
1416 5377 1579 5434 dubie
1631 5394 1697 5434 ne
1748 5381 1868 5450 quis

335 5474 592 5533 lemerarios
611 5478 1082 5533 scbismaticorum
1102 5490 1264 5528 ausus
1276 5482 1331 5529 et
1348 5472 1540 5542 impias
1565 5472 1869 5528 molitiones

336 5556 619 5641 imitaretur),
646 5571 848 5625 smeuln
875 5575 1069 5639 quarto
1099 5567 1335 5632 labente,
1369 5581 1491 5620 can.
1525 5566 1645 5628 li,t
1677 5565 1871 5619 confir-

335 5665 489 5713 matum
530 5671 627 5730 est,
660 5663 780 5716 utsi
839 5659 1057 5731 quando
1110 5658 1410 5730 presbyteri
1460 5657 1544 5712 vel
1574 5656 1779 5713 diaconi
1818 5658 1873 5713 in

338 5748 468 5817 aliqua
511 5757 734 5824 graviori
782 5753 940 5823 culpa
999 5753 1229 5807 convicti
1271 5752 1506 5817 fuerint,
1553 5765 1655 5820 qua
1704 5764 1797 5805 eos
1845 5764 1874 5805 ει

342 5838 583 5902 niuistcrio
631 5860 853 5903 necesse
884 5844 1044 5901 fuerit
1088 5843 1386 5919 remeteri,
1442 5857 1548 5899 non
1581 5841 1660 5898 eis
1689 5856 1877 5900 manus

1967 4744 2234 4785 consensu
2288 4728 2447 4782 latam
2501 4726 2803 4798 Cyprianus
2863 4725 3043 4781 tradit.
3122 4726 3352 4782 Tantum
3402 4727 3567 4797 igitur

1970 4832 2095 4877 tunc
2137 4821 2415 4877 decretum
2445 4830 2549 4887 est,
2604 4830 2660 4874 ut
2713 4819 2980 4890 episcopis
3028 4818 3215 4874 aliisve
3269 4819 3562 4888 majoribus

1970 4915 2183 4970 clericis
2237 4914 2425 4984 lapsis,
2466 4911 2680 4969 sublato
2707 4911 2929 4966 honoris
2966 4909 3048 4964 sui
3077 4908 3274 4978 gradu,
3324 4918 3447 4980 post
3474 4924 3564 4967 sa-

1966 5007 2323 5063 tisfactionem
2361 5014 2521 5075 atque
2576 5006 2951 5076 pmnitentiam
3005 5002 3135 5073 ipsis
3154 5012 3561 5074 congruentem,

1972 5117 2074 5172 pax
2099 5110 2153 5155 et
2176 5097 2485 5155 communio
2508 5096 2849 5153 redderetur.
3328 5162 3329 5165 η

2047 5191 2134 5247 12.
2176 5190 2360 5260 Neque
2388 5188 2471 5242 bis
2507 5197 2768 5257 repugnat
2797 5188 2937 5257 quod
2968 5186 3036 5243 de
3074 5186 3268 5243 Natalii
3297 5188 3571 5256 paeniten-

1972 5284 2066 5348 tia,
2089 5282 2418 5351 temporibus
2449 5277 2735 5349 Zephyrini
2779 5294 2949 5349 papae,
2981 5293 3049 5333 ex
3078 5278 3293 5334 Eusebii
3335 5278 3571 5337 Historia

1971 5376 2378 5443 descripsimus.
2407 5370 2483 5426 lbi
2515 5369 2658 5446 enim
2686 5369 2829 5439 quod
2860 5374 3145 5440 episcopus
3176 5371 3286 5437 ille,
3315 5370 3363 5426 si
3391 5379 3572 5431 tamen

1974 5470 2257 5538 episcopus
2282 5465 2399 5527 fuit,
2430 5471 2623 5531 sponte
2648 5476 2714 5515 ex
2736 5460 3044 5515 vehementi
3069 5460 3377 5530 paenitentis
3405 5462 3573 5517 animi

1974 5560 2168 5616 affectu
2195 5558 2380 5628 gessit,
2412 5570 2520 5611 non
2551 5553 2694 5625 quod
2724 5555 2772 5608 ei
2812 5553 2923 5609 ulla
2953 5552 3038 5608 lex
3075 5553 3433 5613 ecclesiastica
3464 5555 3571 5609 im-

1978 5653 2173 5725 posuit,
2204 5650 2450 5720 legimus.
2491 5649 2617 5705 iisec
2644 5657 2821 5704 autem
2861 5649 2914 5702 in
2948 5646 3189 5703 Ecclesia
3223 5646 3367 5701 circa
3396 5648 3575 5707 deliu-

1978 5754 2201 5817 quentes
2228 5743 2468 5799 omnium
2512 5752 2813 5812 temporum
2856 5740 3039 5811 regula
3080 5748 3334 5794 cons1ans
3362 5736 3482 5806 fuit,
3516 5749 3576 5797 ut

1980 5839 2113 5896 nulli
2162 5839 2393 5909 cujusvis
2437 5835 2763 5899 conditionis
2813 5849 2908 5892 reo
2952 5847 3058 5892 non
3101 5821 3385 5902 poen’itenti
3423 5833 3582 5890 venia
