3730 6270
298 329 405 384 695

301 444 684 516 indulgeretur.
734 440 885 507 Prius
922 438 1081 493 etiam
1146 450 1303 505 quam
1334 433 1449 488 lucc
1485 429 1893 495 concederetur,
1924 428 1974 487 Α

301 537 460 608 digna
503 536 786 592 criminum
829 530 1119 584 satisfactio
1162 527 1299 598 exigi
1346 539 1560 594 semper
1596 521 1891 585 consuevit,

304 632 404 686 nisi
450 630 565 683 hrcc
593 624 809 681 aliunde
839 629 1297 690 compensaretur.
1331 618 1670 688 Quapropter
1704 621 1764 668 ut
1803 613 1895 666 tri-

301 724 402 779 bus
432 722 697 791 prioribus
723 717 981 772 Ecclesiae
1006 715 1241 778 sacculis,
1268 714 1335 768 ita
1367 722 1421 767 et
1447 706 1895 778 subsequentibus

301 813 534 881 majores
552 809 732 866 clerici
749 810 1190 875 gravissimorum
1215 805 1497 860 criminum
1518 801 1594 856 rei
1613 815 1717 854 non
1735 797 1897 852 modo

301 905 369 959 ab
412 903 630 958 honoris
670 902 752 956 sui
796 900 962 972 gradu
1002 898 1217 968 dejecti,
1251 896 1344 952 sed
1410 906 1461 949 et
1501 895 1673 965 (lignis
1705 891 1894 961 ymuis,

304 996 496 1066 quibus
528 995 636 1049 Deo
665 994 792 1047 lzl'Stl
823 992 1210 1055 satisfacerent,
1242 998 1367 1043 sunt
1393 987 1620 1058 multati.
1647 986 1781 1040 llinc
1811 985 1896 1038 in-

304 1087 461 1157 digne
491 1087 611 1140 tulit
636 1084 954 1157 Cyprianus,
985 1083 1126 1153 quod
1153 1082 1346 1137 Victori
1375 1079 1691 1152 presbytero
1727 1096 1745 1128 ‹
1775 1085 1899 1130 ante

302 1179 598 1248 legitimum
631 1190 684 1231 et
714 1177 924 1246 pletnun
958 1173 1336 1229 satisfactiouis
1360 1185 1569 1239 tempus
1602 1188 1619 1222 ι
1653 1169 1772 1222 data
1797 1180 1896 1237 pax

301 1272 508 1327 fuisset.
540 1270 675 1325 lliuc
701 1279 751 1324 et
774 1269 882 1323 Leo
914 1268 1237 1338 presbyteris
1264 1276 1317 1320 et
1344 1264 1586 1319 diac0uis
1617 1263 1779 1332 lapsis
1806 1276 1901 1315 ex-

303 1365 586 1437 petendam
616 1379 737 1419 esse
760 1362 1019 1432 judicavit
1052 1381 1070 1413 ι
1106 1359 1461 1415 secessionem
1495 1356 1776 1426 privatam,
1811 1352 1897 1407 ubi

302 1459 409 1514 illis
439 1456 756 1521 satisfactio,
788 1457 830 1509 si
865 1455 1022 1510 fuerit
1051 1453 1227 1523 digna,
1261 1454 1330 1506 sit
1359 1450 1517 1504 etiam
1549 1447 1838 1501 fructuosa.
1874 1464 1893 1499 ι

304 1551 439 1607 Hinc
489 1561 542 1605 ct
589 1550 823 1604 Joannes
861 1547 925 1609 ll,
958 1547 1128 1616 Epist.
1171 1544 1235 1600 ad
1271 1543 1562 1599 Cmsarium
1605 1541 1674 1595 ita
1706 1548 1899 1594 contu-

305 1645 584 1701 meliosuut
608 1645 674 1698 ab
704 1641 1241 1712 episcopatudcjccit,
1268 1636 1579 1693 uteumdent
1613 1636 1662 1689 in
1689 1647 1901 1688 monas-

239 1740 251 1756 '
305 1740 500 1794 terium
525 1738 682 1808 dirigi
713 1735 959 1802 voluerit,
989 1755 1007 1786 ς
1039 1735 1123 1789 ubi
1145 1733 1461 1788 delictorum
1486 1744 1691 1785 memor
1714 1729 1764 1781 in
1786 1741 1900 1798 pa;-

1079 317 1561 377 EPlSTOLARUM
1602 311 1925 369 CORNDLll

2021 310 2097 368 DN
2144 306 2550 365 EXTANTIUM
2589 305 2883 365 ΝΟΤΙΪΙΑ.
3399 322 3477 379 (3‘36

2733 421 2864 477 Vill.

2075 516 2161 572 16.
2187 516 2418 572 Cornelii
2437 516 2503 571 ad
2525 515 2833 588 Dionysium
2849 515 3238 574 Alexandrinum
3252 520 3486 595 episcopum

2003 608 2198 664 littera:
2224 608 2483 665 adversus
2510 608 2883 664 Novatianum.

2758 722 2851 779 1X.

2074 821 2161 874 l7.
2193 819 2430 891 Dionysii
2459 817 2806 874 Alexandrini
2839 818 3070 888 Epistola
3099 819 3159 875 ad
3182 822 3417 892 praedictas
3432 829 3498 884 lit-

2003 921 2146 967 teras
2174 914 2458 983 rescripta,
2485 913 2555 968 de
2589 927 2691 983 qua
2715 912 2829 967 hzec
2851 912 3106 969 Eusebius
3126 918 3391 973 summatim
3418 936 3502 990 per-

2002 1006 2218 1076 stringit
2254 1023 2267 1059 :
2303 1024 2322 1057 (
2356 1006 2554 1060 Scribit
2594 1005 2878 1078 Dionysius
2912 1005 2975 1060 ad
3010 1005 3293 1062 Cornelium
3314 1010 3504 1070 Romana

2004 1097 2152 1151 urbis
2194 1098 2524 1168 episcopum,
2573 1097 2728 1167 cujus
2779 1098 2981 1153 litteras
3028 1096 3269 1166 adversus
3296 1086 3506 1160 \Novatutu

2003 1192 2137 1262 (leg.
2162 1191 2543 1262 Novatianum)
2572 1201 2874 1262 acceperat.
2898 1191 2955 1246 lit
2985 1207 3086 1259 qua
3115 1192 3307 1261 quidem
3332 1193 3506 1262 Epistola

2004 1284 2269 1353 signiﬁcat
2319 1299 2379 1340 se
2414 1285 2483 1339 ab
2519 1284 2722 1340 Heleno
2756 1283 2911 1339 Tarsi
2948 1284 3143 1339 Ciliciae
3178 1287 3396 1355 episcopo
3424 1297 3463 1342 et
3485 1305 3508 1345 ι

2004 1380 2216 1433 czeteris
2236 1378 2326 1449 qui
2352 1392 2472 1433 cum
2508 1378 2600 1433 illo
2640 1386 3032 1443 convenerant,
3059 1376 3344 1432 Firmiliano
3365 1381 3511 1437 scilicet

2003 1471 2358 1541 Cappadocia:
2388 1480 2443 1527 et
2474 1471 2784 1526 Theoctisto
2817 1470 3114 1525 Palaestinae
3157 1472 3408 1541 provincia:
3434 1476 3515 1545 cpi.

2003 1564 2204 1634 scopis,
2230 1564 2516 1618 invitatum
2539 1562 2724 1629 fuisse,
2743 1572 2800 1618 ut
2824 1563 2889 1629 ad
2921 1563 3181 1635 synodum
3203 1563 3513 1639 Antiochenam

2005 1666 2336 1719 occurreret.
2362 1658 2416 1713 in
2443 1674 2542 1728 qua
2566 1657 2780 1728 quidam
2807 1657 2999 1713 Novati
3024 1658 3244 1713 schisma
3268 1660 3519 1728 confirmare
3558 1650 3567 1656 ’

2010 1748 2305 1803 tentabant.
2344 1726 2545 1803 Scribit
2582 1726 2743 1802 etiam
2778 1748 2882 1803 sibi
2913 1749 3206 1803 nuntiatum
3241 1747 3399 1813 fuisse,
3420 1726 3521 1823 quod

304 1833 529 1888 nitentia
561 1832 826 1902 lacrymas
854 1816 1129 1884 effundere
1157 1842 1264 1883 non
1292 1826 1518 1884 omittat.
1548 1831 1696 1879 ut....
1727 1837 1755 1876 a
1777 1820 1901 1875 Jesu
1932 1815 1980 1875 B
2008 1839 2207 1894 Fabius
2225 1840 2438 1910 quidem
2463 1839 2605 1895 diem
2635 1849 2936 1895 “tremum
2965 1839 3203 1904 omissa,
3228 1815 3551 1897 Demetrijm‘

306 1922 522 1979 Christo
552 1920 976 1976 misericordiam
1004 1919 1177 1973 valeat
1202 1915 1517 1987 promereri.
1557 1933 1575 1965 ι
1611 1913 1745 1968 llinc
1768 1910 1902 1967 Gre-

306 2016 487 2089 gorius
506 2030 662 2085 papa,
693 2014 785 2069 lib.
833 2029 909 2079 tu,
954 2013 1123 2083 Epist.
1164 2010 1254 2075 50,
1286 2008 1524 2080 praecipit
1558 2024 1571 2061 :
1620 2025 1638 2057 ι
1676 2006 1902 2060 Paulum

307 2109 576 2180 qttondam
596 2108 904 2177 episcopum
930 2107 980 2160 in
1006 2104 1352 2170 monasterio,
1380 2101 1433 2155 in
1459 2115 1564 2172 quo
1586 2108 1687 2164 est,
1713 2100 1764 2152 in
1788 2112 1903 2167 pm-

306 2201 531 2256 nitentia
561 2201 806 2255 volumus
853 2213 1199 2269 permanere;
1243 2216 1261 2247 ι
1295 2205 1348 2251 et
1377 2195 1470 2250 lib.
1500 2210 1555 2257 v,
1584 2193 1757 2263 Epist.
1790 2192 1855 2246 l4
1885 2207 1900 2244 :

314 2313 334 2347 ι
368 2294 666 2349 Statuimus
697 2292 982 2347 diaconum
1013 2301 1067 2345 et
1108 2290 1352 2345 abbatem
1380 2287 1447 2343 de
1474 2296 1629 2357 portu
1656 2285 1901 2353 Veneris,

308 2398 469 2455 quem
508 2383 713 2438 indicas
754 2381 1033 2445 cecidisse,
1063 2380 1128 2434 ad
1160 2394 1369 2434 sacrum
1401 2377 1641 2432 ordinent
1675 2391 1779 2430 non
1812 2374 1905 2430 de-

307 2478 437 2535 bere
459 2478 539 2533 vel
559 2492 714 2547 posse
736 2476 845 2531 ullo
863 2476 1021 2530 modo
1040 2474 1297 2531 revocari.
1321 2473 1490 2541 Quem
1517 2470 1731 2542 quidem
1749 2483 1907 2525 sacro

307 2571 497 2626 ordine
541 2571 802 2641 privatum
848 2569 899 2622 in
940 2567 1307 2639 pmnitcnliam
1338 2567 1594 2636 deputare
1627 2574 1677 2618 te
1706 2576 1904 2617 conve-

307 2666 444 2720 nit.»
471 2664 526 2719 Si
550 2672 727 2719 autem
759 2664 873 2717 haec
894 2661 1099 2731 aliaque
1129 2658 1431 2727 bujusmodi
1461 2657 1575 2710 loca
1602 2656 1671 2710 de
1697 2654 1909 2725 publica

310 2756 629 2828 pomitentia
661 2768 819 2809 nemo
846 2754 1228 2822 interpretetur
1262 2769 1273 2806 :
1307 2764 1403 2806 cur
1428 2748 1619 2804 similia
1648 2747 1716 2802 de
1745 2747 1912 2816 majo-

310 2850 462 2904 ribus
494 2849 653 2903 trium
684 2846 921 2916 priorum
953 2846 1270 2899 sreculorum
1297 2842 1526 2904 clericis,
1557 2858 1608 2912 ιι.
1629 2849 1757 2894 ,ιξιριι
1782 2854 1911 2894 sen-

311 2940 532 2996 tentiam
580 2954 914 2993 summorqu
963 2934 1279 3006 pontiﬁcum
1329 2944 1491 3002 atquc
1542 2940 1775 3000 patrum,
1820 2930 1912 2999 qui

311 3033 528 3089 sarculis
554 3048 626 3097 tv,
655 3041 709 3087 et
734 3046 787 3098 v,
815 3031 1083 3096 vixerunt,
1121 3027 1277 3081 aliter
1308 3023 1702 3094 intelligamus?

1086 3120 1154 3175 V.

2004 1947 2134 1986 vero
2174 1932 2227 1986 in
2275 1932 2392 2001 ejus
2436 1931 2610 1986 locum
2653 1931 2938 2001 episcopus
2980 1930 3310 1985 Antioclienze
3342 1930 3521 1987 ecclesia

2004 2032 2149 2080 esset
2177 2024 2521 2079 constitutus.
2561 2021 2669 2079 Sed
2694 2034 2749 2078 et
2776 2022 2845 2078 de
2869 2022 3314 2094 Jerosolymornm
3335 2022 3520 2092 episcopo

2007 2119 2339 2172 mentionem
2385 2116 2511 2172 facit
2557 2118 2638 2171 his
2674 2116 2853 2171 verbis
2881 2133 2896 2168 :
2921 2114 3077 2183 Quod
3115 2114 3249 2170 enim
3277 2114 3335 2169 ad
3362 2114 3522 2170 Alenus

2006 2210 2164 2265 drutn
2209 2218 2436 2279 spectat,
2478 2210 2523 2263 is
2560 2210 2613 2263 in
2642 2223 2913 2263 carcerem
2956 2207 3248 2278 eoujectus,
3274 2206 3405 2261 beato
3425 2200 3526 2262 exitu

2007 2301 2296 2381 defunctqs
2325 2312 2427 2358 est.
2470 2321 2489 2353 ι
2520 2301 2726 2370 Quibus
2752 2299 2948 2357 deinde
2969 2300 3151 2355 subdit
3179 2300 3244 2355 de
3265 2299 3423 2357 eodem
3442 2300 3528 2355 Dio-

2008 2397 2165 2467 nysio
2190 2395 2457 2451 Eusebius
2505 2413 2517 2449 :
2573 2413 2591 2446 ι
2643 2392 2896 2464 Sequitur
2921 2393 3123 2449 deinde
3165 2393 3319 2448 altera
3354 2392 3527 2461 ejusdem

2011 2491 2272 2562 Dionysio
2318 2489 2554 2561 Epistola
2596 2488 2662 2543 ad
2706 2487 2921 2543 Fratres
2963 2488 3152 2541 Romae
3188 2488 3457 2542 constitutos
3484 2486 3528 2540 de

2012 2581 2223 2637 diaconi
2254 2579 2435 2635 ofﬁcio
2466 2596 2560 2650 per
2583 2579 2927 2650 Hippolytum
2973 2579 3163 2634 missa.
3202 2578 3407 2633 Alteram
3442 2576 3529 2630 item

2012 2673 2078 2728 ad
2116 2672 2335 2729 eosdem
2364 2672 2659 2742 Epistulam
2682 2661 2873 2725 scribit
2895 2669 2965 2726 de
2990 2669 3157 2736 Pace,
3189 2684 3371 2725 necnon
3388 2667 3440 2723 de
3456 2665 3532 2722 Pis

2015 2763 2260 2819 nitentia.
2294 2762 2336 2816 ιι
2353 2778 2510 2819 ursus
2535 2762 2695 2816 aliam
2722 2761 2787 2816 ad
2815 2757 3174 2816 Confessores
3202 2760 3374 2815 ibident
3398 2760 3533 2814 consti-

2016 2866 2178 2921 tutos,
2229 2858 2318 2927 qni
2367 2856 2555 2911 Novati
2610 2856 2735 2926 (leg.
2783 2854 3093 2925 Novatiani)
3138 2855 3388 2909 sententia:
3422 2853 3532 2907 etiam

2017 2957 2128 3003 tum
2176 2947 2444 3004 favebant.
2488 2948 2627 3003 Duas
2655 2962 2869 3018 quoque
2893 2947 3036 3001 alias
3064 2946 3128 3001 ad
3159 2947 3253 3002 hes
3288 2948 3408 3017 ipsos
3428 2945 3533 3013 Epis-

2019 3041 2155 3095 tolas
2200 3042 2346 3095 misit
2392 3049 2574 3111 postea
2618 3054 2776 3108 quam
2808 3038 2873 3092 ad
2916 3028 3216 3094 Ecclesiam
3255 3038 3530 3093 rediissem.»

2018 3131 2223 3199 Quibus
2248 3149 2314 3189 ex
2335 3134 2516 3189 verbis
2542 3132 2826 3189 conﬁcitur
2847 3131 3034 3203 primo
3054 3130 3265 3202 quidem
3286 3130 3474 3200 Dionysii
3491 3127 3535 3181 ad

388 3218 475 3273 15.
507 3216 661 3273 Circa
689 3215 831 3271 idem
860 3224 1073 3283 tempus
1098 3209 1418 3281 Cyprianus.
1451 3208 1518 3264 de
1544 3208 1781 3263 omnium
1810 3206 1917 3262 τηι-
1941 3204 1987 3267 C
2022 3226 2333 3283 Cornelium
2367 3225 2679 3296 Epistolam,
2713 3225 2763 3278 in
2796 3239 2895 3292 qua
2922 3223 3027 3293 ipsi
3065 3221 3212 3277 Fabii
3247 3221 3419 3277 obitum
3445 3235 3536 3274 nun-

316 3320 456 3364 trum
482 3308 730 3372 consilio,
759 3305 1009 3359 Cornelio
1042 3302 1183 3357 misit
1211 3301 1425 3356 nomina
1456 3300 1828 3371 episcOporum
1858 3300 1910 3355 in

316 3402 493 3457 Africa
522 3401 955 3463 constitutorum,
988 3416 1006 3448 ‹
1042 3397 1130 3466 qui
1153 3396 1343 3466 integri
1373 3405 1428 3451 et
1452 3395 1567 3449 sani
1591 3396 1640 3449 in
1673 3395 1908 3450 Ecclesia

318 3493 587 3549 catholica
619 3491 872 3545 fratribus
902 3498 1136 3560 prmsunt
1169 3506 1182 3543 :
1222 3509 1240 3541 ι
1269 3497 1326 3542 ιιι
1346 3490 1509 3544 sciret
1535 3490 1667 3559 ipse,
1693 3488 1913 3559 ejusque

317 3600 482 3655 opera
526 3583 762 3653 episeopi
807 3582 1008 3662 cieteri,
1046 3600 1064 3632 ι
1098 3580 1291 3650 quibus
1327 3581 1584 3645 scribere,
1621 3589 1674 3634 et
1710 3580 1914 3634 litteras

319 3683 509 3731 mutuo
533 3691 563 3729 a
592 3676 783 3744 quibus
809 3658 902 3729 eos
929 3658 1170 3742 accipere
1200 3680 1502 3743 Oporteret;
1542 3691 1560 3723 ι
1587 3674 1827 3743 adeoque
1869 3674 1912 3727 si

318 3766 440 3837 quis
469 3766 705 3821 scribere
741 3764 980 3828 auderet,
1021 3762 1173 3832 cujus
1212 3776 1407 3817 nomen
1441 3763 1491 3816 in
1533 3763 1633 3818 hac
1674 3762 1914 3833 Epistola

319 3858 637 3913 reticeretur
686 3873 806 3913 eum
856 3864 1075 3910 nossent
1121 3874 1138 3906 ι
1174 3855 1257 3910 vel
1302 3855 1485 3909 libello
1522 3856 1606 3909 vel
1654 3856 1916 3911 sacriﬁcio

318 3965 441 4007 esse
486 3950 826 4015 maculatum,
875 3948 959 4003 vel
1009 3963 1171 4002 unum
1213 3947 1281 4001 de
1334 3946 1621 4002 hmreticis.
1678 3966 1697 3999 ι
1746 3947 1917 4002 Simili

318 4044 566 4099 cautione
586 4042 867 4098 Cornelius
893 4042 1136 4096 scribens
1161 4039 1229 4094 ad
1266 4039 1486 4094 Fabium
1524 4040 1916 4097 Antiochenum

320 4137 670 4208 episcopum,
724 4136 939 4190 nomina
1003 4135 1376 4204 episcoporum
1426 4133 1515 4203 qui
1568 4133 1920 4189 Novatianum

321 4234 437 4288 sive
458 4233 509 4287 in
532 4231 738 4304 synodo
762 4231 1025 4293 Romana,
1053 4229 1165 4283 sive
1185 4243 1280 4297 per
1303 4228 1508 4282 litteras
1526 4228 1921 4283 condemnave-

321 4333 463 4390 rant,
499 4324 563 4378 ad
604 4323 805 4378 calcem
853 4320 1104 4390 Epistola:
1139 4334 1252 4374 suae
1291 4319 1632 4384 adtcxuerat,
1667 4328 1723 4374 ut
1747 4318 1921 4374 Euse-

321 4416 463 4480 bius,
495 4414 587 4470 lib.
616 4430 666 4468 Vt
694 4414 828 4469 Hist.
861 4429 912 4468 c.
942 4414 1033 4479 45,
1060 4413 1238 4467 tradit.

1080 4505 1167 4561 Vl.

2017 3321 2132 3384 tiat,
2158 3319 2397 3376 Cornelii
2430 3320 2632 3389 scripto
2667 3317 2733 3372 ad
2774 3318 3069 3388 ipsummet
3100 3316 3310 3372 Fabium
3337 3329 3432 3370 esse
3453 3327 3537 3383 pos-

2018 3413 2306 3478 teriorem;
2339 3410 2536 3466 deinde
2558 3425 2689 3465 vero
2710 3409 3005 3465 Eusebium
3031 3410 3087 3465 in
3110 3424 3231 3464 mox
3249 3407 3384 3463 dictis
3401 3405 3537 3475 Diony-

2016 3504 2082 3559 sii
2128 3503 2319 3558 litteris
2365 3500 2710 3558 reCensendis
2768 3500 3018 3556 ordinem
3068 3510 3346 3570 temporum
3382 3497 3535 3552 minime

2017 3608 2284 3649 servasse.
2306 3592 2628 3664 Conjcctura
2656 3593 2854 3664 quippe
2875 3601 2959 3648 est
2986 3592 3129 3648 duas
3152 3594 3335 3664 primas
3353 3587 3537 3660 epistolas

2017 3701 2046 3741 a
2067 3686 2319 3759 Dionysio
2337 3688 2565 3756 scriptas
2582 3685 2892 3753 fuisse,cum
2920 3702 2949 3740 a
2970 3696 3153 3741 morte
3177 3684 3374 3740 Fabiani
3407 3682 3536 3738 lim

2020 3776 2180 3832 sedes
2225 3786 2461 3841 vacaret,
2513 3776 2722 3832 tertiam
2773 3790 2897 3831 cum
2946 3777 3288 3833 confcssorcs
3326 3772 3529 3832 Iliadum

2019 3869 2417 3940 presbyterum,
2449 3869 2746 3937 Urbanum,
2786 3869 3076 3926 Sidoiiium
3109 3881 3164 3926 ct
3200 3871 3441 3926 Celerituim
3460 3862 3530 3919 No-

2022 3962 2234 4016 vatiano
2267 3960 2447 4031 favere
2473 3962 2680 4026 didicit,
2720 3971 2998 4032 postremo
3028 3973 3272 4034 quartam
3298 3972 3344 4018 et
3366 3959 3534 4030 quintam

2024 4067 2126 4108 una
2153 4068 2275 4107 cum
2304 4069 2389 4121 ea,
2417 4069 2577 4123 quam
2605 4054 2782 4122 priore
2818 4055 2939 4109 loco
2970 4055 3040 4109 ad
3074 4055 3361 4110 Cornelium
3392 4051 3537 4106 misisse

2024 4145 2251 4209 dicitur;
2289 4159 2410 4199 cum
2447 4146 2698 4201 nimirum
2720 4145 3077 4202 Confessores
3104 4146 3313 4201 eosdem
3334 4143 3389 4198 ad
3409 4139 3536 4197 Bede

2025 4238 2158 4292 siam
2188 4239 2648 4308 regressus-ipsis,
2683 4239 2734 4294 ni
2766 4238 3020 4303 fallimur,
3046 4238 3279 4295 Cornelii
3310 4237 3461 4292 litteris
3475 4246 3535 4286 ac-

2025 4332 2277 4401 cepisset.
2293 4331 2755 4400 Quen-admodum
2788 4334 2931 4388 enim
2956 4334 3240 4389 Cornelius
3257 4330 3538 4388 confessum

2026 4424 2094 4480 ad
2118 4425 2411 4480 Ecclesiam
2433 4425 2663 4481 reditum
2694 4428 2745 4480 in
2763 4441 2857 4483 sua
2886 4428 2950 4480 ad
2979 4427 3208 4482 Fabium
3232 4423 3540 4481 Antiochenam

2030 4514 2268 4587 Epistola
2297 4517 2583 4581 nuntiavit,
2617 4519 2685 4573 ita
2718 4529 2773 4573 et
2797 4519 3050 4588 augurari
3082 4518 3208 4574 licet
3228 4532 3339 4573 eum
3358 4514 3399 4571 id
3422 4514 3540 4583 ipsum

395 4602 484 4659 14.
509 4601 745 4657 Cornelii
772 4598 838 4653 ad
865 4598 1189 4669 Cyprianum
1216 4597 1453 4666 Epistola
1473 4611 1569 4666 per
1587 4596 1923 4652 Primitivum
1948 4594 2004 4655 Ι)
2029 4609 2219 4663 eodem
2250 4616 2492 4677 tempore
2515 4609 2770 4681 Dionysio
2798 4609 3177 4665 Alexandrina:
3199 4608 3411 4665 ecclesia:
3426 4602 3542 4658 altis-

316 4695 698 4769 presbyterum
724 4690 946 4760 perlata,
971 4704 1072 4759 qua
1095 4703 1156 4742 se
1181 4698 1384 4742 motum
1406 4687 1759 4756 signiﬁcabat,
1785 4688 1928 4758 quod

324 4802 445 4843 cum
474 4784 544 4840 de
567 4781 914 4839 Adrumetiua
941 4779 1152 4834 colonia
1194 4778 1471 4848 Polycarpi
1504 4777 1745 4844 ejusdem
1770 4779 1920 4833 colo-

324 4882 431 4934 nia:
457 4877 694 4948 episcopi
727 4874 943 4929 nomine
969 4871 1035 4924 ad
1075 4886 1134 4925 se
1170 4870 1364 4925 littera:
1405 4869 1784 4937 dirigerentur,
1820 4869 1928 4943 Cy-

325 4973 549 5042 prianus
575 4982 630 5026 et
658 4968 924 5025 Liberalis
950 4966 1077 5021 illuc
1101 4966 1397 5033 venientes,
1429 4978 1485 5022 ιιι
1506 4984 1612 5023 non
1639 4969 1705 5024 ad
1734 4969 1932 5027 Corne-

326 5065 480 5128 lium,
512 5064 606 5119 sed
636 5064 702 5117 ad
745 5061 1088 5131 presbyteros
1122 5073 1186 5115 ac
1210 5058 1465 5115 diaconos
1501 5061 1770 5116 Romanos
1797 5061 1931 5117 diri-

323 5163 600 5229 gerentur,
640 5161 890 5209 auctores
926 5150 1170 5215 fuissent,
1195 5152 1348 5221 quasi
1367 5167 1565 5222 anceps
1591 5161 1736 5208 esset
1762 5153 1929 5224 ipsius

327 5253 621 5309 ordinatio.
651 5249 762 5306 Cur
782 5257 960 5304 autem
990 5248 1041 5303 id
1075 5264 1103 5303 a
1135 5263 1193 5303 se
1219 5257 1379 5319 atque
1404 5265 1431 5303 a
1472 5248 1704 5309 Liberali
1729 5248 1926 5303 factum

324 5350 415 5416 sit,
446 5345 748 5418 Cyprianus
775 5358 937 5415 supra
964 5342 1205 5413 Epistola
1230 5358 1283 5397 tv
1301 5341 1553 5412 explicat.

1070 5434 1181 5491 VII.

398 5535 488 5591 15.
525 5531 761 5603 Epistola
787 5528 1023 5586 Cornelii
1047 5528 1111 5583 ad
1139 5528 1460 5601 Cyprianum
1488 5542 1584 5597 per
1612 5524 1927 5596 Augendum

325 5626 691 5683 confessorem
723 5624 909 5689 missa,
934 5636 1036 5693 qua
1063 5620 1444 5685 Nicostratum,
1473 5618 1756 5683 Novatum,
1782 5617 1926 5673 Eva-

321 5721 536 5785 ristum,
563 5719 800 5774 Primum
830 5726 883 5772 et
905 5714 1216 5787 Dionysium
1242 5712 1515 5768 Novatiani
1547 5721 1841 5783 sectatores
1870 5715 1923 5770 in

321 5809 551 5866 Africam
580 5812 863 5884 navigasse
889 5807 1190 5881 Cyprianus
1226 5803 1634 5862 admonebatur.

2032 4704 2113 4757 titi
2143 4701 2337 4759 litteris
2372 4703 2513 4758 datis
2543 4704 2892 4773 signiﬁcasse,
2935 4687 3186 4773 liuncque
3216 4718 3313 4759 non
3342 4701 3401 4755 ita
3425 4693 3539 4751 multo

2035 4802 2156 4866 post
2183 4810 2244 4849 ea
2274 4809 2395 4865 qua:
2428 4795 2690 4851 Eusebius
2718 4796 2993 4852 memoria:
3022 4795 3305 4860 mandavit,
3328 4791 3382 4847 ad
3398 4788 3542 4843 Corne-

2033 4890 2161 4945 lium
2190 4890 2552 4960 rescripsisse.
2798 4961 2848 5017 Χ

2111 5057 2198 5110 18.
2241 5055 2458 5111 Litterae
2489 5055 2765 5111 Fortunati
2805 5053 3268 5125 pseudoepiscopi,
3295 5066 3379 5123 per
3399 5049 3541 5118 legatos

2033 5150 2222 5219 ipsius,
2247 5150 2336 5220 qui
2360 5163 2466 5204 una
2499 5165 2620 5203 cum
2656 5148 2990 5203 Felicissimo
3022 5148 3246 5204 Romam
3278 5161 3333 5202 se
3365 5138 3542 5199 contule-

2030 5252 2177 5307 runt,
2206 5242 2273 5298 ad
2300 5241 2605 5298 Cornelium
2636 5242 2980 5298 transmissae.
3023 5242 3103 5297 De
3144 5240 3321 5311 legatis
3353 5237 3436 5292 illis
3465 5232 3540 5285 haec

2032 5335 2219 5391 scribit
2260 5335 2558 5407 Cyprianus
2596 5352 2610 5388 :
2656 5352 2676 5386 ι
2721 5334 2851 5389 Post
2876 5335 2996 5399 ista,
3025 5333 3201 5389 adhuc
3227 5334 3538 5399 insuperpsw

2032 5428 2362 5497 doepiscopo
2387 5428 2490 5482 sibi
2524 5428 2592 5483 ab
2622 5427 2889 5483 haereticis
2912 5428 3224 5491 constituto,
3255 5424 3458 5490 navigare
3476 5428 3538 5468 att-

2033 5520 2161 5576 dent
2185 5531 2240 5576 et
2275 5524 2340 5576 ad
2371 5521 2514 5577 Petri
2550 5519 2857 5576 cathedram
2880 5531 3040 5588 atque
3064 5519 3131 5573 ad
3159 5514 3417 5574 Ecclesiam
3433 5506 3536 5579 pfiﬂ'

2029 5616 2279 5686 cipalem,
2312 5615 2453 5670 unde
2475 5615 2650 5671 unitas
2676 5614 3026 5671 sacerdotalis
3050 5620 3231 5668 exorta
3257 5616 3344 5670 est,
3370 5620 3394 5658 a
3411 5598 3534 5659 schis-

2027 5709 2239 5764 maticis
2265 5717 2319 5764 et
2349 5706 2583 5777 profanis
2611 5708 2815 5763 litteras
2844 5705 3104 5777 perferre,
3137 5717 3231 5758 nec
3256 5697 3450 5767 cogitare
3469 5700 3529 5743 εοε

2023 5819 2146 5863 esse
2189 5804 2483 5870 Romanos,
2531 5818 2759 5875 quorum
2805 5803 2938 5860 ﬁdes
2984 5798 3238 5872 Apostolo
3282 5786 3524 5863 [tt-mdia”
