3730 6270
93 322 195 381 (ιιι-1

825 312 1309 373 EPISTOLARUM
1353 318 1671 377 CORNELII
1693 319 1827 378 NON
1872 322 2311 385 EXS’I‘ANTIUM
2353 328 2647 389 NOTITIA.

3262 341 3366 396 698

94 429 291 490 nudata
330 433 430 521 est,
461 422 532 479 ad
556 440 689 496 quos
720 426 940 496 perfidia
987 429 1184 487 habere
1226 446 1328 487 non
1368 434 1533 503 possit
1577 449 1666 491 ac—
1692 435 1741 497 Α
1772 433 1856 489 his
1886 438 2186 495 cedendum
2220 452 2366 501 ratus
2403 454 2507 513 est,
2541 448 2689 503 nullo
2716 448 2928 521 quidem
2962 459 3019 506 ut
3046 451 3176 507 mihi
3209 452 3361 508 vide-

108 530 314 581 cessum.
347 533 366 566 ι
392 515 623 572 Rursum
656 528 773 588 post
799 535 962 590 pauca
990 522 1059 578 de
1080 523 1268 579 iisdem
1299 527 1367 580 ita
1396 528 1662 597 loquitur:

119 635 139 669 ι
170 619 237 671 De
257 606 358 662 istis
384 623 510 663 vero
534 610 660 677 quid
686 611 882 677 dicam,
912 614 1000 683 qui
1033 630 1173 670 nunc
1201 616 1265 671 ad
1293 626 1343 672 te
1369 633 1488 672 cum
1521 619 1663 674 Feli-

121 704 305 763 cissimo
338 701 567 754 omnium
598 702 884 758 criminum
925 721 1018 760 rco
1060 707 1462 779 navigaverunt,
1506 712 1662 783 legati

123 811 156 850 a
202 796 449 852 Fortunato
488 793 948 867 pseudoepiscopo
990 799 1159 865 missi,
1193 809 1297 854 tam
1326 801 1484 857 l’alsas
1511 803 1575 857 ad
1611 813 1662 860 te

130 889 312 943 litteras
325 883 601 949 merentes,
632 901 793 957 quam
821 899 904 943 est
929 899 984 945 et
1008 892 1141 959 ipse,
1170 893 1322 963 cujus
1353 895 1554 951 litteras
1585 896 1661 951 l‘e-

128 990 267 1046 runt,
303 976 465 1034 falsus?
493 998 509 1032 ι
544 978 692 1035 llauc
721 991 901 1038 autem
933 986 1228 1042 litterarum
1269 989 1478 1045 illarum
1510 990 1661 1046 falsi-

130 1083 286 1130 tatem
310 1073 354 1127 in
378 1073 462 1127 hoc
491 1073 708 1141 positam
744 1085 912 1144 notat,
952 1080 1093 1148 quod
1137 1081 1187 1134 in
1220 1084 1299 1136 eis
1336 1083 1661 1142 Fortunatus

122 1164 533 1236 vigintiquinque
576 1165 863 1236 episcopos
904 1170 1227 1227 ordinationi
1282 1188 1393 1229 sua:
1443 1176 1662 1233 all‘uisse

106 1257 378 1327 jaCtitarct;
390 1270 494 1311 cum
504 1272 620 1311 eum
634 1275 655 1309 ι
672 1260 908 1331 quinque
925 1262 1056 1317 solis
1072 1267 1511 1323 convenientibus
1530 1286 1660 1325 nau-

109 1350 272 1421 fragis
297 1360 342 1405 et
362 1338 596 1406 absteutis
616 1369 637 1405 ι
667 1352 969 1409 ordinatum
1001 1373 1121 1413 esse
1139 1369 1427 1429 constaret,
1451 1362 1662 1419 I’rivato

103 1445 312 1500 scilicet
342 1454 498 1500 vetere
536 1445 785 1502 ltwretico
812 1449 939 1504 olim
968 1452 1255 1523 nonaginta
1285 1442 1658 1527 episcoporum

99 1540 362 1594 sententia
399 1538 758 1608 condemnato,
805 1541 985 1600 Felice
1027 1560 1186 1614 quem
1231 1547 1471 1602 Privatus
1509 1558 1659 1604 extra

97 1634 386 1690 Ecclesiam
415 1626 915 1708 pseudoepierpum
962 1640 1332 1707 constituerat,
1373 1640 1564 1697 Jovino
1605 1651 1660 1698 et

99 1732 185 1788 la
197 1733 346 1787 Simo
367 1731 567 1803 primum
595 1735 863 1788 sententia
887 1749 1080 1789 novem
1104 1736 1476 1807 episcoporum
1507 1737 1657 1793 dam-

1770 536 1855 581 tur
1881 528 2117 585 imbellis
2148 541 2237 588 aut
2264 536 2439 605 pusilli
2473 541 2637 594 animi
2667 542 2817 606 vitio,
2847 543 2941 598 sed
2983 544 3155 613 majus
3184 546 3357 616 quod-

1766 619 1888 673 dam
1937 622 2334 682 incommodum
2368 634 2595 698 veritus,
2646 632 2807 701 idque
2852 635 3065 690 amoliri
3110 637 3355 707 cupiens.

1767 709 2082 780 llujusmodi
2123 729 2248 773 sunt
2277 735 2455 788 casus,
2511 723 2563 778 in
2611 725 2804 794 quibus
2831 727 3004 783 sancti
3045 742 3110 783 ac
3136 729 3359 785 Solliciti

1768 813 2012 872 pastores
2043 811 2232 877 quovis
2272 828 2331 867 se
2378 825 2610 883 vertant,
2642 819 2872 887 pericula
2909 835 2971 875 ac
3001 831 3218 891 peccata
3246 837 3360 878 me-

1767 900 1943 963 tuunt,
1986 900 2053 954 de
2076 902 2273 969 quibus
2302 905 2634 976 Augustinus
2663 916 2773 965 tota
2801 911 3029 980 epistola
3061 914 3189 968 olim
3231 928 3352 982 ccc;

1765 1007 1909 1048 nunc
1940 1008 2097 1063 σχον,
2127 998 2194 1051 ad
2227 997 2507 1055 Paulinum
2535 1001 2856 1070 ingemiscit.
2887 1003 3119 1074 indeque
3146 1021 3294 1062 num.
3318 1007 3355 1063 2

1764 1087 2037 1143 concludit
2069 1109 2079 1143 :
2116 1109 2135 1141 ‹
2189 1092 2329 1147 Ecce
2358 1094 2500 1149 unde
2530 1096 2633 1149 vita
2682 1095 2916 1152 humana
2961 1113 3125 1167 super
3155 1108 3352 1156 terram

1766 1188 1872 1234 tota
1915 1183 2142 1238 tcntatio
2189 1196 2290 1252 est,
2341 1187 2558 1257 quando
2585 1197 2640 1244 et
2669 1190 2738 1244 ibi
2769 1190 2931 1245 homo
2963 1202 3216 1261 tentatur,
3260 1193 3351 1250 ubi

1763 1283 2021 1342 quantum
2048 1285 2221 1345 potest
2245 1279 2363 1333 vita:
2385 1281 2622 1336 caelestis
2650 1282 2986 1339 similitudini
3011 1293 3312 1355 coaptatur.
3331 1303 3350 1338 ι

1763 1365 1920 1420 Certe
1947 1368 2069 1423 vita:
2099 1371 2335 1425 caelestis
2374 1373 2631 1428 institutis
2659 1390 2780 1432 sese
2806 1386 3059 1446 coaptare
3104 1377 3356 1433 studebat

1763 1457 2068 1525 Cornelius,
2100 1480 2220 1520 cum
2249 1468 2445 1537 scripta
2472 1469 2751 1538 probrosa,
2780 1486 2899 1541 quae
2928 1471 3069 1541 plebi
3095 1471 3349 1528 seandalo

1764 1561 1816 1607 et
1844 1553 2127 1612 oll‘ensioni
2160 1557 2274 1613 fore
2299 1561 2648 1630 prmvidebat,
2677 1578 2745 1618 ne
2768 1564 2978 1633 publice
3017 1566 3347 1634 legerentur,

1765 1657 1831 1698 ea
1864 1644 1976 1714 ipse
2006 1649 2371 1718 suscipiendo,
2402 1654 2561 1706 cavit.
2596 1653 2709 1708 Hoc
2752 1663 2928 1710 tamen
2959 1655 3101 1710 illius
3147 1655 3347 1711 factum

1763 1735 2088 1806 improbavit
2118 1741 2440 1812 Cyprianus,
2487 1756 2542 1801 et
2571 1749 2919 1804 vehementer
2947 1748 3297 1819 reprehendit
3328 1765 3343 1802 :

102 1829 292 1887 natis.
316 1843 361 1881 ac
379 1825 544 1882 deinde
585 1827 778 1883 iterato
823 1844 852 1882 a
901 1828 1142 1899 pluribus
1185 1831 1235 1884 in
1267 1831 1498 1885 concilio
1538 1831 1659 1885 abs-t
1690 1829 1737 1888 B
1766 1845 1941 1901 neque
1972 1847 2090 1888 eam
2122 1836 2598 1905 reprehensionem
2632 1842 2813 1912 iniquo
2850 1842 3031 1897 animo
3073 1841 3192 1896 tulit
3216 1840 3351 1896 Cor-

100 1921 305 1984 νοεῖς,
326 1929 363 1973 et
390 1919 607 1991 Reposto
638 1920 1031 1989 Suturnicensi,
1063 1923 1154 1993 qui
1193 1924 1244 1977 in
1290 1926 1662 1993 persecutione

86 2026 206 2067 non
233 2011 533 2083 (statumipse
557 2013 950 2079 ceciderat,sed
978 2014 1330 2071 etmaximam
1353 2016 1522 2086 plebis
1549 2033 1660 2072 suae

84 2110 311 2173 partem
337 2098 563 2175 sacrilega
594 2105 942 2175 persuasione
971 2105 1245 2177 dejecerat
1275 2125 1288 2160 :
1326 2126 1343 2160 ι
1382 2107 1445 2164 Ili
1500 2109 1658 2179 quin-

78 2209 207 2263 quc,
250 2193 356 2248 iniit
380 2194 685 2267 Cyprianus,
717 2212 839 2251 cum
878 2198 1062 2267 paucis
1091 2198 1174 2253 vel
1214 2199 1546 2268 Sacriﬁcatis,
1575 2200 1659 2256 vel

74 2270 231 2343 male
261 2285 352 2340 sibi
377 2288 981 2356 consciis,Fortunatum
1009 2290 1108 2345 sibi
1143 2291 1658 2362 pscudoepiscopum

77 2387 412 2448 cooptarunt.
443 2398 462 2431 ι
494 2380 599 2435 Has
634 2381 911 2438 Fortunati
943 2383 1151 2439 litteras
1185 2385 1429 2455 accipere
1457 2385 1659 2443 Corne-

78 2473 181 2528 lius
238 2471 526 2542 aliquandiu
573 2476 866 2542 recusavit,
910 2492 1010 2533 ncc
1050 2476 1154 2532 nisi
1194 2486 1313 2548 post
1342 2488 1572 2534 terrores
1597 2494 1661 2535 ac

81 2564 265 2621 minas
285 2568 490 2638 accepit.
658 2568 661 2569 ⁷

815 2664 906 2722 XI.

149 2752 246 2808 I9.
275 2752 508 2825 Cypriani
553 2755 794 2828 Epistola
839 2758 905 2813 ad
942 2757 1253 2821 Cornelium
1294 2757 1362 2813 de
1406 2757 1661 2828 pracdicto

83 2842 364 2898 Fortunato
379 2846 567 2902 cedent
588 2857 962 2919 tempore,quo
976 2852 1245 2920 superior,
1262 2850 1483 2919 scripta,
1500 2859 1551 2905 et
1567 2864 1662 2919 per
1712 2860 1723 2865 ‘

84 2934 395 2993 Felicianum
424 2938 754 3012 acolythum,
772 2955 931 3013 quem
959 2941 1236 2997 Cornelius
1264 2954 1369 2997 una
1395 2955 1514 2996 cum
1532 2941 1662 2996 Per-

82 3043 166 3083 seo
186 3032 433 3103 episcopo
453 3033 506 3088 in
534 3034 765 3089 Africam
790 3035 1029 3102 miserat,
1052 3044 1133 3089 est
1154 3036 1354 3106 perlata
1380 3052 1392 3087 :
1417 3034 1509 3089 sed
1531 3033 1658 3089 dum

85 3122 371 3182 Felicianus
397 3139 561 3184 vento
587 3131 911 3195 retardatur,
944 3131 1031 3185 vel
1061 3130 1390 3201 accipiendis
1417 3131 1537 3185 aliis
1569 3132 1659 3186 lit-

83 3219 204 3272 teris
220 3218 501 3286 detinetur,
518 3221 858 3277 Felicissimo
877 3233 1199 3293 properante
1221 3232 1526 3292 prmveutus
1542 3230 1624 3277 est
1641 3239 1656 3287 ;

88 3310 146 3362 ita
196 3321 252 3365 ut
292 3312 542 3368 Cornelio
580 3316 746 3385 prius,
779 3332 937 3387 quam
982 3315 1210 3371 Romam
1241 3315 1334 3371 ille
1373 3315 1654 3372 adveniret

81 3400 342 3460 Fortunati
373 3405 565 3462 littera:
594 3406 971 3464 redderentur.

800 3519 913 3575 XII.

138 3632 232 3686 20.
259 3633 490 3690 Carnem
512 3635 706 3703 tittera:
740 3654 759 3687 ι
788 3634 1095 3691 dilectionis
1127 3634 1379 3690 fraternae
1402 3643 1452 3690 et
1484 3633 1659 3691 cccle-

76 3725 296 3782 siastiea:
321 3727 618 3797 disciplina:
659 3737 714 3782 et
746 3727 1093 3783 sacerdotalis
1119 3742 1364 3783 censura:
1391 3728 1522 3781 satis
1547 3727 1659 3796 ple-

78 3833 153 3873 na:
184 3837 208 3871 ι
238 3819 506 3891 Cypriano
532 3835 628 3891 per
653 3820 900 3891 Satyrum
934 3819 1240 3891 arolythum
1270 3819 1496 3883 traditur,
1536 3818 1655 3887 qni-

74 3908 169 3965 bus
219 3913 555 3983 signiﬁcabat
625 3913 1016 3968 Fclirissimum
1061 3912 1270 3968 hostem
1310 3912 1510 3967 Christi
1552 3926 1656 3966 non

74 4019 287 4073 novum,
333 4006 429 4062 sed
468 4007 580 4076 jam
622 4005 827 4078 pridem
869 4008 938 4061 ob
970 4006 1195 4061 crimina
1227 4020 1320 4060 sua
1354 4006 1577 4074 plurima
1604 4014 1659 4060 et

79 4099 389 4166 gravissima
437 4100 781 4166 abstentum,
833 4109 888 4154 et
934 4115 1039 4154 non
1086 4108 1289 4169 tantum
1341 4099 1509 4169 ipsius
1553 4097 1658 4170 Cy-

76 4191 262 4259 priani,
290 4193 381 4247 sed
414 4193 764 4262 plurimorum
793 4193 951 4247 etiam
982 4193 1358 4262 episcoporum
1391 4189 1656 4244 sententia

78 4286 499 4355 condemnatum,
553 4288 811 4357 rejectum
842 4303 872 4341 a
899 4301 959 4341 se
994 4301 1154 4347 esse;
1188 4294 1391 4341 etcum
1424 4284 1660 4338 venisset

80 4377 308 4445 stitutus
346 4390 554 4438 caterva
596 4391 656 4435 ‘et
705 4379 935 4435 factione
988 4379 1421 4449 desperatorum,
1476 4377 1661 4446 vigore

81 4469 268 4537 pleno,
297 4488 390 4544 quo
412 4477 691 4546 episcopos
719 4491 878 4546 agere
903 4475 1076 4541 decet,
1106 4475 1318 4546 pulsum
1337 4473 1404 4527 ab
1425 4472 1659 4527 Ecclesia

77 4577 219 4620 esse.
254 4566 352 4622 llas
372 4568 606 4626 Cornelii
639 4572 845 4625 litteras
875 4571 1103 4640 scriptas
1129 4584 1251 4625 esse
1275 4577 1520 4636 apertum
1552 4573 1657 4631 est,

75 4669 199 4712 cum
264 4660 625 4718 Felicissimus
688 4673 806 4734 post
862 4662 1140 4716 Fortunati
1213 4657 1659 4731 pseudoepiscopi

76 4749 460 4810 ordinationem
511 4770 616 4809 una
663 4770 785 4809 cum
834 4753 1074 4822 ejusdem
1126 4752 1317 4823 legatis
1364 4752 1416 4804 in
1470 4749 1658 4804 urbem

77 4842 327 4911 Venisset,
354 4861 418 4902 ac
447 4840 679 4902 necdum
711 4862 778 4902 eo
806 4846 1140 4916 pervenisset
1189 4843 1490 4898 Felicianus
1526 4841 1661 4895 Car-

78 4929 287 5007 thagine
314 4952 434 4993 cum
465 4939 709 5013 proxime
736 4938 893 4993 dictis
918 4935 1172 5009 Cypriani
1201 4935 1392 4990 litteris
1424 4934 1661 4990 rediens.

794 5048 933 5107 XIII.

143 5167 231 5223 2|.
262 5170 396 5227 Alia;
422 5170 655 5227 Cornelii
686 5170 752 5225 ad
779 5167 1107 5242 Cyprianum
1139 5169 1330 5224 littera:
1360 5166 1661 5225 timidiores

86 5263 439 5328 superioribus
481 5263 769 5333 adiuncta‘,
820 5264 1088 5332 simulque
1117 5263 1318 5323 missa},
1357 5260 1548 5329 quibus
1576 5260 1660 5313 in-

88 5346 285 5408 dicabat
302 5371 362 5409 se
387 5355 549 5410 minis
566 5370 629 5410 ac
648 5354 943 5410 terroribus
965 5368 1178 5416 eorum,
1202 5353 1291 5423 qui
1316 5368 1345 5404 a
1368 5349 1677 5425 Fortunato,

94 5457 350 5512 venerant,
402 5450 735 5519 aliquantum
783 5462 905 5502 esse
951 5453 1282 5502 commotum
1331 5462 1344 5499 :
1398 5463 1417 5495 ‹
1452 5455 1661 5498 cumse

91 5545 303 5613 δεειωί
325 5553 515 5609 essent
542 5558 665 5595 cum
688 5556 895 5596 summa
926 5539 1308 5608 desperatione
1333 5536 1666 5590 comminan-

90 5633 176 5697 les,
206 5635 349 5706 quod
381 5635 427 5688 si
472 5634 678 5688 litteras
705 5647 837 5702 quas
866 5632 1154 5686 attulerant
1183 5643 1289 5684 non
1322 5626 1660 5695 accepisset,

77 5730 283 5785 Publice
322 5742 416 5782 eas
461 5727 773 5790 recitarem,
814 5737 864 5781 et
908 5726 1074 5780 multa
1109 5724 1282 5793 turpia
1311 5737 1375 5777 ac
1402 5720 1664 5793 probrosa

72 5821 129 5876 0t
162 5837 258 5889 ore
298 5834 405 5883 suo
431 5819 590 5891 digna
619 5820 941 5892 proferrent.
979 5835 1000 5871 ι
1032 5816 1166 5878 Tum
1198 5815 1355 5889 igitur
1386 5812 1668 5879 Cornelius

1766 1923 1963 1990 nelias,
1997 1935 2087 1979 aut
2119 1939 2339 1996 prepter
2367 1947 2484 1985 eam
2515 1933 2805 1988 christiana
2838 1934 3093 2001 amicitia,
3124 1947 3246 2004 quae
3275 1933 3356 1987 in-

1768 2025 1849 2071 ter
1877 2028 2094 2074 sanctos
2147 2020 2270 2075 illos
2319 2024 2580 2092 praesules
2627 2025 3012 2092 intercedebat,
3062 2024 3353 2098 quidquam

1763 2109 2072 2167 detrimenti
2104 2129 2260 2184 passa
2289 2127 2391 2173 cst.

1839 2203 1929 2258 22.
1952 2204 2145 2260 Iisdem
2168 2208 2360 2263 litteris
2387 2210 2668 2266 Cornelius
2694 2210 3070 2280 expostulabat
3096 2225 3216 2265 cum
3243 2208 3354 2281 Cy-

1766 2298 1979 2367 priane,
2038 2300 2180 2370 quod
2222 2300 2289 2356 de
2334 2318 2470 2357 nova
2525 2303 2803 2359 Fortunati
2855 2302 3198 2358 ordinatione
3245 2314 3354 2356 non

1771 2391 1952 2445 statim
1999 2391 2065 2444 ad
2117 2406 2175 2447 se
2218 2395 2546 2462 scripsisset.
2592 2394 2890 2465 Simulque,
2938 2403 2997 2449 ut
3027 2394 3354 2449 Fortunatus

1766 2483 1860 2538 ille
1913 2483 2137 2538 Romam
2190 2485 2261 2539 ibi
2317 2486 2643 2556 judicandus
2688 2489 2925 2551 veniret,
2985 2487 3350 2557 prtecipiebat.

1765 2573 1918 2640 Quod
1948 2591 2156 2630 rursum
2190 2591 2293 2631 non
2325 2577 2557 2647 probans
2584 2576 2900 2649 Cyprianus,
2949 2594 2979 2633 a
3007 2593 3066 2633 se
3091 2587 3252 2649 atque
3281 2577 3350 2633 ab

1765 2666 2015 2720 omnibus
2061 2666 2283 2737 collegis
2336 2669 2446 2722 suis
2499 2677 2755 2724 statutum
2807 2684 2929 2725 esse
2986 2670 3252 2737 rescribit,
3295 2677 3357 2725 ut

1766 2759 2188 2830 uniuscujusque
2236 2774 2397 2815 causa
2444 2760 2554 2815 illic
2596 2760 2860 2825 audiatur,
2895 2760 2984 2816 ubi
3016 2770 3099 2817 est
3146 2762 3352 2818 crimen

1765 2850 2081 2906 admissum.
2111 2853 2241 2921 Quae
2262 2865 2440 2910 autem
2461 2854 2772 2910 Coruelimu
2800 2856 3009 2911 iuter’et
3024 2854 3351 2928 Cyprianum

1766 2955 1831 2996 ex
1862 2943 2151 2998 occasione
2173 2944 2453 2998 Fortunati
2478 2955 2531 3000 et
2552 2946 2849 3016 legatorum
2877 2946 2993 3016 ejus
3018 2954 3140 3000 nata
3167 2954 3251 3000 est
3289 2945 3357 3001 de

1764 3036 2071 3107 cognitione
2111 3052 2390 3092 causarum
2422 3040 2814 3103 controversia,
2863 3039 3062 3094 Zozimi
3107 3053 3258 3110 papa:
3301 3048 3360 3095 et

1766 3129 1973 3184 Aurelii
2014 3118 2454 3200 Carthaginiensis
2481 3131 2718 3201 episcopi
2752 3132 3086 3201 temporibus
3105 3147 3170 3186 ex
3193 3145 3355 3186 causa

1766 3219 1967 3289 Apiarii
2000 3220 2289 3275 recruduit.
2335 3220 2441 3277 Sed
2483 3230 2536 3276 et
2581 3231 2706 3276 tunc
2735 3220 2968 3276 Africani
3004 3221 3261 3293 praesules
3287 3220 3354 3276 ad

1763 3312 2114 3370 Caelestinum
2146 3332 2334 3385 papam
2364 3318 2726 3393 rescribentes
2752 3332 2874 3372 mox
2914 3316 3111 3373 laudati
3138 3315 3355 3373 concilii

1764 3406 1982 3463 decreto
1995 3417 2279 3463 steterunt.

2491 3481 2632 3537 XIV.

1834 3571 1927 3627 25.
1961 3571 2254 3641 Epistolam
2302 3573 2459 3629 aliam
2501 3574 2815 3644 perhrevem
2861 3573 3096 3631 Cornelii
3142 3574 3357 3630 nomine

1762 3664 1829 3720 ad
1879 3664 2221 3735 Lupicinum,
2246 3665 2605 3721 Viennensem
2653 3670 2985 3737 episcopum,
3016 3668 3354 3736 inscriptam,

1764 3773 1883 3829 qua:
1901 3774 1961 3812 ex
1985 3756 2315 3814 Floriacensi
2336 3758 2656 3814 bibliotheca
2676 3745 2890 3829 prodiit,
2923 3761 2973 3815 in
2999 3760 3354 3831 appendicem

1766 3853 2074 3919 rejecimus.
2104 3853 2250 3907 Alias
2273 3855 2638 3915 autem-duas,
2672 3868 2805 3922 quas
2832 3852 3089 3907 conﬂuxit
3116 3852 3358 3907 Isidorus

1762 3943 2048 4011 Mercator,
2080 3959 2110 3999 a
2141 3934 2505 4017 reliquis-ejus
2535 3945 2805 4001 mercibus
2832 3959 2936 3999 non
2974 3957 3313 4013 separamus.

1832 4150 1924 4205 24.
1952 4149 2007 4204 In
2036 4151 2360 4206 editionibus
2389 4150 2759 4214 conciliorum,
2792 4149 3007 4203 uniettm
3037 4147 3140 4203 hoc
3163 4161 3195 4203 e
3220 4144 3356 4202 Gra-

1764 4241 1890 4294 tiani
1926 4242 2308 4309 compilatione
2337 4254 2473 4305 χχιι,
2502 4251 2694 4309 quaest.
2728 4241 2780 4303 5,
2811 4255 2860 4294 c.
2897 4238 2986 4303 16,
3018 4239 3350 4309 descriptum

1764 4343 1847 4388 est
1876 4333 2151 4389 decretum
2184 4351 2197 4385 :
2236 4351 2254 4382 ι
2292 4332 2586 4386 llmtestum
2618 4333 2779 4389 etiam
2813 4332 3046 4397 videtur,
3090 4343 3147 4386 ut
3184 4333 3275 4402 qui
3304 4332 3356 4388 in

1763 4424 1965 4478 sanctis
1997 4422 2153 4478 audet
2184 4423 2391 4490 jurare,
2441 4422 2544 4477 hoc
2587 4423 2805 4493 jejunus
2838 4421 2997 4477 faciat
3040 4436 3161 4477 cum
3208 4424 3359 4479 omni

1766 4516 2049 4571 benestate
2072 4526 2123 4570 et
2157 4517 2350 4570 timore
2375 4516 2466 4571 Dei
2492 4534 2507 4578 ;
2540 4527 2593 4571 et
2622 4527 2677 4572 ut
2707 4516 2861 4587 pueri
2892 4524 3015 4570 ante
3044 4530 3213 4571 annos
3241 4533 3354 4581 xlv,

1686 4610 1738 4670 D
1765 4623 1873 4662 non
1895 4615 2154 4677 cogantur
2174 4606 2381 4675 jurare.
2414 4625 2433 4658 ι
2464 4606 2610 4662 Idem
2637 4606 2911 4663 decretum
2937 4606 3206 4673 ablvone,
3234 4621 3353 4678 par.

1764 4717 1860 4767 xu,
1888 4716 1938 4754 c.
1972 4700 2076 4764 69;
2104 4709 2161 4756 et
2185 4699 2499 4769 Burchardo
2530 4701 2622 4756 lib.
2658 4718 2752 4768 xu,
2787 4718 2833 4757 c.
2866 4700 2955 4765 I2,
2987 4700 3242 4757 Cornelio
3264 4700 3358 4756 tri—

1763 4792 1943 4848 buitur
1967 4809 1981 4847 :
2009 4791 2105 4847 sed
2124 4792 2191 4846 ab
2215 4792 2406 4857 eodem
2436 4792 2598 4850 Ivonc
2618 4835 2631 4859 ,
2664 4809 2718 4865 p.
2752 4810 2846 4857 xu,
2877 4809 2926 4848 c.
2974 4795 3081 4859 55;
3112 4802 3165 4848 et
3193 4807 3223 4847 a
3252 4792 3358 4847 Re.

1762 4886 1957 4957 ginoae
1984 4885 2074 4941 lib.
2104 4901 2161 4952 ιι,
2190 4901 2310 4957 cap.
2343 4886 2469 4953 512,
2492 4887 2639 4941 velut
2665 4902 2729 4941 ex
2764 4885 2899 4939 libro
2929 4901 2944 4939 ι
2971 4884 3359 4955 Capitularium

1764 4978 2028 5033 laudatur.
2064 4978 2131 5033 Et
2161 4995 2219 5033 re
2245 4978 2459 5049 quidem
2492 4979 2604 5047 ipsa
2637 4993 2699 5032 ex
2731 4975 3027 5047 Capitulari
3060 4976 3353 5046 Aquisgra-

1765 5071 2090 5140 ncnsi,ann.
2133 5070 2260 5135 789,
2308 5085 2429 5139 cap.
2478 5069 2569 5136 63,
2625 5076 2938 5137 excerptum
2987 5074 3087 5121 est.
3124 5066 3356 5121 Rursum

1767 5175 2035 5235 postrema
2071 5164 2187 5235 ejus
2225 5177 2351 5233 pars
2380 5162 2447 5218 de
2484 5163 2668 5232 pueris
2711 5161 2777 5215 ad
2803 5160 3090 5229 jurandum
3124 5175 3231 5214 non
3258 5173 3357 5214 co~

1765 5257 1972 5324 geudis,
2023 5256 2200 5325 juncta
2251 5268 2372 5308 cum
2404 5254 2569 5306 altera
2609 5252 2676 5306 de
2720 5250 2912 5322 puellis
2955 5249 3280 5319 jurautibus,
3323 5264 3351 5302 a

1766 5347 2024 5404 Gratiano
2065 5345 2193 5403 ibid.
2234 5360 2284 5399 c.
2339 5345 2426 5409 I5,
2459 5352 2515 5397 ut
2545 5361 2610 5398 ex
2642 5343 2875 5399 concilio
2907 5341 3239 5396 Eliberitano
3271 5354 3357 5395 re-

1764 5426 2109 5495 ferturr.Item
2133 5452 2196 5491 ex
2220 5435 2409 5491 eodem
2442 5435 2696 5496 concilio,
2726 5434 2839 5495 Ivo,
2872 5449 2924 5503 p.
2952 5448 3045 5497 xu,
3070 5446 3120 5486 c.
3155 5430 3245 5495 8|,
3275 5430 3327 5484 al

1771 5542 1940 5588 teram
1991 5533 2132 5587 illam
2174 5538 2378 5599 partem
2420 5528 2489 5582 de
2543 5526 2734 5597 puellis
2773 5524 3081 5596 jurautibus
3129 5522 3359 5593 profert,

1769 5642 1928 5696 quam
1975 5625 2190 5696 quidem
2236 5621 2603 5688 Burchartlus,
2648 5622 2738 5675 lih.
2791 5636 2882 5689 xu,
2914 5634 2963 5674 c.
3009 5618 3101 5685 26,
3155 5634 3261 5673 non
3293 5633 3356 5673 ex

1770 5718 1998 5773 concilio
2029 5714 2376 5778 Eliberitauo,
2411 5714 2463 5768 in
2494 5728 2604 5784 quo
2633 5728 2691 5768 re
2718 5726 2846 5767 vera
2878 5728 2983 5766 non
3014 5718 3217 5778 exstat,
3264 5709 3375 5768 sed

1773 5826 1835 5867 ex
1852 5808 2082 5866 concilio
2112 5806 2452 5875 llibernensi,
2485 5822 2535 5861 c.
2569 5808 2625 5875 ’5,
2657 5805 2863 5862 laudat.
