3730 6270
205 317 277 375 795
821 306 830 316 ’
1070 307 1405 373 EPISTOLA
1444 312 1557 373 VII.
1595 315 1689 377 AD
1727 317 2127 382 CORNELIUM
2165 318 2418 381 PAPAM.

3298 328 3404 385 726

193 429 362 485 statione
399 422 464 480 ad
502 436 594 479 vos
629 421 804 477 statim
831 422 1010 479 dimisi
1034 441 1050 494 ;
1077 432 1136 481 ut
1165 426 1308 481 nulla
1339 429 1698 498 procrastina-
1722 432 1776 497 Α
1800 433 1968 492 frater
1992 434 2329 503 charissime,
2349 434 2603 492 festinato
2622 435 2689 491 ad
2711 449 2811 492 nos
2835 436 3096 494 mittendo
3135 437 3404 511 Nicepho-

189 520 290 575 tione
322 514 497 581 habita,
552 512 699 568 velut
747 530 985 584 prmsens
1036 514 1089 570 in
1137 516 1238 571 isto
1266 518 1412 574 clero
1435 528 1488 575 et
1513 516 1564 574 in
1596 518 1698 580 isto

184 609 316 685 populi
353 618 500 673 contu,
547 607 655 663 Deo
702 607 1059 678 omnipotenti
1107 618 1161 665 et
1203 607 1418 666 Christo
1471 611 1698 671 Domino

182 713 319 763 nostra
347 700 527 774 gratias
573 713 783 770 ageres.
813 694 1098 756 Credimus
1141 711 1325 758 autem
1376 703 1512 771 fore,
1569 707 1697 779 quin

185 796 305 853 immo
321 793 410 866 jam
436 807 529 862 pro
545 801 694 847 certo
715 782 1056 862 confidimus,
1084 803 1311 850 caeteros
1350 813 1580 869 quoque,
1609 800 1698 872 qui

185 890 229 946 in
244 887 321 942 hoc
340 899 493 940 errore
517 892 639 938 sunt
666 882 966 950 constituti,
1000 886 1052 940 in
1095 884 1391 944 Ecclesiam
1417 888 1564 945 brevi
1614 908 1700 949 re-

184 994 398 1043 versuros,
420 992 521 1031 cum
550 976 801 1032 auctores
824 993 949 1033 suos
970 972 1199 1035 viderint
1216 979 1491 1038 nobiseum
1515 999 1695 1055 agere.

185 1068 271 1129 Bas
294 1069 454 1125 litteras
482 1074 608 1138 puto
636 1079 688 1123 te
708 1068 927 1135 debere,
962 1068 1145 1141 frater,
1179 1082 1233 1128 et
1276 1074 1342 1128 ad
1361 1082 1586 1131 caeteras
1611 1092 1699 1133 ee-

184 1163 329 1220 clesias
344 1161 559 1215 mittere:
594 1169 652 1215 ut
674 1175 863 1216 omnes
891 1164 1066 1216 sciant
1088 1164 1415 1222 schismatici
1457 1164 1615 1238 hujus
1645 1174 1699 1224 et

180 1251 550 1311 bareticidolum
595 1258 649 1307 et
668 1252 1163 1324 praevaricationem
1219 1257 1286 1313 de
1325 1257 1412 1313 die
1454 1260 1506 1319 in
1554 1258 1695 1316 diem

181 1349 383 1407 svaeuari.
410 1344 543 1402 Bene
566 1345 709 1413 vale,
738 1345 901 1402 frater
926 1344 1243 1407 charissime
1269 1354 1318 1407 α.

655 1504 989 1562 EPISTOLA
1029 1505 1137 1563 VII.

178 1645 210 1686 S.
237 1638 445 1692 CYPRUM,
475 1634 927 1680 CART‘HAGINENSIS
964 1638 1199 1681 EPISCOPI
1219 1666 1234 1691 ,
1266 1642 1335 1683 AD
1392 1638 1695 1685 CORNELII]!

798 1733 967 1775 ΡΛΡΑὶΙ
976 1756 989 1771 .

1803 545 1921 584 rum
1943 528 2272 603 acolythum,
2302 531 2390 600 qui
2419 526 2570 585 nobis
2600 539 2654 585 et
2676 529 2744 585 de
2764 528 3163 588 confessoribus
3188 547 3401 609 regres-
3448 604 3457 611 κ

1805 621 1880 675 sis
1901 616 2189 692 gloriosam
2236 620 2473 675 laetitiam
2504 621 2789 688 nuntiaret,
2835 629 2890 677 et
2931 621 3189 679 adversus
3228 621 3400 679 Nova-

1803 711 1932 767 tiani
1959 723 2009 767 et
2045 724 2066 752 ο
2094 708 2285 767 Novati
2308 727 2473 768 novas
2507 718 2563 769 et
2602 712 2931 784 perniciosas
2988 713 3055 768 ad
3088 715 3403 786 impugnan-

1803 805 1925 860 dam
1942 805 2139 861 Christi
2156 800 2448 863 Ecclesium
2466 806 2739 862 machinas
2761 806 3068 879 plenissime
3088 807 3399 867 instrueret.

1802 894 1934 953 Nam
1961 913 2079 953 cum
2109 900 2280 969 pridie
2312 899 2431 956 istic
2458 899 2691 955 venisset
2715 899 2979 956 haeretica:
2997 902 3280 973 pravitatis
3304 917 3402 958 no-

1800 1004 1930 1045 cens
1983 991 2163 1060 factio,
2191 993 2305 1060 ipsa
2347 991 2457 1063 jam
2493 992 2721 1062 perdita,
2752 996 2807 1047 et
2836 992 2992 1060 alios,
3016 992 3106 1065 qui
3135 992 3235 1048 sibi
3270 1007 3400 1055 con-

1804 1083 2071 1168 senserint
2125 1083 2415 1153 perditura,
2472 1092 2690 1155 postero
2744 1074 2830 1139 die
2884 1083 3221 1158 Nicephorus
3275 1100 3397 1141 cum

1803 1176 1998 1231 vestris
2052 1175 2245 1231 litteris
2292 1178 2619 1246 supervenit.
2701 1174 2904 1245 Quibus
2961 1185 3017 1232 et
3092 1175 3399 1251 didicimus,

1802 1276 1857 1321 et
1879 1262 2074 1323 docere
2127 1276 2285 1337 atque
2335 1268 2601 1324 instruere
2652 1276 2879 1324 caeteros
2906 1269 3201 1340 coepimus,
3261 1268 3402 1326 Επι-

1800 1358 1991 1413 ristum
2047 1359 2116 1414 de
2169 1359 2422 1430 episcopo
2466 1360 2577 1430 jam
2633 1374 2734 1416 nec
2791 1358 2985 1416 laicum
3037 1361 3396 1429 remansisse,

1801 1449 2073 1506 cathedrae
2111 1458 2166 1506 et
2208 1451 2378 1523 plebis
2417 1462 2705 1519 extorrem,
2739 1458 2793 1507 et
2833 1448 2901 1508 de
2931 1452 3171 1509 Ecclesia
3197 1450 3398 1510 Christi

1801 1541 2059 1610 exsulem,
2113 1559 2207 1614 per
2258 1542 2389 1599 alias
2448 1542 2605 1616 longe
2653 1543 2954 1616 provincias
3005 1545 3282 1614 oberrare,
3343 1550 3398 1602 et

1801 1635 1973 1705 ipsum
2042 1635 2279 1708 veritatis
2326 1653 2389 1692 ac
2438 1636 2560 1692 fidei
2617 1636 2930 1708 naufragum
2978 1637 3197 1706 factum,
3254 1639 3397 1697 circa

1801 1728 2059 1800 quosdam
2092 1730 2172 1785 sui
2205 1729 2406 1786 similes
2434 1731 2580 1801 paria
2608 1731 2882 1802 naufragia
2903 1732 3175 1787 concitare
3202 1728 3230 1769 τι
3259 1747 3273 1786 :
3305 1724 3400 1787 Ni-

191 1832 396 1898 (Ensmt,
422 1828 466 1892 8,
507 1827 702 1879 Pamel.
750 1827 930 1893 Rigalt.
948 1828 1119 1882 Baluz.
1145 1844 1301 1892 mx.,
1327 1830 1489 1883 Paris.
1528 1846 1695 1893 xmn,
1726 1840 1775 1902 Β
1802 1828 2096 1877 costratum
2117 1837 2246 1878 vero
2277 1833 2321 1890 ο,
2356 1821 2604 1877 diaconio
2636 1820 2656 1859 τ
2692 1826 2893 1878 sanctae
2917 1814 3396 1879 administrationis

239 1915 431 1974 Constant,
469 1928 503 1975 ι,
547 1908 642 1961 col.
686 1907 804 1971 159,
853 1909 1096 1973 Galland.,
1143 1906 1272 1963 Bibl.
1320 1918 1443 1964 vett.
1471 1908 1569 1964 PP.
1613 1929 1697 1979 ut,

228 1998 403 2062 pag.538.
428 1999 444 2059 )

177 2098 925 2173 [musarum—DiligentFam
963 2101 1072 2168 ejus
1111 2102 1307 2171 laudat,
1334 2120 1437 2174 qua
1472 2105 1536 2158 de
1576 2122 1695 2175 per-

218 2190 382 2248 niciosis
414 2191 692 2248 Novatiani
733 2192 1005 2260 machinis,
1049 2210 1109 2248 ac
1147 2211 1392 2249 novorum
1436 2188 1579 2252 illius
1621 2197 1697 2252 le-

213 2297 404 2358 gatorum
424 2276 642 2340 moribus
672 2295 959 2356 Opportune
982 2287 1151 2357 ipsum
1178 2287 1467 2343 admonuit.
1495 2287 1692 2344 Novati

210 2380 365 2434 scelera
409 2379 636 2449 pluribus
680 2381 1014 2451 persequitur,
1071 2398 1130 2434 ac
1180 2397 1327 2435 suam
1365 2399 1574 2454 operam
1639 2380 1694 2439 in

207 2473 458 2527 revocandis
483 2473 566 2539 iis,
599 2489 723 2543 quos
747 2471 836 2527 ille
852 2472 1144 2539 seduxerat,
1170 2474 1509 2529 commendat.

357 2621 636 2665 CYPRIANUS
663 2590 922 2664 conuenta
944 2624 1137 2667 ruunt
1161 2624 1422 2666 sanorum.

192 2741 312 2799 LEt
357 2756 476 2798 cum
531 2741 809 2817 diligentia
861 2751 916 2800 et
953 2759 1076 2802 cum
1111 2742 1451 2802 dilectioneb
1492 2742 1693 2814 fecisti,

1806 1913 2004 1968 amisso
2033 1923 2081 1979 ε,
2111 1913 2490 1970 ecclesiasticis
2519 1912 2762 1985 pecuniis
2782 1913 3041 1987 sacrilega
3068 1914 3251 1971 fraude
3275 1914 3402 1972 sub-

1805 2002 2007 2074 tractis,
2037 2013 2092 2062 et
2108 2004 2387 2061 viduarum
2410 2021 2474 2061 ac
2500 2005 2825 2077 pupillorum
2855 1998 3114 2075 depositis
3164 2006 3399 2076 denega-

1804 2097 1890 2165 tis,
1913 2112 2023 2153 non
2048 2106 2152 2152 tam
2176 2098 2226 2154 in
2262 2096 2495 2153 Africam
2546 2097 2733 2152 venire
2760 2097 3013 2159 voluisse,
3051 2111 3211 2168 quam
3264 2111 3397 2153 con-

1803 2188 2028 2244 scientia
2059 2189 2365 2259 rapinarum
2396 2186 2424 2225 h
2455 2197 2509 2244 et
2556 2186 2841 2244 criminum
2871 2186 3225 2244 nefandorum
3249 2182 3399 2245 illinc

1800 2281 1869 2339 ab
1896 2282 2026 2338 urbe
2056 2282 2269 2354 fugisse.
2299 2276 2365 2337 Et
2387 2294 2529 2338 nunc
2552 2281 2806 2338 Ecclesiae
2834 2279 3077 2337 desertor
3114 2295 3178 2336 ac
3216 2278 3400 2352 profu-

1800 2389 1917 2444 gus,
1949 2376 2100 2445 quasi
2140 2384 2375 2430 mutasse
2423 2375 2492 2428 sit
2546 2372 2817 2429 hominem
2847 2383 3055 2429 mutare
3097 2374 3394 2444 regionem,

1802 2466 2165 2523 confessorem
2229 2482 2288 2522 se
2349 2464 2365 2503 ί
2409 2466 2551 2521 ultra
2599 2467 2767 2537 jactat
2811 2472 2866 2521 et
2919 2465 3208 2537 praedicat;
3276 2470 3399 2524 cum

1801 2556 2000 2615 Christi
2030 2558 2306 2615 confessor
2337 2575 2435 2616 nec
2459 2560 2692 2616 dicinec
2746 2574 2866 2615 esse
2908 2560 3018 2630 jam
3066 2563 3256 2632 possit,
3312 2564 3405 2634 qui

1804 2653 2311 2709 EeclesiamChristi
2354 2655 2593 2725 negavit.
2625 2653 2759 2710 Nam
2792 2662 2914 2710 cum
2955 2656 3151 2711 Paulus
3178 2665 3398 2737 aposto-

1802 2748 1885 2803 lus
1913 2746 2096 2816 dicat:
2143 2746 2362 2823 Propter
2391 2746 2484 2802 hoc
2504 2746 2750 2818 relinquet
2788 2749 2940 2804 homo
2974 2759 3168 2823 patrem
3196 2758 3244 2809 et
3290 2766 3401 2806 nta-

1344 2856 1726 2919 LECTIONES
1762 2862 2176 2922 VARIANTES.

177 2955 203 3026 ξ
228 2953 360 3026 liene
384 2952 770 3026 valeresemper
790 2948 820 3000 f.
850 2964 893 3002 c.
919 2950 1087 3003 Codex
1113 2948 1243 3002 Coto.
1271 2951 1395 3004 Htee
1406 2958 1566 3005 autem
1587 2967 1698 3021 pre-

124 3016 226 3069 catio
245 3016 293 3067 in
316 3016 451 3068 Corb.
475 3016 725 3066 amittitur.

173 3076 199 3151 ξ’
229 3079 285 3151 ξι
301 3075 851 3151 dﬂectiopeLBo’d._5.A
903 3138 925 3151 τ
1069 3136 1118 3151 ν

172 3144 192 3173 e
224 3139 304 3192 sic
334 3146 468 3192 Voss.
492 3138 541 3187 2.
569 3134 795 3209 N_._C.1,
1062 3136 1169 3188 Ιιίη.
1199 3134 1339 3190 Ebor.
1362 3138 1472 3190 Vel.
1498 3143 1689 3193 Eram.

123 3204 284 3255 um.
310 3216 455 3253 novas
473 3202 795 3265 perniciosas,
824 3202 934 3265 Κίρ.

172 3266 198 3304 «ι
226 3262 683 3330 Cogitat-gladi.

1869 2962 1894 3020 ξ’
1929 2958 2256 3020 Nicostratum
2279 2972 2497 3020 quoque,
2521 2958 2689 3020 Lamb.

1863 3016 1889 3087 ζ
1920 3018 2008 3087 sit;
2037 3022 2175 3087 Voss.
2200 3016 2439 3087 2.7M.
2466 3016 2613 3087 Ebor.
2641 3021 2748 3074 NG.
2776 3021 2824 3083 1,
2856 3021 2905 3073 2.
2928 3021 3144 3074 Diacono
3166 3020 3276 3087 Rig.

1864 3084 1891 3146 β
1925 3082 2220 3146 ᾼόηιίδδυω,
2251 3082 2375 3134 Bod.
2408 3086 2449 3146 1,
2470 3085 2517 3133 5.

1860 3142 1892 3183 ιι
1924 3142 2303 3208 conscientiam,
2331 3142 2457 3198 Bodl
2474 3149 2522 3195 5.

1867 3207 1885 3246 ί
1930 3207 2067 3259 Ultro
2085 3210 2252 3273 Camp.

1423 3348 1785 3411 VARIOBUM
1820 3353 2055 3414 NOTAE.

118 3439 205 3517 bus
222 3451 333 3517 post
363 3443 616 3517 mysteria
646 3450 969 3517 peracta,_ut
1001 3448 1150 3517 notat
1169 3441 1237 3517 cl.
1271 3440 1679 3517 Marsliall,An-

118 3508 561 3584 glicusinterpres,
587 3508 828 3568 eamdem
862 3508 1031 3585 Epist.
1063 3512 1313 3638 Cylpriaui
1338 3510 1405 3570 44
1432 3515 1676 3587 laudans,

121 3598 194 3638 res
226 3586 350 3638 alias
371 3586 666 3638 transigere
686 3595 1098 3638 consueverunt.
1180 3600 1344 3638 ουτιι.
1709 3558 1754 3622 C

121 3598 209 3655 res,
226 3586 350 3639 alias
371 3586 666 3655 transigere
686 3595 1098 3639 consueverunt.
1133 3586 1344 3641 Rourtt.

177 3651 330 3710 Creta.
372 3651 562 3710 Codei
584 3655 924 3710 Corbeicnsis
951 3664 1215 3710 conventu.
1254 3655 1311 3710 In
1353 3672 1460 3710 uno
1498 3658 1681 3716 codice

123 3723 351 3800 Vaticano
378 3727 597 3797 legitur:
621 3744 641 3777 ί
666 3722 722 3800 l_n
749 3726 1046 3800 istopopuii
1070 3736 1223 3800 cuitu
1242 3727 1519 3783 nobiscum
1542 3732 1683 3800 pari-

122 3803 191 3872 ter
218 3796 320 3852 Deo
348 3796 697 3872 omnipotenti
734 3804 798 3872 et_
805 3796 1027 3872 Christo
1068 3797 1305 3872 pumilio
1338 3810 1524 3872 nostro
1542 3796 1681 3872 ἐι-α-

124 3866 210 3941 tias
231 3882 400 3938 agere.
421 3865 1018 3941 Batonius—ﬂoccst,
1052 3868 1119 3923 de
1149 3869 1403 3941 praedicto
1429 3865 1685 3941 cleri'po-

122 3937 314 4011 polique
358 3951 513 3995 coetu.
552 3939 624 3992 Ita
654 3948 705 3993 et
743 3937 1040 4011 Cyprianus
1066 3955 1223 4011 supra
1270 3938 1437 4011 Epist.
1470 3944 1490 3996 1
1534 3937 1676 4008 ora,

122 4006 357 4083 invidiosa
403 4012 692 4083 legatorum
734 4006 1029 4083 Novatiani
1079 4006 1334 4065 adversus
1369 4006 1681 4083 Oorneliani

122 4080 331 4153 convicia
361 4079 566 4153 notans,
599 4081 713 4153 btet:
734 4079 906 4150 Epist.
939 4080 987 4145 1,
1017 4082 1069 4134 in
1090 4083 1320 4146 statione,
1351 4092 1404 4135 et
1429 4082 1597 4153 Epist.
1621 4085 1676 4152 ἓ,

125 4162 171 4201 fl.
194 4150 245 4223 2,
284 4172 301 4202 ι
329 4155 378 4208 in
405 4151 655 4223 religioso
681 4151 901 4206 fratrum
932 4162 1218 4216 conventu,
1244 4173 1262 4203 ι
1298 4154 1348 4205 in
1377 4150 1488 4221 quo
1511 4166 1564 4208 et
1591 4150 1680 4208 sa-

126 4221 344 4277 cerdotes
390 4221 735 4277 considebant
768 4230 820 4274 et
851 4222 1017 4276 altare
1059 4225 1287 4292 positum
1338 4232 1472 4287 erat,
1504 4224 1679 4292 oblata

130 4301 235 4344 esse
260 4295 444 4348 scribit.
490 4292 639 4350 Unde
666 4292 1005 4363 perspicuum
1036 4290 1119 4348 est
1148 4292 1429 4365 stationem
1460 4290 1683 4365 perinde

136 4371 243 4435 esse
284 4375 418 4433 atque
472 4364 776 4435 religiosum
828 4376 1147 4417 Conventum
1217 4366 1269 4417 in
1325 4363 1586 4431 ccclesiis,
1627 4366 1680 4421 itt

141 4431 309 4552 quipus
324 4431 482 4492 ﬁdeles
508 4431 595 4490 ad'
620 4450 771 4489 sacra
805 4436 1055 4505 mysteria
1104 4435 1425 4490 celebranda
1476 4452 1679 4493 conve-

142 4512 219 4552 nte
238 4515 347 4552 iam-

142 4512 347 4558 DiEllﬂlll.

197 4569 309 4647 Cum
331 4588 561 4632 auctores.
603 4576 654 4629 id
688 4587 789 4635 est.
826 4591 1050 4647 quorum
1082 4577 1420 4647 potissimum
1452 4578 1685 4634 anetori-

131 4645 282 4697 tatein
302 4648 515 4703 schisma
543 4648 753 4702 abducti
784 4645 1159 4712 fttcrant,etvin
1194 4663 1258 4703 eo
1286 4649 1679 4704 detinebantur.

190 4712 352 4789 Ertsr.
386 4720 561 4775 Vll.——-
595 4718 632 4772 I.
672 4718 735 4789 Et
769 4735 882 4773 cum
914 4717 1199 4789 diligentia.
1232 4718 1420 4774 Statim
1449 4720 1516 4774 ab
1544 4722 1688 4788 cpis-

129 4783 234 4861 tohc
260 4786 403 4861 hujus
443 4790 661 4845 exordio
689 4788 987 4861 Cyprianus
1011 4783 1160 4861 ~duas
1207 4793 1510 4859 superiores
1549 4783 1686 4845 Cor-

130 4806 232 4837 ιυιὶυ
260 4806 403 4855 lilljilS
443 4806 661 4845 ΡΧΟΓΠΙΟ
689 4806 764 4861 by
809 4806 987 4843 manus
1031 4806 1160 4844 uuas
1207 4806 1510 4859 superiores
1549 4806 1686 4845 μοι’-

129 4853 490 4927 neliiepistolas
535 4863 691 4916 simul
735 4806 803 4915 ai;
847 4860 1035 4915 eodem
1091 4860 1390 4931 Nicepltoro
1438 4861 1687 4931 acolytho

127 4920 370 4995 accepisse
393 4949 446 4986 se
489 4934 663 4989 docet.
720 4933 783 4986 Et
830 4932 928 4985 hac
979 4931 1193 5000 quidem
1224 4920 1453 5000 'pritnm,
1485 4920 1678 4988 subsc-

125 5010 297 5071 quente
324 5014 489 5058 autem
509 5002 756 5058 secunda:
786 5003 1092 5071 l'CSpOlldel.

185 5064 444 5127 Novatiani
462 5086 508 5128 et
531 5073 739 5128 Novati.
773 5064 1034 5127 Novatum
1067 5073 1207 5127 hunc
1236 5089 1355 5128 cum
1384 5073 1681 5130 Novatiano

126 5134 233 5193 dum
251 5144 562 5199 confundunt
584 5145 778 5210 Grtnci,
808 5160 929 5198 eum
973 5145 1382 5199 harresiarcham
1409 5157 1461 5200 et
1489 5145 1683 5199 Catba-

126 5220 283 5267 torum
313 5217 595 5286 principem
627 5216 757 5270 falso
782 5216 997 5286 faciunt.
1029 5214 1266 5286 Uterque
1299 5227 1473 5269 tamen
1505 5218 1683 5272 multis

125 5289 192 5354 ςξιι
215 5284 496 5341 horninibus
524 5288 826 5342 distinettts.
865 5284 996 5340 Nam
1036 5285 1361 5340 Novatinntts
1388 5286 1681 5354 Romanus,

122 5345 333 5412 Novatus
348 5356 772 5428 Carthaginensis
798 5358 1074 5428 presbyter
1091 5355 1210 5411 fuit.
1243 5358 1565 5411 Novatianus
1581 5345 1684 5411 lio;

119 5435 317 5480 manum
346 5430 436 5483 sibi
462 5428 731 5497 arrogavit
759 5429 1121 5497 pontificatum
1154 5446 1165 5481 :
1207 5428 1441 5482 Novatus
1467 5445 1494 5479 ει
1541 5429 1687 5483 nullo

116 5506 348 5570 umquam
371 5500 417 5553 in
436 5501 743 5570 episcopum
765 5507 845 5570 est
858 5507 1159 5570 cooptatus.
1175 5498 1500 5570 Novatjanus
1513 5514 1689 5568 qnam-

108 5566 227 5621 dam
256 5566 482 5637 puritatis
508 5566 739 5641 speciem
769 5566 1041 5641 affectans,
1076 5568 1302 5639 indeque
1326 5566 1683 5641 Catltarbrum

98 5648 264 5711 secttc
279 5657 460 5695 nomen
489 5640 551 5695 et
570 5642 828 5711 originem
860 5640 1120 5711 tribuens,
1142 5640 1304 5710 lapsis
1328 5640 1486 5711 etiam
1509 5642 1680 5709 pmni~

98 5709 333 5765 tentibus
361 5714 525 5768 veniae
551 5709 697 5779 Spem
727 5711 940 5765 sustulit
973 5729 986 5765 :
1012 5709 1243 5767 Novatus
1274 5727 1402 5766 vero
1433 5709 1678 5767 factionis

94 5779 408 5843 Felicissimi
453 5782 779 5859 presbyteris
808 5780 1137 5848 adhaerebat,
1179 5785 1268 5856 qui
1304 5780 1484 5855 lapsis,
1517 5780 1677 5838 etiam

1794 3453 2171 3521 praetermissis
2192 3455 2521 3531 poenitentiae
2555 3458 2830 3531 canonica:
2858 3458 3286 3531 regulis,statimr
3305 3472 3398 3528 pa-

1790 3538 1907 3579 cem
1939 3534 1994 3580 et
2013 3528 2450 3583 communionem
2483 3528 2595 3585 dari
2626 3530 2900 3595 volebant,
2929 3528 3020 3584 'ac
3048 3529 3398 3586 nihilominus

1788 3609 1912 3677 cum
1932 3594 2234 3684 Novatiapo
2261 3598 2498 3681 copulari
2532 3615 2635 3655 non
2668 3594 2893 3684 destitit,
2922 3600 3395 3684 Nempe‘gravium

1786 3666 2088 3744 criminum
2109 3668 2209 3722 sibi
2241 3666 2514 3737 conscius,
2546 3670 2746 3744 nonid
2775 3672 2968 3744 agebat
3022 3666 3077 3744 ut
3117 3666 3397 3744 disciplina

1787 3737 2153 3792 ecclesiastica
2214 3753 2538 3806 servaretur,
2594 3742 2690 3797 sed
2731 3737 3028 3798 ut'turbas
3058 3742 3108 3796 in
3156 3737 3397 3799 Ecclesia

1786 3809 2109 3863 concitando
2146 3808 2383 3865 debitam
2416 3812 2709 3868 sceleribus
2762 3813 3021 3869 ultionem
3076 3812 3393 3871 declinaret.

1786 3877 2049 3945 Quocirca
2078 3878 2387 3936 Novatiana:
2435 3897 2531 3938 seu
2577 3884 2933 3941 Catharorum
2976 3883 3199 3954 Itagresis
3245 3887 3393 3954 prin-

1787 3960 2001 4023 cepsuet
2029 3961 2216 4023 auctor
2246 3968 2579 4023 nequaquam
2611 3954 2870 4009 dicendus
2897 3961 2982 4010 est
3010 3952 3274 4020 Novatus,
3330 3955 3392 4011 li-

1786 4030 1872 4076 cet
1918 4020 2197 4076 Novatiani
2247 4020 2554 4079 schisniatis
2601 4027 2897 4097 praecipuus
2938 4023 3151 4099 adjutor
3199 4025 3394 4083 merito

1786 4102 2087 4147 censeatur.

1858 4158 2005 4234 Istic.
2038 4163 2141 4217 Pro
2170 4162 2314 4230 illuc,
2361 4173 2417 4219 ut
2466 4163 2602 4219 infra
2656 4165 2761 4219 illic
2797 4180 2893 4234 pro
2934 4163 3080 4219 illnc.
3133 4161 3222 4220 Sic
3248 4164 3392 4223 enim
3478 4164 3481 4165 ⁷

1786 4233 2046 4305 scriptum
2080 4234 2260 4305 estin
2292 4234 2560 4305 veteribus
2593 4234 2741 4289 libris
2772 4233 2827 4290 et
2876 4235 2926 4289 in
2978 4235 3225 4305 editione
3253 4234 3392 4305 Spi-

1787 4302 1955 4374 rensi,
1990 4312 2098 4374 tum
2118 4304 2276 4356 etiam
2311 4306 2362 4357 in
2394 4303 2594 4358 Veneta
2643 4305 2831 4368 veleri,
2868 4315 2926 4374 et
2975 4306 3025 4359 in
3062 4302 3387 4362 Manutiana.

1786 4370 1887 4446 Sic
1906 4370 2314 4446 apndsanctum
2340 4374 2679 4446 Gregorium,
2714 4375 2808 4435 lib.
2835 4370 2927 4441 vit,
2951 4375 3196 4446 in_tiicl.2,
3227 4376 3393 4446 epist.

1789 4441 1916 4518 “8,
1941 4440 1993 4518 e_t
2022 4442 2117 4518 lib.
2145 4440 2245 4518 [ιζ]-
2279 4440 2650 4518 epistfffnac
2699 4440 2939 4518 fortassis
2963 4444 3088 4502 alibi
3125 4440 3387 4518 scriptum

1788 4522 1871 4567 est
1900 4513 2163 4584 inicodice
2189 4513 2518 4570 Floriacensi
2547 4516 2652 4571 iltic
2679 4532 2774 4588 pro
2801 4515 2944 4572 illuc.

1865 4606 2321 4682 Factio.__S_eilieet
2371 4610 2605 4682 secunde
2636 4610 2914 4668 Novatiani
2956 4610 3154 4682 legatio
3181 4652 3196 4674 ,
3229 4626 3390 4682 quam

1789 4678 2043 4733 obierunt
2075 4679 2429 4745 Nicostratus,
2487 4680 2741 4748 Novatus,
2776 4678 3074 4749 Evaristu’s,
3101 4678 3314 4739 Primus
3336 4692 3394 4738 et

1793 4750 2112 4824 Dionysius;
2147 4761 2202 4804 ut
2243 4752 2301 4824 in
2358 4752 2583 4824 epistola
2625 4755 2868 4824 sequenti
2916 4755 3239 4818 declaratur,
3267 4768 3387 4809 cum

1794 4822 2022 4892 primam
2043 4823 2406 4892 suscepissent
2426 4822 2716 4889 Maximus,
2739 4825 3010 4895 Longinus
3035 4835 3087 4879 et
3104 4824 3388 4880 Machaona.

1868 4911 1943 4967 De
1973 4904 2228 4984 episcopo.
2253 4914 2463 4987 Hocest
2492 4915 2558 4970 de
2592 4916 2877 4987 episcopali
2920 4914 3174 4987 dignitate
3199 4915 3269 4969 ita
3298 4914 3393 4971 de-

1783 4983 2010 5053 jectum,
2043 4995 2097 5039 ut
2119 4983 2219 5040 nec
2249 4985 2301 5039 in
2342 4984 2527 5040 eadem
2552 4983 2791 5041 ecclesia
2820 5000 2941 5040 cum
2972 4983 3103 5040 [alca
3144 5000 3384 5040 commu-

1788 5056 1952 5110 nione
1975 5066 2334 5123 permaneret,
2366 5065 2553 5127 utpote
2580 5057 2702 5125 ﬁdei
2728 5056 3038 5128 naufragum
3064 5056 3279 5126 factum.

1866 5140 2015 5219 Illic.
2031 5144 2091 5219 id
2132 5155 2215 5202 est
2256 5147 2308 5201 in
2341 5146 2538 5219 Africa.
2572 5147 2746 5219 Quare
2783 5146 2916 5203 falsa
2956 5146 3224 5219 est_leetio
3271 5162 3391 5219 qua:

1789 5217 1951 5271 habet
1979 5216 2145 5284 illinc,
2179 5228 2448 5287 tamquam
2485 5218 2529 5271 si
2567 5231 2662 5271 vox
2694 5214 2783 5271 illa
2812 5217 3087 5272 referenda
3133 5214 3391 5281 esset'ad

1790 5288 1979 5343 urbem
2008 5288 2254 5352 Romam,
2290 5288 2430 5343 unde
2469 5288 2747 5343 Evaristus
2769 5297 2823 5342 et
2860 5287 3193 5344 Nicostratus
3216 5288 3384 5358 fugis-

1792 5370 1910 5414 sent
1941 5361 1992 5412 iu
2024 5359 2280 5429 Africam.
2306 5358 2478 5429 {Quod
2503 5360 2633 5413 satis
2658 5358 2926 5429 evincitur
2975 5359 3100 5412 dum
3133 5360 3388 5414 scribitur

1792 5429 1914 5500 illos
1940 5429 2007 5484 ab
2039 5431 2170 5484 urbe
2202 5428 2418 5500 fugiSse,
2448 5438 2509 5484 ut
2534 5428 2964 5500 necessarianon
2996 5431 3063 5484 sit
3087 5444 3193 5483 vox
3222 5431 3384 5484 illinc.

1790 5499 2106 5571 ltaque_vox
2136 5500 2244 5554 illic
2261 5498 2520 5565 refertur,
2544 5508 2608 5571 ut
2637 5499 2767 5565 dixi,
2793 5498 2860 5555 ad
2888 5499 3144 5571 Africam.
3188 5500 3388 5571 Quatu-

1830 5569 1950 5624 ua‘m
1980 5569 2259 5641 fatendum
2291 5579 2374 5626 est
2403 5570 2645 5641 qtnedam
2676 5577 2862 5625 vetera
2882 5569 3226 5641 exemplaria
3256 5585 3391 5640 pra)-

1812 5640 1934 5696 erre
1966 5641 2121 5694 illinc.
2157 5640 2263 5697 Sed
2302 5642 2472 5711 major
2500 5655 2770 5711 numerus
2807 5640 2969 5697 habet
3005 5641 3163 5711 aliam
3204 5640 3388 5695 lectio-

1784 5726 1935 5839 ἔξω.
1969 5710 2239 5856 ἔὶόῗῶυω
2260 5712 2326 5768 ad
2354 5709 2537 5769 vacem
2568 5712 2717 5767 istinc
2742 5709 2979 5769 diximus
3004 5710 3070 5768 ad
3098 5711 3380 5782 epistolam

1865 5824 1878 5850 ,
1908 5796 1971 5853 pa
2015 5821 2028 5836 .
2172 5822 2186 5839 .

1865 5824 1878 5850 ,
1908 5796 2028 5853 pag.
2063 5796 2186 5839 seu.
