3782 6280
400 318 505 372 727

1365 310 1801 369 ROMANORUM
1843 308 2260 367 PONTIFICUM
2297 308 2680 367 EPISTOLE.
3473 327 3544 380 ηδ

396 415 546 496 trem,
594 441 640 486 et
686 440 828 486 erunt
881 430 980 482 duo
1026 429 1080 482 in
1130 444 1334 483 carnem
1380 444 1571 495 uuam;
1625 436 1997 501 sacramentum
2022 428 2074 487 A
2099 434 2202 492 est,
2235 425 2466 496 procella
2488 434 2543 481 et
2560 424 2772 480 turbine
2793 425 3085 493 recedente,
3111 443 3169 484 ex
3195 441 3321 502 parte
3341 434 3422 492 illic
3438 442 3550 508 quies

399 525 540 579 istud
589 540 831 594 maguum
882 534 952 575 est
1009 531 1055 586 τι,
1086 538 1177 592 ego
1204 531 1374 575 autem
1412 521 1546 587 dico,
1580 521 1631 574 iu
1669 519 1925 575 Christum
1951 528 1999 573 et

396 618 453 671 in
502 617 782 670 Ecclesium
816 614 843 652 ἲ)
878 614 1100 685 (Ephes.
1131 631 1182 678 v,
1225 614 1319 687 51)
1353 632 1367 679 ;
1422 628 1543 668 cum
1600 613 1719 679 hoc,
1760 612 1995 682 inquam,

396 707 585 762 beatus
641 707 931 777 Apostolus
979 706 1123 761 dicat
1171 715 1228 761 et
1277 706 1474 761 Christi
1526 706 1723 775 pariter
1770 716 1791 743 ο
1838 714 1998 772 atque

394 799 653 856 Ecclesia:
701 802 958 856 unitatem
1016 800 1302 856 individuis
1366 799 1593 854 nexibus
1638 798 1995 853 cohaerentem

392 901 580 948 sancta
612 907 708 947 sua
740 907 869 948 voce
901 902 1156 963 testetur;
1200 892 1472 962 quomodo
1521 899 1699 961 potest
1733 904 1853 945 esse
1876 904 1997 944 cum

392 984 632 1053 Christo,
666 987 755 1056 qui
784 1001 907 1042 cum
933 1002 1130 1057 sponsa
1156 984 1354 1041 Christi
1398 994 1557 1055 atque
1586 984 1638 1038 iu
1669 983 1785 1053 ejus
1816 983 2001 1038 Eccle-

391 1079 471 1133 sia
504 1093 608 1132 non
655 1078 777 1133 est?
803 1090 895 1132 aut
921 1080 1192 1149 quomodo
1229 1077 1575 1132 assuinitsibi
1630 1075 1875 1147 regenda:
1910 1086 2002 1131 aut

391 1172 755 1243 gubernandae
784 1172 1039 1227 Ecclesiae
1067 1187 1271 1240 curam,
1300 1173 1392 1243 qui
1420 1169 1671 1242 spoliavit
1698 1179 1753 1226 et
1781 1168 2000 1225 frauda-

394 1265 470 1318 vit
494 1265 790 1320 Ecclesium
821 1264 1055 1320 Christi?

470 1358 675 1414 ILNain
704 1358 775 1413 dc
794 1358 1001 1413 Novato
1024 1357 1158 1412 nihil
1183 1357 1304 1412 inde
1332 1357 1397 1412 ad
1427 1372 1527 1412 nos
1562 1358 1731 1413 fuerat
1751 1356 1998 1411 nuntian-

392 1451 542 1515 dum,
575 1466 695 1505 cum
727 1453 895 1521 magis
923 1466 1018 1520 per
1048 1465 1148 1505 nos
1165 1451 1319 1505 vobis
1336 1450 1527 1507 debeat
1554 1449 1790 1505 Novatus
1817 1458 1999 1505 osten-

391 1540 481 1603 di;
515 1558 695 1597 rerum
729 1559 986 1598 novarum
1014 1558 1240 1613 semper
1286 1543 1531 1615 cupidus,
1565 1543 1801 1599 avaritiae
1842 1543 1995 1598 inex-

390 1635 578 1706 plebili
605 1632 631 1671 ἀ
659 1638 951 1706 rapacitate
979 1635 1317 1703 furibundus,
1345 1637 1651 1708 arrogantia
1678 1646 1732 1692 et
1774 1646 1993 1708 stupore

2101 518 2238 573 facta
2256 527 2358 581 est,
2391 527 2443 573 et
2463 517 2681 589 gloriosi
2704 533 2769 573 ac
2799 517 2923 572 boni
2959 523 3278 592 cunlessures,
3299 528 3372 597 qui
3389 530 3469 585 ade
3488 533 3557 589 Ερ-

2100 612 2285 676 clesia,
2322 610 2412 666 illo
2441 611 2716 677 incitante,
2764 610 3124 679 discesserant,
3164 624 3323 684 postea
3356 635 3476 689 quam
3512 627 3557 681 ab

2101 706 2243 762 Urbe
2267 706 2353 761 ille
2372 705 2639 772 discessit,
2662 704 2730 760 ad
2760 705 3042 762 Ecclesiam
3057 713 3494 769 reverterunleem
3509 728 3562 772 est

2100 797 2354 863 Novatus,
2373 799 2463 869 qui
2493 797 2632 867 apud
2661 812 2759 853 nos
2785 799 3009 869 primum
3027 799 3290 867 idiscordite
3307 813 3353 858 et
3379 805 3563 860 schisma-

2103 892 2171 946 tis
2202 891 2505 946 incendium
2528 891 2831 957 seminavit,
2863 892 2953 962 qui
2978 893 3217 962 quosdam
3248 895 3349 950 iStic
3367 912 3422 950 ex
3448 898 3566 952 fratri-

2100 984 2201 1042 bus
2227 984 2293 1040 ab
2316 986 2569 1055 episcopo
2599 984 2920 1055 segregavit,
2947 986 3033 1056 qui
3076 987 3124 1040 in
3168 986 3266 1057 ipsa
3291 992 3567 1055 persecutione

2102 1077 2167 1131 ad
2182 1076 2497 1133 evertendas
2513 1073 2541 1112 ιι
2564 1075 2784 1130 fratrum
2813 1077 3017 1130 mentes
3039 1077 3131 1130 alia
3161 1078 3372 1147 quaedam
3394 1095 3572 1149 persecu-

2104 1171 2177 1226 tio
2207 1171 2406 1225 nostris
2452 1170 2568 1224 fuit.
2593 1168 2712 1239 Ipse
2739 1178 2838 1234 est,
2874 1166 2962 1239 qui
2990 1167 3343 1224 Felicissimum
3367 1171 3571 1228 satellitem

2102 1279 2256 1320 suum
2301 1264 2607 1329 diaconum,
2655 1278 2755 1318 nec
2802 1262 3133 1332 permittente
3164 1278 3260 1328 me,
3298 1279 3384 1319 nec
3414 1265 3570 1331 sciente,

2102 1374 2196 1415 sua
2246 1358 2479 1413 factione
2521 1368 2576 1413 et
2627 1356 2923 1412 ambitione
2969 1356 3264 1420 constituit;
3302 1366 3475 1411 etcum
3512 1372 3575 1412 sua

2101 1458 2415 1520 tempestate
2434 1448 2660 1502 Romam
2683 1460 2897 1518 quoque
2930 1445 2996 1500 ad
3022 1446 3335 1502 evertendam
3363 1447 3577 1503 Ecclesiam

2098 1542 2379 1612 navigans,
2412 1539 2610 1595 similia
2665 1539 2775 1594 illic
2818 1547 2875 1595 et
2903 1539 3048 1608 paria
3077 1538 3277 1593 molitus
3311 1547 3400 1604 est,
3425 1554 3448 1592 a
3481 1540 3581 1594 clero

2097 1635 2401 1705 portionem
2435 1632 2608 1702 plebis
2627 1632 2888 1699 avellens,
2925 1632 3255 1687 fraternitatis
3284 1632 3400 1687 bene
3420 1633 3495 1688 sibi
3518 1647 3584 1688 ru-

395 1728 613 1799 superbi
645 1729 868 1784 tumoris
885 1729 1100 1785 inflatus
1118 1740 1165 1795 θ,
1185 1744 1400 1798 semper
1426 1729 1545 1784 istic
1560 1728 1826 1799 episcopis
1850 1729 1991 1785 male
2019 1742 2068 1801 Β
2097 1727 2354 1782 haerentis
2372 1735 2427 1781 et
2445 1739 2505 1781 se
2529 1725 2761 1781 invicem
2775 1724 3050 1795 diligentis
3064 1723 3375 1780 concordiam
3390 1723 3582 1779 scindens.

390 1821 660 1891 cognitus,
687 1822 839 1891 quasi
869 1821 1156 1877 haereticus
1180 1837 1395 1893 semper
1421 1830 1477 1878 et
1503 1822 1737 1892 perfidus
1758 1823 1996 1877 omnium

395 1913 733 1968 sacerdotum
775 1928 906 1969 voce
974 1914 1291 1980 damnatus;
1367 1914 1613 1970 curiosus
1681 1930 1895 1985 semper
1940 1924 2000 1970 ut

394 2004 611 2077 prodat,
648 2005 713 2060 ad
754 2005 854 2060 hoc
883 2005 1131 2060 adulatur
1180 2015 1239 2061 ut
1276 2006 1442 2070 fallat,
1503 2021 1793 2077 numquam
1828 2006 1999 2062 fidelis

395 2107 459 2152 ut
481 2096 685 2168 diligat,
721 2098 804 2153 fax
828 2108 881 2151 et
898 2098 1035 2168 ignis
1070 2096 1089 2135 τ
1121 2097 1187 2153 ad
1208 2097 1487 2154 conﬂanda
1512 2099 1793 2155 seditionis
1818 2099 1998 2155 incen-

394 2191 506 2259 dia,
538 2192 695 2248 turbo
723 2202 775 2248 et
804 2201 1094 2262 tempestas
1121 2192 1188 2246 ad
1239 2192 1359 2246 fidei
1409 2192 1649 2247 facienda
1673 2181 1995 2263 ﬁmufragia,

394 2284 570 2339 hostis
630 2284 847 2353 quietis,
885 2284 1284 2354 tranquillitatis
1312 2283 1671 2351 adversarius,
1716 2284 1860 2353 pacis
1901 2283 2002 2338 ini-

395 2376 589 2432 micus.
620 2377 890 2449 Denique,
920 2378 1129 2433 Novato
1178 2378 1325 2435 illinc
1356 2393 1386 2433 a
1416 2379 1568 2434 vobis
1599 2378 1906 2443 recedente,
1953 2378 2006 2434 id

2101 1822 2267 1878 Plane
2295 1819 2548 1891 quoniam
2580 1834 2675 1888 pro
2702 1817 3067 1889 magnitudine
3093 1833 3183 1873 sua
3226 1817 3394 1873 debeat
3428 1815 3586 1871 Cartha-

2102 1916 2279 1987 ginem
2330 1912 2501 1967 Roma
2553 1910 2879 1981 praacedere,
2937 1910 3050 1965 illic
3084 1910 3285 1979 majora
3330 1918 3376 1963 et
3416 1908 3585 1978 gravium

2103 2005 2390 2063 commisit.
2423 2004 2524 2071 Qui
2553 2003 2675 2058 istic
2697 2002 2959 2058 adversus
2988 2002 3269 2058 Ecclesiam
3290 2001 3509 2055 diaconum
3534 1997 3590 2053 fe-

2102 2107 2272 2165 cerat,
2306 2097 2417 2151 illic
2459 2096 2774 2166 episcopum
2831 2096 2976 2151 fecit.
3012 2095 3119 2150 Nec
3160 2094 3256 2148 hoc
3287 2094 3503 2163 quisquam
3519 2090 3593 2144 ini-

2104 2201 2251 2247 retur
2278 2194 2330 2246 in
2355 2190 2570 2246 talibus.
2597 2190 2893 2244 Fenuurun
2919 2185 3125 2245 semesa
3170 2188 3286 2242 mali
3314 2202 3396 2241 suo
3428 2182 3590 2239 furore1

2108 2284 2406 2350 dementes,
2453 2291 2509 2338 et
2535 2293 2879 2353 posteaquam
2907 2284 3115 2339 scelera
3143 2280 3366 2344 fecerint,
3392 2277 3595 2333 conscien-

2111 2378 2179 2433 tia
2205 2378 2319 2448 ipsa
2346 2376 2620 2432 scelerata:
2648 2377 2844 2432 mentis
2862 2378 3150 2451 agitantur.
3188 2374 3289 2431 Nec
3325 2373 3596 2428 rcmanerein

1613 2492 1999 2552 LEGTIONES
2036 2492 2455 2550 VARIANTES.

463 2609 491 2668 ξι
525 2606 896 2658 Sacramentum
928 2609 1039 2668 hoc,
1070 2607 1195 2657 Bod.
1217 2608 1270 2656 5.

459 2667 494 2705 ι)
527 2669 651 2719 Dico
674 2672 725 2719 in
759 2670 951 2722 Christo
988 2667 1038 2719 et
1056 2672 1108 2720 in
1126 2670 1418 2727 Ecclesiam,
1461 2669 1595 2719 Lam.
1638 2670 1764 2719 Bod.
1792 2670 1837 2719 1.

462 2734 485 2795 εἴ
521 2732 584 2783 Et
608 2732 1077 2795 Christum’pariter,
1112 2733 1259 2795 Ebur.
1291 2733 1399 2784 ΝΟ.
1431 2731 1612 2795 1,_Lin.

463 2794 493 2831 (ὶ
528 2793 883 2856 Ιηθκιιιθῢὶιίεέ
906 2796 1039 2845 Lam.
1073 2794 1221 2845 Ebur.
1252 2794 1376 2845 Bod.
1404 2795 1451 2853 1,
1476 2793 1523 2855 2,
1546 2794 1594 2844 5,
1622 2795 1730 2844 KC.
1764 2794 1878 2856 1,2.

463 2859 488 2886 °
523 2858 799 2920 Superbus,
830 2866 1041 2920 tumore,
1070 2859 1281 2916 inﬂatus,
1308 2856 1433 2907 Bod.
1458 2858 1506 2904 ὅ.

2181 2604 2200 2641 τ
2238 2605 2330 2668 Pix
2354 2610 2405 2653 et
2430 2607 2745 2668 ignis,gPem.
2774 2606 2910 2668 Lam.
2942 2605 3086 2668 Ebur.
3116 2607 3158 2655 Ν
3166 2604 3283 2668 (1.1,
3310 2600 3475 2653 Batti.

2176 2671 2203 2708 8
2239 2667 2333 2725 Qui
2358 2666 2607 2722 liicCRod.
2634 2668 2680 2728 2,
2702 2671 2748 2718 5.
2773 2666 2919 2719 Ebur.
2947 2667 3056 2719 Lin.
3085 2669 3187 2728 NC.
3212 2667 3255 2716 l.

2172 2719 2294 2795 ιι,ιῇ
2317 2719 2485 2780 eodem
2508 2719 2680 2781 codice
2704 2731 2763 2780 ad
2786 2732 3073 2792 vertendus,
3101 2737 3146 2780 et
3170 2727 3291 2795 infra
3313 2726 3363 2776 ad
3398 2719 3602 2776 vertendam

2109 2790 2397 2842 Ecclesiam.

2176 2855 2192 2893 ἱ
2225 2854 2416 2905 Fraude
2442 2864 2493 2905 et
2515 2854 2680 2906 furore
2700 2889 2715 2915 ,
2741 2853 2867 2907 Bod.
2884 2856 2936 2905 5.

1728 2964 2090 3023 VARIORUM
2126 2964 2358 3022 NOTAE.

396 3085 402 3092 ’
474 3084 543 3140 Ει
586 3085 866 3140 adluerebit
896 3087 1046 3140 uxori
1071 3101 1198 3140 sure.
1222 3085 1337 3141 Hoc
1358 3093 1695 3156 segmentum
1721 3100 1820 3140 nos
1847 3085 2002 3140 addi—

396 3157 594 3218 dimus,
622 3172 726 3212 non
751 3159 923 3211 solum
955 3158 1076 3225 quia
1106 3156 1334 3212 habetur
1376 3156 1429 3210 in
1474 3156 1713 3226 Epistula
1745 3157 1895 3211 Pauli
1935 3156 2001 3211 ad

398 3228 687 3298 Ephesius.
718 3245 785 3284 ex
813 3243 912 3296 qua
955 3237 1200 3295 sumptus
1226 3236 1310 3281 est
1346 3228 1435 3281 hic
1477 3228 1645 3291 locus,
1680 3227 1775 3298 sed
1808 3230 1858 3282 in
1898 3230 2005 3296 pri-

400 3296 502 3352 mis
530 3301 652 3369 quia
680 3298 1046 3369 itaiscrip_tum
1079 3297 1183 3369 vidi
1218 3299 1267 3352 in
1322 3307 1552 3367 quatuor
1592 3296 1824 3365 antiquis
1854 3300 2005 3353 codi-

399 3366 561 3423 cibns'
584 3379 637 3422 et
667 3370 717 3420 in
746 3368 880 3422 libro
909 3366 1075 3422 Flori.
1108 3368 1308 3424 Desunt
1331 3366 1510 3425 tamen
1556 3370 1607 3424 in
1654 3369 1823 3424 tribus
1868 3371 2007 3425 auti-

397 3440 521 3508 quis
548 3438 843 3492 codicibus.
1122 3480 1125 3485 .

474 3507 667 3581 Christi
682 3510 894 3577 pariter.
919 3510 1145 3576 Quidam
1172 3511 1385 3567 codices
1413 3512 1700 3581 praeferunt
1725 3511 1999 3567 Christum.

2108 3084 2337 3141 Felices.
2372 3085 2503 3141 Vide
2523 3085 2853 3149 Salviannm,
2873 3085 2971 3140 lib.
3003 3101 3096 3151 vn,
3119 3099 3234 3155 cap.
3264 3081 3344 3139 16.

2183 3156 2495 3224 Episcopum
2520 3158 2656 3226 fecit.
2676 3157 2790 3211 Non
2815 3158 2958 3226 quod
2993 3155 3271 3213 ordinandi
3297 3156 3611 3226 obtestata”?

2109 3219 2252 3300 ditus
2280 3219 2443 3293 esset,
2470 3219 2565 3283 sed
2593 3228 2733 3300 quod
2780 3219 2877 3297 per
2909 3244 3109 3300 pravas
3154 3219 3433 3282 molitiones
3469 3219 3608 3300 effeci}.

2110 3308 2166 3352 ut
2193 3285 2521 3375 Novatianus
2563 3285 2923 3375 ordinaretur:
2952 3297 3019 3375 ls_
3054 3300 3268 3375 quippe,
3298 3305 3345 3349 ut
3372 3310 3431 3375 ex.
3451 3285 3607 3375 epi§llllf

2113 3385 2185 3442 rx,
2206 3385 2261 3423 n.
2285 3370 2344 3433 2,
2371 3370 2709 3442 discimus,a
2733 3371 2902 3424 tribus
2930 3365 3205 3442 episcopis
3225 3365 3458 3442 imperitis
3475 3368 3537 3442 est
3554 3371 3612 3442 ot-

2113 3440 2347 3495 dinatus.
2370 3440 2647 3515 Falluntur
2666 3440 2827 3515 igitur
2845 3440 3203 3515 graviter_.qui
3224 3438 3613 3515 Novatnm'epist‘u-

2114 3526 2239 3581 pum
2270 3512 2541 3567 exstitisse
2570 3508 2823 3567 hinc'sibi
2852 3508 3207 3577 persuadent.
3239 3508 3336 3563 Nec
3350 3508 3611 3581 suspiciet)?“

476 3579 541 3657 ll_.
582 3570 1131 3657 Hostis-quietislsta
1188 3598 1309 3657 non
1350 3570 1627 3657 habentur
1671 3585 1721 3637 in
1775 3595 2006 3657 quatuor
2035 3595 2079 3657 ρ
2115 3570 2196 3636 bis
2224 3582 2395 3645 deest,
2440 3582 2505 3637 ad
2558 3583 2814 3639 horumce
2827 3570 3101 3657 Cypriani
3134 3582 3394 3657 verborum
3430 3570 3616 3657 ἶλιείιιλξῐέζσ
3710 3596 3711 3611 ι

400 3650 559 3704 libris
589 3651 865 3722 veteribus
911 3662 966 3706 et
1010 3652 1061 3705 in
1109 3653 1342 3722 antiquis
1387 3654 1735 3709 editionibus.
1776 3654 2009 3711 Exstant

407 3731 590 3792 tamen
627 3721 679 3774 in
711 3720 895 3776 decem
926 3722 1203 3777 codicibus
1232 3720 1490 3792 antiquis.

480 3790 854 3846 Persecutioue.
890 3794 985 3849 llic
1033 3803 1248 3848 notatur
1298 3790 1535 3849 Novatus
1580 3805 1636 3849 ut
1684 3795 1788 3850 dux
1819 3805 1871 3849 et
1908 3812 2006 3851 au-

402 3862 716 3937 tesignanus
763 3865 1008 3920 lacti0nis
1052 3866 1169 3931 ejus
1201 3906 1215 3931 ,
1259 3864 1730 3937 quamgradversus
1784 3866 2009 3937 Cypria-

398 3950 530 3988 num
558 3935 898 4008 concitarunt
920 3936 1223 4008 presbyteri
1254 3935 1517 4008 nonnulli,
1546 3936 1615 3991 de
1642 3935 1842 4008 quibus
1864 3937 2002 3993 idem

399 4005 885 4073 prmsulEpist.x.
940 4022 1033 4060 seu
1074 4005 1185 4068 im.
1247 4008 1318 4060 ita
1370 4005 1670 4076 loquitari
1706 4007 1832 4061 Cum
1880 4023 2007 4076 quo-

404 4076 646 4149 rumdam
675 4078 1009 4131 immoderata
1030 4087 1076 4131 et
1116 4080 1333 4149 abrupta
1359 4080 1691 4149 prwsumptio
1731 4080 2008 4134 temeritate

398 4163 503 4219 sua,
547 4156 593 4201 et
618 4148 859 4202 honorem
885 4160 1188 4219 martyrum.
1215 4159 1260 4203 et
1284 4148 1634 4219 eoufessorum
1664 4149 1926 4218 pudorem,
1958 4161 2007 4204 et

400 4217 562 4291 plebis
587 4219 835 4273 uuiuersw
866 4217 1287 4291 tranquillitatem
1330 4217 1535 4274 turbare
1579 4217 1812 4291 conetur.
1842 4231 2006 4274 tacere

400 4288 539 4362 τέμνω
590 4305 692 4362 nou
745 4288 1011 4360 Oportet...
1056 4291 1262 4361 quando
1289 4292 1450 4361 aliqui
1476 4291 1538 4345 de
1564 4290 1888 4362 presbyteris,
1914 4309 2005 4345 uec

399 4357 668 4426 Evangelii
700 4357 789 4415 nec
817 4362 911 4415 loci
942 4363 1019 4416 sui
1046 4357 1355 4416 memores...
1375 4357 1507 4416 cum
1532 4357 1835 4416 contumelia
1864 4379 2003 4430 pra:-

400 4430 557 4505 positi
582 4440 741 4505 totum
763 4433 855 4505 sibi
883 4432 1375 4505 vindicent.Nempe
1399 4433 1474 4487 illi
1499 4434 1747 4505 Cypriani
1779 4434 1998 4487 ordina-

401 4499 537 4554 tioni
587 4501 987 4556 intercedentes
1042 4513 1095 4557 et
1149 4499 1364 4574 invidi'ge
1421 4499 1603 4559 beatos
1660 4506 2003 4574 exponebant

403 4579 699 4641 martyres,
732 4581 785 4625 et
811 4574 1057 4642 gloriosos
1095 4590 1261 4627 seruos
1306 4573 1403 4627 Dei
1429 4591 1545 4627 cum
1588 4573 1868 4637 sacerdote,
1898 4575 2001 4630 hoc

402 4650 487 4712 est
503 4655 622 4712 cum
647 4643 895 4708 ipsumet,
913 4645 1312 4706 committebant,
1328 4659 1389 4697 ac
1415 4644 1621 4712 plebem
1650 4646 1866 4699 turbare
1893 4661 2001 4701 non

402 4710 758 4786 desistebaut.
795 4713 1146 4786 Presbyteros
1177 4716 1297 4768 illos
1318 4710 1616 4786 Cyprianus
1629 4716 1801 4783 Epist.
1827 4732 1878 4770 vt
1902 4732 1999 4771 seu

401 4798 491 4837 le
523 4781 762 4856 indicare
791 4784 1001 4838 videtur
1029 4784 1111 4838 his
1150 4786 1328 4840 verbis
1358 4781 1376 4838 ξ
1403 4781 1491 4838 Ἀά
1520 4787 1574 4839 id
1618 4781 1750 4853 quod
1777 4788 1996 4856 scripse-

402 4862 521 4926 runt
549 4853 674 4907 mihi
703 4857 1091 4926 compresbyteri
1118 4857 1279 4910 nostri
1323 4856 1552 4910 Donatus
1581 4867 1628 4910 et
1661 4853 1990 4923 Fortunatus,

402 4922 637 4978 Novatus
663 4935 710 4977 et
739 4922 983 4991 Gordius,
1010 4926 1151 4980 solus
1195 4927 1464 4981 rescribere
1515 4928 1642 4982 nihil
1693 4929 1851 4995 potui.
1889 4922 1997 4983 llos

402 4995 546 5067 enim
576 5010 603 5047 a
634 4997 960 5067 presbyteris
990 5013 1050 5051 ac
1073 4998 1313 5052 diaconis
1342 4998 1473 5059 suis,
1500 4998 1562 5052 ad
1587 5013 1720 5064 quos
1747 5000 1845 5052 ista
1876 4998 1991 5056 elo-

400 5065 598 5139 quitur,
635 5066 781 5139 velut
798 5065 909 5139 “jam
933 5079 1208 5136 separatos
1237 5069 1533 5139 distinguit.
1568 5071 1875 5124 Cous'rau'r.

474 5136 711 5191 Romam.
739 5138 987 5206 Plerique
1012 5140 1227 5194 codices
1245 5136 1444 5196 habent
1466 5140 1663 5195 Romae.
1690 5142 1859 5208 Quam
1885 5140 1995 5196 loc.

398 5207 617 5279 tionem
653 5223 750 5279 ego
799 5218 926 5279 puto
968 5225 1090 5265 esse
1138 5213 1350 5266 bonam.
1398 5211 1535 5265 Nihil
1563 5207 1740 5268 tamen
1788 5222 1996 5268 mutare

402 5278 566 5332 volui.
599 5277 815 5334 Sufﬁcit
842 5281 972 5335 mihi
1015 5282 1085 5335 ita
1117 5281 1411 5337 monuisse.

473 5348 833 5424 Carthaginem
881 5351 1069 5424 Roma.
1097 5351 1367 5424 Carthago
1404 5355 1594 5407 mmula
1626 5354 1812 5409 Romae
1855 5356 1996 5424 apud

401 5419 653 5493 Plinium,
667 5419 1323 5487 Velleium,Paterculum:
1328 5434 1377 5479 et
1400 5424 1794 5491 Floruiu,dives
1810 5419 1994 5493 apum,

399 5498 459 5544 ut
486 5491 859 5564 aitAYirgilius.
880 5493 1236 5556 Herodianus.
1262 5495 1354 5548 lib.
1382 5510 1471 5561 vn,
1494 5497 1568 5550 ait
1597 5497 1741 5550 illam
1768 5491 1992 5564 opibus,

394 5561 580 5634 populi
602 5561 916 5632 frequentia.
952 5566 1033 5617 vel
1057 5566 1420 5634 magnitudine
1438 5575 1641 5621 tantum
1663 5561 1849 5621 Romae
1866 5582 1996 5622 con-

398 5632 1028 5707 cedere._'l‘ransniariti_is
1063 5632 1236 5689 vicina
1268 5637 1573 5705 regionibus
1598 5638 1739 5707 apud
1773 5641 1836 5692 A.
1867 5637 1995 5694 Gel-

401 5700 530 5781 lium
555 5744 568 5766 ,
599 5704 690 5781 lib.
722 5720 778 5781 Χ,
819 5719 941 5781 cap.
964 5705 1056 5781 37,
1081 5718 1134 5760 et
1162 5700 1684 5781 apuduiaugustinum
1738 5709 1789 5781 in
1821 5710 1995 5779 capite

399 5773 558 5824 tertio
612 5773 804 5841 prioris
852 5773 1094 5845 epistolae
1154 5773 1220 5831 ad
1272 5773 1588 5846 Eleusium,
1643 5773 1903 5836 Glorium'
1940 5791 1995 5837 et

2115 3669 2236 3707 nem
2270 3668 2672 3730 expressaesse
2698 3657 2807 3730 ista
2827 3644 3157 3730 [tueberiani
3179 3644 3613 3730 catalogi:_§n'1t_€f’lj

2111 3713 2479 3796 scapatu'eius
2530 3722 2857 3796 (Cornelii)
2918 3722 3160 3779 Novatus
3228 3713 3614 3796 extrtr___.".‘ccles"aut

2112 3788 2368 3848 ordinavit
2400 3788 2748 3850 Novatiannm
2791 3788 2849 3849 iii
2890 3797 3018 3850 urbe
3052 3797 3220 3851 Roma
3246 3811 3260 3849 :
3288 3803 3328 3844 et
3348 3788 3613 3851 Nicostratum

2110 3866 2163 3918 in
2192 3865 2389 3933 Africa,
2418 3865 2657 3936 adeoque
2688 3849 3375 3922 NicostratunrFelicissimi
3396 3849 3610 3936 Ιρςοίιυιξίξ

2108 3936 2162 4008 in
2192 3924 2490 4008 catalogum
2525 3924 2825 4004 irrepsisse.
2855 3938 3011 4004 Quod
3061 3939 3106 3992 si
3152 3939 3223 3992 ita
3265 3924 3611 4008 annalium}?

2113 3999 2513 4062 fundamentum
2540 3999 2749 4070 eorum,
2774 3999 3259 4078 qui'Nicostt-atum
3292 4008 3334 4058 in
3362 3999 3501 4056 Ali-ica
3531 4004 3615 4078 cpt.

2109 4092 2330 4145 scopum
2354 4078 2654 4133 ordinatum
2684 4054 2804 4134 esseI
2823 4081 3178 4134 arbitrantur.
3200 4054 3617 4145 Εοιῖδτλκτπ-ςηὶη·

2108 4135 2289 4202 conum
2313 4150 2684 4220 fecerat.,llinc
2711 4152 2927 4220 collegit
2956 4151 3225 4205 Barouius
3252 4146 3482 4220 Novatum
3504 4135 3619 4220 fuisse

2108 4211 2420 4290 episcopum
2464 4221 2514 4273 in
2550 4220 2743 4274 Africa.
2774 4211 2946 4290 Quam
2977 4223 3288 4290 opinionem
3316 4211 3619 4290 amplexusesl

2108 4281 2359 4361 Betavius
2389 4290 2454 4345 ad
2484 4281 2861 4361 Epiphaninui.
2890 4294 2951 4346 Et
2976 4281 3159 4347 tamen
3203 4291 3285 4344 illa
3308 4290 3528 4361 vorabo“
3549 4281 3617 4361 {Si-

2111 4358 2298 4433 Euisse
2329 4352 2880 4433 cuiuiipresbyterum
2911 4374 3123 4417 tantum
3144 4363 3395 4433 liquetch
3424 4352 3620 4433 Chronico

2111 4378 2298 4415 “"556
2329 4378 2470 4415 CHHII
2514 4378 2668 4422 tiresn
2713 4378 2880 4417 terum
2911 4378 3123 4417 tantum
3158 4378 3317 4430 liquet
3339 4378 3395 4411 ex
3424 4378 3619 4407 υιιιυιηιυ

2109 4429 2348 4503 Eusebii,
2380 4448 2443 4486 ex
2484 4432 2620 4487 libro
2651 4378 2957 4503 llicrouymi
2986 4436 3057 4489 de
3112 4432 3254 4503 Viris
3296 4422 3619 4503 illustribus-(3“:

2107 4502 2240 4556 libro
2258 4491 2547 4558 Gestorum
2568 4491 2972 4573 pontifimlium,
3001 4516 3059 4561 et
3075 4520 3144 4559 ex
3167 4498 3378 4572 epistola
3400 4491 3621 4573 infecisti}

2105 4574 2185 4645 ad
2211 4563 2721 4645 Symphronia'nunt.
2772 4575 2941 4630 Immo
2962 4563 3038 4630 ex
3083 4576 3183 4629 ista
3204 4563 3622 4645 'quoque_(‘.ypriaui

2105 4637 2627 4713 epistula'colligitur
2661 4647 2809 4699 illum
2861 4648 3025 4702 fuisse
3057 4637 3264 4701 tantum
3310 4637 3620 4713 presbyterum:

2105 4708 2427 4787 Euitautem
2455 4708 2735 4787 presbyter
2757 4718 3011 4772 Ecclesim
3035 4708 3475 4787 Africamc.Quod
3499 4708 3623 4787 ξμιξξξιι

2104 4785 2177 4838 ait
2206 4774 2676 4857 Cyprianbsjlluin
2706 4803 2801 4841 sua
2830 4787 3057 4842 faetionc
3110 4797 3165 4840 et
3207 4774 3625 4857 ambitionediafg-

2105 4838 2229 4909 num
2251 4838 2473 4911 'iicisSe"
3114 4838 3220 4910 non
3250 4864 3327 4909 est
3369 4853 3431 4904 ita
3460 4838 3623 4922 _i_ntel_lio

2102 4926 2335 4995 gendum
2367 4937 2424 4982 ut
2472 4928 2750 4983 ordinatus
2793 4916 3052 4984 diaconus
3082 4936 3367 4983 censeatur
3395 4936 3423 4974 a
3460 4916 3624 4997 Natat";

2103 4989 2196 5070 sed
2247 4998 2368 5070 quia
2416 4999 2643 5054 factione
2698 5000 3041 5069 perditissimi
3111 4997 3342 5052 hominis
3364 4989 3625 5070 constituti}:

2107 5066 2207 5123 fuit
2246 5052 2297 5122 in
2329 5052 2493 5141 gradu
2529 5052 3017 5141 diaconiigtiti‘jain
3051 5070 3292 5124 diximus
3316 5065 3377 5141 ad
3412 5052 3625 5141 epistol-at“

2100 5121 2211 5214 su,
2237 5121 2376 5214 pag".
2397 5121 3294 5214 1.39.;nipssiy11'..:imeum
3350 5121 3624 5214 invéniuj‘};

2095 5203 2341 5282 jungi'ssé
2369 5226 2425 5263 se
2451 5203 2686 5277 Novato,
2709 5203 2817 5267 sed
2847 5222 3026 5282 postea
3059 5203 3161 5264 ab'
3185 5208 3370 5282 eodem
3411 5203 3624 5282 transitssc

2099 5277 2167 5336 ad
2197 5280 2516 5338 Ecclesium.
2545 5283 2633 5337 Sic
2657 5285 2798 5337 enim
2829 5277 2896 5338 de
2915 5298 2978 5338 eo
2998 5282 3195 5336 scribit
3224 5277 3518 5335 Prudentius
3542 5284 3552 5321 :

2227 5372 2431 5436 Invenio
2456 5371 2785 5435 Hippolytum.
2813 5374 2896 5436 qui
2919 5370 3168 5434 quondam
3201 5369 3403 5436 schisma
3425 5360 3562 5436 Novati

2290 5431 3016 5497 Presbyteratiigerat,'nostra
3040 5431 3306 5497 sequendo
3332 5434 3515 5497 negatis.

2229 5495 2399 5560 lisque
2423 5492 2480 5560 ad
2504 5492 2716 5560 martyrii
2744 5502 3025 5560 provectum
3057 5492 3258 5560 insigne
3279 5492 3439 5543 tulisse

2295 5557 2478 5609 Lucida
2500 5557 2757 5621 sanguinei
2785 5560 2977 5623 praemia
2996 5557 3252 5620 supplicii.
3558 5623 3567 5635 '
3611 5625 3621 5635 ⁸
3710 5564 3711 5625 ξ

2099 5642 2177 5699 De
2206 5641 2489 5712 Hippolyto
2536 5642 2656 5698 vide
2687 5642 2970 5696 Baronium
2996 5640 3069 5694 ad
3097 5640 3245 5696 diem
3290 5635 3356 5695 50
3377 5625 3623 5706 januariiel

2097 5715 2150 5767 in
2176 5712 2469 5785 annalibus
2493 5714 2940 5785 ecclesiasticis._
2985 5782 2995 5785 _
3302 5778 3334 5785 _
3456 5773 3467 5785 .

2169 5783 2487 5838 Conscientia
2513 5785 2643 5855 ipsa.
2658 5783 2880 5850 Seneca,
2902 5782 3077 5853 Epist.
3103 5797 3272 5838 xcvn.
3293 5776 3538 5847 Proprium
3554 5776 3617 5815 π⁰⁴
