3730 6270
141 355 256 424 7'65

996 329 1326 406 EPlSTOLA
1354 344 1424 403 x.
1463 329 1519 404 s.
1561 331 1881 403 creatam
1919 327 2011 400 Ab
2050 323 2518 404 ANTONiANUM.

3307 347 3414 406 766

141 466 350 541 nefanda
378 457 633 521 sacriﬁcia
663 459 1068 528 commiserint,
1115 458 1403 516 laxandam
1451 468 1477 496 ει
1521 474 1708 531 pacem
1737 441 1997 522 Adivina
2030 461 2401 532 permitteret,
2447 465 2576 516 tunc
2600 458 2996 516 communicato
3044 463 3098 517 et
3141 445 3334 518 librato
3390 475 3416 512 ε

141 559 428 646 putaverim.
474 552 630 624 Quod
673 561 961 625 utrumque
999 568 1106 609 non
1151 553 1270 610 sine
1298 553 1490 610 librata
1520 553 1611 609 diu
1649 563 1705 610 et

137 651 402 741 ponderata
427 649 638 741 ratione
666 657 696 705 tt
727 661 814 705 me
840 649 1044 736 factum
1063 657 1165 705 est.

227 745 437 806 ﬁliani
476 737 598 797 c'ttr’n
641 743 786 798 acies
813 745 988 800 adhoc
1035 744 1176 799 inter
1210 757 1404 798 manus
1432 751 1605 810 esset,
1651 753 1704 799 et

161 845 372 924 praiiu'nt
389 836 591 910 gloriosi
625 837 936 892 certaminis
962 837 1016 893 in
1051 837 1422 908 persecutione
1448 836 1701 902 ferveret,

171 947 281 997 toto
298 931 473 989 hortatu
510 938 560 983 et
602 925 762 998 pleno
795 929 993 1000 impetu
1039 929 1267 983 militum
1308 927 1449 983 vires
1493 929 1704 983 fuerant

167 1025 450 1090 excitandas,
497 1028 548 1076 et
594 1021 830 1076 ntasitne
884 1023 1155 1091 lapsorum
1214 1032 1422 1077 mentes
1475 1023 1701 1078 classico

168 1119 365 1194 quodam
383 1121 556 1171 nostra:
581 1113 730 1168 vocis
758 1115 1091 1179 atrimandm;
1119 1123 1174 1170 ut
1206 1115 1538 1184 paenitentiae
1564 1115 1702 1170 riam

163 1230 261 1273 non
285 1211 427 1266 solum
455 1208 696 1279 precibus
726 1215 778 1263 et
821 1207 1298 1264 lamentationibus
1325 1217 1700 1280 sequerentur,

164 1309 248 1370 sed
280 1306 497 1378 quoniam
536 1302 812 1373 repetendi
855 1303 1164 1359 certaminis
1195 1307 1249 1359 et
1276 1303 1589 1374 reparandae
1619 1320 1706 1359 sa—

169 1403 278 1461 lutis
299 1400 493 1456 dabatur
519 1397 763 1463 occasio,
814 1395 881 1450 ad
931 1396 1284 1452 confessionis
1330 1397 1508 1467 potius
1548 1397 1706 1452 ardo-

174 1491 314 1554 remb
339 1495 382 1548 et
399 1490 619 1562 martyrii
649 1489 875 1558 gleriam
914 1489 1115 1544 nostris
1151 1480 1397 1560 increpiti
1432 1501 1452 1527 ε
1483 1491 1706 1544 vocibus

184 1596 545 1666 provocarentur.
585 1584 826 1652 Denique
869 1597 990 1638 eum
1042 1581 1111 1639 de
1145 1579 1460 1653 quibusdam
1511 1581 1576 1638 ad
1621 1595 1706 1638 me

190 1681 433 1758 presbyteri
451 1676 768 1735 etdiacOnes
794 1676 1171 1747 scripsissent,
1205 1691 1298 1731 eos
1327 1675 1706 1730 immoderatos

201 1793 318 1843 esse,
338 1783 380 1831 ct
395 1773 444 1828 ad
462 1770 978 1826 cctnmttuicationem
1005 1768 1368 1840 accipiendam
1392 1768 1708 1824 festinanter

1809 552 1877 608 de
1922 553 2162 608 omnium
2216 555 2504 610 collatione
2551 555 2810 619 consilio,
2881 553 3240 612 statueremus
3285 551 3414 629 quid

1811 647 1926 702 fieri
1955 655 2229 718 oporteret
2261 667 2274 704 :
2305 649 2350 704 si
2377 650 2496 721 quis
2525 666 2652 704 vero
2685 653 2809 705 ante
2837 635 3124 705 concilium
3157 649 3402 708 noStrum

1809 749 1863 795 et
1879 752 2002 794 ante
2026 742 2346 797 sententiam
2371 737 2439 798 de
2461 741 2699 797 omnium
2720 744 2946 797 consilio
2969 752 3222 798 statutam
3245 739 3273 779 ιι
3297 743 3414 815 lap.

1809 833 1884 888 sis
1912 843 2114 889 temere
2151 836 2550 891 communicare
2593 835 2878 903 voluisset,
2927 833 3043 906 ipse
3089 851 3121 891 a
3166 852 3410 893 commu-

1809 925 2081 981 nicatione
2113 925 2494 982 abstineretur.

1881 1019 1946 1076 ν.
1995 1013 2146 1087 Quod
2199 1023 2357 1076 etiam
2411 1021 2634 1077 Romam
2667 1021 2680 1059 ί
2711 1023 2777 1078 ad
2825 1021 3031 1078 clerum
3085 1033 3195 1080 tum
3241 1027 3417 1084 adhuc

1808 1115 1925 1170 sine
1955 1114 2206 1183 episcopo
2229 1121 2473 1184 agentem
2497 1157 2511 1182 ,
2547 1123 2600 1169 et
2623 1115 2687 1170 ad
2720 1117 3062 1172 confessores
3095 1111 3410 1189 Maximum,

1810 1206 2207 1279 presbyterum,
2262 1216 2315 1262 ct
2366 1213 2595 1263 czetcros
2648 1209 2699 1263 in
2757 1207 2998 1265 custodia
3058 1211 3412 1281 constitutos,

1811 1315 1955 1354 nunc
2005 1301 2055 1353 in
2104 1295 2343 1356 Ecclesia
2391 1316 2512 1356 eum
2543 1297 2795 1358 Cornelio
2840 1304 3052 1373 iunctos
3102 1303 3416 1376 plenissime

1808 1387 2019 1465 scripsi.
2075 1391 2226 1464 Quod
2282 1401 2368 1452 me
2416 1398 2726 1467 scripsisse,
2782 1396 2847 1453 de
2906 1415 3091 1454 eorum
3145 1401 3413 1472 rescripto

1809 1486 2011 1557 poteris
2033 1485 2302 1542 nosceret
2349 1503 2516 1543 :nam
2572 1489 2624 1543 in
2667 1488 2895 1560 cpistola
2951 1506 3046 1546 sua
3090 1491 3164 1546 ita
3218 1507 3415 1563 posue-

1809 1589 1979 1636 runt:
2015 1600 2032 1633 α
2091 1581 2424 1652 Quamquam
2471 1579 2626 1638 nobis
2674 1571 2724 1637 in
2775 1592 2881 1638 tam
2939 1585 3141 1654 ingenti
3189 1583 3405 1657 negotio

1817 1693 1836 1725 ι
1875 1673 2081 1745 placeat
2116 1661 2255 1745 quod
2282 1681 2334 1730 et
2376 1675 2567 1744 tuipse
2616 1673 2874 1743 tractasti,
2934 1679 3079 1747 prius
3130 1693 3250 1733 esse
3300 1677 3400 1733 Ec-

1817 1784 1835 1820 t
1871 1765 2051 1823 clcsiac‘
2095 1781 2279 1838 pacem
2308 1759 2711 1834 sustinendam,
2761 1760 2956 1824 deinde
3001 1771 3076 1825 sic
3120 1767 3407 1825 collatione

204 1883 375 1940 urgere,
398 1865 668 1920 rescrilttens
697 1864 775 1918 eis
798 1863 850 1917 in
884 1863 1110 1933 epistola
1137 1859 1164 1899 ἃ
1195 1877 1313 1917 mea
1345 1877 1464 1932 quin
1496 1869 1704 1927 exstat,
1737 1857 1784 1926 B
1820 1881 1837 1914 ‹
1876 1851 2224 1917 consiliorum
2252 1869 2371 1914 cum
2408 1861 2710 1940 episcopis,
2756 1863 3122 1940 presbyteris,
3177 1861 3415 1916 diaconi-

195 1972 240 2019 ει
274 1962 353 2015 bac
393 1957 546 2012 addidi
576 1976 587 2010 :
618 1975 637 2008 ‹
685 1957 783 2025 Qui
826 1955 873 2010 si
902 1956 1123 2010 uirnium
1154 1965 1474 2026 properant,
1508 1951 1706 2009 habent

180 2057 269 2108 «in
296 2067 369 2106 sua
409 2058 657 2122 potestate
698 2049 839 2121 quod
891 2050 1164 2120 postulant
1197 2059 1268 2115 ⁸,·
1294 2058 1540 2118 tempore
1588 2049 1704 2118 ipso

167 2145 425 2214 tsiblplos
459 2159 612 2214 quam
665 2143 938 2213 postulant
987 2141 1264 2214 largiente.
1322 2140 1479 2196 Acies
1530 2139 1704 2195 adhuc

153 2253 174 2288 α
203 2238 398 2308 geritur,
441 2243 494 2291 et
540 2234 558 2273 ί
616 2249 755 2305 agon
807 2233 1044 2304 quotidie
1090 2233 1392 2289 celebratur
1423 2251 1434 2287 :
1469 2236 1514 2288 si
1554 2247 1704 2288 com-

149 2350 166 2376 ι
200 2321 335 2385 missi
381 2337 498 2386 vero
557 2341 611 2386 et
678 2329 909 2385 firmiter
965 2329 1218 2400 poenitet,
1275 2325 1329 2384 et
1385 2323 1506 2383 fidei
1558 2327 1705 2384 calor

147 2437 164 2475 ι
199 2420 446 2492 prati-alet,
473 2422 561 2492 (ιυί
587 2419 790 2476 differri
816 2435 919 2476 non
948 2430 1144 2491 potest,
1171 2429 1349 2490 potest
1375 2419 1643 2476 coronari.
1678 2438 1695 2471 ι

137 2514 208 2568 De
246 2529 306 2569 eo
333 2521 496 2569 tarnen
546 2513 688 2584 quod
732 2514 1074 2570 statuendum
1123 2523 1266 2569 esset
1300 2514 1441 2569 circa
1485 2528 1700 2568 causam

133 2610 382 2677 lapsorum
402 2608 575 2664 distuli
607 2627 619 2661 :
657 2618 711 2664 ut
742 2621 863 2666 cum
895 2609 1046 2680 quies
1077 2617 1131 2664 ct
1177 2609 1538 2680 tranquillitas
1579 2609 1701 2666 data

132 2709 280 2771 esset,
331 2711 384 2759 et
425 2703 688 2774 episcopis
734 2705 786 2759 in
838 2719 1001 2760 unum
1033 2704 1323 2760 convenire
1364 2702 1694 2773 indulgentia

1819 1973 1837 2007 ι
1876 1953 1974 2009 btls
2029 1943 2078 2020 ίί,
2126 1939 2522 2008 confessorilms
2575 1954 2772 2022 pariter
2824 1963 2887 2007 ac
2937 1937 3200 2008 Stantibus
3264 1953 3415 2008 iaicis

1818 2067 1836 2100 ι
1875 2047 2043 2114 facta,
2067 2037 2337 2116 lapsorum
2373 2053 2602 2100 tractare
2628 2035 2913 2099 rationem.
2956 2065 2973 2098 ›
3011 2035 3266 2100 Additum
3295 2051 3410 2113 est,

1811 2142 1972 2198 etiam
2006 2139 2300 2196 Novatiauo
2345 2149 2471 2194 tunc
2508 2138 2809 2205 scribente,
2853 2141 2912 2218 et
2953 2137 3092 2209 quod
3125 2139 3414 2210 scripserat

1809 2249 1904 2292 sua
1933 2239 2064 2290 roce
2088 2233 2380 2298 recitante,
2411 2235 2465 2288 ct
2492 2222 2808 2304 presbytero
2840 2219 3023 2304 Moyse
3067 2239 3193 2288 tunc
3235 2233 3412 2288 adhuc

1809 2330 2143 2396 confcssorc,
2178 2343 2319 2383 nunc
2340 2328 2450 2398 jam
2480 2333 2739 2398 martyre,
2769 2315 3142 2383 subscribente
3195 2336 3253 2383 ut
3296 2327 3412 2400 lap-

1807 2422 1884 2477 sis
1912 2421 2138 2476 infirmis
2166 2421 2300 2475 etin
2327 2413 2473 2474 exitu
2515 2411 2822 2472 constitutis
2855 2434 2953 2488 pax
2991 2417 3227 2474 daretur.
3275 2409 3407 2488 Quae

1808 2515 2002 2570 litterae
2035 2529 2129 2583 per
2168 2521 2335 2566 totum
2375 2509 2634 2565 rnundum
2671 2511 2852 2564 missae
2881 2519 3036 2578 Sunt,
3070 2511 3123 2566 et
3175 2511 3226 2567 in
3271 2514 3409 2568 noti-

1809 2595 1936 2662 tiam
1965 2603 2208 2662 ecclcsiis
2237 2599 2483 2659 omnibus
2517 2605 2571 2659 et
2606 2601 2871 2659 universis
2902 2602 3155 2661 fratribus
3186 2601 3404 2675 perlatze

1808 2697 1953 2755 sunt.

1349 2858 1734 2918 LECTIONES
1772 2858 2196 2917 VARIANTES.

193 3002 216 3031 ³
238 3002 495 3053 L'axandam
515 3019 542 3053 a
561 3019 639 3055 me
658 3005 782 3056 Bod.
807 3007 851 3056 1.

189 3061 216 3136 ‘3
237 3063 547 3136 gant‘essionis
565 3069 946 3136 ardor-emtam:

192 3129 212 3193 ξ
233 3128 412 3193 ῌοδιτὶς
433 3133 885 3193 increpitationibus
912 3130 1033 3181 Bod.
1056 3132 1106 3193 5.

193 3188 432 3257 tiEpistoia
457 3188 691 3257 rnca'quze
723 3196 992 3257 expediant
1019 3191 1123 3243 Lin.

198 3257 220 3319 ιζ
243 3254 383 3319 Quam
400 3257 524 3319 quod
542 3254 933 3319 postulant'Bod.
962 3259 1198 3319 L'Nenp.
1221 3259 1334 3310 ΜΗ.

198 3271 218 3283 ιν
243 3271 383 3312 quam
433 3271 524 3305 uoa
542 3271 784 3319 posuuant
808 3271 933 3306 non.

196 3314 214 3354 ί
238 3317 298 3369 Et
318 3271 430 3383 apud
454 3333 540 3370 nos
561 3321 778 3386 quotidie
807 3320 949 3373 Corb.

1873 3003 1899 3044 8
1923 2999 2216 3052 Deliberato
2237 3001 2373 3050 Lam.
2404 2999 2524 3050 Ben.
2547 2995 2672 3050 Bod.
2697 2999 2743 3049 2.
2770 2997 2915 3049 Ebor.

1866 3064 1898 3104 h
1923 3067 2243 3116 Constitutatn
2275 3065 2406 3114 Lam.
2436 3062 2563 3114 Bod.
2590 3065 2639 3114 5.

1874 3129 1890 3168 i
1924 3129 2193 3178 Romanum
2219 3129 2278 3177 ad
2303 3128 2495 3177 clerum
2524 3125 2664 3178 Corb.

1878 3194 1892 3241 l
1929 3189 2100 3240 Potest
2126 3191 2257 3240 nosci
2291 3192 2420 3240 Lam.
2453 3190 2576 3240 Bod.
2598 3191 2647 3238 ‘2.

1874 3253 2158 3320 k_Diaconis
2192 3256 2316 3320 Sup.
2346 3251 2499 3318 Epist.
2528 3257 2708 3306 Norat.
2753 3251 3055 3304 Diaconibus
3080 3253 3262 3316 pariter
3287 3255 3418 3306 Lam.

1729 3301 1772 3363 C
1807 3301 2011 3371 Bodi‘é.

1433 3469 1793 3534 VAliIORUM
1833 3475 2066 3532 ΝΟΤίἘ.

139 3585 298 3645 altera
343 3589 569 3658 epistola:
623 3589 783 3658 huius
834 3601 987 3660 parte
1028 3591 1383 3647 demonstrat.
1439 3592 1570 3647 Nam
1622 3594 1707 3658 qui

139 3660 390 3734 libellatici
432 3662 546 3717 ideo
604 3662 939 3727 dicebantur,
991 3665 1108 3732 quia
1161 3666 1382 3734 praatnio
1427 3666 1706 3734 magistra-

142 3731 280 3784 tibus
305 3733 437 3795 dato,
488 3751 592 3800 quo
624 3745 886 3788 tormenta
938 3731 1297 3800 redimerem,
1358 3731 1595 3791 libellum
1645 3738 1710 3791 ab

140 3801 620 3876 ipsisaceipiebant,
676 3806 740 3859 ad
777 3808 1121 3876 magistratus
1152 3809 1233 3861 vel
1285 3809 1564 3863 venientes
1613 3809 1711 3876 ipsi

142 3874 559 3941 testificabantur,
608 3877 691 3931 rei
721 3879 826 3931 alio
867 3874 1027 3932 cuntc
1071 3881 1412 3944 utattdalntut,
1457 3897 1510 3933 se
1557 3874 1711 3932 (ΣΙΜ-

142 3945 327 3997 stionos
355 3964 470 4013 esse,
494 3950 785 4012 sacriﬁcare
805 3953 900 4003 sibi
933 3967 1030 4003 non
1057 3951 1236 4012 licere,
1265 3951 1332 4003 ad
1377 3967 1494 4005 aras
1524 3952 1713 4005 diaboli

143 4032 193 4069 se
218 4018 373 4092 uenire
392 4035 484 4072 non
514 4037 656 4086 posse
681 4037 697 4083 ;
727 4021 850 4074 dare
877 4038 928 4074 se
956 4022 1013 4074 ob
1042 4022 1134 4075 hoc
1165 4023 1454 4088 prmuium,
1489 4040 1550 4076 ue
1578 4025 1715 4092 quod

146 4087 372 4168 non_!icet
401 4093 710 4168 faciantaEt
733 4093 1085 4168 illiquidem._
1104 4087 1486 4168 utCyprianu-s
1515 4087 1714 4168 ibidem

151 4163 298 4212 testis
319 4172 407 4225 est,
435 4163 499 4216 ita
531 4179 588 4217 se
621 4165 757 4217 bona
789 4165 892 4218 fide
943 4163 1239 4233 gerebant,
1282 4181 1401 4217 cum
1455 4165 1556 4218 ltoc
1602 4166 1714 4218 lici-

153 4239 286 4302 tum.
310 4247 393 4286 nec
421 4236 739 4302 prohibitum
772 4236 1162 4290 existimarent.
1230 4235 1411 4302 Neque
1466 4251 1594 4290 vero
1638 4236 1714 4290 rei

159 4299 376 4377 fuissent,
394 4299 456 4369 si,
482 4308 704 4377 pecunia
734 4307 933 4372 oblata,
966 4307 1177 4361 libellos
1206 4299 1573 4375 accepissent,
1599 4308 1714 4376 qni-

165 4370 687 4444 isusapersecutioue
715 4370 1091 4432 liberarentur.
1142 4379 1246 4434 Sed
1278 4370 1348 4432 in"
1382 4378 1482 4433 hoc
1530 4370 1714 4432 eorum

173 4451 284 4519 erat
307 4448 508 4519 crimen,
541 4450 683 4519 quod
724 4450 869 4519 ipsos
915 4451 978 4502 ad
1015 4466 1135 4503 aras
1181 4450 1494 4510 accessisse,
1525 4457 1571 4504 et
1601 4468 1719 4518 pro-

167 4514 334 4591 positis
348 4514 571 4575 adversus
603 4514 938 4588 Evanpelinm
977 4522 1054 4574 vel
1083 4522 1256 4575 edictis
1287 4522 1362 4574 vr!
1411 4514 1608 4591 legibus
1631 4537 1718 4575 sa-

164 4586 398 4663 ιίιίςςίεεε,
451 4594 550 4660 ipsi
597 4586 767 4648 libelli
807 4594 1262 4659 contestabantur,
1319 4586 1479 4663 idque”
1527 4591 1721 4647 deinde

162 4655 658 4735 publicelegebatur,
714 4674 768 4717 ut
799 4675 983 4719 narrat
1024 4665 1202 4719 clerus
1249 4655 1524 4719 Romanus
1580 4665 1721 4735 apud

163 4728 449 4806 Cypriamnn
477 4728 826 4806 epist.’xxxt.
861 4736 1057 4790 Cocsr.

230 4800 306 4858 IV.
329 4805 467 4861 Circa
493 4800 701 4863 causam
731 4811 1016 4877 lapsorum.
1049 4808 1251 4879 Supple
1277 4808 1565 4863 decernere.
1587 4808 1722 4864 Vide

166 4872 645 4948 dictam'cpistolam
682 4872 796 4934 xw.
825 4872 1133 4935 Cousrau'r.

229 4943 283 5000 ν.
313 4943 578 5006 Decorum
605 4955 869 5020 rescripto.
896 4950 1012 5005 Non
1060 4953 1305 5022 diSplioet
1332 4953 1472 5022 quod
1505 4953 1556 5006 in
1588 4952 1721 5007 edit.

161 5017 310 5092 ριοη.
344 5030 397 5076 ut
434 5025 482 5077 in
527 5040 656 5077 mss.
687 5017 842 5077 Colit.
873 5032 926 5077 et
973 5017 1160 5077 Corbf
1183 5017 1392 5090 legitur,
1445 5025 1722 5092 rescriptis.

161 5089 274 5166 Nam
301 5096 394 5149 etsi
421 5094 718 5166 Cyprianus
754 5095 866 5148 sola
901 5095 1139 5162 epistolae
1166 5089 1312 5161 xm,
1341 5097 1468 5150 cieri
1500 5089 1724 5149 Romani

163 5164 369 5219 verbain
400 5164 578 5223 medio
625 5174 818 5236 ponat,
854 5166 1070 5220 laudare
1112 5175 1287 5219 tamen
1317 5166 1474 5221 simul
1519 5168 1727 5221 videtur

164 5243 212 5289 et
233 5239 535 5292 sententiam
566 5239 948 5293 Cont'essornm
986 5238 1084 5306 ipsi
1130 5237 1198 5290 de
1225 5237 1412 5290 eadem
1437 5254 1515 5305 re,
1563 5241 1722 5306 epist.

163 5321 286 5370 xm.
307 5310 708 5365 rescribendum
739 5327 750 5363 :
780 5307 908 5362 Cum
939 5308 1134 5378 grande
1161 5309 1422 5372 delictum,
1454 5319 1497 5363 et
1526 5326 1613 5379 per
1645 5321 1725 5363 to-

167 5389 255 5432 tum
265 5399 385 5454 pene
412 5384 580 5436 orbem
609 5382 906 5435 incredibile
931 5383 1212 5435 uastatione
1257 5393 1574 5454 grassatum,
1627 5395 1727 5435 non

151 5453 359 5522 θροηεαι
399 5455 520 5512 nisi.
550 5463 606 5508 ut
633 5455 742 5519 ipse
768 5454 964 5518 scribis,
999 5464 1144 5506 caute
1192 5453 1544 5521 moderateque
1597 5463 1730 5506 trac—

131 5525 256 5594 lcm’,
290 5527 534 5580 consultis
564 5527 798 5580 omnibus
823 5525 1094 5592 episcopis,
1126 5527 1452 5594 presbyteris,
1478 5524 1726 5592 diacouis,

110 5599 510 5674 fvnfessoribus
545 5608 591 5674 _et
619 5597 752 5674 ipsis
801 5595 1052 5674 stantibus
1084 5597 1251 5674 laicis.
1295 5597 1460 5674 Cujus
1503 5597 1734 5674 circnm-

87 5667 681 5747 erctionisiaudatus
697 5670 880 5747 clerus
911 5667 963 5721 in
993 5669 1148 5747 citata
1169 5669 1390 5747 cpistola
1420 5667 1735 5747 axrthbatlc

72 5737 313 5807 {"Veddit
341 5743 604 5796 rationem
641 5759 654 5796 :
686 5739 943 5807 Perquam
971 5741 1102 5792 enim
1144 5740 1287 5793 nobis
1333 5751 1379 5793 et
1425 5739 1734 5792 invidiosum

72 5805 102 5846 θ’
167 5832 186 5872 t
220 5830 487 5869 onerosum
511 5813 726 5878 videtur,
757 5805 860 5867 non
901 5829 992 5881 per
1041 5812 1227 5865 multos
1255 5813 1570 5875 examinare,
1599 5812 1734 5880 quod

107 5885 444 5945 \Nermultos
475 5885 700 5942 videatur
719 5884 1042 5942 commissura
1071 5884 1262 5954 fuisse;
1312 5895 1359 5941 et
1407 5900 1565 5940 unum
1618 5898 1732 5939 sen-

1816 3593 2024 3645 tentiam
2053 3591 2240 3655 dicere,
2285 3605 2400 3645 cum
2447 3597 2550 3644 tam
2607 3591 2804 3662 grande
2853 3590 3043 3644 crimen
3101 3603 3190 3659 per
3239 3589 3425 3662 inultos

1816 3663 2065 3729 di/fusum
2111 3672 2317 3716 notetur
2346 3664 2508 3716 exisse
2538 3679 2554 3716 :
2582 3659 2825 3727 quoniam
2869 3679 2957 3714 nec
2986 3663 3190 3727 ﬁrmum
3242 3659 3422 3715 decre-

1817 3747 1921 3788 tum
1938 3745 2098 3805 potest
2121 3753 2247 3794 esse.
2268 3738 2404 3800 quod
2426 3751 2525 3788 non
2558 3736 2897 3807 plurimorum
2921 3733 3170 3787 videbitur
3192 3734 3427 3788 habuisse

1815 3825 2138 3861 consensum.
2173 3807 2478 3861 COUSTANT.

1894 3881 2213 3948 Quamquam
2240 3879 2403 3933 nobis.
2459 3878 2740 3949 Stltltpttlth
2774 3877 2856 3932 est
2906 3873 3044 3930 isttid
3098 3891 3159 3929 ex
3194 3876 3418 3946 epistola

1818 3967 1964 4005 xxxr.
1993 3950 2195 4006 Dium.

1892 4024 2255 4076 Additumcst.
2303 4019 2452 4076 Hunc
2495 4022 2669 4075 locum
2717 4016 3004 4088 descripsit
3054 4017 3324 4073 Pacianus
3368 4016 3422 4072 in

1819 4096 2045 4155 tractatu
2078 4101 2263 4148 contra
2291 4093 2617 4148 Novatianos
2646 4090 2712 4145 ad
2755 4091 3274 4216 Symplirrgriapum.

3054 4179 3117 4216 At.
3143 4175 3206 4215 tz.

3054 4175 3206 4216 ALUZ.

1898 4237 1964 4292 Ut
1994 4235 2172 4306 lapsis.
2221 4234 2336 4306 Jam
2382 4251 2486 4306 non
2548 4237 2656 4304 ipsa
2688 4233 2815 4306 cieri
2851 4232 3291 4306 Rom;tui_rerba
3320 4231 3424 4306 Cy-

1826 4303 2256 4379 priattns'refert,
2293 4306 2388 4360 sed
2420 4305 2536 4379 ejus
2571 4303 2898 4379 sententiam
2955 4303 3193 4379 pluribds
3251 4303 3424 4372 expli-

1821 4375 1994 4435 catam
2030 4379 2212 4444 paucis
2240 4377 2572 4446 perstringit.
2611 4375 2750 4430 Cleri
2798 4375 2958 4443 hujus
2997 4378 3224 4446 litterae,
3274 4391 3375 4428 non
3403 4421 3415 4444 ,

1823 4461 1878 4504 ut
1909 4448 2174 4519 Rigaltius
2213 4445 2453 4517 scripsit,
2489 4445 2654 4513 ipsius
2679 4445 2963 4518 Cypriani,
2991 4445 3128 4519 sede
3173 4451 3422 4519 vacante.

1823 4514 2092 4594 perlatum
2133 4519 2302 4594 orbem
2327 4514 2508 4594 missa:
2537 4520 2623 4594 1th
2653 4514 2927 4594 dicuntur.
2985 4514 3050 4573 Et
3099 4517 3422 4594 sapientiai"

1823 4583 2037 4664 quidem
2094 4593 2300 4661 spirant
2352 4591 2524 4664 primo
2573 4588 2828 4645 Ecclesim
2883 4591 3030 4647 clero
3079 4583 3316 4664 dignam.
3369 4583 3419 4643 Is

1824 4661 2018 4735 nempe
2046 4664 2211 4718 nimio
2239 4662 2518 4730 potestatis
2545 4669 2656 4717 sum
2684 4663 2860 4718 studio
2897 4666 3118 4719 minime
3153 4661 3386 4735 percitus
3408 4701 3421 4724 ,

1824 4729 2105 4807 episcopos
2160 4729 2385 4802 vicinos,
2433 4751 2496 4789 ac
2550 4744 2787 4791 remotos
2815 4737 2902 4806 qui
2947 4729 3422 4807 Rotrue'adorant,

1826 4803 2266 4875 seettm'vocare,
2295 4815 2591 4878 eorumque
2636 4803 2858 4862 consilio
2889 4808 2962 4860 uti
3011 4817 3119 4878 non
3165 4803 3427 4871 dedigna.

1831 4891 1936 4934 tur.
1993 4881 2105 4936 811ιί
2138 4887 2252 4933 ante
2281 4876 2688 4949 constitutionem
2715 4879 2939 4949 episcopi
2992 4876 3121 4930 nihil
3173 4877 3424 4949 innovan;

1831 4954 1952 5006 dum
2006 4951 2272 5006 decernit.
2345 4947 2572 5003 Tantum
2632 4947 2824 5018 lapsis,
2879 4947 2921 5002 si
2975 4963 3088 5001 vere
3140 4947 3426 5015 paenitentis

1830 5025 1988 5076 animi
2019 5024 2166 5092 signa
2196 5021 2536 5090 prodiderint,
2569 5019 2680 5092 ubi
2709 5019 2893 5092 mortis
2923 5020 3167 5073 imminet
3212 5019 3422 5092 peljcu-

1831 5095 1960 5157 lttm,
1994 5081 2417 5149 subvenieniltnn
2447 5081 2612 5158 putat.
2644 5086 2782 5143 Nihil
2813 5105 2940 5144 vero
2969 5097 3118 5156 erat,
3149 5081 3245 5143 cu'r
3285 5081 3430 5158 Oxo--

1833 5155 2038 5222 niensis
2067 5166 2242 5220 editor
2272 5155 2567 5217 litterarum
2617 5159 2825 5215 illarum
2869 5163 3243 5216 auctoritatem
3300 5155 3427 5212 inde

1833 5239 2049 5295 elevare
2093 5246 2252 5307 atque
2287 5235 2606 5307 imminuere
2635 5233 2941 5307 conaretur,
2996 5234 3136 5307 quod
3161 5248 3227 5307 __a
3255 5230 3429 5307 Nora:

1833 5311 1980 5364 tiano
2010 5301 2223 5377 script-at
2256 5306 2380 5360 sint.
2417 5305 2530 5360 Non
2561 5305 2702 5358 enim
2732 5305 2798 5359 ab
2841 5321 2906 5359 eo
2939 5301 3025 5370 qui
3070 5303 3287 5377 scribit.
3333 5301 3430 5377 sed

1831 5384 1986 5437 abeo
2013 5374 2166 5450 cujus
2205 5379 2419 5432 norniue
2467 5377 2791 5450 scribuntur,
2842 5389 3050 5450 necnon
3111 5393 3140 5428 e
3191 5374 3429 5450 subscri-

1831 5445 2094 5508 bentium’
2126 5465 2390 5505 consensu
2453 5446 2648 5518 pendet
2707 5448 3052 5515 cpistoiarum
3103 5445 3422 5518 auctoritas.

1833 5525 2132 5595 Cyprianus
2160 5537 2287 5595 vero
2327 5516 2464 5595 cieri
2508 5519 2737 5574 lion-iani
2787 5518 2990 5595 litteras
3042 5532 3070 5570 a
3126 5516 3428 5595 Noratiano

1835 5586 2062 5663 sériptas
2100 5608 2164 5648 ac
2192 5593 2523 5663 subscriptas
2553 5605 2674 5663 esse
2715 5605 2819 5663 non
2850 5590 3011 5642 tacuit
3039 5607 3050 5641 :
3077 5597 3134 5642 ut
3185 5589 3235 5644 id
3282 5586 3429 5663 quod

1838 5659 2122 5721 ltrer'ctieus
2180 5664 2268 5718 ille
2300 5664 2365 5716 de
2391 5659 2554 5732 lapsis
2584 5661 2648 5714 ad
2681 5662 3047 5730 ptruitentiam
3088 5677 3194 5714 non
3229 5659 3429 5714 admit-

1842 5739 2016 5793 tendis
2039 5735 2266 5790 subindc
2292 5733 2491 5798 docuit,
2528 5735 2625 5805 ipsi
2659 5749 2762 5786 non
2795 5733 3018 5805 veritate
3042 5733 3396 5805 persuadente
3415 5770 3430 5797 ,

1835 5809 1931 5864 sed
1962 5805 2254 5881 atu__l_titioue
2279 5815 2495 5863 sensum
2528 5803 2886 5877 pervertente,
2917 5803 3182 5876 placuisse
3215 5803 3431 5877 planum

1834 5881 2006 5940 fleret.
2033 5879 2344 5937 Cousnar.
