3782 6280
373 296 485 356 775

1361 297 1799 361 ROMANORUM
1836 297 2255 360 PONTIFICUM
2292 301 2668 363 EPISTOLAS.

3547 316 3628 375 776

377 411 755 484 praedicandus
780 412 897 469 est?
928 410 1123 470 Nonne
1155 412 1297 472 inter
1318 415 1589 487 gloriosos
1618 416 1968 476 confessores
1993 420 2050 483 Α
2076 420 2315 490 pertinet
2350 430 2403 477 et
2430 421 2703 489 timorem,
2733 431 2925 490 passus
2950 424 3040 477 est
3065 420 3331 495 quidquid
3356 424 3455 495 pati
3472 432 3627 500 potuit,

376 513 435 561 et
481 514 743 578 martyres
770 504 1130 576 deputandus,
1162 507 1257 577 qui
1304 516 1510 564 tantum
1541 510 1801 581 temporis
1829 510 1974 566 sedit

376 609 698 672 exspectans
753 600 998 671 corporis
1048 599 1133 656 sui
1170 602 1454 658 carniﬁces
1502 612 1553 658 et
1588 604 1801 676 tyranni
1834 603 1977 662 fero-

376 693 570 750 cientis
594 693 821 762 ultores,
849 693 940 763 qui
963 691 1278 750 Cornelium
1302 694 1564 752 adversus
1587 696 1762 752 edicta
1790 696 1979 754 feralia

375 789 722 845 resistentem
751 797 807 843 et
835 788 1010 842 minas
1051 796 1108 843 et
1134 788 1410 846 cruciatus
1461 798 1516 846 et
1541 797 1809 846 tormenta
1846 791 1977 847 ﬁdei

371 881 560 953 vigore
587 880 913 949 calcantem,
946 881 1033 937 vel
1083 879 1265 953 gladio
1294 882 1637 949 invaderent,
1671 884 1757 938 vel
1797 883 1975 939 cruci-

376 976 622 1048 ﬁgerent,
646 974 734 1030 vel
755 974 877 1046 igne
900 982 1200 1042 torrerent,
1233 974 1318 1029 vel
1342 975 1585 1046 quolibet
1612 975 1861 1031 inaudito
1883 992 1982 1047 ge-

373 1084 504 1125 nere
533 1083 811 1140 pinnarum
840 1070 1050 1125 viscera
1081 1068 1198 1140 ejus
1237 1076 1293 1125 et
1329 1070 1575 1126 membra
1604 1069 1877 1126 laniarent
1904 1072 1977 1126 εἰ)

375 1161 605 1220 Etiamsi
634 1160 891 1232 maiestas
931 1161 1142 1216 Domini
1188 1162 1520 1233 protegentis
1560 1170 1615 1218 et
1641 1162 1856 1219 bonitas
1881 1180 1974 1219 sa-

374 1254 675 1322 cerdotem,
704 1270 864 1327 quem
894 1255 1011 1310 ﬁeri
1037 1253 1275 1320 voluitb,
1311 1253 1511 1312 factum
1554 1270 1767 1327 quoque
1798 1266 1982 1329 prote-

374 1351 492 1408 xit:
521 1360 699 1409 tamen
726 1348 1035 1433 cornelius,
1065 1358 1327 1423 quantum
1354 1350 1423 1405 ad
1465 1350 1584 1422 ejus
1633 1350 1978 1408 devotionem

2080 520 2137 567 et
2190 522 2496 585 tyrannum,
2546 514 2715 569 armis
2763 522 2821 569 et
2858 512 3007 570 bello
3047 512 3393 584 postmodum
3435 519 3629 593 vietam,

2081 604 2232 676 prior
2258 606 2564 662 sacerdotio
2592 622 2692 663 suo
2735 605 2883 662 vicit.

2152 698 2225 753 Χ.
2265 699 2418 766 Quod
2445 709 2626 757 autem
2655 700 2904 772 quaedam
2928 700 3001 757 de
3030 700 3125 758 illo
3149 701 3433 759 inhonesta
3458 713 3509 761 et
3538 721 3627 762 ma-

2082 794 2225 866 ligna
2263 793 2556 864 iactantur,
2614 796 2741 851 nolo
2769 795 3022 854 mireris:
3049 810 3172 852 cum
3217 797 3360 852 scias
3400 798 3496 855 hoc
3537 815 3631 858 esse

2081 902 2218 959 opus
2245 902 2465 960 semper
2482 889 2709 955 diaboli,
2741 899 2801 946 ut
2820 904 3008 947 servos
3030 889 3124 945 Dei
3148 890 3430 948 mendacio
3450 893 3632 962 laceret,

2082 992 2137 1038 et
2161 982 2509 1054 opinionibus
2555 983 2706 1040 falsis
2750 983 3048 1055 gloriosum
3095 997 3297 1040 nomen
3342 983 3636 1053 infamet;nt

2086 1076 2178 1147 qui
2203 1077 2553 1134 conscientiae
2582 1092 2695 1134 sua:
2725 1077 2846 1133 luce
2868 1077 3201 1144 clarescunt,
3234 1076 3420 1134 alienis
3444 1081 3636 1135 rumori-

2050 1160 2188 1226 ‘bus
2215 1171 2583 1229 sordidentur.
2631 1170 2961 1242 Explorasse
2991 1179 3177 1227 autem
3208 1168 3431 1243 collegas
3453 1183 3638 1228 nostros

2083 1263 2249 1330 scias,
2285 1273 2340 1321 et
2369 1264 2652 1321 verissime
2680 1265 3038 1335 comperisse,
3067 1262 3224 1319 nulla
3264 1262 3397 1318 illum
3425 1275 3445 1303 ο
3469 1263 3636 1332 libelli,

2085 1363 2147 1413 ut
2172 1357 2393 1428 quidam
2420 1357 2692 1429 iactitant,
2716 1358 2836 1415 labe
2852 1356 3189 1414 maculatum
3209 1371 3327 1414 esse
3353 1376 3366 1413 :
3387 1358 3469 1416 sed
3488 1375 3640 1432 neque

1554 1510 1936 1570 LECTIONES
1978 1514 2390 1576 VARIANTES.

437 1633 465 1665 ει
500 1631 797 1684 Lacerarent
822 1630 957 1682 Lam.
984 1630 1113 1683 Bod.
1136 1629 1187 1680 2.
1210 1629 1358 1681 Ebor.
1385 1630 1494 1682 ΝΟ.
1522 1629 1568 1680 1.

433 1690 464 1738 ι’
497 1697 608 1749 Pati
629 1695 784 1748 voluit
806 1696 987 1746 Benev.

2004 1632 2053 1692 B
2144 1638 2169 1669 ⁸
2205 1637 2352 1689 Nulla
2368 1639 2468 1703 iam
2490 1639 2628 1692 illum
2663 1642 2801 1692 Lam.
2831 1640 2959 1694 Bod.
2984 1640 3034 1692 2.

1682 1820 2047 1881 VARIORUM
2084 1823 2315 1884 ΝΟΤᾹΞ.

374 1967 596 2026 densem
626 1964 707 2020 tit.
742 1964 831 2027 li,
862 1963 932 2019 de
973 1958 1467 2020 Sacramentalibus
1512 1966 1568 2015 et
1592 1973 1709 2029 cap.
1747 1959 1870 2027 125,
1917 1962 1972 2017 in

374 2039 626 2097 omnibus
650 2035 978 2092 editionibus
1004 2049 1124 2103 quae
1145 2032 1507 2088 Pamelianam
1539 2041 1969 2103 antecesserunt.

374 2112 552 2169 Aliam
592 2124 743 2170 vero,
786 2123 905 2177 qua:
939 2102 1117 2177 habet
1144 2104 1387 2177 minutum
1427 2102 1772 2177 sacerdotem,
1800 2119 1969 2177 quam

375 2182 649 2239 Pamelius
668 2174 1030 2243 verissimam,
1062 2175 1323 2246 Rigaltius
1344 2190 1473 2228 vero
1499 2174 1850 2246 proculdubio
1867 2174 1969 2230 fal-

374 2269 488 2309 sam
535 2267 656 2308 esse
679 2249 895 2313 asserit,
924 2250 975 2302 in
1005 2263 1113 2302 uno
1134 2243 1343 2300 tantum
1370 2247 1556 2301 codice
1602 2243 1971 2315 Afﬁigemensi

373 2325 716 2396 reperissese
746 2329 972 2398 testatur
995 2320 1135 2398 idem
1148 2316 1442 2398 Pamelius,
1471 2318 1730 2398 sicutch
1755 2332 1968 2398 quoque

373 2386 494 2453 eain
522 2410 629 2451 non
658 2393 831 2464 reperi
860 2391 975 2464 nisi
996 2391 1048 2444 in
1080 2405 1188 2464 uno
1215 2387 1402 2445 codice
1438 2388 1529 2464 qui
1564 2386 1966 2464 fuitf‘rancisci

374 2468 591 2525 Pithmi.
626 2465 697 2521 Et
719 2459 896 2519 lamen
926 2461 1319 2516 illustrissimus
1362 2459 1652 2516 cardinalis
1680 2459 1970 2517 Perronius

375 2540 430 2594 in
473 2537 750 2608 republica
781 2533 1047 2608 adversus
1072 2548 1252 2608 regem
1287 2547 1493 2608 magna:
1520 2531 1816 2608 Britannia;
1840 2548 1961 2608 pag.

375 2611 467 2674 99,
499 2602 574 2665 ait
599 2608 745 2663 illam
777 2605 1002 2661 inveniri
1034 2604 1088 2659 in
1120 2602 1514 2674 antiquioribus
1545 2613 1599 2657 et
1625 2602 1963 2674 emendatio-

373 2672 523 2738 ribus
550 2678 967 2749 exemplaribus.
999 2672 1266 2749 Adggquam'
1283 2690 1397 2729 rem
1428 2672 1756 2749 probandam
1782 2674 1964 2749 lau_dat

373 2754 428 2810 in
461 2752 700 2822 margine
715 2745 967 2822 codicem
1001 2745 1440 2822 Afﬁigemensem
1467 2745 1826 2822 eteditionem
1855 2746 1959 2822 _Pa-

373 2826 545 2891 melii,
575 2816 736 2878 nullis
760 2820 880 2875 aliis
907 2818 1253 2891 testimoniis.
1283 2816 1446 2871 Miror
1467 2827 1645 2891 autem
1675 2817 1961 2891 Rigaltium

374 2887 661 2953 retinuisse
685 2895 738 2948 in
761 2891 997 2947 editione
1022 2904 1117 2945 sua
1137 2890 1421 2944 lectionem
1440 2903 1599 2957 quam
1624 2887 1738 2955 ipse
1754 2887 1830 2942 ait
1849 2902 1963 2957 pro-

374 2967 627 3022 cnldubio
672 2963 860 3019 falsam
891 2977 1036 3025 esse,
1085 2963 1159 3015 uti
1191 2975 1252 3015 re
1282 2975 1405 3012 vera
1435 2968 1536 3012 est.
1587 2958 1791 3013 Sensus
1816 2961 1960 3014 enim

377 3037 539 3109 huius
558 3035 760 3109 lociest
782 3032 1255 3109 Decium,_host_em
1282 3030 1531 3109 videlicet
1557 3041 1718 3084 seetze
1741 3038 1957 3109 nostrae,

376 3089 536 3178 quam
560 3089 851 3163 excindere
870 3089 1138 3178 cupiebat,
1164 3102 1234 3178 ita
1253 3099 1603 3178 exhorruisse
1627 3089 1962 3178 sacerdotem
1989 3089 2039 3153 C

378 3171 472 3235 Dei
502 3181 553 3234 in
586 3180 720 3234 urbe
747 3178 916 3233 Roma
945 3171 1188 3245 principe
1219 3171 1426 3245 imperii
1460 3181 1519 3224 ιιι
1564 3171 1731 3225 multo
1759 3173 1960 3245 patien-

376 3254 484 3308 tius
508 3261 564 3309 et
594 3249 925 3306 tolerabilius
942 3242 1152 3300 audiret
1167 3243 1332 3298 levari
1355 3242 1614 3297 adversus
1630 3258 1689 3297 se
1709 3243 1961 3298 :cmnlum

376 3323 674 3392 principem
706 3335 865 3392 quam
892 3316 1143 3392 constitui
1176 3314 1362 3369 Romae
1396 3314 1486 3368 Dei
1514 3314 1871 3392 sacerdotem,
1907 3326 1967 3370 ut

378 3385 480 3449 ista
506 3385 653 3447 recte
673 3385 907 3454 ettplicat
931 3387 1222 3457 Rigaltius;
1267 3401 1372 3441 non
1421 3385 1563 3456 quod
1617 3386 1861 3452 timeret,
1910 3397 1966 3441 ut

377 3463 596 3534 quidam
614 3460 979 3534 crediderunt,
995 3459 1304 3534 episcopum
1319 3457 1644 3534 Romanum,
1666 3457 1961 3534 hominem,

378 3528 635 3605 quantum
662 3532 923 3605 attinebat
952 3531 1024 3605 ad
1044 3528 1449 3605 rempublicam,
1486 3528 1963 3605 minimeprincipi

378 3599 731 3661 metuendum
754 3612 847 3657 aut
872 3601 1301 3665 formidolosum,
1330 3599 1423 3655 sed
1446 3601 1568 3670 quia
1581 3610 1698 3654 erat
1720 3601 1968 3655 inimicus

378 3678 557 3732 crucis
579 3674 798 3736 ChriSti,
833 3672 1029 3729 ardens
1057 3671 1326 3727 desiderio
1377 3672 1745 3741 opprimendae
1774 3670 1966 3726 Chris-

378 3746 659 3809 tianitatis,
688 3755 746 3799 ut
774 3747 845 3800 ait
874 3745 956 3799 vir
982 3743 1315 3799 clarissimus
1345 3742 1605 3796 Henricus
1634 3741 1964 3807 Dodwellus,

376 3816 534 3873 valde
573 3817 820 3887 cupiebat
866 3831 933 3871 ne
964 3815 1397 3887 Fabianopapae
1451 3811 1969 3887 deiuncto_daretur

377 3884 685 3953 successor,
722 3889 1036 3944 existimans
1080 3884 1392 3953 religionem
1435 3898 1670 3938 nos1ram
1721 3884 1967 3939 interitu-

377 3975 529 4025 ram,
560 3960 607 4016 si
637 3959 948 4030 episcopum
976 3972 1082 4013 non
1113 3956 1357 4024 haberet,
1389 3956 1584 4030 timens
1604 3966 1893 4030 prteterea,
1912 3967 1969 4010 ut

377 4034 589 4103 opinor,
623 4026 690 4103 ne
734 4032 786 4086 in
818 4026 951 4086 urbe
990 4044 1177 4085 rerum
1208 4041 1467 4103 novarum
1498 4026 1649 4103 avida
1681 4040 1969 4103 augeretur

378 4098 634 4159 numerus
656 4102 1105 4167 Christianorum,
1126 4113 1355 4171 quorum
1385 4098 1582 4153 nimius
1608 4107 1665 4154 et
1690 4099 1964 4169 copiosus,

378 4185 436 4231 ut
452 4176 533 4247 ait
559 4174 879 4247 Cyprianus,
912 4172 1299 4247 erat‘popnlus.
1330 4171 1534 4247 B_ALU_Z.

447 4242 669 4301 Tantum
708 4245 966 4317 temporis.
1013 4243 1171 4317 Hanc
1200 4258 1331 4298 sane
1371 4243 1653 4317 lectionem
1697 4242 1874 4317 reperi
1914 4242 1967 4297 in

377 4327 501 4374 octo
532 4319 753 4373 vetustis
781 4314 1078 4373 codicibus.
1110 4315 1462 4383 Altam,qu:e
1483 4314 1644 4369 habet
1666 4316 1821 4367 tantis
1845 4324 1970 4367 tem-

377 4389 614 4460 poribus,
641 4389 897 4445 exhibent
923 4397 1135 4443 veteres
1158 4386 1427 4442 editiones
1453 4394 1579 4441 ante
1607 4383 1966 4440 Manntianam

376 4459 432 4516 et
461 4476 553 4517 ses
587 4460 707 4515 libri
736 4469 964 4515 veteres.
994 4459 1193 4514 BALUZ.

451 4531 865 4597 Exspectans....
894 4532 1178 4597 carniﬁces.
1198 4527 1428 4598 Quippe,
1450 4528 1683 4583 Paciauo
1713 4535 1852 4598 teste
1878 4542 1966 4597 ep.

377 4602 434 4669 3,
459 4604 660 4657 crebras
689 4602 1056 4671 persecutiones
1080 4602 1200 4653 irati
1226 4597 1470 4668 prinCipis
1490 4600 1786 4653 sustinebat.
1815 4597 1971 4671 Unde

376 4673 659 4730 calumnia:
692 4670 1087 4727 convincuntur
1114 4672 1229 4739 eius
1258 4671 1459 4733 aemuli,
1511 4672 1601 4740 qui
1632 4685 1757 4725 eum
1806 4670 1972 4727 libelli

378 4744 501 4801 labe
542 4745 962 4799 contaminatum
990 4741 1322 4797 dictitabant.
1366 4742 1673 4797 Consum.

450 4814 520 4871 Et
548 4815 798 4871 timorem.
835 4815 970 4870 Vide
1006 4812 1359 4884 appendicem
1401 4815 1834 4868 Observationum
1879 4813 1973 4868 Ri-

377 4887 525 4960 galtii
568 4887 635 4942 ad
665 4887 1027 4960 Cyprianum,
1077 4884 1167 4940 ubi
1209 4894 1355 4940 reete
1396 4884 1783 4954 interpretatur
1831 4884 1975 4941 hunc

381 4957 633 5016 timorem
664 4958 938 5030 Cypriani.
969 4957 1168 5030 Bantia.

451 5030 647 5086 Passus
685 5026 777 5085 est.
823 5029 995 5100 Supra
1041 5029 1211 5097 Epist.
1253 5042 1472 5091 xxxvn,
1504 5041 1623 5097 pag.
1655 5026 1759 5100 50:
1796 5027 1976 5099 Neque

378 5103 514 5159 enim
540 5104 698 5158 virtus
723 5118 897 5156 eorum
925 5111 1013 5155 aut
1051 5099 1214 5155 honor
1253 5104 1420 5154 minor
1450 5109 1522 5153 est
1551 5114 1652 5165 quo
1680 5099 1847 5154 minus
1874 5100 1976 5169 ipsi

379 5190 578 5247 quoque
597 5174 732 5247 inter
757 5174 926 5229 beatos
953 5183 1199 5247 martyres
1227 5181 1582 5247 aggregentur.
1612 5169 1765 5247 Quod
1793 5172 1849 5225 in
1872 5172 1977 5247 illis

380 5241 504 5311 est;
534 5244 873 5301 toleraverunt
917 5241 1160 5315 quicquid
1197 5241 1416 5298 tolerare
1452 5241 1627 5315 parati
1664 5252 1727 5315 et
1757 5244 1977 5315 prompti

380 5318 608 5388 fuerunt.
643 5318 744 5385 Qui
771 5334 825 5371 se
851 5313 1113 5371 tormentis
1138 5325 1196 5388 et
1215 5316 1373 5388 morti
1390 5315 1482 5368 sub
1511 5313 1672 5388 oculis
1707 5313 1796 5388 Dei
1826 5314 1977 5388 obtu-

382 5384 473 5456 lit,
506 5384 689 5461 passus
713 5398 786 5443 est
812 5388 1052 5461 quicquid
1081 5385 1414 5461 _pa_ti_t_tolt_tit.
1448 5384 1529 5440 Ad
1572 5384 1690 5461 h:_ec
1728 5385 1844 5440 loca
1876 5387 1980 5458 Cy-

424 5405 473 5456 ι,
506 5406 689 5461 ραδδω
713 5405 786 5443 est
848 5405 1051 5457 uthuta
1095 5405 1199 5455 pau
1239 5405 1414 5440 vomu.
1448 5405 1529 5440 Λα
1572 5405 1690 5439 1Ιέεο
1728 5405 1844 5440 ioca
1876 5405 1979 5458 by-

420 5461 552 5515 riani
586 5405 915 5543 respiciebat
941 5458 1097 5543 haud
1138 5457 1301 5538 dubie
1329 5456 1588 5543 Erasmus
1617 5457 1979 5543 interpretaris

404 5546 558 5588 ocum
586 5527 707 5587 libri
735 5530 957 5600 Josephi
982 5530 1050 5584 de
1077 5530 1303 5597 imperio
1329 5529 1585 5600 rationis,
1618 5527 1707 5582 ubi
1738 5532 1817 5582 sic
1846 5529 1979 5595 legi-

382 5611 498 5658 tur:
522 5600 592 5657 Et
619 5604 664 5658 si
692 5604 800 5671 fors
826 5599 1139 5673 percipiendi
1163 5600 1377 5673 demigat
1418 5599 1740 5670 facultatem,
1776 5600 1981 5668 pertulit

382 5682 551 5729 tamen
572 5670 753 5728 cuncta
771 5670 888 5744 qua:
906 5670 1061 5727 voluit
1086 5671 1214 5743 pati.
1239 5670 1455 5744 Etenim
1479 5683 1742 5743 martyres
1766 5685 1981 5744 quoque

386 5744 743 5813 censebantur
767 5741 857 5813 qui
904 5741 1172 5813 tormenta
1217 5743 1389 5811 passi,
1438 5741 1631 5797 tamen
1662 5741 1829 5813 occisi
1873 5741 1980 5797 non

388 5811 625 5875 fuerant.
665 5811 1084 5871 Commodianus
1124 5812 1476 5869 instructione
1515 5815 1617 5869 48:
1649 5812 1819 5870 Multa
1859 5822 1980 5870 sunt

1994 4488 2048 4549 D

2078 1968 2329 2039 martyrio
2368 1985 2482 2040 quat
2499 1979 2650 2045 sunt
2676 1972 2785 2026 sine
2810 1970 3058 2045 sanguine
3083 1956 3235 2045 fuso.
3262 1971 3466 2032 Sanctus
3489 1975 3640 2036 Pauli-

2078 2054 2180 2094 nus
2212 2051 2460 2110 poemate
2490 2042 2588 2108 14,
2619 2041 2687 2098 de
2712 2041 3157 2099 sancto'Felice:

2231 2133 2495 2203 Calestem
2517 2142 2693 2203 nactus
2714 2137 2824 2203 sine
2848 2136 3099 2200 sanguine
3129 2145 3308 2203 martyr
3324 2139 3545 2203 bona-em.

2228 2196 2350 2248 Nam
2375 2198 2627 2249 confessor
2649 2200 2772 2259 obit,
2793 2196 2964 2264 pteuas
2984 2212 3087 2249 non
3133 2196 3308 2264 sponie
3326 2201 3533 2263 lucratus,

2075 2279 2144 2335 Et
2171 2281 2334 2350 paulo
2364 2293 2522 2350 post:

2230 2370 2518 2438 Martyrium
2538 2373 2650 2438 sine
2674 2371 2812 2438 εωρθ
2836 2370 3021 2438 placet,
3046 2373 3347 2438 siiprompta
3367 2374 3541 2426 ferendi

2227 2433 2467 2498 gensque
2490 2433 2717 2498 ﬁdesque
2737 2433 2849 2486 Deo
2870 2435 3052 2487 caleat.
3089 2433 3316 2487 Passura
3338 2437 3539 2489 voluntas

2227 2495 2417 2546 Suﬁici’t
2439 2502 2492 2547 et
2513 2495 2704 2548 summa
2727 2504 2807 2548 est
2824 2499 2991 2549 meriti
3016 2502 3231 2551 testatio
3254 2502 3398 2551 vocis.

2067 2600 2328 2674 Sulpitius
2362 2602 2602 2674 Severus
2633 2604 2686 2658 in
2717 2603 2944 2674 epistola
2973 2603 3041 2658 ad
3077 2606 3365 2663 Aurelium
3393 2607 3455 2663 de
3488 2617 3630 2664 sancto

2065 2673 2321 2728 Martino:
2351 2672 2490 2750 Nam
2516 2675 2631 2750 licet
2654 2677 2700 2750 ei
2732 2672 2866 2731 ratio
2892 2675 3147 2743 temporis
3194 2695 3296 2733 nim
3317 2680 3514 2750 potuerit
3531 2695 3629 2750 pra-

2066 2754 2176 2800 tare
2198 2747 2500 2817 martyrium
2514 2747 2725 2819 .Agloria
2750 2757 2919 2802 tanten
2945 2750 3201 2819 martyris
3220 2747 3326 2805 non
3340 2747 3627 2817 carebitfqta's

2067 2825 2179 2871 voto
2203 2804 2355 2887 atque
2369 2804 2646 2893 _virtutilltts
2672 2828 2719 2872 et
2742 2819 2907 2893 potuit
2933 2835 3041 2893 esse
3061 2804 3270 2893 martyr
3294 2804 3628 2893 etrcolaitJ'lie-

2070 2889 2420 2964 [onynttts‘in
2457 2889 2682 2957 cpistola
2722 2890 2788 2944 ad
2835 2889 3119 2964 Ruﬁnum,
3164 2889 3285 2960 quae
3322 2892 3625 2964 incipit:Plta

2066 2958 2231 3035 Deum
2261 2959 2502 3035 tribuere,
2531 2972 2918 3016 commemorat
2961 2958 3254 3035 κερνρεῖοο
3293 2958 3565 3035 confessam
3590 2972 3623 3018 et

2066 3031 2324 3086 voluntate
2365 3032 2478 3101 jam
2529 3044 2803 3103 martyres.
2856 3031 3181 3096 Arnulphus
3231 3031 3543 3092 Lexoviensis
3582 3038 3618 3089 in

2068 3103 2293 3178 epistola
2339 3102 2538 3178 scripta
2585 3102 2947 3159 ad’sanctum
2980 3103 3275 3178 _Thomam
3324 3107 3620 3178 archiepisco-

2070 3189 2196 3250 pum
2239 3174 2889 3250 Cantuaricnsem,__q_u:e
2922 3174 3070 3250 _edit_a
3119 3188 3207 3232 est
3246 3178 3299 3233 in
3340 3174 3505 3250 pagina
3525 3177 3620 3237 481.

2070 3244 2199 3299 tomi
2226 3245 2450 3321 secundi
2483 3244 3139 3321 Sp_icilegii_Dracheriani
3170 3258 3226 3306 et
3256 3244 3619 3321 inter'epistolss

2070 3316 2241 3371 sancti
2270 3316 2492 3371 Thomas
2536 3316 2629 3372 lib.
2661 3316 2913 3388 thpist.
2945 3318 3053 3374 85:
3087 3321 3243 3388 Licet
3282 3322 3408 3375 enim
3443 3316 3616 3375 malum

2069 3404 2226 3460 usque
2253 3388 2322 3441 ad
2350 3389 2617 3460 sanguinis
2655 3386 2959 3455 eﬂ'usionem
2996 3386 3488 3460 causa—pervenerit,
3518 3407 3615 3460 sitp-

2071 3459 2185 3533 plei
2202 3468 2368 3513 tamen
2395 3459 2594 3533 devotio
2624 3461 2858 3533 meritum
2886 3463 3170 3533 passionis.
3206 3459 3401 3520 Bswz.

2142 3528 2442 3606 Tyrannum
2471 3528 2933 3606 victumaliuﬁntis
2961 3532 3015 3588 in
3049 3536 3198 3606 psal.
3236 3551 3324 3590 XL:
3354 3534 3480 3591 Unde
3496 3530 3621 3606 sancti

2071 3611 2329 3675 martyres
2364 3603 2516 3657 etiam
2540 3603 2594 3656 in
2620 3603 2724 3657 suis
2752 3602 3073 3675 passionibus
3109 3611 3322 3663 victores
3345 3602 3621 3662 mtilemtt.’

2076 3672 2213 3748 Quia
2237 3674 2331 3727 etsi
2366 3684 2637 3748 potuerunt
2663 3672 2999 3748 corporaliter
3028 3679 3225 3748 occidi,
3242 3694 3474 3745 nunquam
3495 3688 3621 3748 tamen

2071 3743 2544 3870 animonotuerunt
2584 3743 2779 3818 frangi.
2829 3745 2919 3802 Illi
2963 3764 3082 3804 vero
3114 3743 3220 3823 qui
3244 3743 3501 3806 occidet-unt
3531 3744 3622 3800 victi

2071 3824 2206 3868 sunt.
2284 3831 2437 3870 swz.

2071 3824 2206 3868 sunt.
2238 3824 2437 3871 BALUZ.

2146 3884 2481 3965 [imitandum
2510 3888 2990 3965 uictum_.__De_ciumi
3000 3891 3368 3965 imperatorem
3383 3930 3397 3953 ,
3422 3888 3586 3965 qui‘an
3601 3914 3617 3926 -

2073 3971 2144 4011 no
2171 3956 2270 4013 251
2305 3957 2504 4033 interiit
2531 3973 2658 4033 eum
2686 3961 2797 4033 ﬁlio
2824 3961 2877 4016 in
2909 3962 3053 4018 bello
3084 3956 3231 4033 quod
3262 3956 3481 4017 adversus
3507 3957 3620 4033 [fer-

2072 4043 2162 4107 sas
2187 4029 2439 4107 gerebat,
2473 4040 2529 4087 ut
2555 4031 2742 4107 scribit
2769 4032 2994 4107 Pagius,
3024 4026 3123 4107 qui
3166 4034 3438 4107 Barouium
3459 4026 3618 4085 redar-

2071 4100 2185 4227 guit
2224 4100 2546 4156 scribentem
2586 4101 2640 4157 id
2680 4100 2930 4161 evenisse
2956 4100 3079 4162 cum
3109 4115 3362 4180 pugnaret
3386 4102 3617 4159 adversum

2123 4171 2281 4226 othos
2308 4172 2547 4227 Moesiam
2577 4182 2632 4227 et
2659 4172 2946 4227 Thraciam
2977 4176 3506 4227 iltfeslanles.BAutl.

2123 4171 2281 4226 othos
2308 4172 2547 4228 Moesiam
2577 4182 2632 4228 et
2659 4172 2946 4231 Thraciam
2976 4171 3506 4234 infestantethuu.

2072 4252 2113 4322 ζ-
2145 4241 2780 4322 Χ.βοπιηξιιηὶξᾳιίρηεηι.
2799 4246 2934 4304 Tres
2948 4263 3079 4304 mss.
3096 4249 3241 4322 angi.
3257 4245 3610 4322 autumnalem.

2072 4311 2363 4387 Cypriane,
2394 4314 2713 4371 familiarius
2767 4327 2851 4373 est
2904 4311 3379 4376 communicationis
3415 4315 3611 4387 verbum;

2073 4382 2205 4464 Quae
2230 4386 2299 4442 de
2325 4386 2579 4464 Cornelio
2603 4386 2946 4464 inhonestam
2967 4392 3199 4464 maligna
3232 4391 3410 4463 iactari
3434 4382 3616 4464 mordi-

2073 4458 2354 4529 ccbantur,
2391 4459 2442 4512 in
2465 4458 2563 4514 hac
2585 4457 2785 4528 duplici
2814 4460 3065 4518 videntur
3091 4454 3426 4520 accusatione
3459 4454 3612 4529 905i“.

2074 4528 2217 4598 quod
2251 4530 2499 4585 nimirum
2525 4540 2579 4585 et
2605 4530 2775 4586 libelli
2814 4532 2932 4588 labe
2959 4536 3260 4590 maculatus
3283 4541 3435 4597 esset,
3462 4528 3614 4584 etcum

2074 4600 2140 4655 iis
2169 4600 2259 4671 qui
2290 4601 2722 4657 sacriﬁcaverant
2749 4605 3225 4662 communicasset.
3258 4604 3522 4660 Postrema:
3540 4610 3615 4651 ait.

2078 4681 2183 4725 tem
2228 4673 2558 4745 accusationi
2600 4673 2724 4729 hinc
2757 4673 2881 4745 data
2937 4674 3038 4731 fuit
3082 4676 3313 4743 occasio,
3359 4671 3483 4745 quod
3519 4679 3615 4723 clm

2077 4744 2352 4815 nonnullis
2378 4758 2571 4815 eorum
2593 4745 2687 4815 qui
2717 4744 3055 4805 sacriﬁcasse
3092 4744 3401 4804 dicebantur
3420 4751 3617 4815 σοφω-
3710 4744 3713 4767 l

2076 4814 2296 4890 nicaret.
2329 4813 2435 4870 Sed
2467 4819 2536 4869 ab
2563 4811 2667 4870 hoc
2702 4831 2827 4872 eum
2864 4818 3089 4875 crimine
3130 4828 3318 4890 purgat
3341 4811 3612 4890 Cyprianus

2077 4884 2204 4941 dum
2236 4900 2358 4941 eum
2403 4902 2511 4941 non
2558 4889 2961 4945 communicare
3004 4884 3259 4957 ostendit:
3303 4884 3533 4943 nisi'cutn
3564 4888 3616 4957 et!

2077 4958 2167 5028 qui
2213 4957 2392 5012 audita
2435 4973 2597 5014 causa
2626 4960 2886 5016 innocens
2913 4959 3103 5018 fuisset
3140 4956 3615 5028 comprobauit!ut

2078 5019 2335 5084 Ecclesiae
2352 5029 2558 5098 iudicio
2580 5030 2648 5086 ad
2672 5033 3108 5090 communionem
3126 5019 3385 5088 admissus
3398 5019 3538 5084 esset.
3552 5019 3612 5076 111

2078 5099 2433 5174 ctquidquid
2469 5116 2567 5171 pro
2592 5101 2716 5157 ﬁdei
2741 5105 3086 5161 conl'essione
3125 5116 3312 5174 passus
3343 5108 3436 5165 est,
3460 5107 3561 5174 eum
3588 5102 3611 5144 ι

2081 5165 2246 5240 priori
2285 5165 2512 5227 crimine
2552 5174 2791 5230 alienum
2820 5175 3098 5231 evidenter
3120 5165 3454 5230 demonstrat.
3480 5165 3611 5222 Carr

2078 5258 2238 5298 nm.
2266 5272 2339 5283 -—
2371 5245 2627 5313 Quamvis
2665 5250 2830 5301 sciam
2885 5246 3164 5302 lectionem
3212 5257 3348 5299 nunc
3392 5244 3609 5313 γοοῳιρη

2079 5303 2828 5389 haberecommunicationem
2853 5331 3083 5389 eamque
3118 5315 3389 5389 lectionem

2082 5400 2203 5442 nam
2226 5386 2522 5461 ,illamqn’e
2546 5388 2838 5459 repererim
2884 5390 2936 5444 in
2978 5375 3073 5444 sex
3099 5375 3604 5461 codicibnsuantiqui}:

2081 5456 2291 5533 praetuli
2321 5452 2502 5514 tamen
2533 5452 2659 5533 eam
2678 5474 2836 5533 quam
2864 5474 3055 5515 omnes
3080 5456 3335 5533 editiones
3359 5452 3604 5533 M399}???

2081 5518 2412 5601 antiquiores
2441 5538 2498 5585 et
2521 5518 2801 5587 duodecim
2830 5541 3008 5587 vetera
3038 5518 3605 5655 exettgtlarigtlghibu}

3213 5612 3311 5655 Αισ
3420 5630 3435 5649 .

3213 5609 3435 5655 senatus.

2119 5670 2263 5747 Χες-
2273 5673 2522 5747 Quadam
2534 5674 2597 5729 de
2608 5674 2697 5729 illo
2712 5673 2994 5747 inhonesta.
3010 5672 3097 5747 Sic
3110 5672 3262 5743 vulgo
3272 5669 3401 5747 solet

2080 5743 2137 5830 in
2156 5730 2423 5830 discordia
2442 5761 2545 5801 una
2569 5761 2691 5830 pars
2711 5746 2933 5830 imputat
2950 5730 3230 5830 inhonesta

2082 5824 2144 5871 ut
2160 5818 2478 5888 patetetiam
2502 5807 2584 5875 ex'
2594 5807 2833 5891 epistolis
2849 5830 3008 5898 sum
3034 5826 3088 5875 ct
3102 5828 3221 5872 ms
3236 5807 3453 5879 scaeua}
