3730 6270
97 285 245 341 ’41?

894 258 900 263 ’
984 286 1322 349 EPISTOLA
1362 292 1429 350 x.
1464 291 1526 352 s.
1566 292 1893 354 CYPRIANI
1930 296 2025 354 AD
2063 292 2540 360 ANTONIANUM.

3275 312 3380 373 778
3421 330 3432 341 ‘

103 417 248 475 cum
275 397 535 470 episcopis,
565 401 654 470 qui
680 402 1147 478 sacrificaverunt,
1180 420 1206 449 λ
1236 414 1673 472 communicatio-

1854 418 2004 474 )miui
2045 435 2153 477 non
2183 430 2289 477 tam
2334 421 2680 492 Tropbimus,
2711 438 2871 496 quam
2901 431 3164 488 maximus
3197 431 3225 472 ιδ
3269 434 3379 491 fra-

110 512 251 567 gem
273 493 556 564 sacrilegam
591 495 906 564 miscuisse;
944 503 1039 558 sed
1064 518 1159 560 eos
1182 505 1422 573 demum,
1449 522 1677 578 quorum

118 605 281 657 causa
303 587 458 643 audita
483 595 537 642 et
578 587 884 648 innocentia
933 597 1284 667 comprobata
1327 598 1418 667 sit,
1446 600 1676 671 conjun-

120 686 268 750 ﬁisse
290 681 560 738 nobiscum.

212 772 287 835 Kl.
308 774 565 832 Nametde
588 774 904 847 Tropltimo,
934 780 1002 835 de
1032 795 1139 852 quo
1158 781 1252 837 tibi
1284 783 1445 839 scribi
1467 783 1678 841 deside-

130 873 287 940 rasti,
304 886 389 927 non
414 871 475 924 ita
502 883 589 925 res
615 878 700 925 est
729 880 788 925 ut
812 872 880 928 ad
907 883 959 929 te
988 875 1207 945 pertulit
1232 892 1421 932 rumor
1444 888 1498 933 et
1524 894 1678 934 men-

136 967 337 1028 dacium
361 964 701 1034 malignorum.
730 964 889 1032 Nam,
914 968 1054 1022 sicut
1100 980 1476 1027 antecessores
1508 972 1681 1027 nostri

140 1077 282 1132 saepe
310 1059 536 1123 fecerunt,
564 1056 882 1128 colligendis
911 1059 1164 1117 fratribus
1193 1063 1389 1119 nostris
1429 1063 1682 1119 charissi-

141 1171 258 1215 ruus
298 1153 430 1208 frater
472 1159 652 1205 noster
691 1148 980 1209 Cornelius
1023 1157 1332 1211 necessitati
1376 1157 1678 1213 succubuit.

146 1248 211 1305 Et
231 1245 441 1317 quoniam
461 1258 575 1297 cuin
606 1241 923 1315 Trcpltimo.
948 1261 1072 1314 pars
1103 1247 1335 1303 maxima
1363 1249 1533 1319 plebis
1551 1249 1680 1305 abs—

157 1347 364 1404 essent,
387 1336 629 1392 redeunte
658 1353 800 1393 nunc
846 1338 913 1393 ad
943 1338 1235 1395 Ecclesiam
1268 1340 1565 1410 TrOphimo
1587 1383 1601 1408 ,
1626 1350 1681 1397 et

154 1418 475 1492 satislacicnte‘
501 1440 552 1487 et
609 1431 925 1499 pmuitentia
979 1432 1375 1505 deprecationis
1432 1426 1676 1490 errorem

156 1528 388 1601 pristinum
411 1524 704 1590 confitente,
736 1534 793 1579 et
820 1525 1208 1581 fraternitatem
1236 1567 1250 1590 ,
1291 1543 1450 1598 quam
1502 1543 1676 1598 nuper

158 1626 453 1687 abstraxerat,
469 1634 583 1675 cum
615 1618 770 1689 plena
799 1618 1099 1676 humilitate
1119 1629 1177 1677 et
1200 1621 1567 1677 satisfactione
1588 1622 1676 1677 re-

1788 520 1926 566 trum
1959 529 2237 582 numerus,
2282 516 2370 585 qui
2400 530 2522 571 cum
2553 516 2848 586 Tmpltimo
2874 520 3074 590 fuerat,
3103 527 3374 586 admissus

1780 613 1864 661 est
1891 623 1904 659 :
1936 606 2024 676 qui
2057 622 2246 663 omnes
2277 610 2574 680 regressuri
2606 610 2673 665 ad
2704 612 2999 670 Ecclesiam
3030 633 3137 673 non
3165 632 3370 692 essent,

1782 697 1885 752 nisi
1916 712 2039 753 cum
2069 698 2362 768 Trepltimo
2383 702 2675 759 comitante
2691 705 2984 762 venissent.
3011 708 3052 762 Τ
3058 720 3263 767 ractatu
3288 729 3376 770 er-

1780 807 1848 862 go
1892 792 2004 846 illic
2048 806 2169 846 cum
2198 794 2422 865 collegis
2451 795 2697 865 plurimis
2727 798 2933 867 habito,
2967 813 3249 873 susceptus
3295 819 3379 866 est

1782 889 2131 962 Tropltimus,
2160 909 2261 965 pro
2285 911 2393 965 quo
2422 896 2794 954 satisfaciebat
2823 897 3047 956 fratrum
3080 903 3282 961 reditus
3322 918 3380 964 et

1784 984 2029 1039 restituta
2081 987 2374 1043 multorum
2410 982 2577 1044 salus.
2620 990 2710 1047 Sic
2760 999 2938 1048 tamen
2991 995 3257 1053 admissus
3298 1011 3383 1058 est

1784 1076 2132 1148 Tropbimus,
2170 1089 2227 1135 ut
2279 1080 2450 1137 laicus
2487 1085 2873 1151 communicet,
2924 1104 3056 1155 non,
3085 1092 3380 1151 secundum

1784 1169 1927 1241 quod
1956 1173 2022 1226 ad
2068 1182 2119 1227 te
2163 1172 2523 1245 malignorum
2575 1175 2771 1233 litterae
2812 1182 3171 1250 pertulerunt,
3227 1188 3383 1255 quasi

1785 1261 1960 1317 locum
2002 1263 2302 1320 sacerdotis
2336 1276 2580 1338 usurpet.

1858 1355 1971 1412 XII.
2000 1357 2106 1414 Sed
2143 1371 2195 1415 et
2226 1361 2368 1431 quod
2399 1363 2595 1433 passim
2625 1367 3026 1424 communicare
3056 1371 3377 1429 sacrificatis

1779 1446 2091 1505 Cornelium
2130 1463 2151 1490 ο
2188 1451 2284 1508 tibi
2312 1455 2615 1511 nuntiatum
2645 1459 2758 1524 est’,
2792 1458 2896 1514 hoc
2941 1460 3103 1516 etiam
3135 1463 3202 1517 de
3251 1479 3383 1533 apo-

1779 1553 2037 1601 statarum
2067 1546 2205 1602 fictis
2238 1549 2547 1605 rumoribus
2579 1552 2841 1608 nascitur.
2874 1554 3058 1626 Neque
3084 1560 3229 1613 enim
3265 1574 3385 1628 pos-

1777 1649 1902 1694 sunt
1924 1639 2144 1696 laudare
2166 1656 2263 1697 nos
2291 1643 2383 1714 qui
2411 1643 2672 1699 recedunt
2696 1641 2723 1681 ἀ
2741 1662 2769 1700 a
2799 1646 2953 1702 nobis
2978 1666 2991 1702 :
3022 1659 3114 1703 aut
3150 1666 3382 1720 exspec-

163 1724 375 1782 τῡωὶῐθν
409 1710 572 1768 “dum
611 1722 738 1768 ευιιι
781 1710 900 1783 eius
927 1727 1152 1784 Preces;
1198 1722 1252 1769 εί
1280 1714 1332 1769 in
1370 1714 1671 1770 ECCleSiam
1704 1724 1752 1784 B
1784 1742 1897 1789 tare
1936 1733 2198 1790 debemus
2224 1747 2282 1791 ut
2303 1710 2614 1806 placeamus
2634 1738 2761 1806 illis,
2790 1740 2882 1811 qui
2910 1741 3067 1797 nobis
3093 1710 3384 1815 displicen-

1319 1851 1704 1910 LECTIONES
1740 1850 2160 1923 VARIANTES.

222 1978 247 2007 ³
272 1974 612 2027 Communionem
636 1971 927 2035 sacrilegam
952 1973 1088 2035 Lam.
1116 1968 1262 2021 Ebor.
1290 1970 1401 2021 ΝΟ.
1428 1971 1473 2021 1.

208 2038 235 2075 ὸ
262 2038 341 2086 Sed
360 2045 401 2085 et
420 2049 553 2099 quam
577 2033 839 2085 maximus“
854 2033 1055 2099 Βοάεό.

198 2104 219 2131 ε
250 2096 466 2151 Cornelius
488 2099 569 2148 tibi
592 2100 843 2148 nuntiatus
869 2104 946 2147 est
970 2098 1103 2149 Lam.
1132 2096 1473 2149 Bod.5.Ebor.
1500 2099 1608 2151 ΝΟ.
1630 2100 1675 2149 1.

1803 1968 1997 2081 “iss
2021 2031 2156 2082 Lam.
2183 2030 2326 2084 Ebor.
2359 2034 2466 2085 NC.
2489 2035 2684 2088 1.304.
2707 2037 2757 2089 2.
2781 2037 2824 2089 Α
2847 2041 2988 2093 nobis
3003 2042 3137 2096 deest
3152 2045 3202 2098 in
3226 2051 3383 2104 Oxon.

1408 2204 1770 2264 VARIORUM
1805 2208 2036 2265 NOTAE.

121 2303 346 2359 adversus
369 2302 618 2359 Novatum
642 2312 696 2358 et
717 2300 1068 2356 Novutiauum
1092 2308 1146 2355 et
1166 2316 1228 2354 ex
1255 2299 1403 2355 calce
1431 2301 1691 2371 epistolze,

118 2376 406 2456 firmiliaui,
436 2376 485 2428 in
513 2391 616 2444 qua
643 2383 949 2456 adnotatum
984 2372 1421 2456 est_Cypt-ianum
1464 2389 1493 2425 a
1537 2387 1670 2456 papa

115 2447 360 2516 Stephano
383 2443 620 2502 vocatum
652 2445 812 2499 fuisse
841 2443 1303 2516 pseuduchristum
1346 2451 1401 2497 et
1441 2444 1673 2512 pseudo-

111 2513 384 2589 apostolum
432 2529 485 2573 et
530 2518 775 2589 dolosum
826 2513 1154 2589 operarium.
1190 2513 1497 2589 innumera
1548 2524 1675 2589 sunt

111 2586 334 2660 exempla
370 2589 664 2660 istiusmodi
703 2588 756 2642 in
800 2587 1152 2660 scriptoribus
1188 2586 1551 2660 historiarum.
1585 2586 1675 2641 Sic

108 2659 158 2716 in
180 2656 335 2717 libello
375 2661 587 2715 Precum
618 2658 905 2713 Marcellini
942 2669 987 2711 et
1017 2656 1252 2711 Faustini
1290 2656 1552 2711 adversus
1583 2673 1670 2725 pa~

106 2747 219 2803 μοι
245 2733 512 2803 Damasum
541 2742 594 2786 et
620 2731 672 2785 in
702 2731 927 2803 epistula
957 2728 1551 2803 concilii_Aquile_ie<t_tsis
1580 2729 1673 2783 ad-

106 2799 277 2859 versus
312 2802 614 2860 Ursicinum
637 2845 650 2866 ,
680 2802 934 2856 tumulum
978 2800 1211 2855 Damasi.
1245 2799 1395 2867 Apud
1423 2800 1674 2869 Optatum

103 2872 309 2946 legimus
331 2890 518 2930 causas
543 2874 796 2929 conlictas
820 2886 940 2946 esse
964 2881 1152 2946 contra
1172 2871 1515 2946 Caecili-anum
1544 2872 1675 2946 epi—

104 2942 303 3017 scopum
322 2946 869 3017 Carthagiuensemut
889 2943 1073 3017 vitiosa
1098 2942 1217 3017 ejus
1233 2942 1508 3017 ordinatio
1525 2943 1674 2999 dicc-

102 3014 254 3074 retur.
288 3014 651 3074 Necesse'non
680 3026 764 3072 est
801 3015 879 3069 ire
923 3030 1017 3084 per
1058 3014 1309 3069 historias
1333 3018 1671 3084 sequentium

107 3098 405 3160 temporum.
440 3089 571 3143 Vide
603 3098 777 3142 tamen
810 3085 1214 3160 Notasutorslras
1242 3087 1306 3160 a_d
1340 3086 1475 3141 vitas
1507 3102 1671 3157 papa-

103 3157 216 3217 rani
233 3161 681 3217 Areuioneusium
703 3201 719 3225 ,
753 3174 872 3227 pag.
904 3157 1041 3221 702,
1070 3157 1229 3213 1259.
1263 3157 1458 3212 ΒΔιυΖ.

166 3230 586 3287 Communiouem.
619 3231 871 3299 Quamvis
911 3229 1075 3283 sciam
1106 3229 1386 3283 lectionem
1420 3244 1562 3284 nunc
1588 3245 1677 3286 re-

97 3314 288 3373 captam
331 3304 529 3359 habere
568 3301 1105 3373 communicationem,
1135 3300 1673 3373 eantquelectionem

98 3371 211 3431 csSe
233 3377 414 3431 bonam
433 3418 448 3441 ,
478 3375 733 3444 illamque
757 3372 1050 3442 repereritu
1079 3372 1131 3425 in
1161 3388 1255 3426 sex
1282 3371 1555 3444 codicibus
1580 3388 1676 3428 an-

99 3446 272 3517 tiquis,
296 3445 498 3515 praetuli
524 3442 707 3501 tamen
728 3461 845 3501 eam
868 3459 1028 3517 quam
1054 3458 1244 3497 omnes
1271 3442 1674 3517 editioneshla-

94 3514 651 3588 nutiana’antiquiures
693 3527 749 3574 et
789 3515 1074 3572 duodecim
1117 3524 1301 3570 vetera
1341 3514 1674 3584 exemplaria

96 3587 355 3646 exhibent.
392 3587 588 3645 Bswz.

162 3658 242 3717 XI.
276 3661 352 3716 De
372 3661 676 3731 Tropuimo.
718 3659 865 3717 Inter
899 3658 1145 3724 exempla
1180 3656 1372 3731 quibus
1395 3657 1672 3713 Novatiaui

96 3733 335 3788 satellites
361 3730 668 3788 Cornelium
697 3747 820 3786 cum
850 3732 915 3786 iis
936 3773 950 3797 ,
981 3730 1071 3802 qui
1095 3730 1560 3802 sacriIiCaveraut,
1584 3745 1672 3785 sa-

94 3803 328 3875 erilegam
357 3803 901 3875 communicationem
950 3802 1229 3875 miseriisse
1257 3801 1669 3870 persuaderent,

88 3873 575 3946 ﬂhtdfprofercbaut
602 3874 901 3943 Tmphimi.
944 3874 1097 3929 Unde
1137 3876 1399 3946 sequitur,
1432 3883 1490 3927 ut
1528 3881 1674 3946 stare

90 3960 193 4001 non
216 3944 381 4018 possit
413 3946 607 4002 Valesii
639 3958 751 4001 uot.
779 3945 832 4001 in
867 3946 1060 4001 Euseb.
1086 3987 1101 4011 ,
1139 3959 1256 4013 pag.
1286 3944 1424 4018 155,
1453 3944 1669 4014 opinio,

91 4016 315 4086 quacum
335 4020 613 4073 Novatiaui
637 4018 1029 4086 ordinatorem,
1056 4019 1145 4087 qui
1169 4057 1183 4081 ,
1219 4016 1529 4085 pteuitentia
1554 4033 1673 4087 uzof

94 4092 271 4171 εῠρνιά
300 4089 610 4171 Cornelium
634 4089 819 4171 rediit,
851 4102 904 4171 et
935 4103 1057 4144 cum
1078 4086 1267 4171 populi
1299 4087 1567 4171 v'pluntlute
1605 4086 1671 4139 ad

88 4154 263 4219 licam
276 4163 713 4219 communionem
733 4154 999 4217 admissus
1021 4154 1124 4227 est,
1156 4154 1299 4213 hunc
1321 4157 1670 4228 Trophimum

269 4246 440 4306 putat.
479 4233 785 4290 COUSTANT.

156 4300 489 4361 cnnamum;
528 4310 687 4377 frater
726 4312 918 4377 noster.
945 4302 1226 4377 Editioncs
1257 4300 1517 4377 vulgatae,
1551 4314 1672 4369 quae

91 4388 405 4449 mmihi.
430 4393 495 4432 ex
526 4371 798 4432 Erasmiea
819 4417 831 4440 ,
856 4372 1370 4449 addutttCornelius.
1415 4371 1670 4449 sedcum

90 4443 323 4504 Curiatii
359 4464 550 4504 nomen
593 4464 699 4504 non
733 4448 1035 4503 invenerim
1069 4446 1121 4499 in
1154 4443 1389 4511 antiquis
1417 4444 1667 4496 editioni-

1777 2303 2161 2386 prianinlgpist.
2189 2320 2294 2386 Ltt_,
2334 2305 2448 2361 sive
2490 2306 2541 2360 in
2586 2323 2773 2386 cxvii,
2806 2309 2873 2386 ad
2917 2310 3253 2380 Stephanum
3291 2331 3386 2386 pa-

1776 2389 1919 2444 pam.
1952 2375 2035 2429 Cf.
2076 2376 2349 2431 illéutoires
2406 2394 2537 2445 pour
2564 2380 2725 2432 set-vir
2752 2381 2783 2432 r‘t
2815 2382 2973 2436 l’htst.
3004 2375 3068 2437 de
3090 2375 3381 2445 [intrati-uc.

1775 2449 1847 2525 du
1875 2445 2064 2525 Cur-ist.
2097 2447 2230 2525 dans
2257 2448 2329 2525 (es
2353 2446 2564 2525 Cautes,
2595 2464 2692 2519 par
2720 2450 2868 2525 M_.le
2895 2469 3132 2525 marquts
3158 2458 3227 2514 de
3254 2459 3387 2516 For-

1777 2518 1849 2602 tis
1890 2516 2160 2581 d’Urhau;
2199 2518 2350 2602 Paris
2371 2563 2385 2581 ,
2419 2516 2919 2602 183§,_|}ag.§l_et
2946 2516 3382 2602 563—Gregor.

1777 2588 1983 2676 ΤμιιιθοηΖ
2014 2605 2135 2676 app.
2171 2590 2499 2676 edit..notta;
2526 2588 2717 2676 Paris:
2752 2594 2920 2663 1837,
2968 2606 3099 2676 tum:
3146 2618 3214 2676 Iv,
3262 2588 3382 2676 pag.

1778 2660 1882 2736 ᾆδ’]
1904 2676 1924 2736 ;_
1949 2660 2172 2736 Annales
2202 2662 2270 2736 du
2306 2661 2557 2736 Huiuaut,
2588 2672 2719 2718 l0lll.
2744 2682 2812 2720 vu
2833 2709 2846 2732 ,
2879 2660 2999 2736 pag.
3022 2669 3126 2734 97;
3160 2660 3386 2732 Aittiales

1778 2730 1842 2783 de
1865 2732 2190 2809 philosopltie
2219 2734 2664 2809 clirétienne_tom.
2710 2730 2841 2809 XVAII,
3026 2730 3209 2799 7.1'l9.
3245 2730 3380 2804 Eon.

1852 2801 2162 2856 Necessitati
2189 2805 2471 2858 succubuit.
2504 2805 2561 2859 In
2599 2822 2729 2861 tuss.
2758 2801 2902 2863 (Ιοιῦ
2943 2801 3001 2864 ’ὁι
3028 2810 3184 2868 Colb.
3228 2826 3286 2870 ut
3330 2801 3386 2873 in

1778 2873 1970 2954 priscis
1991 2874 2121 2954 edit.
2145 2877 2460 2954 necessitate.
2485 2876 2602 2930 Jam
2627 2878 2945 2954 Cyprianus,
2973 2898 3131 2952 supra
3160 2902 3211 2939 ιι.
3241 2888 3295 2954 6,
3326 2904 3387 2943 sc

1776 2946 1892 3014 ipse
1923 2947 2521 3027 necessitatidentporttm
2550 2946 2873 3027 succubuisse
2902 2946 3056 3027 dixit.
3089 2946 3385 3027 Utroltique

1776 3027 1957 3091 autem
1984 3017 2269 3091 succubuit,
2313 3020 2362 3072 id
2387 3030 2471 3074 est
2509 3020 2654 3089 quod
2680 3022 3086 3091 obsecundavit,
3138 3017 3382 3086 nonnihil

1781 3089 1899 3170 scil.
1934 3105 1962 3140 a
1989 3089 2170 3170 rigore
2196 3090 2499 3170 disciplittm
2524 3093 2869 3170 remittendo,
2899 3105 3055 3170 prout
3077 3089 3387 3170 colligenda:

1783 3160 2120 3232 fraternitatis
2150 3161 2346 3232 utilitas
2378 3161 2634 3232 exigebat,
2679 3171 2736 3218 ut
2766 3164 2816 3219 in
2847 3160 3063 3222 laudato
3089 3160 3315 3229 numnero
3345 3174 3379 3228 6

1779 3230 2106 3286 declaratur.
2159 3230 2466 3288 Cous'rau'r.

1853 3302 2138 3357 Contitante
2217 3305 2493 3359 venissent.
2570 3304 2806 3360 Verbum
2870 3311 3138 3366 ‘venisseut
3199 3329 3228 3369 a
3276 3330 3377 3373 ms.

1777 3372 1941 3429 Corb.
1974 3376 2147 3436 abest.
2179 3375 2387 3443 integra
2428 3378 2714 3432 sententia.
2760 3377 2904 3433 Nihil
2949 3381 3049 3437 hac
3095 3387 3379 3444 occasione

1779 3446 1887 3517 egit
1919 3445 2222 3509 Cornelius,
2267 3448 2365 3502 nisi
2395 3448 2539 3517 quod
2572 3460 2625 3502 et
2651 3458 2810 3504 antea
2838 3451 2892 3504 iu
2930 3452 3170 3510 Ecclesta
3199 3472 3378 3514 actum

1778 3528 1873 3571 aut
1923 3527 2070 3571 certe
2104 3517 2385 3585 probatum
2428 3529 2527 3573 est.
2565 3519 2696 3573 Nam
2739 3521 3071 3579 Tertulliano
3109 3536 3244 3583 teste
3278 3530 3375 3585 lib.

1778 3588 1846 3668 de
1867 3587 2203 3668 Ριηεδειεὶρι.2
2226 3604 2276 3643 ε.
2305 3588 2395 3653 50,
2419 3589 2694 3668 Marcium.
2719 3606 2813 3647 seu
2835 3594 3082 3668 Cerdoni,
3111 3601 3378 3668 pceuitcth

1779 3660 1904 3714 tiam
1928 3660 2206 3715 confitenti
2234 3676 2335 3734 pax
2362 3676 2425 3734 ea
2446 3662 2749 3716 conditione
2779 3667 3041 3732 promissa
3073 3660 3172 3734 est,
3207 3674 3251 3723 si
3280 3689 3377 3727 ca:-

1778 3740 1932 3803 teros,
1981 3748 2109 3797 quos
2153 3733 2428 3803 perditioni
2474 3734 2746 3798 erudisset,
2781 3734 3027 3792 Ecclesia?
3068 3733 3376 3798 restitueret.

1778 3802 2090 3881 Cujusmotli
2142 3802 2490 3881 remissionis
2532 3806 2875 3881 Augustinus
2910 3809 3068 3877 epist.
3113 3813 3240 3867 olim
3286 3815 3379 3881 50,

1776 3890 1921 3929 nunc
1960 3874 2085 3939 185,
2127 3890 2174 3930 ε.
2216 3875 2301 3940 10,
2338 3892 2391 3929 n.
2419 3875 2513 3939 45,
2561 3874 2699 3931 hanc
2732 3879 2905 3932 reddit
2936 3874 3196 3936 rationem
3230 3902 3241 3936 :
3277 3874 3376 3937 Coi

1777 3957 1908 4020 gunt
1944 3945 2379 4020 multas__inveuire
2409 3946 2685 4020 medicinas
2702 3950 2985 4020 multorum
3027 3956 3375 4020 experimenta

1777 4016 2086 4092 inorborum.
2114 4016 2315 4092 Δνενιιηι
2338 4018 2393 4092 in
2436 4018 2730 4088 Itujusutodi
2749 4021 2958 4084 causis,
3003 4016 3102 4074 ubi'
3132 4040 3221 4090 per
3245 4043 3375 4092 gra-

1776 4103 1858 4142 ves
1908 4088 2280 4159 dissensionum
2321 4083 2571 4142 scissuras
2601 4106 2702 4143 non
2741 4092 2894 4159 hujus
2921 4083 3009 4144 aut
3037 4083 3176 4147 illius
3203 4083 3373 4151 homi-

1776 4161 1855 4214 nis
1881 4170 1953 4213 est
1986 4158 2285 4231 periculum,
2306 4159 2407 4231 sed
2430 4160 2734 4231 populorum
2760 4158 2952 4230 strages
2977 4161 3171 4231 iacent,
3202 4168 3372 4222 detra-

1775 4231 2000 4285 hendum
2040 4240 2111 4282 est
2153 4229 2350 4298 aliquid
2380 4230 2655 4292 seueritati,
2699 4243 2768 4301 ut
2784 4229 3063 4301 majoribus
3102 4236 3253 4291 malis
3290 4255 3373 4292 sa-

1778 4303 1962 4355 nandis
1983 4301 2169 4353 caritas
2189 4300 2385 4353 sincera
2414 4300 2693 4371 subveniat.
2723 4299 2871 4354 Nam
2888 4302 2968 4371 pia
2996 4314 3166 4358 mater
3190 4307 3370 4366 Eccle-

1775 4374 1875 4438 sia,
1912 4371 2138 4424 filiorum
2169 4384 2389 4441 suorum
2412 4369 2637 4426 salutem
2663 4372 2816 4424 unice
2834 4369 3078 4441 cupiens,
3102 4375 3223 4432 ideo
3245 4387 3367 4434 tan-

1776 4452 1887 4498 tum
1916 4442 2203 4496 severitate
2233 4440 2399 4494 utitur
2424 4456 2548 4512 erga
2595 4440 2917 4502 nonnullos.
2941 4460 3006 4497 uc
3037 4446 3368 4511 veni-mmet-

84 4513 223 4588 ικβ,
252 4518 389 4574 desit
410 4533 589 4576 autem
621 4522 782 4575 etiam
817 4520 868 4572 in
902 4516 1172 4571 sexdecim
1203 4515 1480 4569 codicibus
1519 4514 1660 4588 auti-
1690 4520 1742 4579 D
1770 4516 1923 4588 litate
1951 4513 2137 4583 perdat
2171 4512 2386 4588 multus.
2422 4511 3066 4588 Ulliigituriudulgeutia
3103 4521 3365 4587 plurimo-

86 4588 233 4657 φύε.
266 4591 562 4647 existimavi
592 4593 969 4646 auctoritatem
1002 4596 1080 4642 tot
1108 4596 1353 4642 veterum
1384 4587 1661 4657 esetupla-

260 4663 552 4732 prazvalere
591 4662 792 4718 debere
831 4662 1090 4715 adversus
1128 4673 1391 4732 errorem.
1423 4654 1663 4712 Cornelii

152 4800 163 4809 _
313 4750 505 4790 nomen
546 4750 651 4790 non
695 4733 874 4788 iuveni
905 4733 958 4786 in
991 4732 1101 4784 ullo
1134 4731 1301 4784 veteri
1336 4729 1472 4783 libro
1501 4744 1660 4799 quam

240 4806 253 4818 '
287 4807 426 4862 iano.
468 4806 651 4877 Itaque
692 4805 821 4860 illud
841 4847 854 4869 ,
886 4819 1009 4859 cum
1041 4816 1145 4855 non
1175 4802 1414 4855 dubitem
1446 4815 1565 4856 esse
1595 4816 1660 4855 ex

254 4936 263 4941 _
312 4889 433 4942 ate,
476 4878 688 4934 sustuli.
741 4877 929 4931 Fuisse
975 4884 1157 4928 autem
1200 4872 1551 4941 Tropliimum
1596 4888 1660 4927 ex

128 5016 137 5019 _
174 5016 187 5019 _
257 4947 494 5004 Romano
522 4950 686 5019 liquet
710 4964 773 5003 ex
805 4947 958 5003 initio
984 4943 1431 5019 istiusepistolm.
1452 4943 1527 5019 Es
1557 4958 1660 5014 quo

240 4806 426 4877 igiano.
468 4806 651 4877 Itaque
692 4805 821 4860 illud
841 4847 854 4869 ,
886 4819 1009 4859 cum
1041 4816 1145 4855 non
1175 4802 1414 4877 dubitem
1446 4815 1565 4856 esse
1595 4816 1663 4855 ex

254 4872 433 4942 ﬁnale,
476 4872 688 4934 sustuli.
741 4877 929 4931 Fuisse
975 4884 1157 4928 autem
1200 4872 1551 4941 Tropliimum
1596 4888 1662 4927 ex

128 4943 494 5021 @Romauo
522 4950 686 5019 liquet
710 4964 773 5003 ex
805 4947 958 5003 initio
982 4943 1431 5021 istius_epistol:e._
1452 4943 1527 5021 id}
1557 4958 1664 5014 quo

303 5023 384 5075 rio
414 5013 759 5091 consequitur
785 5023 885 5073 ista
915 5016 1193 5072 referenda
1212 5030 1343 5091 esse
1370 5015 1435 5068 ad
1463 5013 1667 5091 Corne-

202 5098 255 5162 ᾗ.
279 5094 521 5162 quamvis
562 5086 756 5147 nomen
788 5093 908 5159 ejus
938 5088 1424 5162 uou_ex_primatur.
1462 5086 1660 5141 Bawz.

82 5158 449 5231 δὲιεπιινίδεε
478 5164 635 5218 simul
666 5158 937 5217 Valesium
970 5172 1022 5215 ct
1051 5158 1359 5231 Baluzium,
1392 5173 1515 5231 cum
1545 5168 1665 5212 tan-

88 5229 263 5305 Ψ
309 5237 542 5290 virorum
592 5250 744 5304 pace,
770 5232 1096 5295 dixerimus,
1150 5229 1283 5305 dum
1326 5230 1376 5283 in
1426 5229 1669 5305 diversas

361 5308 477 5361 vias
495 5348 523 5385 ._
547 5298 608 5361 iri
620 5320 709 5385 _eo
731 5298 1093 5385 convenerint
1133 5311 1191 5354 ut
1231 5301 1388 5385 .cler‘o
1417 5301 1670 5385 Eotnano

1768 4603 1886 4642 rum
1916 4586 2121 4638 lucrum
2159 4583 2261 4638 sibi
2288 4583 2469 4638 oll‘erri
2501 4583 2664 4650 videt,
2714 4586 2816 4640 hac
2843 4602 2938 4641 eos
2964 4583 3170 4646 ratione
3207 4594 3272 4646 ad
3305 4608 3366 4649 se

1763 4658 1985 4733 allicere
2030 4670 2249 4724 prorsus
2280 4671 2393 4733 non
2413 4654 2641 4733 dubitat.
2683 4657 2945 4733 Quocirca
2974 4659 3038 4715 iis
3069 4663 3159 4733 qui
3188 4664 3365 4720 multi-

1767 4730 2002 4785 tudinem
2030 4742 2213 4782 secum
2254 4726 2318 4781 ad
2356 4726 2646 4782 Ecclesiam
2680 4730 2981 4796 reducunt,
3010 4726 3170 4787 etiam
3197 4737 3364 4789 honu-

1764 4816 1853 4856 res
1876 4797 2921 4873 suos_servaudos_judricavitiAfricana
2965 4803 3225 4859 Ecclesia.
3264 4806 3364 4862 Ubi

1762 4873 1908 4928 enim
1931 4869 2053 4927 cod.
2079 4885 2199 4925 can.
2226 4869 2371 4925 Eccl.
2400 4871 2538 4935 Afr.,
2560 4887 2609 4925 c.
2634 4872 2722 4937 68,
2753 4869 2956 4934 statuit,
2984 4884 3036 4925 ut
3061 4875 3284 4930 ordinati
3310 4879 3365 4932 in

1766 4955 1911 5017 parte
1941 4943 2161 5008 Donati,
2191 4943 2235 5017 si
2252 4943 2329 5017 ad
2360 4940 2673 5017 Catholicam
2701 4945 2913 5017 correcti
2948 4948 3166 5000 transire
3193 4950 3366 5003 volue—

1766 5014 1892 5075 rint.
1936 5032 2039 5069 non
2068 5014 2415 5088 suscipiantur
2445 5014 2495 5066 in
2526 5014 2804 5088 honoribus
2816 5016 2952 5088 suis,
2985 5018 3164 5088 statim
3212 5019 3361 5088 adje-

1768 5088 1870 5149 cit,
1900 5087 1989 5140 sed
2014 5087 2234 5154 exceptis
2260 5085 2338 5137 his
2366 5100 2457 5151 per
2480 5101 2606 5154 quos
2633 5085 2898 5140 catholica:
2926 5087 3108 5140 unitati
3132 5085 3362 5145 consuli-

1771 5168 1871 5219 tur.
1901 5158 2002 5212 hoc
2032 5166 2114 5211 est
2140 5173 2228 5225 per
2257 5172 2379 5223 quos
2423 5156 2501 5209 vel
2528 5157 2664 5209 omni
2694 5157 2842 5210 modo
2871 5158 3067 5226 perlici.
3096 5161 3174 5212 vel
3211 5162 3364 5222 adiu-

1769 5230 1879 5283 vari
1924 5229 2207 5353 mamIestis
2231 5231 2573 5296 fraternarum
2602 5228 2891 5281 animarum
2928 5230 3083 5284 lucris
3111 5233 3365 5288 catholica

1772 5302 1941 5353 unitas
1983 5302 2034 5352 in
2082 5298 2206 5353 ocis.
2238 5300 2290 5352 in
2333 5301 2512 5353 auibus
2538 5297 2747 5353 deauut.
2776 5300 2883 5353 visa
2920 5303 3088 5353 fuerit.
3124 5303 3246 5353 llaec
3270 5307 3365 5353 igi.

1772 5302 1941 5355 unitas
1966 5302 2034 5373 in
2061 5297 2206 5373 locis,
2238 5300 2290 5352 in
2333 5301 2512 5373 quibus
2538 5297 2747 5369 degunt,
2776 5300 2883 5373 visa
2918 5303 3088 5370 fuerit.
3124 5303 3246 5358 llaac
3270 5307 3370 5373 igi-

1775 5383 1861 5426 tttr
1887 5371 2096 5425 unitatis
2123 5370 2490 5438 compensatio,
2518 5378 2574 5423 ut
2598 5385 2721 5424 cum
2762 5371 2950 5425 eadem
2980 5373 3203 5427 ecclesia
3230 5370 3359 5431 ibid.

1773 5443 1982 5513 loquar.
2012 5457 2113 5494 una
2140 5440 2392 5496 Cornelio
2415 5458 2575 5496 causa
2595 5441 2712 5510 fuit,
2741 5457 2839 5513 cur
2861 5442 3154 5511 Trophimo
3180 5462 3364 5513 pacom

1774 5523 1829 5569 et
1849 5512 2279 5569 Commuuioucm
2299 5513 2596 5567 concedere
2616 5529 2719 5566 non
2743 5512 3001 5568 differret.
3026 5514 3100 5568 ιω
3125 5532 3261 5572 unus
3280 5517 3366 5572 di-

338 5393 427 5433 um
455 5378 863 5449 adscripseriut.
896 5373 1127 5430 Attentis
1157 5373 1301 5449 enim
1414 5370 1670 5449 Cypriani

275 5451 317 5507 is
359 5462 471 5504 tum
519 5449 585 5503 ad
629 5444 1027 5508 Antonianum,
1073 5454 1182 5499 tum
1226 5444 1292 5497 ad
1337 5444 1670 5510 Stephanum

150 5368 175 5385 Ἰ
338 5393 427 5433 um
455 5378 863 5449 adscripseriut.
896 5373 1127 5430 Attentis
1157 5373 1301 5427 enim
1326 5372 1386 5427 S.
1414 5370 1670 5443 Cypriani

206 5514 217 5521 _
275 5451 317 5507 ’β
359 5462 471 5504 tum
519 5449 585 5503 ad
629 5449 1027 5508 Antonianum,
1073 5454 1182 5499 tum
1226 5444 1292 5497 ad
1337 5444 1670 5510 Stephanum

256 5582 265 5589 ,
309 5519 526 5595 (Epist.
559 5537 739 5586 vau,
771 5521 854 5574 ed.
883 5516 1122 5586 Batus),
1153 5517 1385 5570 asseruit
1415 5531 1478 5569 ac
1506 5515 1673 5581 probe

48 5582 97 5639 ά
291 5592 349 5650 in
389 5597 594 5649 recenti
626 5592 1005 5647 di~sertatione
1036 5587 1278 5643 eruditus
1313 5586 1527 5651 quidam
1572 5584 1671 5639 ho-

291 5584 349 5650 iit
389 5584 594 5649 recenti
626 5584 1005 5647 di~sertatione
1036 5584 1278 5643 eruditus
1313 5586 1527 5655 quidam
1572 5584 1671 5639 ho-

33 5654 332 5732 δίδως,
361 5664 505 5721 haud
549 5664 721 5718 ultimi
763 5661 1007 5718 subsellii
1047 5659 1148 5726 vir,
1178 5654 1444 5728 dupliCcm
1476 5656 1673 5732 diSlitt-

27 5728 343 5806 Sugitur
363 5750 487 5793 esse
507 5734 861 5806 Trophimutn
882 5733 1280 5792 Arelatensem.
1332 5744 1495 5806 unum
1526 5728 1673 5797 Apo-

27 5791 259 5878 ξιοεξ
275 5791 504 5865 auem".
531 5806 589 5863 ε,
621 5791 891 5878 Cypriani»
918 5817 1182 5878 coievum,
1217 5791 1676 5878 posterioretnque

32 5871 326 5937 tmen
365 5879 543 5949 ipsum
581 5871 717 5933 esse
742 5879 809 5932 de
848 5891 958 5946 quo
986 5873 1160 5945 agitur
1194 5871 1305 5931 sive
1348 5874 1398 5929 in
1440 5872 1539 5927 hac
1566 5871 1675 5943 Cy-

334 5971 615 6038 Prrnon.
664 5969 772 6032 lll.

1773 5587 1949 5641 versis
1980 5586 2029 5638 in
2058 5584 2269 5655 seculis
2297 5584 2535 5639 cernitur
2564 5584 2819 5639 Ecclesiae
2849 5584 3099 5654 Spiritus,
3123 5591 3368 5655 quamvis

1775 5656 1895 5711 aliis
1941 5666 2101 5726 atque
2129 5654 2247 5709 aliis
2287 5670 2382 5723 pro
2419 5665 2720 5726 temporum
2764 5655 3074 5712 diversitate
3113 5654 3366 5714 remediis

1778 5738 1978 5783 utatur.
2022 5727 2247 5795 Semper
2270 5727 2529 5798 cujusque
2569 5726 2795 5798 membri
2825 5727 3037 5781 sanitati
3066 5728 3143 5783 sic
3175 5745 3370 5784 consu-

1779 5799 1895 5864 luit,
1939 5808 1994 5853 ut
2027 5798 2187 5852 totius
2213 5798 2454 5869 corporis
2482 5798 2563 5851 sui
2599 5797 2810 5866 unitati,
2838 5813 2904 5854 ex
2923 5815 3025 5869 qua
3052 5801 3199 5857 salus
3228 5802 3369 5860 illius

1781 5870 1994 5943 pendet,
2029 5871 2378 5942 prospiceret.
2419 5869 2727 5928 Cousrssr.
