  <div class='ocr_page' id='page_1' title='image "/cluster/home/n/w/nwhite01/storage/ocr_20150623/3/uva.x000669812/446.png"; bbox 0 0 3782 6280; ppageno 0'>
   <div class='ocr_carea' id='block_1_1' title="bbox 301 337 390 395">
    <p class='ocr_par' dir='ltr' id='par_1_1' title="bbox 301 337 390 395">
     <span class='ocr_line' id='line_1_1' title="bbox 301 337 390 395; baseline -0.011 0"><span class='ocrx_word' id='word_1_1' title='bbox 301 337 390 395; x_wconf 76' lang='lat'><strong>789</strong></span> 
     </span>
    </p>
   </div>
   <div class='ocr_carea' id='block_1_2' title="bbox 1151 318 2717 391">
    <p class='ocr_par' dir='ltr' id='par_1_2' title="bbox 1151 318 2717 391">
     <span class='ocr_line' id='line_1_2' title="bbox 1151 318 2717 391; baseline 0.002 -5"><span class='ocrx_word' id='word_1_2' title='bbox 1151 325 1482 387; x_wconf 67' lang='lat' dir='ltr'><strong>EPlSTDLA</strong></span> <span class='ocrx_word' id='word_1_3' title='bbox 1516 325 1585 382; x_wconf 76' lang='grc' dir='ltr'><strong>Χ.</strong></span> <span class='ocrx_word' id='word_1_4' title='bbox 1626 324 1687 381; x_wconf 84' lang='lat' dir='ltr'><strong>S.</strong></span> <span class='ocrx_word' id='word_1_5' title='bbox 1727 318 2057 381; x_wconf 70' lang='lat' dir='ltr'><strong>CYPRIANI</strong></span> <span class='ocrx_word' id='word_1_6' title='bbox 2108 327 2200 383; x_wconf 72' lang='lat' dir='ltr'><strong>Al)</strong></span> <span class='ocrx_word' id='word_1_7' title='bbox 2239 327 2717 391; x_wconf 78' lang='lat' dir='ltr'><strong>ANTONIANUM.</strong></span> 
     </span>
    </p>
   </div>
   <div class='ocr_carea' id='block_1_3' title="bbox 3421 340 3528 398">
    <p class='ocr_par' dir='ltr' id='par_1_3' title="bbox 3421 340 3528 398">
     <span class='ocr_line' id='line_1_3' title="bbox 3421 340 3528 398; baseline 0.019 -2"><span class='ocrx_word' id='word_1_8' title='bbox 3421 340 3528 398; x_wconf 69' lang='lat'><strong>790</strong></span> 
     </span>
    </p>
   </div>
   <div class='ocr_carea' id='block_1_4' title="bbox 288 439 3541 525">
    <p class='ocr_par' dir='ltr' id='par_1_4' title="bbox 288 439 3541 525">
     <span class='ocr_line' id='line_1_4' title="bbox 288 439 3541 525; baseline 0.002 -19"><span class='ocrx_word' id='word_1_9' title='bbox 288 454 375 512; x_wconf 84' lang='lat' dir='ltr'><strong>mis</strong></span> <span class='ocrx_word' id='word_1_10' title='bbox 406 450 553 508; x_wconf 80' lang='lat' dir='ltr'><strong>etiam</strong></span> <span class='ocrx_word' id='word_1_11' title='bbox 596 445 816 520; x_wconf 77' lang='lat' dir='ltr'><strong>legimus</strong></span> <span class='ocrx_word' id='word_1_12' title='bbox 841 458 1122 503; x_wconf 74' lang='lat' dir='ltr'><strong>censuram</strong></span> <span class='ocrx_word' id='word_1_13' title='bbox 1150 443 1358 517; x_wconf 86' lang='lat' dir='ltr'><strong>pariter</strong></span> <span class='ocrx_word' id='word_1_14' title='bbox 1400 449 1458 497; x_wconf 89' lang='lat' dir='ltr'><strong>et</strong></span> <span class='ocrx_word' id='word_1_15' title='bbox 1482 439 1825 497; x_wconf 84' lang='lat' dir='ltr'><strong>clementiam</strong></span> <span class='ocrx_word' id='word_1_16' title='bbox 1853 442 1908 503; x_wconf 77' lang='grc' dir='ltr'><strong>Δ</strong></span> <span class='ocrx_word' id='word_1_17' title='bbox 1931 442 2016 497; x_wconf 88' lang='lat' dir='ltr'><strong>nis</strong></span> <span class='ocrx_word' id='word_1_18' title='bbox 2033 451 2089 498; x_wconf 89' lang='lat' dir='ltr'><strong>et</strong></span> <span class='ocrx_word' id='word_1_19' title='bbox 2119 445 2291 515; x_wconf 81' lang='lat' dir='ltr'><strong>pacis,</strong></span> <span class='ocrx_word' id='word_1_20' title='bbox 2320 448 2364 503; x_wconf 89' lang='lat' dir='ltr'><strong>si</strong></span> <span class='ocrx_word' id='word_1_21' title='bbox 2393 449 2446 503; x_wconf 88' lang='lat' dir='ltr'><strong>in</strong></span> <span class='ocrx_word' id='word_1_22' title='bbox 2463 449 2781 506; x_wconf 82' lang='lat' dir='ltr'><strong>infirmitate</strong></span> <span class='ocrx_word' id='word_1_23' title='bbox 2812 457 2974 523; x_wconf 89' lang='lat' dir='ltr'><strong>atque</strong></span> <span class='ocrx_word' id='word_1_24' title='bbox 3005 450 3057 507; x_wconf 87' lang='lat' dir='ltr'><strong>in</strong></span> <span class='ocrx_word' id='word_1_25' title='bbox 3085 450 3327 523; x_wconf 89' lang='lat' dir='ltr'><strong>periculo</strong></span> <span class='ocrx_word' id='word_1_26' title='bbox 3353 467 3541 525; x_wconf 73' lang='lat' dir='ltr'><strong>cmpe-</strong></span> 
     </span>
    </p>
   </div>
   <div class='ocr_carea' id='block_1_5' title="bbox 286 533 1832 610">
    <p class='ocr_par' dir='ltr' id='par_1_5' title="bbox 286 533 1832 610">
     <span class='ocr_line' id='line_1_5' title="bbox 286 533 1832 610; baseline -0.01 -8"><span class='ocrx_word' id='word_1_27' title='bbox 286 546 363 602; x_wconf 86' lang='lat' dir='ltr'><strong>Dei</strong></span> <span class='ocrx_word' id='word_1_28' title='bbox 386 541 741 601; x_wconf 76' lang='lat' dir='ltr'><strong>comminantis</strong></span> <span class='ocrx_word' id='word_1_29' title='bbox 762 540 920 596; x_wconf 85' lang='lat' dir='ltr'><strong>simul</strong></span> <span class='ocrx_word' id='word_1_30' title='bbox 947 548 1111 610; x_wconf 81' lang='lat' dir='ltr'><strong>alque</strong></span> <span class='ocrx_word' id='word_1_31' title='bbox 1138 536 1430 608; x_wconf 87' lang='lat' dir='ltr'><strong>parcentis,</strong></span> <span class='ocrx_word' id='word_1_32' title='bbox 1480 533 1753 605; x_wconf 84' lang='lat' dir='ltr'><strong>punicutis</strong></span> <span class='ocrx_word' id='word_1_33' title='bbox 1772 543 1832 587; x_wconf 89' lang='lat' dir='ltr'><strong>ut</strong></span> 
     </span>
    </p>
   </div>
   <div class='ocr_carea' id='block_1_6' title="bbox 281 627 1830 712">
    <p class='ocr_par' dir='ltr' id='par_1_6' title="bbox 281 627 1830 712">
     <span class='ocr_line' id='line_1_6' title="bbox 281 627 1830 712; baseline -0.011 -14"><span class='ocrx_word' id='word_1_34' title='bbox 281 641 500 712; x_wconf 74' lang='lat' dir='ltr'><strong>corrigat,</strong></span> <span class='ocrx_word' id='word_1_35' title='bbox 527 646 718 694; x_wconf 81' lang='lat' dir='ltr'><strong>etcum</strong></span> <span class='ocrx_word' id='word_1_36' title='bbox 739 634 1036 692; x_wconf 76' lang='lat' dir='ltr'><strong>correxerit</strong></span> <span class='ocrx_word' id='word_1_37' title='bbox 1067 630 1412 690; x_wconf 88' lang='lat' dir='ltr'><strong>reservantis.</strong></span> <span class='ocrx_word' id='word_1_38' title='bbox 1452 627 1701 694; x_wconf 70' lang='lat' dir='ltr'><strong>Visitabo,</strong></span> <span class='ocrx_word' id='word_1_39' title='bbox 1743 627 1830 682; x_wconf 82' lang='lat' dir='ltr'><strong>iu—</strong></span> 
     </span>
    </p>
   </div>
   <div class='ocr_carea' id='block_1_7' title="bbox 280 722 1830 807">
    <p class='ocr_par' dir='ltr' id='par_1_7' title="bbox 280 722 1830 807">
     <span class='ocr_line' id='line_1_7' title="bbox 280 722 1830 807; baseline -0.01 -19"><span class='ocrx_word' id='word_1_40' title='bbox 280 734 390 807; x_wconf 93' lang='lat' dir='ltr'><strong>quit,</strong></span> <span class='ocrx_word' id='word_1_41' title='bbox 409 733 457 787; x_wconf 82' lang='lat' dir='ltr'><strong>in</strong></span> <span class='ocrx_word' id='word_1_42' title='bbox 482 732 619 803; x_wconf 77' lang='lat' dir='ltr'><strong>uirga</strong></span> <span class='ocrx_word' id='word_1_43' title='bbox 643 730 877 801; x_wconf 78' lang='lat' dir='ltr'><strong>facinora</strong></span> <span class='ocrx_word' id='word_1_44' title='bbox 905 743 1103 794; x_wconf 70' lang='lat' dir='ltr'><strong>eorum,</strong></span> <span class='ocrx_word' id='word_1_45' title='bbox 1133 737 1180 780; x_wconf 82' lang='lat' dir='ltr'><strong>et</strong></span> <span class='ocrx_word' id='word_1_46' title='bbox 1208 727 1262 780; x_wconf 84' lang='lat' dir='ltr'><strong>in</strong></span> <span class='ocrx_word' id='word_1_47' title='bbox 1289 723 1509 796; x_wconf 77' lang='lat' dir='ltr'><strong>ﬂagellis</strong></span> <span class='ocrx_word' id='word_1_48' title='bbox 1535 722 1721 776; x_wconf 86' lang='lat' dir='ltr'><strong>delicta</strong></span> <span class='ocrx_word' id='word_1_49' title='bbox 1742 733 1830 775; x_wconf 78' lang='lat' dir='ltr'><strong>eo-</strong></span> 
     </span>
    </p>
   </div>
   <div class='ocr_carea' id='block_1_8' title="bbox 280 812 1827 888">
    <p class='ocr_par' dir='ltr' id='par_1_8' title="bbox 280 812 1827 888">
     <span class='ocr_line' id='line_1_8' title="bbox 280 812 1827 888; baseline -0.01 -5"><span class='ocrx_word' id='word_1_50' title='bbox 280 843 391 883; x_wconf 76' lang='lat' dir='ltr'><strong>rum.</strong></span> <span class='ocrx_word' id='word_1_51' title='bbox 435 822 821 879; x_wconf 73' lang='lat' dir='ltr'><strong>llisaicordiam</strong></span> <span class='ocrx_word' id='word_1_52' title='bbox 856 831 1025 876; x_wconf 76' lang='lat' dir='ltr'><strong>autem</strong></span> <span class='ocrx_word' id='word_1_53' title='bbox 1070 836 1236 875; x_wconf 81' lang='lat' dir='ltr'><strong>meum</strong></span> <span class='ocrx_word' id='word_1_54' title='bbox 1287 834 1389 874; x_wconf 85' lang='lat' dir='ltr'><strong>non</strong></span> <span class='ocrx_word' id='word_1_55' title='bbox 1433 816 1725 888; x_wconf 77' lang='lat' dir='ltr'><strong>dispergam</strong></span> <span class='ocrx_word' id='word_1_56' title='bbox 1765 812 1827 867; x_wconf 76' lang='lat' dir='ltr'><strong>ab</strong></span> 
     </span>
    </p>
   </div>
   <div class='ocr_carea' id='block_1_9' title="bbox 272 912 1039 992">
    <p class='ocr_par' dir='ltr' id='par_1_9' title="bbox 272 912 1039 992">
     <span class='ocr_line' id='line_1_9' title="bbox 272 912 1039 992; baseline -0.01 -16"><span class='ocrx_word' id='word_1_57' title='bbox 272 920 343 976; x_wconf 72' lang='lat' dir='ltr'><strong>eis</strong></span> <span class='ocrx_word' id='word_1_58' title='bbox 368 917 764 992; x_wconf 56' lang='lat' dir='ltr'><strong>(Portunum,</strong></span> <span class='ocrx_word' id='word_1_59' title='bbox 795 916 889 981; x_wconf 75' lang='lat'><strong>53,</strong></span> <span class='ocrx_word' id='word_1_60' title='bbox 921 912 1039 987; x_wconf 71' lang='grc'><strong>54).</strong></span> 
     </span>
    </p>
   </div>
   <div class='ocr_carea' id='block_1_10' title="bbox 342 1002 1826 1077">
    <p class='ocr_par' dir='ltr' id='par_1_10' title="bbox 342 1002 1826 1077">
     <span class='ocr_line' id='line_1_10' title="bbox 342 1002 1826 1077; baseline -0.008 -10"><span class='ocrx_word' id='word_1_61' title='bbox 342 1010 507 1068; x_wconf 78' lang='lat' dir='ltr'><strong>XXlll.</strong></span> <span class='ocrx_word' id='word_1_62' title='bbox 531 1009 780 1063; x_wconf 84' lang='lat' dir='ltr'><strong>Dominus</strong></span> <span class='ocrx_word' id='word_1_63' title='bbox 798 1021 1011 1077; x_wconf 84' lang='lat' dir='ltr'><strong>quoque</strong></span> <span class='ocrx_word' id='word_1_64' title='bbox 1048 1007 1101 1061; x_wconf 92' lang='lat' dir='ltr'><strong>in</strong></span> <span class='ocrx_word' id='word_1_65' title='bbox 1128 1004 1425 1075; x_wconf 79' lang='lat' dir='ltr'><strong>Evangelia</strong></span> <span class='ocrx_word' id='word_1_66' title='bbox 1451 1018 1551 1059; x_wconf 89' lang='lat' dir='ltr'><strong>suo</strong></span> <span class='ocrx_word' id='word_1_67' title='bbox 1570 1002 1826 1073; x_wconf 73' lang='lat' dir='ltr'><strong>pietatem</strong></span> 
     </span>
    </p>
   </div>
   <div class='ocr_carea' id='block_1_11' title="bbox 279 1088 1828 1167">
    <p class='ocr_par' dir='ltr' id='par_1_11' title="bbox 279 1088 1828 1167">
     <span class='ocr_line' id='line_1_11' title="bbox 279 1088 1828 1167; baseline -0.006 -9"><span class='ocrx_word' id='word_1_68' title='bbox 279 1102 360 1158; x_wconf 84' lang='lat' dir='ltr'><strong>Dei</strong></span> <span class='ocrx_word' id='word_1_69' title='bbox 373 1088 519 1159; x_wconf 81' lang='lat' dir='ltr'><strong>Patris</strong></span> <span class='ocrx_word' id='word_1_70' title='bbox 529 1100 819 1156; x_wconf 85' lang='lat' dir='ltr'><strong>ostendens</strong></span> <span class='ocrx_word' id='word_1_71' title='bbox 840 1099 945 1155; x_wconf 82' lang='lat' dir='ltr'><strong>ait:</strong></span> <span class='ocrx_word' id='word_1_72' title='bbox 967 1099 1093 1165; x_wconf 81' lang='lat' dir='ltr'><strong>Quis</strong></span> <span class='ocrx_word' id='word_1_73' title='bbox 1114 1108 1186 1153; x_wconf 85' lang='lat' dir='ltr'><strong>est</strong></span> <span class='ocrx_word' id='word_1_74' title='bbox 1215 1099 1432 1155; x_wconf 66' lang='lat' dir='ltr'><strong>autvobis</strong></span> <span class='ocrx_word' id='word_1_75' title='bbox 1448 1098 1598 1152; x_wconf 78' lang='lat' dir='ltr'><strong>homo</strong></span> <span class='ocrx_word' id='word_1_76' title='bbox 1611 1112 1758 1167; x_wconf 83' lang='lat' dir='ltr'><strong>quem</strong></span> <span class='ocrx_word' id='word_1_77' title='bbox 1783 1092 1828 1149; x_wconf 76' lang='lat' dir='ltr'><strong>si</strong></span> 
     </span>
    </p>
   </div>
   <div class='ocr_carea' id='block_1_12' title="bbox 269 1189 1826 1268">
    <p class='ocr_par' dir='ltr' id='par_1_12' title="bbox 269 1189 1826 1268">
     <span class='ocr_line' id='line_1_12' title="bbox 269 1189 1826 1268; baseline -0.005 -18"><span class='ocrx_word' id='word_1_78' title='bbox 269 1196 436 1268; x_wconf 64' lang='lat' dir='ltr'><strong>petierit</strong></span> <span class='ocrx_word' id='word_1_79' title='bbox 456 1194 584 1262; x_wconf 74' lang='lat' dir='ltr'><strong>ﬁlius</strong></span> <span class='ocrx_word' id='word_1_80' title='bbox 605 1195 718 1263; x_wconf 74' lang='lat' dir='ltr'><strong>eius</strong></span> <span class='ocrx_word' id='word_1_81' title='bbox 747 1210 953 1264; x_wconf 73' lang='lat' dir='ltr'><strong>panem,</strong></span> <span class='ocrx_word' id='word_1_82' title='bbox 986 1192 1215 1263; x_wconf 86' lang='lat' dir='ltr'><strong>lapidem</strong></span> <span class='ocrx_word' id='word_1_83' title='bbox 1246 1193 1478 1263; x_wconf 78' lang='lat' dir='ltr'><strong>porrigat</strong></span> <span class='ocrx_word' id='word_1_84' title='bbox 1525 1190 1634 1257; x_wconf 90' lang='lat' dir='ltr'><strong>illi;</strong></span> <span class='ocrx_word' id='word_1_85' title='bbox 1660 1198 1751 1243; x_wconf 86' lang='lat' dir='ltr'><strong>aut</strong></span> <span class='ocrx_word' id='word_1_86' title='bbox 1780 1189 1826 1244; x_wconf 86' lang='lat' dir='ltr'><strong>si</strong></span> 
     </span>
    </p>
   </div>
   <div class='ocr_carea' id='block_1_13' title="bbox 266 1284 1821 1359">
    <p class='ocr_par' dir='ltr' id='par_1_13' title="bbox 266 1284 1821 1359">
     <span class='ocr_line' id='line_1_13' title="bbox 266 1284 1821 1359; baseline -0.004 -16"><span class='ocrx_word' id='word_1_87' title='bbox 266 1289 421 1359; x_wconf 77' lang='lat' dir='ltr'><strong>piscem</strong></span> <span class='ocrx_word' id='word_1_88' title='bbox 437 1286 784 1356; x_wconf 77' lang='lat' dir='ltr'><strong>postulaverit,</strong></span> <span class='ocrx_word' id='word_1_89' title='bbox 813 1295 1103 1358; x_wconf 82' lang='lat' dir='ltr'><strong>serpentem</strong></span> <span class='ocrx_word' id='word_1_90' title='bbox 1124 1285 1205 1341; x_wconf 88' lang='lat' dir='ltr'><strong>illi</strong></span> <span class='ocrx_word' id='word_1_91' title='bbox 1217 1286 1450 1357; x_wconf 88' lang='lat' dir='ltr'><strong>porrigat</strong></span> <span class='ocrx_word' id='word_1_92' title='bbox 1465 1285 1489 1337; x_wconf 84' lang='lat'><strong><em>?</em></strong></span> <span class='ocrx_word' id='word_1_93' title='bbox 1506 1284 1568 1339; x_wconf 83' lang='lat' dir='ltr'><strong>Si</strong></span> <span class='ocrx_word' id='word_1_94' title='bbox 1582 1298 1701 1355; x_wconf 86' lang='lat' dir='ltr'><strong>ergo</strong></span> <span class='ocrx_word' id='word_1_95' title='bbox 1714 1298 1821 1351; x_wconf 85' lang='lat' dir='ltr'><strong>vos,</strong></span> 
     </span>
    </p>
   </div>
   <div class='ocr_carea' id='block_1_14' title="bbox 265 1378 1820 1451">
    <p class='ocr_par' dir='ltr' id='par_1_14' title="bbox 265 1378 1820 1451">
     <span class='ocr_line' id='line_1_14' title="bbox 265 1378 1820 1451; baseline -0.003 -15"><span class='ocrx_word' id='word_1_96' title='bbox 265 1397 358 1436; x_wconf 74' lang='lat' dir='ltr'><strong>ma</strong></span> <span class='ocrx_word' id='word_1_97' title='bbox 390 1381 493 1436; x_wconf 89' lang='lat' dir='ltr'><strong>sitis</strong></span> <span class='ocrx_word' id='word_1_98' title='bbox 530 1397 768 1451; x_wconf 77' lang='lat' dir='ltr'><strong>nequam,</strong></span> <span class='ocrx_word' id='word_1_99' title='bbox 796 1380 937 1435; x_wconf 83' lang='lat' dir='ltr'><strong>scitis</strong></span> <span class='ocrx_word' id='word_1_100' title='bbox 981 1381 1113 1435; x_wconf 84' lang='lat' dir='ltr'><strong>bona</strong></span> <span class='ocrx_word' id='word_1_101' title='bbox 1152 1381 1277 1434; x_wconf 86' lang='lat' dir='ltr'><strong>data</strong></span> <span class='ocrx_word' id='word_1_102' title='bbox 1305 1380 1430 1434; x_wconf 84' lang='lat' dir='ltr'><strong>dare</strong></span> <span class='ocrx_word' id='word_1_103' title='bbox 1454 1379 1577 1448; x_wconf 81' lang='lat' dir='ltr'><strong>[iliis</strong></span> <span class='ocrx_word' id='word_1_104' title='bbox 1624 1378 1820 1445; x_wconf 78' lang='lat' dir='ltr'><strong>uestris,</strong></span> 
     </span>
    </p>
   </div>
   <div class='ocr_carea' id='block_1_15' title="bbox 263 1470 1821 1545">
    <p class='ocr_par' dir='ltr' id='par_1_15' title="bbox 263 1470 1821 1545">
     <span class='ocr_line' id='line_1_15' title="bbox 263 1470 1821 1545; baseline -0.003 -17"><span class='ocrx_word' id='word_1_105' title='bbox 263 1482 415 1544; x_wconf 68' lang='lat' dir='ltr'><strong>male</strong></span> <span class='ocrx_word' id='word_1_106' title='bbox 425 1474 583 1545; x_wconf 76' lang='lat' dir='ltr'><strong>magis</strong></span> <span class='ocrx_word' id='word_1_107' title='bbox 597 1471 756 1528; x_wconf 83' lang='lat' dir='ltr'><strong>Pater</strong></span> <span class='ocrx_word' id='word_1_108' title='bbox 768 1484 926 1528; x_wconf 79' lang='lat' dir='ltr'><strong>vester</strong></span> <span class='ocrx_word' id='word_1_109' title='bbox 936 1472 1150 1527; x_wconf 72' lang='lat' dir='ltr'><strong>caelestis</strong></span> <span class='ocrx_word' id='word_1_110' title='bbox 1164 1472 1304 1527; x_wconf 77' lang='lat' dir='ltr'><strong>dabit</strong></span> <span class='ocrx_word' id='word_1_111' title='bbox 1317 1472 1448 1526; x_wconf 82' lang='lat' dir='ltr'><strong>bona</strong></span> <span class='ocrx_word' id='word_1_112' title='bbox 1464 1470 1783 1541; x_wconf 79' lang='lat' dir='ltr'><strong>poscentibus</strong></span> <span class='ocrx_word' id='word_1_113' title='bbox 1796 1478 1821 1507; x_wconf 70' lang='grc' dir='ltr'>α</span> 
     </span>
    </p>
   </div>
   <div class='ocr_carea' id='block_1_16' title="bbox 262 1564 1824 1641">
    <p class='ocr_par' dir='ltr' id='par_1_16' title="bbox 262 1564 1824 1641">
     <span class='ocr_line' id='line_1_16' title="bbox 262 1564 1824 1641; baseline -0.003 -18"><span class='ocrx_word' id='word_1_114' title='bbox 262 1567 544 1641; x_wconf 61' lang='lat' dir='ltr'><strong>mantia.</strong></span> <span class='ocrx_word' id='word_1_115' title='bbox 567 1583 663 1623; x_wconf 85' lang='lat' dir='ltr'><strong>vn.</strong></span> <span class='ocrx_word' id='word_1_116' title='bbox 691 1564 886 1637; x_wconf 77' lang='lat' dir='ltr'><strong>9-H)?</strong></span> <span class='ocrx_word' id='word_1_117' title='bbox 912 1564 1204 1636; x_wconf 85' lang='lat' dir='ltr'><strong>Comparat</strong></span> <span class='ocrx_word' id='word_1_118' title='bbox 1228 1565 1318 1621; x_wconf 87' lang='lat' dir='ltr'><strong>hic</strong></span> <span class='ocrx_word' id='word_1_119' title='bbox 1348 1566 1605 1620; x_wconf 84' lang='lat' dir='ltr'><strong>Dominus</strong></span> <span class='ocrx_word' id='word_1_120' title='bbox 1633 1578 1824 1619; x_wconf 89' lang='lat' dir='ltr'><strong>carna-</strong></span> 
     </span>
    </p>
   </div>
   <div class='ocr_carea' id='block_1_17' title="bbox 261 1657 1818 1732">
    <p class='ocr_par' dir='ltr' id='par_1_17' title="bbox 261 1657 1818 1732">
     <span class='ocr_line' id='line_1_17' title="bbox 261 1657 1818 1732; baseline -0.003 -17"><span class='ocrx_word' id='word_1_121' title='bbox 261 1658 345 1717; x_wconf 85' lang='lat' dir='ltr'><strong>lem</strong></span> <span class='ocrx_word' id='word_1_122' title='bbox 363 1670 554 1732; x_wconf 82' lang='lat' dir='ltr'><strong>patrem</strong></span> <span class='ocrx_word' id='word_1_123' title='bbox 578 1669 633 1717; x_wconf 87' lang='lat' dir='ltr'><strong>et</strong></span> <span class='ocrx_word' id='word_1_124' title='bbox 650 1660 746 1716; x_wconf 87' lang='lat' dir='ltr'><strong>Dei</strong></span> <span class='ocrx_word' id='word_1_125' title='bbox 760 1660 934 1715; x_wconf 86' lang='lat' dir='ltr'><strong>Patris</strong></span> <span class='ocrx_word' id='word_1_126' title='bbox 950 1667 1205 1716; x_wconf 81' lang='lat' dir='ltr'><strong>aeternam</strong></span> <span class='ocrx_word' id='word_1_127' title='bbox 1221 1658 1529 1729; x_wconf 77' lang='lat' dir='ltr'><strong>largumque</strong></span> <span class='ocrx_word' id='word_1_128' title='bbox 1545 1657 1818 1727; x_wconf 80' lang='lat' dir='ltr'><strong>pietatem,</strong></span> 
     </span>
    </p>
   </div>
   <div class='ocr_carea' id='block_1_18' title="bbox 261 1752 1822 1826">
    <p class='ocr_par' dir='ltr' id='par_1_18' title="bbox 261 1752 1822 1826">
     <span class='ocr_line' id='line_1_18' title="bbox 261 1752 1822 1826; baseline -0.004 -14"><span class='ocrx_word' id='word_1_129' title='bbox 261 1754 375 1824; x_wconf 83' lang='lat' dir='ltr'><strong>quod</strong></span> <span class='ocrx_word' id='word_1_130' title='bbox 398 1757 438 1812; x_wconf 87' lang='lat' dir='ltr'><strong>si</strong></span> <span class='ocrx_word' id='word_1_131' title='bbox 468 1756 567 1811; x_wconf 88' lang='lat' dir='ltr'><strong>iste</strong></span> <span class='ocrx_word' id='word_1_132' title='bbox 610 1755 665 1810; x_wconf 90' lang='lat' dir='ltr'><strong>in</strong></span> <span class='ocrx_word' id='word_1_133' title='bbox 690 1755 849 1810; x_wconf 87' lang='lat' dir='ltr'><strong>terris</strong></span> <span class='ocrx_word' id='word_1_134' title='bbox 872 1769 1101 1826; x_wconf 80' lang='lat' dir='ltr'><strong>nequam</strong></span> <span class='ocrx_word' id='word_1_135' title='bbox 1133 1764 1291 1825; x_wconf 89' lang='lat' dir='ltr'><strong>pater</strong></span> <span class='ocrx_word' id='word_1_136' title='bbox 1316 1752 1557 1808; x_wconf 75' lang='lat' dir='ltr'><strong>oﬂ‘ensus</strong></span> <span class='ocrx_word' id='word_1_137' title='bbox 1581 1752 1822 1824; x_wconf 72' lang='lat' dir='ltr'><strong>graviter</strong></span> 
     </span>
    </p>
   </div>
   <div class='ocr_carea' id='block_1_19' title="bbox 1940 536 3539 621">
    <p class='ocr_par' dir='ltr' id='par_1_19' title="bbox 1940 536 3539 621">
     <span class='ocr_line' id='line_1_19' title="bbox 1940 536 3539 621; baseline 0.009 -29"><span class='ocrx_word' id='word_1_138' title='bbox 1940 536 2047 594; x_wconf 83' lang='lat' dir='ltr'><strong>rint</strong></span> <span class='ocrx_word' id='word_1_139' title='bbox 2093 538 2408 610; x_wconf 80' lang='lat' dir='ltr'><strong>deprecari;</strong></span> <span class='ocrx_word' id='word_1_140' title='bbox 2456 545 2587 615; x_wconf 82' lang='lat' dir='ltr'><strong>quia</strong></span> <span class='ocrx_word' id='word_1_141' title='bbox 2620 560 2813 617; x_wconf 80' lang='lat' dir='ltr'><strong>rogare</strong></span> <span class='ocrx_word' id='word_1_142' title='bbox 2851 546 2972 603; x_wconf 89' lang='lat' dir='ltr'><strong>illos</strong></span> <span class='ocrx_word' id='word_1_143' title='bbox 3023 561 3131 603; x_wconf 87' lang='lat' dir='ltr'><strong>non</strong></span> <span class='ocrx_word' id='word_1_144' title='bbox 3182 548 3366 605; x_wconf 88' lang='lat' dir='ltr'><strong>delicti</strong></span> <span class='ocrx_word' id='word_1_145' title='bbox 3417 564 3539 621; x_wconf 56' lang='lat' dir='ltr'><strong>pas.</strong></span> 
     </span>
    </p>
   </div>
   <div class='ocr_carea' id='block_1_20' title="bbox 1934 627 3539 712">
    <p class='ocr_par' dir='ltr' id='par_1_20' title="bbox 1934 627 3539 712">
     <span class='ocr_line' id='line_1_20' title="bbox 1934 627 3539 712; baseline 0.009 -30"><span class='ocrx_word' id='word_1_146' title='bbox 1934 627 2160 685; x_wconf 85' lang='lat' dir='ltr'><strong>nitentia</strong></span> <span class='ocrx_word' id='word_1_147' title='bbox 2189 632 2286 687; x_wconf 89' lang='lat' dir='ltr'><strong>sed</strong></span> <span class='ocrx_word' id='word_1_148' title='bbox 2335 636 2524 690; x_wconf 90' lang='lat' dir='ltr'><strong>mortis</strong></span> <span class='ocrx_word' id='word_1_149' title='bbox 2563 637 2806 707; x_wconf 86' lang='lat' dir='ltr'><strong>urgentis</strong></span> <span class='ocrx_word' id='word_1_150' title='bbox 2863 636 3165 693; x_wconf 86' lang='lat' dir='ltr'><strong>admonitio</strong></span> <span class='ocrx_word' id='word_1_151' title='bbox 3220 641 3539 712; x_wconf 81' lang='lat' dir='ltr'><strong>compellit,</strong></span> 
     </span>
    </p>
   </div>
   <div class='ocr_carea' id='block_1_21' title="bbox 1932 724 3539 803">
    <p class='ocr_par' dir='ltr' id='par_1_21' title="bbox 1932 724 3539 803">
     <span class='ocr_line' id='line_1_21' title="bbox 1932 724 3539 803; baseline 0.008 -24"><span class='ocrx_word' id='word_1_152' title='bbox 1932 738 2034 779; x_wconf 89' lang='lat' dir='ltr'><strong>nec</strong></span> <span class='ocrx_word' id='word_1_153' title='bbox 2053 724 2246 796; x_wconf 79' lang='lat' dir='ltr'><strong>dignus</strong></span> <span class='ocrx_word' id='word_1_154' title='bbox 2275 737 2360 782; x_wconf 86' lang='lat' dir='ltr'><strong>est</strong></span> <span class='ocrx_word' id='word_1_155' title='bbox 2388 728 2440 783; x_wconf 91' lang='lat' dir='ltr'><strong>in</strong></span> <span class='ocrx_word' id='word_1_156' title='bbox 2464 738 2639 785; x_wconf 89' lang='lat' dir='ltr'><strong>morte</strong></span> <span class='ocrx_word' id='word_1_157' title='bbox 2666 729 2914 800; x_wconf 85' lang='lat' dir='ltr'><strong>accipere</strong></span> <span class='ocrx_word' id='word_1_158' title='bbox 2941 730 3196 787; x_wconf 83' lang='lat' dir='ltr'><strong>solatium</strong></span> <span class='ocrx_word' id='word_1_159' title='bbox 3218 732 3311 803; x_wconf 87' lang='lat' dir='ltr'><strong>qui</strong></span> <span class='ocrx_word' id='word_1_160' title='bbox 3340 747 3403 790; x_wconf 87' lang='lat' dir='ltr'><strong>se</strong></span> <span class='ocrx_word' id='word_1_161' title='bbox 3424 748 3539 791; x_wconf 88' lang='lat' dir='ltr'><strong>non</strong></span> 
     </span>
    </p>
   </div>
   <div class='ocr_carea' id='block_1_22' title="bbox 1929 820 2733 887">
    <p class='ocr_par' dir='ltr' id='par_1_22' title="bbox 1929 820 2733 887">
     <span class='ocr_line' id='line_1_22' title="bbox 1929 820 2733 887; baseline 0.005 -13"><span class='ocrx_word' id='word_1_162' title='bbox 1929 820 2188 887; x_wconf 73' lang='lat' dir='ltr'><strong>cogitavit</strong></span> <span class='ocrx_word' id='word_1_163' title='bbox 2223 834 2346 876; x_wconf 83' lang='lat' dir='ltr'><strong>esse</strong></span> <span class='ocrx_word' id='word_1_164' title='bbox 2390 823 2733 879; x_wconf 88' lang='lat' dir='ltr'><strong>moriturum.</strong></span> 
     </span>
    </p>
   </div>
   <div class='ocr_carea' id='block_1_23' title="bbox 2005 908 3534 992">
    <p class='ocr_par' dir='ltr' id='par_1_23' title="bbox 2005 908 3534 992">
     <span class='ocr_line' id='line_1_23' title="bbox 2005 908 3534 992; baseline 0.009 -28"><span class='ocrx_word' id='word_1_165' title='bbox 2005 908 2197 967; x_wconf 77' lang='lat' dir='ltr'><strong>XXIV.</strong></span> <span class='ocrx_word' id='word_1_166' title='bbox 2220 910 2374 979; x_wconf 85' lang='lat' dir='ltr'><strong>Quod</strong></span> <span class='ocrx_word' id='word_1_167' title='bbox 2404 930 2532 969; x_wconf 86' lang='lat' dir='ltr'><strong>vero</strong></span> <span class='ocrx_word' id='word_1_168' title='bbox 2558 915 2624 969; x_wconf 84' lang='lat' dir='ltr'><strong>ad</strong></span> <span class='ocrx_word' id='word_1_169' title='bbox 2649 915 2934 972; x_wconf 82' lang='lat' dir='ltr'><strong>Novatiani</strong></span> <span class='ocrx_word' id='word_1_170' title='bbox 2958 932 3244 989; x_wconf 85' lang='lat' dir='ltr'><strong>personam</strong></span> <span class='ocrx_word' id='word_1_171' title='bbox 3277 920 3534 992; x_wconf 86' lang='lat' dir='ltr'><strong>pertinet,</strong></span> 
     </span>
    </p>
   </div>
   <div class='ocr_carea' id='block_1_24' title="bbox 1932 1002 3536 1086">
    <p class='ocr_par' dir='ltr' id='par_1_24' title="bbox 1932 1002 3536 1086">
     <span class='ocr_line' id='line_1_24' title="bbox 1932 1002 3536 1086; baseline 0.009 -28"><span class='ocrx_word' id='word_1_172' title='bbox 1932 1003 2101 1060; x_wconf 88' lang='lat' dir='ltr'><strong>frater</strong></span> <span class='ocrx_word' id='word_1_173' title='bbox 2126 1005 2464 1074; x_wconf 83' lang='lat' dir='ltr'><strong>charissime,</strong></span> <span class='ocrx_word' id='word_1_174' title='bbox 2491 1009 2560 1064; x_wconf 89' lang='lat' dir='ltr'><strong>de</strong></span> <span class='ocrx_word' id='word_1_175' title='bbox 2588 1025 2695 1080; x_wconf 87' lang='lat' dir='ltr'><strong>quo</strong></span> <span class='ocrx_word' id='word_1_176' title='bbox 2722 1002 3039 1068; x_wconf 82' lang='lat' dir='ltr'><strong>desiderasti</strong></span> <span class='ocrx_word' id='word_1_177' title='bbox 3064 1012 3158 1070; x_wconf 86' lang='lat' dir='ltr'><strong>tibi</strong></span> <span class='ocrx_word' id='word_1_178' title='bbox 3185 1016 3348 1070; x_wconf 87' lang='lat' dir='ltr'><strong>scribi</strong></span> <span class='ocrx_word' id='word_1_179' title='bbox 3376 1031 3536 1086; x_wconf 88' lang='lat' dir='ltr'><strong>quam</strong></span> 
     </span>
    </p>
   </div>
   <div class='ocr_carea' id='block_1_25' title="bbox 1930 1096 3537 1176">
    <p class='ocr_par' dir='ltr' id='par_1_25' title="bbox 1930 1096 3537 1176">
     <span class='ocr_line' id='line_1_25' title="bbox 1930 1096 3537 1176; baseline 0.008 -24"><span class='ocrx_word' id='word_1_180' title='bbox 1930 1096 2179 1153; x_wconf 76' lang='lat' dir='ltr'><strong>lurresim</strong></span> <span class='ocrx_word' id='word_1_181' title='bbox 2222 1100 2626 1171; x_wconf 81' lang='lat' dir='ltr'><strong>introduxisset,</strong></span> <span class='ocrx_word' id='word_1_182' title='bbox 2671 1104 2812 1159; x_wconf 84' lang='lat' dir='ltr'><strong>scias</strong></span> <span class='ocrx_word' id='word_1_183' title='bbox 2856 1119 2957 1160; x_wconf 88' lang='lat' dir='ltr'><strong>nos</strong></span> <span class='ocrx_word' id='word_1_184' title='bbox 3007 1108 3182 1176; x_wconf 87' lang='lat' dir='ltr'><strong>primo</strong></span> <span class='ocrx_word' id='word_1_185' title='bbox 3206 1109 3258 1163; x_wconf 91' lang='lat' dir='ltr'><strong>in</strong></span> <span class='ocrx_word' id='word_1_186' title='bbox 3288 1108 3409 1166; x_wconf 92' lang='lat' dir='ltr'><strong>loco</strong></span> <span class='ocrx_word' id='word_1_187' title='bbox 3435 1124 3537 1165; x_wconf 89' lang='lat' dir='ltr'><strong>nec</strong></span> 
     </span>
    </p>
   </div>
   <div class='ocr_carea' id='block_1_26' title="bbox 1927 1189 3535 1267">
    <p class='ocr_par' dir='ltr' id='par_1_26' title="bbox 1927 1189 3535 1267">
     <span class='ocr_line' id='line_1_26' title="bbox 1927 1189 3535 1267; baseline 0.009 -24"><span class='ocrx_word' id='word_1_188' title='bbox 1927 1189 2173 1244; x_wconf 87' lang='lat' dir='ltr'><strong>curiosos</strong></span> <span class='ocrx_word' id='word_1_189' title='bbox 2222 1206 2343 1247; x_wconf 91' lang='lat' dir='ltr'><strong>esse</strong></span> <span class='ocrx_word' id='word_1_190' title='bbox 2394 1192 2597 1250; x_wconf 87' lang='lat' dir='ltr'><strong>debere</strong></span> <span class='ocrx_word' id='word_1_191' title='bbox 2632 1195 2763 1266; x_wconf 89' lang='lat' dir='ltr'><strong>quid</strong></span> <span class='ocrx_word' id='word_1_192' title='bbox 2815 1196 2908 1252; x_wconf 90' lang='lat' dir='ltr'><strong>ille</strong></span> <span class='ocrx_word' id='word_1_193' title='bbox 2951 1197 3183 1267; x_wconf 88' lang='lat' dir='ltr'><strong>doceat,</strong></span> <span class='ocrx_word' id='word_1_194' title='bbox 3228 1215 3351 1256; x_wconf 90' lang='lat' dir='ltr'><strong>cum</strong></span> <span class='ocrx_word' id='word_1_195' title='bbox 3400 1200 3535 1259; x_wconf 82' lang='lat' dir='ltr'><strong>foris</strong></span> 
     </span>
    </p>
   </div>
   <div class='ocr_carea' id='block_1_27' title="bbox 1927 1280 3528 1365">
    <p class='ocr_par' dir='ltr' id='par_1_27' title="bbox 1927 1280 3528 1365">
     <span class='ocr_line' id='line_1_27' title="bbox 1927 1280 3528 1365; baseline 0.007 -28"><span class='ocrx_word' id='word_1_196' title='bbox 1927 1280 2139 1365; x_wconf 83' lang='lat' dir='ltr'><strong>doceat.</strong></span> <span class='ocrx_word' id='word_1_197' title='bbox 2189 1280 2442 1354; x_wconf 84' lang='lat' dir='ltr'><strong>Quisquis</strong></span> <span class='ocrx_word' id='word_1_198' title='bbox 2502 1286 2591 1342; x_wconf 88' lang='lat' dir='ltr'><strong>ille</strong></span> <span class='ocrx_word' id='word_1_199' title='bbox 2666 1296 2751 1342; x_wconf 90' lang='lat' dir='ltr'><strong>est</strong></span> <span class='ocrx_word' id='word_1_200' title='bbox 2808 1295 2863 1343; x_wconf 91' lang='lat' dir='ltr'><strong>et</strong></span> <span class='ocrx_word' id='word_1_201' title='bbox 2932 1290 3341 1363; x_wconf 88' lang='lat' dir='ltr'><strong>qualiscumque</strong></span> <span class='ocrx_word' id='word_1_202' title='bbox 3409 1301 3528 1362; x_wconf 86' lang='lat' dir='ltr'><strong>est,</strong></span> 
     </span>
    </p>
   </div>
   <div class='ocr_carea' id='block_1_28' title="bbox 1926 1373 3531 1450">
    <p class='ocr_par' dir='ltr' id='par_1_28' title="bbox 1926 1373 3531 1450">
     <span class='ocr_line' id='line_1_28' title="bbox 1926 1373 3531 1450; baseline 0.007 -21"><span class='ocrx_word' id='word_1_203' title='bbox 1926 1373 2270 1430; x_wconf 82' lang='lat' dir='ltr'><strong>Christianus</strong></span> <span class='ocrx_word' id='word_1_204' title='bbox 2298 1390 2405 1432; x_wconf 91' lang='lat' dir='ltr'><strong>non</strong></span> <span class='ocrx_word' id='word_1_205' title='bbox 2433 1387 2517 1434; x_wconf 88' lang='lat' dir='ltr'><strong>est</strong></span> <span class='ocrx_word' id='word_1_206' title='bbox 2543 1378 2635 1450; x_wconf 85' lang='lat' dir='ltr'><strong>qui</strong></span> <span class='ocrx_word' id='word_1_207' title='bbox 2681 1379 2735 1434; x_wconf 91' lang='lat' dir='ltr'><strong>in</strong></span> <span class='ocrx_word' id='word_1_208' title='bbox 2762 1378 2968 1436; x_wconf 87' lang='lat' dir='ltr'><strong>Christi</strong></span> <span class='ocrx_word' id='word_1_209' title='bbox 3016 1381 3257 1439; x_wconf 85' lang='lat' dir='ltr'><strong>Ecclesia</strong></span> <span class='ocrx_word' id='word_1_210' title='bbox 3292 1399 3397 1440; x_wconf 86' lang='lat' dir='ltr'><strong>non</strong></span> <span class='ocrx_word' id='word_1_211' title='bbox 3428 1395 3531 1442; x_wconf 91' lang='lat' dir='ltr'><strong>est.</strong></span> 
     </span>
    </p>
   </div>
   <div class='ocr_carea' id='block_1_29' title="bbox 1925 1468 3533 1551">
    <p class='ocr_par' dir='ltr' id='par_1_29' title="bbox 1925 1468 3533 1551">
     <span class='ocr_line' id='line_1_29' title="bbox 1925 1468 3533 1551; baseline 0.008 -27"><span class='ocrx_word' id='word_1_212' title='bbox 1925 1468 2102 1524; x_wconf 83' lang='lat' dir='ltr'><strong>Jactet</strong></span> <span class='ocrx_word' id='word_1_213' title='bbox 2130 1485 2190 1525; x_wconf 90' lang='lat' dir='ltr'><strong>se</strong></span> <span class='ocrx_word' id='word_1_214' title='bbox 2245 1469 2371 1527; x_wconf 90' lang='lat' dir='ltr'><strong>licet</strong></span> <span class='ocrx_word' id='word_1_215' title='bbox 2411 1481 2434 1509; x_wconf 73' lang='grc' dir='ltr'><strong>θ</strong></span> <span class='ocrx_word' id='word_1_216' title='bbox 2476 1482 2531 1528; x_wconf 87' lang='lat' dir='ltr'><strong>et</strong></span> <span class='ocrx_word' id='word_1_217' title='bbox 2586 1473 2984 1546; x_wconf 79' lang='lat' dir='ltr'><strong>philosOpltiam</strong></span> <span class='ocrx_word' id='word_1_218' title='bbox 3037 1478 3123 1534; x_wconf 86' lang='lat' dir='ltr'><strong>vel</strong></span> <span class='ocrx_word' id='word_1_219' title='bbox 3169 1479 3533 1551; x_wconf 83' lang='lat' dir='ltr'><strong>eloquentiam</strong></span> 
     </span>
    </p>
   </div>
   <div class='ocr_carea' id='block_1_30' title="bbox 1924 1564 3531 1642">
    <p class='ocr_par' dir='ltr' id='par_1_30' title="bbox 1924 1564 3531 1642">
     <span class='ocr_line' id='line_1_30' title="bbox 1924 1564 3531 1642; baseline 0.006 -25"><span class='ocrx_word' id='word_1_220' title='bbox 1924 1576 2078 1619; x_wconf 84' lang='lat' dir='ltr'><strong>suam</strong></span> <span class='ocrx_word' id='word_1_221' title='bbox 2122 1564 2371 1634; x_wconf 88' lang='lat' dir='ltr'><strong>superbis</strong></span> <span class='ocrx_word' id='word_1_222' title='bbox 2417 1566 2644 1621; x_wconf 84' lang='lat' dir='ltr'><strong>vocibus</strong></span> <span class='ocrx_word' id='word_1_223' title='bbox 2676 1568 2965 1639; x_wconf 81' lang='lat' dir='ltr'><strong>praedicet,</strong></span> <span class='ocrx_word' id='word_1_224' title='bbox 2995 1571 3085 1642; x_wconf 90' lang='lat' dir='ltr'><strong>qui</strong></span> <span class='ocrx_word' id='word_1_225' title='bbox 3108 1586 3209 1626; x_wconf 90' lang='lat' dir='ltr'><strong>nec</strong></span> <span class='ocrx_word' id='word_1_226' title='bbox 3240 1571 3531 1629; x_wconf 84' lang='lat' dir='ltr'><strong>fraternam</strong></span> 
     </span>
    </p>
   </div>
   <div class='ocr_carea' id='block_1_31' title="bbox 1924 1656 3530 1735">
    <p class='ocr_par' dir='ltr' id='par_1_31' title="bbox 1924 1656 3530 1735">
     <span class='ocr_line' id='line_1_31' title="bbox 1924 1656 3530 1735; baseline 0.009 -25"><span class='ocrx_word' id='word_1_227' title='bbox 1924 1656 2243 1713; x_wconf 83' lang='lat' dir='ltr'><strong>charitatem</strong></span> <span class='ocrx_word' id='word_1_228' title='bbox 2262 1673 2362 1714; x_wconf 91' lang='lat' dir='ltr'><strong>nec</strong></span> <span class='ocrx_word' id='word_1_229' title='bbox 2380 1657 2816 1718; x_wconf 80' lang='lat' dir='ltr'><strong>Ecclesiasticam</strong></span> <span class='ocrx_word' id='word_1_230' title='bbox 2830 1665 3090 1720; x_wconf 90' lang='lat' dir='ltr'><strong>unitatem</strong></span> <span class='ocrx_word' id='word_1_231' title='bbox 3108 1669 3280 1721; x_wconf 90' lang='lat' dir='ltr'><strong>tenuit</strong></span> <span class='ocrx_word' id='word_1_232' title='bbox 3301 1663 3345 1735; x_wconf 75' lang='grc' dir='ltr'><strong>ί,</strong></span> <span class='ocrx_word' id='word_1_233' title='bbox 3366 1667 3530 1723; x_wconf 91' lang='lat' dir='ltr'><strong>etiam</strong></span> 
     </span>
    </p>
   </div>
   <div class='ocr_carea' id='block_1_32' title="bbox 1923 1751 3518 1828">
    <p class='ocr_par' dir='ltr' id='par_1_32' title="bbox 1923 1751 3518 1828">
     <span class='ocr_line' id='line_1_32' title="bbox 1923 1751 3518 1828; baseline 0.007 -22"><span class='ocrx_word' id='word_1_234' title='bbox 1923 1751 2066 1822; x_wconf 88' lang='lat' dir='ltr'><strong>quod</strong></span> <span class='ocrx_word' id='word_1_235' title='bbox 2095 1752 2242 1822; x_wconf 90' lang='lat' dir='ltr'><strong>prius</strong></span> <span class='ocrx_word' id='word_1_236' title='bbox 2265 1752 2439 1808; x_wconf 90' lang='lat' dir='ltr'><strong>fuerat</strong></span> <span class='ocrx_word' id='word_1_237' title='bbox 2464 1753 2664 1809; x_wconf 89' lang='lat' dir='ltr'><strong>amisit.</strong></span> <span class='ocrx_word' id='word_1_238' title='bbox 2695 1754 2805 1810; x_wconf 81' lang='lat' dir='ltr'><strong>Nisi</strong></span> <span class='ocrx_word' id='word_1_239' title='bbox 2833 1755 2880 1810; x_wconf 90' lang='lat' dir='ltr'><strong>si</strong></span> <span class='ocrx_word' id='word_1_240' title='bbox 2909 1757 3198 1828; x_wconf 90' lang='lat' dir='ltr'><strong>episcopus</strong></span> <span class='ocrx_word' id='word_1_241' title='bbox 3238 1758 3335 1815; x_wconf 88' lang='lat' dir='ltr'><strong>tibi</strong></span> <span class='ocrx_word' id='word_1_242' title='bbox 3365 1760 3518 1817; x_wconf 88' lang='lat' dir='ltr'><strong>vide—</strong></span> 
     </span>
    </p>
   </div>
   <div class='ocr_carea' id='block_1_33' title="bbox 258 1845 3527 1925">
    <p class='ocr_par' dir='ltr' id='par_1_33' title="bbox 258 1845 3527 1925">
     <span class='ocr_line' id='line_1_33' title="bbox 258 1845 3527 1925; baseline 0.002 -23"><span class='ocrx_word' id='word_1_243' title='bbox 258 1850 396 1905; x_wconf 76' lang='lat' dir='ltr'><strong>alilio</strong></span> <span class='ocrx_word' id='word_1_244' title='bbox 420 1859 697 1922; x_wconf 85' lang='lat' dir='ltr'><strong>peccatore</strong></span> <span class='ocrx_word' id='word_1_245' title='bbox 716 1857 773 1905; x_wconf 92' lang='lat' dir='ltr'><strong>et</strong></span> <span class='ocrx_word' id='word_1_246' title='bbox 798 1849 962 1914; x_wconf 90' lang='lat' dir='ltr'><strong>malo,</strong></span> <span class='ocrx_word' id='word_1_247' title='bbox 992 1850 1037 1904; x_wconf 93' lang='lat' dir='ltr'><strong>si</strong></span> <span class='ocrx_word' id='word_1_248' title='bbox 1062 1859 1241 1904; x_wconf 86' lang='lat' dir='ltr'><strong>tamen</strong></span> <span class='ocrx_word' id='word_1_249' title='bbox 1272 1848 1520 1904; x_wconf 88' lang='lat' dir='ltr'><strong>eumdem</strong></span> <span class='ocrx_word' id='word_1_250' title='bbox 1566 1856 1807 1917; x_wconf 85' lang='lat' dir='ltr'><strong>postmo-</strong></span> <span class='ocrx_word' id='word_1_251' title='bbox 1834 1848 1884 1913; x_wconf 84' lang='grc' dir='ltr'><strong>Β</strong></span> <span class='ocrx_word' id='word_1_252' title='bbox 1911 1854 1998 1901; x_wconf 90' lang='lat' dir='ltr'><strong>tttr</strong></span> <span class='ocrx_word' id='word_1_253' title='bbox 2024 1845 2113 1915; x_wconf 89' lang='lat' dir='ltr'><strong>qui</strong></span> <span class='ocrx_word' id='word_1_254' title='bbox 2140 1845 2396 1916; x_wconf 87' lang='lat' dir='ltr'><strong>episcopo</strong></span> <span class='ocrx_word' id='word_1_255' title='bbox 2427 1847 2480 1901; x_wconf 91' lang='lat' dir='ltr'><strong>in</strong></span> <span class='ocrx_word' id='word_1_256' title='bbox 2513 1846 2752 1904; x_wconf 84' lang='lat' dir='ltr'><strong>Ecclesia</strong></span> <span class='ocrx_word' id='word_1_257' title='bbox 2783 1863 2813 1903; x_wconf 89' lang='lat' dir='ltr'><strong>a</strong></span> <span class='ocrx_word' id='word_1_258' title='bbox 2843 1849 3080 1905; x_wconf 88' lang='lat' dir='ltr'><strong>sedecim</strong></span> <span class='ocrx_word' id='word_1_259' title='bbox 3131 1861 3156 1899; x_wconf 78' lang='grc' dir='ltr'>ε</span> <span class='ocrx_word' id='word_1_260' title='bbox 3186 1853 3527 1925; x_wconf 87' lang='lat' dir='ltr'><strong>coepiscopis</strong></span> 
     </span>
    </p>
   </div>
   <div class='ocr_carea' id='block_1_34' title="bbox 261 1938 1818 2012">
    <p class='ocr_par' dir='ltr' id='par_1_34' title="bbox 261 1938 1818 2012">
     <span class='ocr_line' id='line_1_34' title="bbox 261 1938 1818 2012; baseline -0.001 -15"><span class='ocrx_word' id='word_1_261' title='bbox 261 1939 360 1998; x_wconf 86' lang='lat' dir='ltr'><strong>dum</strong></span> <span class='ocrx_word' id='word_1_262' title='bbox 372 1942 549 1999; x_wconf 85' lang='lat' dir='ltr'><strong>viderit</strong></span> <span class='ocrx_word' id='word_1_263' title='bbox 572 1940 923 1998; x_wconf 88' lang='lat' dir='ltr'><strong>reformatum</strong></span> <span class='ocrx_word' id='word_1_264' title='bbox 941 1941 1268 2011; x_wconf 87' lang='lat' dir='ltr'><strong>etdepositis</strong></span> <span class='ocrx_word' id='word_1_265' title='bbox 1292 1940 1493 2012; x_wconf 88' lang='lat' dir='ltr'><strong>prioris</strong></span> <span class='ocrx_word' id='word_1_266' title='bbox 1516 1938 1546 1980; x_wconf 68' lang='grc' dir='ltr'><strong>ι</strong></span> <span class='ocrx_word' id='word_1_267' title='bbox 1570 1940 1696 1995; x_wconf 70' lang='lat' dir='ltr'><strong>vitae</strong></span> <span class='ocrx_word' id='word_1_268' title='bbox 1722 1939 1818 1996; x_wconf 88' lang='lat' dir='ltr'><strong>de—</strong></span> 
     </span>
    </p>
   </div>
   <div class='ocr_carea' id='block_1_35' title="bbox 263 2031 1818 2092">
    <p class='ocr_par' dir='ltr' id='par_1_35' title="bbox 263 2031 1818 2092">
     <span class='ocr_line' id='line_1_35' title="bbox 263 2031 1818 2092; baseline -0.004 0"><span class='ocrx_word' id='word_1_269' title='bbox 263 2034 375 2092; x_wconf 80' lang='lat' dir='ltr'><strong>lictis</strong></span> <span class='ocrx_word' id='word_1_270' title='bbox 412 2035 473 2091; x_wconf 85' lang='lat' dir='ltr'><strong>ad</strong></span> <span class='ocrx_word' id='word_1_271' title='bbox 497 2035 705 2091; x_wconf 88' lang='lat' dir='ltr'><strong>sobrios</strong></span> <span class='ocrx_word' id='word_1_272' title='bbox 734 2043 790 2091; x_wconf 91' lang='lat' dir='ltr'><strong>et</strong></span> <span class='ocrx_word' id='word_1_273' title='bbox 839 2034 1010 2090; x_wconf 87' lang='lat' dir='ltr'><strong>bonos</strong></span> <span class='ocrx_word' id='word_1_274' title='bbox 1060 2048 1241 2089; x_wconf 89' lang='lat' dir='ltr'><strong>mores</strong></span> <span class='ocrx_word' id='word_1_275' title='bbox 1290 2042 1345 2088; x_wconf 87' lang='lat' dir='ltr'><strong>et</strong></span> <span class='ocrx_word' id='word_1_276' title='bbox 1399 2032 1464 2089; x_wconf 91' lang='lat' dir='ltr'><strong>ad</strong></span> <span class='ocrx_word' id='word_1_277' title='bbox 1493 2031 1818 2088; x_wconf 75' lang='lat' dir='ltr'><strong>innocentia:</strong></span> 
     </span>
    </p>
   </div>
   <div class='ocr_carea' id='block_1_36' title="bbox 266 2126 1819 2201">
    <p class='ocr_par' dir='ltr' id='par_1_36' title="bbox 266 2126 1819 2201">
     <span class='ocr_line' id='line_1_36' title="bbox 266 2126 1819 2201; baseline -0.003 -16"><span class='ocrx_word' id='word_1_278' title='bbox 266 2128 553 2201; x_wconf 85' lang='lat' dir='ltr'><strong>disciplinam</strong></span> <span class='ocrx_word' id='word_1_279' title='bbox 575 2128 908 2201; x_wconf 63' lang='lat' dir='ltr'><strong>paenitentiae</strong></span> <span class='ocrx_word' id='word_1_280' title='bbox 928 2128 1119 2184; x_wconf 88' lang='lat' dir='ltr'><strong>dolore</strong></span> <span class='ocrx_word' id='word_1_281' title='bbox 1135 2136 1437 2184; x_wconf 85' lang='lat' dir='ltr'><strong>correctum</strong></span> <span class='ocrx_word' id='word_1_282' title='bbox 1472 2136 1519 2194; x_wconf 77' lang='grc' dir='ltr'><strong>ο,</strong></span> <span class='ocrx_word' id='word_1_283' title='bbox 1543 2136 1598 2181; x_wconf 90' lang='lat' dir='ltr'><strong>et</strong></span> <span class='ocrx_word' id='word_1_284' title='bbox 1619 2126 1819 2197; x_wconf 86' lang='lat' dir='ltr'><strong>gaudet</strong></span> 
     </span>
    </p>
   </div>
   <div class='ocr_carea' id='block_1_37' title="bbox 267 2220 1813 2296">
    <p class='ocr_par' dir='ltr' id='par_1_37' title="bbox 267 2220 1813 2296">
     <span class='ocr_line' id='line_1_37' title="bbox 267 2220 1813 2296; baseline -0.003 -17"><span class='ocrx_word' id='word_1_285' title='bbox 267 2232 309 2279; x_wconf 87' lang='lat' dir='ltr'><strong>et</strong></span> <span class='ocrx_word' id='word_1_286' title='bbox 336 2225 631 2296; x_wconf 82' lang='lat' dir='ltr'><strong>gratulatur,</strong></span> <span class='ocrx_word' id='word_1_287' title='bbox 685 2230 744 2279; x_wconf 87' lang='lat' dir='ltr'><strong>et</strong></span> <span class='ocrx_word' id='word_1_288' title='bbox 768 2231 1108 2292; x_wconf 87' lang='lat' dir='ltr'><strong>susceptum,</strong></span> <span class='ocrx_word' id='word_1_289' title='bbox 1151 2236 1311 2292; x_wconf 89' lang='lat' dir='ltr'><strong>quem</strong></span> <span class='ocrx_word' id='word_1_290' title='bbox 1340 2229 1462 2276; x_wconf 87' lang='lat' dir='ltr'><strong>ante</strong></span> <span class='ocrx_word' id='word_1_291' title='bbox 1487 2220 1813 2292; x_wconf 74' lang='lat' dir='ltr'><strong>proiecerat,</strong></span> 
     </span>
    </p>
   </div>
   <div class='ocr_carea' id='block_1_38' title="bbox 261 2313 1815 2387">
    <p class='ocr_par' dir='ltr' id='par_1_38' title="bbox 261 2313 1815 2387">
     <span class='ocr_line' id='line_1_38' title="bbox 261 2313 1815 2387; baseline -0.002 -17"><span class='ocrx_word' id='word_1_292' title='bbox 261 2329 357 2372; x_wconf 86' lang='lat' dir='ltr'><strong>cum</strong></span> <span class='ocrx_word' id='word_1_293' title='bbox 380 2325 494 2372; x_wconf 85' lang='lat' dir='ltr'><strong>voto</strong></span> <span class='ocrx_word' id='word_1_294' title='bbox 523 2327 760 2387; x_wconf 71' lang='lat' dir='ltr'><strong>paterna:</strong></span> <span class='ocrx_word' id='word_1_295' title='bbox 786 2313 1135 2370; x_wconf 79' lang='lat' dir='ltr'><strong>exultationis</strong></span> <span class='ocrx_word' id='word_1_296' title='bbox 1187 2313 1531 2384; x_wconf 80' lang='lat' dir='ltr'><strong>amplectitur</strong></span> <span class='ocrx_word' id='word_1_297' title='bbox 1552 2353 1568 2377; x_wconf 87' lang='lat'><strong>,</strong></span> <span class='ocrx_word' id='word_1_298' title='bbox 1613 2321 1815 2384; x_wconf 89' lang='lat' dir='ltr'><strong>quanto</strong></span> 
     </span>
    </p>
   </div>
   <div class='ocr_carea' id='block_1_39' title="bbox 261 2406 1810 2480">
    <p class='ocr_par' dir='ltr' id='par_1_39' title="bbox 261 2406 1810 2480">
     <span class='ocr_line' id='line_1_39' title="bbox 261 2406 1810 2480; baseline -0.001 -18"><span class='ocrx_word' id='word_1_299' title='bbox 261 2409 400 2480; x_wconf 80' lang='lat' dir='ltr'><strong>magis</strong></span> <span class='ocrx_word' id='word_1_300' title='bbox 420 2424 549 2464; x_wconf 90' lang='lat' dir='ltr'><strong>unus</strong></span> <span class='ocrx_word' id='word_1_301' title='bbox 579 2408 670 2464; x_wconf 92' lang='lat' dir='ltr'><strong>ille</strong></span> <span class='ocrx_word' id='word_1_302' title='bbox 732 2416 790 2463; x_wconf 90' lang='lat' dir='ltr'><strong>et</strong></span> <span class='ocrx_word' id='word_1_303' title='bbox 816 2422 976 2464; x_wconf 86' lang='lat' dir='ltr'><strong>verus</strong></span> <span class='ocrx_word' id='word_1_304' title='bbox 1007 2407 1168 2463; x_wconf 86' lang='lat' dir='ltr'><strong>Pater</strong></span> <span class='ocrx_word' id='word_1_305' title='bbox 1209 2406 1406 2472; x_wconf 89' lang='lat' dir='ltr'><strong>bonus,</strong></span> <span class='ocrx_word' id='word_1_306' title='bbox 1462 2406 1770 2461; x_wconf 84' lang='lat' dir='ltr'><strong>misericors</strong></span> <span class='ocrx_word' id='word_1_307' title='bbox 1794 2446 1810 2474; x_wconf 89' lang='lat'><strong>,</strong></span> 
     </span>
    </p>
   </div>
   <div class='ocr_carea' id='block_1_40' title="bbox 260 2497 1814 2573">
    <p class='ocr_par' dir='ltr' id='par_1_40' title="bbox 260 2497 1814 2573">
     <span class='ocr_line' id='line_1_40' title="bbox 260 2497 1814 2573; baseline -0.002 -17"><span class='ocrx_word' id='word_1_308' title='bbox 260 2511 307 2556; x_wconf 86' lang='lat' dir='ltr'><strong>et</strong></span> <span class='ocrx_word' id='word_1_309' title='bbox 345 2502 474 2573; x_wconf 85' lang='lat' dir='ltr'><strong>pius,</strong></span> <span class='ocrx_word' id='word_1_310' title='bbox 527 2501 695 2557; x_wconf 89' lang='lat' dir='ltr'><strong>immo</strong></span> <span class='ocrx_word' id='word_1_311' title='bbox 759 2501 875 2571; x_wconf 91' lang='lat' dir='ltr'><strong>ipse</strong></span> <span class='ocrx_word' id='word_1_312' title='bbox 923 2500 1137 2555; x_wconf 87' lang='lat' dir='ltr'><strong>bonitas</strong></span> <span class='ocrx_word' id='word_1_313' title='bbox 1184 2497 1297 2554; x_wconf 71' lang='lat' dir='ltr'><strong>det</strong></span> <span class='ocrx_word' id='word_1_314' title='bbox 1336 2498 1709 2556; x_wconf 82' lang='lat' dir='ltr'><strong>misericordia</strong></span> <span class='ocrx_word' id='word_1_315' title='bbox 1758 2506 1814 2554; x_wconf 89' lang='lat' dir='ltr'><strong>et</strong></span> 
     </span>
    </p>
   </div>
   <div class='ocr_carea' id='block_1_41' title="bbox 261 2592 1812 2664">
    <p class='ocr_par' dir='ltr' id='par_1_41' title="bbox 261 2592 1812 2664">
     <span class='ocr_line' id='line_1_41' title="bbox 261 2592 1812 2664; baseline 0.001 -16"><span class='ocrx_word' id='word_1_316' title='bbox 261 2594 433 2663; x_wconf 82' lang='lat' dir='ltr'><strong>pietas,</strong></span> <span class='ocrx_word' id='word_1_317' title='bbox 465 2594 672 2650; x_wconf 49' lang='lat' dir='ltr'><strong>laetatur</strong></span> <span class='ocrx_word' id='word_1_318' title='bbox 702 2594 757 2649; x_wconf 89' lang='lat' dir='ltr'><strong>in</strong></span> <span class='ocrx_word' id='word_1_319' title='bbox 790 2594 1101 2664; x_wconf 68' lang='lat' dir='ltr'><strong>poenitentia</strong></span> <span class='ocrx_word' id='word_1_320' title='bbox 1132 2592 1366 2649; x_wconf 87' lang='lat' dir='ltr'><strong>filiorum</strong></span> <span class='ocrx_word' id='word_1_321' title='bbox 1391 2607 1653 2659; x_wconf 85' lang='lat' dir='ltr'><strong>suorum,</strong></span> <span class='ocrx_word' id='word_1_322' title='bbox 1710 2608 1812 2649; x_wconf 90' lang='lat' dir='ltr'><strong>nec</strong></span> 
     </span>
    </p>
   </div>
   <div class='ocr_carea' id='block_1_42' title="bbox 264 2683 1811 2758">
    <p class='ocr_par' dir='ltr' id='par_1_42' title="bbox 264 2683 1811 2758">
     <span class='ocr_line' id='line_1_42' title="bbox 264 2683 1811 2758; baseline 0.001 -18"><span class='ocrx_word' id='word_1_323' title='bbox 264 2683 355 2754; x_wconf 79' lang='lat' dir='ltr'><strong>iam</strong></span> <span class='ocrx_word' id='word_1_324' title='bbox 377 2687 730 2757; x_wconf 64' lang='lat' dir='ltr'><strong>penitentibus</strong></span> <span class='ocrx_word' id='word_1_325' title='bbox 755 2698 846 2742; x_wconf 87' lang='lat' dir='ltr'><strong>aut</strong></span> <span class='ocrx_word' id='word_1_326' title='bbox 871 2687 1248 2758; x_wconf 81' lang='lat' dir='ltr'><strong>plangentibus</strong></span> <span class='ocrx_word' id='word_1_327' title='bbox 1288 2694 1342 2740; x_wconf 92' lang='lat' dir='ltr'><strong>et</strong></span> <span class='ocrx_word' id='word_1_328' title='bbox 1392 2685 1811 2742; x_wconf 88' lang='lat' dir='ltr'><strong>lamentantibus</strong></span> 
     </span>
    </p>
   </div>
   <div class='ocr_carea' id='block_1_43' title="bbox 271 2777 1804 2849">
    <p class='ocr_par' dir='ltr' id='par_1_43' title="bbox 271 2777 1804 2849">
     <span class='ocr_line' id='line_1_43' title="bbox 271 2777 1804 2849; baseline -0.001 -16"><span class='ocrx_word' id='word_1_329' title='bbox 271 2791 452 2847; x_wconf 68' lang='lat' dir='ltr'><strong>penam</strong></span> <span class='ocrx_word' id='word_1_330' title='bbox 476 2782 847 2846; x_wconf 84' lang='lat' dir='ltr'><strong>comminatur,</strong></span> <span class='ocrx_word' id='word_1_331' title='bbox 878 2779 973 2835; x_wconf 88' lang='lat' dir='ltr'><strong>sed</strong></span> <span class='ocrx_word' id='word_1_332' title='bbox 1004 2778 1216 2834; x_wconf 84' lang='lat' dir='ltr'><strong>veniam</strong></span> <span class='ocrx_word' id='word_1_333' title='bbox 1248 2777 1422 2849; x_wconf 83' lang='lat' dir='ltr'><strong>magis</strong></span> <span class='ocrx_word' id='word_1_334' title='bbox 1445 2787 1499 2832; x_wconf 87' lang='lat' dir='ltr'><strong>et</strong></span> <span class='ocrx_word' id='word_1_335' title='bbox 1523 2777 1804 2848; x_wconf 67' lang='lat' dir='ltr'><strong>indulgeno</strong></span> 
     </span>
    </p>
   </div>
   <div class='ocr_carea' id='block_1_44' title="bbox 272 2871 1808 2943">
    <p class='ocr_par' dir='ltr' id='par_1_44' title="bbox 272 2871 1808 2943">
     <span class='ocr_line' id='line_1_44' title="bbox 272 2871 1808 2943; baseline 0.003 -20"><span class='ocrx_word' id='word_1_336' title='bbox 272 2871 380 2926; x_wconf 83' lang='lat' dir='ltr'><strong>tiam</strong></span> <span class='ocrx_word' id='word_1_337' title='bbox 400 2872 662 2941; x_wconf 88' lang='lat' dir='ltr'><strong>pollicetur.</strong></span> <span class='ocrx_word' id='word_1_338' title='bbox 701 2873 854 2929; x_wconf 90' lang='lat' dir='ltr'><strong>Unde</strong></span> <span class='ocrx_word' id='word_1_339' title='bbox 884 2872 1143 2928; x_wconf 87' lang='lat' dir='ltr'><strong>Dominus</strong></span> <span class='ocrx_word' id='word_1_340' title='bbox 1171 2873 1223 2927; x_wconf 90' lang='lat' dir='ltr'><strong>in</strong></span> <span class='ocrx_word' id='word_1_341' title='bbox 1272 2871 1564 2943; x_wconf 85' lang='lat' dir='ltr'><strong>Evangelio</strong></span> <span class='ocrx_word' id='word_1_342' title='bbox 1622 2871 1808 2928; x_wconf 86' lang='lat' dir='ltr'><strong>beatos</strong></span> 
     </span>
    </p>
   </div>
   <div class='ocr_carea' id='block_1_45' title="bbox 260 2963 1808 3038">
    <p class='ocr_par' dir='ltr' id='par_1_45' title="bbox 260 2963 1808 3038">
     <span class='ocr_line' id='line_1_45' title="bbox 260 2963 1808 3038; baseline 0.003 -19"><span class='ocrx_word' id='word_1_343' title='bbox 260 2963 373 3020; x_wconf 88' lang='lat' dir='ltr'><strong>dicit</strong></span> <span class='ocrx_word' id='word_1_344' title='bbox 406 2967 690 3038; x_wconf 81' lang='lat' dir='ltr'><strong>plangentes</strong></span> <span class='ocrx_word' id='word_1_345' title='bbox 718 2966 936 3038; x_wconf 78' lang='lat' dir='ltr'><strong>(Matth.</strong></span> <span class='ocrx_word' id='word_1_346' title='bbox 970 2968 1062 3038; x_wconf 76' lang='lat' dir='ltr'><strong>tr),</strong></span> <span class='ocrx_word' id='word_1_347' title='bbox 1097 2965 1220 3036; x_wconf 85' lang='lat' dir='ltr'><strong>quia</strong></span> <span class='ocrx_word' id='word_1_348' title='bbox 1270 2966 1360 3038; x_wconf 88' lang='lat' dir='ltr'><strong>qui</strong></span> <span class='ocrx_word' id='word_1_349' title='bbox 1405 2966 1607 3037; x_wconf 84' lang='lat' dir='ltr'><strong>plangit</strong></span> <span class='ocrx_word' id='word_1_350' title='bbox 1645 2967 1808 3023; x_wconf 86' lang='lat' dir='ltr'><strong>misc-</strong></span> 
     </span>
    </p>
   </div>
   <div class='ocr_carea' id='block_1_46' title="bbox 244 3057 1801 3132">
    <p class='ocr_par' dir='ltr' id='par_1_46' title="bbox 244 3057 1801 3132">
     <span class='ocr_line' id='line_1_46' title="bbox 244 3057 1801 3132; baseline -0.001 -18"><span class='ocrx_word' id='word_1_351' title='bbox 244 3057 497 3115; x_wconf 80' lang='lat' dir='ltr'><strong>ricordiam</strong></span> <span class='ocrx_word' id='word_1_352' title='bbox 520 3068 811 3132; x_wconf 80' lang='lat' dir='ltr'><strong>provocat;</strong></span> <span class='ocrx_word' id='word_1_353' title='bbox 841 3060 932 3129; x_wconf 86' lang='lat' dir='ltr'><strong>qui</strong></span> <span class='ocrx_word' id='word_1_354' title='bbox 980 3059 1229 3130; x_wconf 83' lang='lat' dir='ltr'><strong>pervicax</strong></span> <span class='ocrx_word' id='word_1_355' title='bbox 1259 3068 1315 3115; x_wconf 91' lang='lat' dir='ltr'><strong>et</strong></span> <span class='ocrx_word' id='word_1_356' title='bbox 1367 3059 1631 3129; x_wconf 87' lang='lat' dir='ltr'><strong>superbus</strong></span> <span class='ocrx_word' id='word_1_357' title='bbox 1675 3067 1757 3114; x_wconf 90' lang='lat' dir='ltr'><strong>est</strong></span> <span class='ocrx_word' id='word_1_358' title='bbox 1785 3101 1801 3128; x_wconf 91' lang='lat'><strong>,</strong></span> 
     </span>
    </p>
   </div>
   <div class='ocr_carea' id='block_1_47' title="bbox 235 3149 1805 3227">
    <p class='ocr_par' dir='ltr' id='par_1_47' title="bbox 235 3149 1805 3227">
     <span class='ocr_line' id='line_1_47' title="bbox 235 3149 1805 3227; baseline 0.003 -22"><span class='ocrx_word' id='word_1_359' title='bbox 235 3149 360 3207; x_wconf 86' lang='lat' dir='ltr'><strong>iram</strong></span> <span class='ocrx_word' id='word_1_360' title='bbox 386 3154 548 3211; x_wconf 61' lang='lat' dir='ltr'><strong>sibiet</strong></span> <span class='ocrx_word' id='word_1_361' title='bbox 591 3171 806 3227; x_wconf 75' lang='lat' dir='ltr'><strong>ptenam</strong></span> <span class='ocrx_word' id='word_1_362' title='bbox 832 3154 1018 3225; x_wconf 87' lang='lat' dir='ltr'><strong>judicii</strong></span> <span class='ocrx_word' id='word_1_363' title='bbox 1068 3154 1333 3209; x_wconf 80' lang='lat' dir='ltr'><strong>venientis</strong></span> <span class='ocrx_word' id='word_1_364' title='bbox 1369 3162 1675 3225; x_wconf 79' lang='lat' dir='ltr'><strong>exaggerat.</strong></span> <span class='ocrx_word' id='word_1_365' title='bbox 1739 3155 1805 3209; x_wconf 88' lang='lat' dir='ltr'><strong>Et</strong></span> 
     </span>
    </p>
   </div>
   <div class='ocr_carea' id='block_1_48' title="bbox 1920 1939 3524 2015">
    <p class='ocr_par' dir='ltr' id='par_1_48' title="bbox 1920 1939 3524 2015">
     <span class='ocr_line' id='line_1_48' title="bbox 1920 1939 3524 2015; baseline 0.006 -21"><span class='ocrx_word' id='word_1_366' title='bbox 1920 1939 2096 2004; x_wconf 86' lang='lat' dir='ltr'><strong>facto,</strong></span> <span class='ocrx_word' id='word_1_367' title='bbox 2127 1939 2340 1995; x_wconf 87' lang='lat' dir='ltr'><strong>adulter</strong></span> <span class='ocrx_word' id='word_1_368' title='bbox 2366 1951 2530 2011; x_wconf 89' lang='lat' dir='ltr'><strong>atque</strong></span> <span class='ocrx_word' id='word_1_369' title='bbox 2559 1948 2847 1999; x_wconf 84' lang='lat' dir='ltr'><strong>extraneus</strong></span> <span class='ocrx_word' id='word_1_370' title='bbox 2875 1945 3159 2015; x_wconf 88' lang='lat' dir='ltr'><strong>episcopus</strong></span> <span class='ocrx_word' id='word_1_371' title='bbox 3189 1945 3305 2001; x_wconf 88' lang='lat' dir='ltr'><strong>fieri</strong></span> <span class='ocrx_word' id='word_1_372' title='bbox 3350 1962 3381 2001; x_wconf 89' lang='lat' dir='ltr'><strong>a</strong></span> <span class='ocrx_word' id='word_1_373' title='bbox 3428 1946 3524 2004; x_wconf 89' lang='lat' dir='ltr'><strong>de-</strong></span> 
     </span>
    </p>
   </div>
   <div class='ocr_carea' id='block_1_49' title="bbox 1919 2032 3521 2103">
    <p class='ocr_par' dir='ltr' id='par_1_49' title="bbox 1919 2032 3521 2103">
     <span class='ocr_line' id='line_1_49' title="bbox 1919 2032 3521 2103; baseline 0.006 -16"><span class='ocrx_word' id='word_1_374' title='bbox 1919 2032 2217 2088; x_wconf 85' lang='lat' dir='ltr'><strong>sertoribus</strong></span> <span class='ocrx_word' id='word_1_375' title='bbox 2247 2048 2343 2103; x_wconf 90' lang='lat' dir='ltr'><strong>per</strong></span> <span class='ocrx_word' id='word_1_376' title='bbox 2369 2034 2631 2089; x_wconf 89' lang='lat' dir='ltr'><strong>ambitum</strong></span> <span class='ocrx_word' id='word_1_377' title='bbox 2654 2036 2876 2103; x_wconf 89' lang='lat' dir='ltr'><strong>nititur,</strong></span> <span class='ocrx_word' id='word_1_378' title='bbox 2914 2045 2969 2093; x_wconf 91' lang='lat' dir='ltr'><strong>et</strong></span> <span class='ocrx_word' id='word_1_379' title='bbox 2994 2053 3117 2093; x_wconf 90' lang='lat' dir='ltr'><strong>cum</strong></span> <span class='ocrx_word' id='word_1_380' title='bbox 3150 2039 3271 2094; x_wconf 87' lang='lat' dir='ltr'><strong>sita</strong></span> <span class='ocrx_word' id='word_1_381' title='bbox 3298 2038 3521 2097; x_wconf 85' lang='lat' dir='ltr'><strong>Christo</strong></span> 
     </span>
    </p>
   </div>
   <div class='ocr_carea' id='block_1_50' title="bbox 1923 2126 3518 2198">
    <p class='ocr_par' dir='ltr' id='par_1_50' title="bbox 1923 2126 3518 2198">
     <span class='ocr_line' id='line_1_50' title="bbox 1923 2126 3518 2198; baseline 0.006 -17"><span class='ocrx_word' id='word_1_382' title='bbox 1923 2141 2026 2182; x_wconf 89' lang='lat' dir='ltr'><strong>una</strong></span> <span class='ocrx_word' id='word_1_383' title='bbox 2057 2126 2297 2182; x_wconf 88' lang='lat' dir='ltr'><strong>Ecclesia</strong></span> <span class='ocrx_word' id='word_1_384' title='bbox 2338 2141 2434 2198; x_wconf 88' lang='lat' dir='ltr'><strong>per</strong></span> <span class='ocrx_word' id='word_1_385' title='bbox 2462 2136 2631 2183; x_wconf 90' lang='lat' dir='ltr'><strong>totum</strong></span> <span class='ocrx_word' id='word_1_386' title='bbox 2660 2129 2919 2185; x_wconf 90' lang='lat' dir='ltr'><strong>mundum</strong></span> <span class='ocrx_word' id='word_1_387' title='bbox 2952 2130 3005 2186; x_wconf 93' lang='lat' dir='ltr'><strong>in</strong></span> <span class='ocrx_word' id='word_1_388' title='bbox 3046 2131 3212 2188; x_wconf 86' lang='lat' dir='ltr'><strong>multa</strong></span> <span class='ocrx_word' id='word_1_389' title='bbox 3272 2132 3518 2190; x_wconf 75' lang='lat' dir='ltr'><strong>membra</strong></span> 
     </span>
    </p>
   </div>
   <div class='ocr_carea' id='block_1_51' title="bbox 1919 2217 3517 2293">
    <p class='ocr_par' dir='ltr' id='par_1_51' title="bbox 1919 2217 3517 2293">
     <span class='ocr_line' id='line_1_51' title="bbox 1919 2217 3517 2293; baseline 0.005 -20"><span class='ocrx_word' id='word_1_390' title='bbox 1919 2217 2111 2285; x_wconf 85' lang='lat' dir='ltr'><strong>divisa,</strong></span> <span class='ocrx_word' id='word_1_391' title='bbox 2136 2218 2267 2274; x_wconf 89' lang='lat' dir='ltr'><strong>item</strong></span> <span class='ocrx_word' id='word_1_392' title='bbox 2298 2220 2640 2290; x_wconf 80' lang='lat' dir='ltr'><strong>episcopatus</strong></span> <span class='ocrx_word' id='word_1_393' title='bbox 2668 2237 2807 2277; x_wconf 88' lang='lat' dir='ltr'><strong>unus</strong></span> <span class='ocrx_word' id='word_1_394' title='bbox 2820 2222 3199 2293; x_wconf 88' lang='lat' dir='ltr'><strong>episcoporum</strong></span> <span class='ocrx_word' id='word_1_395' title='bbox 3227 2223 3517 2281; x_wconf 90' lang='lat' dir='ltr'><strong>multorum</strong></span> 
     </span>
    </p>
   </div>
   <div class='ocr_carea' id='block_1_52' title="bbox 1913 2310 3518 2385">
    <p class='ocr_par' dir='ltr' id='par_1_52' title="bbox 1913 2310 3518 2385">
     <span class='ocr_line' id='line_1_52' title="bbox 1913 2310 3518 2385; baseline 0.003 -19"><span class='ocrx_word' id='word_1_396' title='bbox 1913 2310 2176 2367; x_wconf 84' lang='lat' dir='ltr'><strong>concordi</strong></span> <span class='ocrx_word' id='word_1_397' title='bbox 2203 2313 2596 2368; x_wconf 86' lang='lat' dir='ltr'><strong>numerositate</strong></span> <span class='ocrx_word' id='word_1_398' title='bbox 2622 2311 2884 2381; x_wconf 74' lang='lat' dir='ltr'><strong>dill‘usus,</strong></span> <span class='ocrx_word' id='word_1_399' title='bbox 2913 2313 3008 2370; x_wconf 91' lang='lat' dir='ltr'><strong>ille</strong></span> <span class='ocrx_word' id='word_1_400' title='bbox 3057 2324 3180 2385; x_wconf 89' lang='lat' dir='ltr'><strong>post</strong></span> <span class='ocrx_word' id='word_1_401' title='bbox 3211 2315 3305 2371; x_wconf 91' lang='lat' dir='ltr'><strong>Dei</strong></span> <span class='ocrx_word' id='word_1_402' title='bbox 3349 2314 3518 2371; x_wconf 87' lang='lat' dir='ltr'><strong>tradi-</strong></span> 
     </span>
    </p>
   </div>
   <div class='ocr_carea' id='block_1_53' title="bbox 1916 2404 3517 2478">
    <p class='ocr_par' dir='ltr' id='par_1_53' title="bbox 1916 2404 3517 2478">
     <span class='ocr_line' id='line_1_53' title="bbox 1916 2404 3517 2478; baseline 0.003 -20"><span class='ocrx_word' id='word_1_403' title='bbox 1916 2404 2154 2471; x_wconf 87' lang='lat' dir='ltr'><strong>tionem,</strong></span> <span class='ocrx_word' id='word_1_404' title='bbox 2205 2412 2329 2473; x_wconf 91' lang='lat' dir='ltr'><strong>post</strong></span> <span class='ocrx_word' id='word_1_405' title='bbox 2351 2419 2651 2461; x_wconf 82' lang='lat' dir='ltr'><strong>connexam</strong></span> <span class='ocrx_word' id='word_1_406' title='bbox 2701 2415 2758 2462; x_wconf 91' lang='lat' dir='ltr'><strong>et</strong></span> <span class='ocrx_word' id='word_1_407' title='bbox 2788 2406 2986 2476; x_wconf 89' lang='lat' dir='ltr'><strong>ubique</strong></span> <span class='ocrx_word' id='word_1_408' title='bbox 3032 2406 3375 2478; x_wconf 88' lang='lat' dir='ltr'><strong>conjunctam</strong></span> <span class='ocrx_word' id='word_1_409' title='bbox 3426 2422 3517 2463; x_wconf 88' lang='lat' dir='ltr'><strong>ca-</strong></span> 
     </span>
    </p>
   </div>
   <div class='ocr_carea' id='block_1_54' title="bbox 1918 2495 3518 2558">
    <p class='ocr_par' dir='ltr' id='par_1_54' title="bbox 1918 2495 3518 2558">
     <span class='ocr_line' id='line_1_54' title="bbox 1918 2495 3518 2558; baseline 0.004 -8"><span class='ocrx_word' id='word_1_410' title='bbox 1918 2496 2134 2552; x_wconf 75' lang='lat' dir='ltr'><strong>tholica:</strong></span> <span class='ocrx_word' id='word_1_411' title='bbox 2190 2495 2452 2553; x_wconf 67' lang='lat' dir='ltr'><strong>Ecclesim</strong></span> <span class='ocrx_word' id='word_1_412' title='bbox 2498 2498 2760 2555; x_wconf 87' lang='lat' dir='ltr'><strong>unitatem</strong></span> <span class='ocrx_word' id='word_1_413' title='bbox 2793 2497 3084 2554; x_wconf 88' lang='lat' dir='ltr'><strong>humanam</strong></span> <span class='ocrx_word' id='word_1_414' title='bbox 3134 2510 3364 2557; x_wconf 89' lang='lat' dir='ltr'><strong>conetur</strong></span> <span class='ocrx_word' id='word_1_415' title='bbox 3408 2500 3518 2558; x_wconf 86' lang='lat' dir='ltr'><strong>Ec-</strong></span> 
     </span>
    </p>
   </div>
   <div class='ocr_carea' id='block_1_55' title="bbox 1914 2588 3518 2661">
    <p class='ocr_par' dir='ltr' id='par_1_55' title="bbox 1914 2588 3518 2661">
     <span class='ocr_line' id='line_1_55' title="bbox 1914 2588 3518 2661; baseline 0.002 -17"><span class='ocrx_word' id='word_1_416' title='bbox 1914 2588 2131 2644; x_wconf 75' lang='lat' dir='ltr'><strong>clesium</strong></span> <span class='ocrx_word' id='word_1_417' title='bbox 2179 2589 2358 2646; x_wconf 88' lang='lat' dir='ltr'><strong>facere</strong></span> <span class='ocrx_word' id='word_1_418' title='bbox 2390 2629 2407 2656; x_wconf 90' lang='lat'><strong>,</strong></span> <span class='ocrx_word' id='word_1_419' title='bbox 2472 2599 2528 2645; x_wconf 90' lang='lat' dir='ltr'><strong>et</strong></span> <span class='ocrx_word' id='word_1_420' title='bbox 2591 2605 2686 2661; x_wconf 91' lang='lat' dir='ltr'><strong>per</strong></span> <span class='ocrx_word' id='word_1_421' title='bbox 2739 2588 3001 2661; x_wconf 86' lang='lat' dir='ltr'><strong>plurimas</strong></span> <span class='ocrx_word' id='word_1_422' title='bbox 3051 2592 3297 2649; x_wconf 82' lang='lat' dir='ltr'><strong>civitates</strong></span> <span class='ocrx_word' id='word_1_423' title='bbox 3347 2607 3518 2648; x_wconf 88' lang='lat' dir='ltr'><strong>novos</strong></span> 
     </span>
    </p>
   </div>
   <div class='ocr_carea' id='block_1_56' title="bbox 1914 2681 3519 2754">
    <p class='ocr_par' dir='ltr' id='par_1_56' title="bbox 1914 2681 3519 2754">
     <span class='ocr_line' id='line_1_56' title="bbox 1914 2681 3519 2754; baseline 0.002 -17"><span class='ocrx_word' id='word_1_424' title='bbox 1914 2681 2205 2752; x_wconf 81' lang='lat' dir='ltr'><strong>Apostolos</strong></span> <span class='ocrx_word' id='word_1_425' title='bbox 2232 2696 2361 2737; x_wconf 89' lang='lat' dir='ltr'><strong>suos</strong></span> <span class='ocrx_word' id='word_1_426' title='bbox 2402 2682 2608 2750; x_wconf 90' lang='lat' dir='ltr'><strong>mittat,</strong></span> <span class='ocrx_word' id='word_1_427' title='bbox 2638 2692 2699 2737; x_wconf 91' lang='lat' dir='ltr'><strong>ut</strong></span> <span class='ocrx_word' id='word_1_428' title='bbox 2746 2683 2995 2754; x_wconf 69' lang='lat' dir='ltr'><strong>qumdam</strong></span> <span class='ocrx_word' id='word_1_429' title='bbox 3042 2686 3277 2741; x_wconf 84' lang='lat' dir='ltr'><strong>recentia</strong></span> <span class='ocrx_word' id='word_1_430' title='bbox 3304 2685 3519 2740; x_wconf 88' lang='lat' dir='ltr'><strong>institu-</strong></span> 
     </span>
    </p>
   </div>
   <div class='ocr_carea' id='block_1_57' title="bbox 1914 2773 3514 2847">
    <p class='ocr_par' dir='ltr' id='par_1_57' title="bbox 1914 2773 3514 2847">
     <span class='ocr_line' id='line_1_57' title="bbox 1914 2773 3514 2847; baseline 0.003 -18"><span class='ocrx_word' id='word_1_431' title='bbox 1914 2774 2076 2830; x_wconf 88' lang='lat' dir='ltr'><strong>tionis</strong></span> <span class='ocrx_word' id='word_1_432' title='bbox 2093 2790 2207 2830; x_wconf 63' lang='grc' dir='ltr'><strong>θυαε</strong></span> <span class='ocrx_word' id='word_1_433' title='bbox 2229 2773 2576 2830; x_wconf 86' lang='lat' dir='ltr'><strong>fundamenta</strong></span> <span class='ocrx_word' id='word_1_434' title='bbox 2593 2776 2904 2842; x_wconf 89' lang='lat' dir='ltr'><strong>constituat,</strong></span> <span class='ocrx_word' id='word_1_435' title='bbox 2933 2792 3160 2847; x_wconf 90' lang='lat' dir='ltr'><strong>cumque</strong></span> <span class='ocrx_word' id='word_1_436' title='bbox 3178 2778 3287 2847; x_wconf 87' lang='lat' dir='ltr'><strong>jam</strong></span> <span class='ocrx_word' id='word_1_437' title='bbox 3306 2777 3514 2847; x_wconf 88' lang='lat' dir='ltr'><strong>pridem</strong></span> 
     </span>
    </p>
   </div>
   <div class='ocr_carea' id='block_1_58' title="bbox 1915 2870 3519 2943">
    <p class='ocr_par' dir='ltr' id='par_1_58' title="bbox 1915 2870 3519 2943">
     <span class='ocr_line' id='line_1_58' title="bbox 1915 2870 3519 2943; baseline 0.001 -18"><span class='ocrx_word' id='word_1_438' title='bbox 1915 2884 2013 2940; x_wconf 89' lang='lat' dir='ltr'><strong>per</strong></span> <span class='ocrx_word' id='word_1_439' title='bbox 2040 2884 2230 2924; x_wconf 91' lang='lat' dir='ltr'><strong>omnes</strong></span> <span class='ocrx_word' id='word_1_440' title='bbox 2261 2870 2566 2940; x_wconf 84' lang='lat' dir='ltr'><strong>provincias</strong></span> <span class='ocrx_word' id='word_1_441' title='bbox 2609 2881 2664 2925; x_wconf 89' lang='lat' dir='ltr'><strong>et</strong></span> <span class='ocrx_word' id='word_1_442' title='bbox 2689 2885 2788 2941; x_wconf 90' lang='lat' dir='ltr'><strong>per</strong></span> <span class='ocrx_word' id='word_1_443' title='bbox 2830 2870 2991 2926; x_wconf 86' lang='lat' dir='ltr'><strong>urbes</strong></span> <span class='ocrx_word' id='word_1_444' title='bbox 3016 2871 3255 2943; x_wconf 83' lang='lat' dir='ltr'><strong>singulas</strong></span> <span class='ocrx_word' id='word_1_445' title='bbox 3282 2870 3519 2927; x_wconf 88' lang='lat' dir='ltr'><strong>ordinati</strong></span> 
     </span>
    </p>
   </div>
   <div class='ocr_carea' id='block_1_59' title="bbox 1907 2964 3517 3039">
    <p class='ocr_par' dir='ltr' id='par_1_59' title="bbox 1907 2964 3517 3039">
     <span class='ocr_line' id='line_1_59' title="bbox 1907 2964 3517 3039; baseline 0 -18"><span class='ocrx_word' id='word_1_446' title='bbox 1907 2965 2015 3021; x_wconf 82' lang='lat' dir='ltr'><strong>sint</strong></span> <span class='ocrx_word' id='word_1_447' title='bbox 2046 2964 2283 3036; x_wconf 79' lang='lat' dir='ltr'><strong>episcopi</strong></span> <span class='ocrx_word' id='word_1_448' title='bbox 2313 2965 2366 3020; x_wconf 91' lang='lat' dir='ltr'><strong>in</strong></span> <span class='ocrx_word' id='word_1_449' title='bbox 2392 2973 2552 3021; x_wconf 77' lang='lat' dir='ltr'><strong>actate</strong></span> <span class='ocrx_word' id='word_1_450' title='bbox 2575 2964 2802 3037; x_wconf 80' lang='lat' dir='ltr'><strong>antiqui,</strong></span> <span class='ocrx_word' id='word_1_451' title='bbox 2840 2966 2894 3021; x_wconf 91' lang='lat' dir='ltr'><strong>in</strong></span> <span class='ocrx_word' id='word_1_452' title='bbox 2914 2966 3019 3022; x_wconf 88' lang='lat' dir='ltr'><strong>fide</strong></span> <span class='ocrx_word' id='word_1_453' title='bbox 3049 2967 3265 3039; x_wconf 83' lang='lat' dir='ltr'><strong>integri,</strong></span> <span class='ocrx_word' id='word_1_454' title='bbox 3289 2967 3342 3021; x_wconf 91' lang='lat' dir='ltr'><strong>in</strong></span> <span class='ocrx_word' id='word_1_455' title='bbox 3361 2980 3517 3036; x_wconf 87' lang='lat' dir='ltr'><strong>pres-</strong></span> 
     </span>
    </p>
   </div>
   <div class='ocr_carea' id='block_1_60' title="bbox 1909 3057 3517 3130">
    <p class='ocr_par' dir='ltr' id='par_1_60' title="bbox 1909 3057 3517 3130">
     <span class='ocr_line' id='line_1_60' title="bbox 1909 3057 3517 3130; baseline 0 -17"><span class='ocrx_word' id='word_1_456' title='bbox 1909 3072 2034 3113; x_wconf 88' lang='lat' dir='ltr'><strong>sura</strong></span> <span class='ocrx_word' id='word_1_457' title='bbox 2082 3058 2329 3128; x_wconf 88' lang='lat' dir='ltr'><strong>probati,</strong></span> <span class='ocrx_word' id='word_1_458' title='bbox 2359 3057 2413 3113; x_wconf 91' lang='lat' dir='ltr'><strong>in</strong></span> <span class='ocrx_word' id='word_1_459' title='bbox 2439 3059 2817 3129; x_wconf 87' lang='lat' dir='ltr'><strong>persecutione</strong></span> <span class='ocrx_word' id='word_1_460' title='bbox 2848 3060 3136 3130; x_wconf 88' lang='lat' dir='ltr'><strong>proscripti</strong></span> <span class='ocrx_word' id='word_1_461' title='bbox 3163 3102 3178 3127; x_wconf 96' lang='lat'><strong>,</strong></span> <span class='ocrx_word' id='word_1_462' title='bbox 3224 3060 3317 3115; x_wconf 92' lang='lat' dir='ltr'><strong>ille</strong></span> <span class='ocrx_word' id='word_1_463' title='bbox 3349 3072 3517 3128; x_wconf 88' lang='lat' dir='ltr'><strong>super</strong></span> 
     </span>
    </p>
   </div>
   <div class='ocr_carea' id='block_1_61' title="bbox 1905 3151 3515 3223">
    <p class='ocr_par' dir='ltr' id='par_1_61' title="bbox 1905 3151 3515 3223">
     <span class='ocr_line' id='line_1_61' title="bbox 1905 3151 3515 3223; baseline -0.002 -16"><span class='ocrx_word' id='word_1_464' title='bbox 1905 3166 2000 3209; x_wconf 88' lang='lat' dir='ltr'><strong>eos</strong></span> <span class='ocrx_word' id='word_1_465' title='bbox 2065 3167 2251 3208; x_wconf 89' lang='lat' dir='ltr'><strong>creare</strong></span> <span class='ocrx_word' id='word_1_466' title='bbox 2297 3153 2432 3208; x_wconf 89' lang='lat' dir='ltr'><strong>alios</strong></span> <span class='ocrx_word' id='word_1_467' title='bbox 2498 3153 2995 3223; x_wconf 85' lang='lat' dir='ltr'><strong>pseudoepiscnpus</strong></span> <span class='ocrx_word' id='word_1_468' title='bbox 3050 3152 3268 3209; x_wconf 89' lang='lat' dir='ltr'><strong>audeat.</strong></span> <span class='ocrx_word' id='word_1_469' title='bbox 3347 3151 3515 3219; x_wconf 85' lang='lat' dir='ltr'><strong>Quasi</strong></span> 
     </span>
    </p>
   </div>
   <div class='ocr_carea' id='block_1_62' title="bbox 228 3242 3515 3319">
    <p class='ocr_par' dir='ltr' id='par_1_62' title="bbox 228 3242 3515 3319">
     <span class='ocr_line' id='line_1_62' title="bbox 228 3242 3515 3319; baseline -0 -19"><span class='ocrx_word' id='word_1_470' title='bbox 228 3242 448 3313; x_wconf 77' lang='lat' dir='ltr'><strong>idcirco,</strong></span> <span class='ocrx_word' id='word_1_471' title='bbox 492 3247 655 3304; x_wconf 87' lang='lat' dir='ltr'><strong>frater</strong></span> <span class='ocrx_word' id='word_1_472' title='bbox 693 3248 1045 3314; x_wconf 86' lang='lat' dir='ltr'><strong>charissime,</strong></span> <span class='ocrx_word' id='word_1_473' title='bbox 1089 3246 1455 3318; x_wconf 75' lang='lat' dir='ltr'><strong>ptenitentiam</strong></span> <span class='ocrx_word' id='word_1_474' title='bbox 1504 3262 1609 3303; x_wconf 91' lang='lat' dir='ltr'><strong>non</strong></span> <span class='ocrx_word' id='word_1_475' title='bbox 1639 3262 1802 3319; x_wconf 87' lang='lat' dir='ltr'><strong>agen-</strong></span> <span class='ocrx_word' id='word_1_476' title='bbox 1827 3249 1874 3314; x_wconf 83' lang='lat' dir='ltr'>C</span> <span class='ocrx_word' id='word_1_477' title='bbox 1905 3246 2079 3316; x_wconf 86' lang='lat' dir='ltr'><strong>possit</strong></span> <span class='ocrx_word' id='word_1_478' title='bbox 2120 3253 2213 3300; x_wconf 91' lang='lat' dir='ltr'><strong>aut</strong></span> <span class='ocrx_word' id='word_1_479' title='bbox 2250 3254 2421 3299; x_wconf 91' lang='lat' dir='ltr'><strong>totum</strong></span> <span class='ocrx_word' id='word_1_480' title='bbox 2472 3245 2655 3301; x_wconf 88' lang='lat' dir='ltr'><strong>orbem</strong></span> <span class='ocrx_word' id='word_1_481' title='bbox 2704 3244 2830 3300; x_wconf 83' lang='lat' dir='ltr'><strong>novi</strong></span> <span class='ocrx_word' id='word_1_482' title='bbox 2878 3253 3107 3299; x_wconf 88' lang='lat' dir='ltr'><strong>conatus</strong></span> <span class='ocrx_word' id='word_1_483' title='bbox 3145 3243 3515 3299; x_wconf 86' lang='lat' dir='ltr'><strong>obstinatione</strong></span> 
     </span>
    </p>
   </div>
   <div class='ocr_carea' id='block_1_63' title="bbox 225 3340 1799 3409">
    <p class='ocr_par' dir='ltr' id='par_1_63' title="bbox 225 3340 1799 3409">
     <span class='ocr_line' id='line_1_63' title="bbox 225 3340 1799 3409; baseline 0.003 -17"><span class='ocrx_word' id='word_1_484' title='bbox 225 3342 343 3409; x_wconf 74' lang='lat' dir='ltr'><strong>tes,</strong></span> <span class='ocrx_word' id='word_1_485' title='bbox 392 3355 481 3397; x_wconf 87' lang='lat' dir='ltr'><strong>nec</strong></span> <span class='ocrx_word' id='word_1_486' title='bbox 501 3341 741 3397; x_wconf 87' lang='lat' dir='ltr'><strong>dolorem</strong></span> <span class='ocrx_word' id='word_1_487' title='bbox 774 3341 1094 3397; x_wconf 87' lang='lat' dir='ltr'><strong>delictorum</strong></span> <span class='ocrx_word' id='word_1_488' title='bbox 1122 3356 1341 3395; x_wconf 88' lang='lat' dir='ltr'><strong>suorum</strong></span> <span class='ocrx_word' id='word_1_489' title='bbox 1376 3349 1488 3395; x_wconf 89' lang='lat' dir='ltr'><strong>toto</strong></span> <span class='ocrx_word' id='word_1_490' title='bbox 1527 3340 1690 3396; x_wconf 87' lang='lat' dir='ltr'><strong>corde</strong></span> <span class='ocrx_word' id='word_1_491' title='bbox 1743 3350 1799 3397; x_wconf 90' lang='lat' dir='ltr'><strong>et</strong></span> 
     </span>
    </p>
   </div>
   <div class='ocr_carea' id='block_1_64' title="bbox 222 3431 1793 3508">
    <p class='ocr_par' dir='ltr' id='par_1_64' title="bbox 222 3431 1793 3508">
     <span class='ocr_line' id='line_1_64' title="bbox 222 3431 1793 3508; baseline 0.005 -26"><span class='ocrx_word' id='word_1_492' title='bbox 222 3431 482 3488; x_wconf 66' lang='lat' dir='ltr'><strong>manifesta</strong></span> <span class='ocrx_word' id='word_1_493' title='bbox 520 3434 921 3493; x_wconf 88' lang='lat' dir='ltr'><strong>lamentationis</strong></span> <span class='ocrx_word' id='word_1_494' title='bbox 958 3448 1072 3488; x_wconf 65' lang='lat' dir='ltr'><strong>sure</strong></span> <span class='ocrx_word' id='word_1_495' title='bbox 1118 3432 1456 3504; x_wconf 87' lang='lat' dir='ltr'><strong>professione</strong></span> <span class='ocrx_word' id='word_1_496' title='bbox 1495 3441 1751 3508; x_wconf 71' lang='lat' dir='ltr'><strong>testantes</strong></span> <span class='ocrx_word' id='word_1_497' title='bbox 1775 3476 1793 3503; x_wconf 89' lang='lat'><strong>,</strong></span> 
     </span>
    </p>
   </div>
   <div class='ocr_carea' id='block_1_65' title="bbox 213 3524 1797 3600">
    <p class='ocr_par' dir='ltr' id='par_1_65' title="bbox 213 3524 1797 3600">
     <span class='ocr_line' id='line_1_65' title="bbox 213 3524 1797 3600; baseline 0.003 -19"><span class='ocrx_word' id='word_1_498' title='bbox 213 3524 561 3592; x_wconf 67' lang='lat' dir='ltr'><strong>prohibendos</strong></span> <span class='ocrx_word' id='word_1_499' title='bbox 585 3528 808 3587; x_wconf 91' lang='lat' dir='ltr'><strong>omnino</strong></span> <span class='ocrx_word' id='word_1_500' title='bbox 838 3529 1149 3586; x_wconf 87' lang='lat' dir='ltr'><strong>censuimus</strong></span> <span class='ocrx_word' id='word_1_501' title='bbox 1178 3543 1206 3582; x_wconf 88' lang='lat' dir='ltr'><strong>a</strong></span> <span class='ocrx_word' id='word_1_502' title='bbox 1229 3542 1327 3600; x_wconf 87' lang='lat' dir='ltr'><strong>spe</strong></span> <span class='ocrx_word' id='word_1_503' title='bbox 1357 3528 1797 3585; x_wconf 90' lang='lat' dir='ltr'><strong>communicatio-</strong></span> 
     </span>
    </p>
   </div>
   <div class='ocr_carea' id='block_1_66' title="bbox 1906 3337 3511 3412">
    <p class='ocr_par' dir='ltr' id='par_1_66' title="bbox 1906 3337 3511 3412">
     <span class='ocr_line' id='line_1_66' title="bbox 1906 3337 3511 3412; baseline 0.001 -16"><span class='ocrx_word' id='word_1_504' title='bbox 1906 3354 2195 3412; x_wconf 87' lang='lat' dir='ltr'><strong>peragrare</strong></span> <span class='ocrx_word' id='word_1_505' title='bbox 2242 3348 2335 3394; x_wconf 86' lang='lat' dir='ltr'><strong>aut</strong></span> <span class='ocrx_word' id='word_1_506' title='bbox 2366 3339 2740 3395; x_wconf 86' lang='lat' dir='ltr'><strong>Ecclesiastici</strong></span> <span class='ocrx_word' id='word_1_507' title='bbox 2762 3340 3010 3411; x_wconf 87' lang='lat' dir='ltr'><strong>corporis</strong></span> <span class='ocrx_word' id='word_1_508' title='bbox 3054 3337 3084 3377; x_wconf 65' lang='lat'><strong>1‘</strong></span> <span class='ocrx_word' id='word_1_509' title='bbox 3136 3340 3511 3411; x_wconf 87' lang='lat' dir='ltr'><strong>compaginem</strong></span> 
     </span>
    </p>
   </div>
   <div class='ocr_carea' id='block_1_67' title="bbox 1902 3433 3516 3502">
    <p class='ocr_par' dir='ltr' id='par_1_67' title="bbox 1902 3433 3516 3502">
     <span class='ocr_line' id='line_1_67' title="bbox 1902 3433 3516 3502; baseline 0.001 -13"><span class='ocrx_word' id='word_1_510' title='bbox 1902 3433 2188 3489; x_wconf 68' lang='lat' dir='ltr'><strong>discordia:</strong></span> <span class='ocrx_word' id='word_1_511' title='bbox 2240 3449 2352 3490; x_wconf 61' lang='lat' dir='ltr'><strong>suae</strong></span> <span class='ocrx_word' id='word_1_512' title='bbox 2390 3434 2752 3492; x_wconf 89' lang='lat' dir='ltr'><strong>seminatione</strong></span> <span class='ocrx_word' id='word_1_513' title='bbox 2814 3435 3129 3492; x_wconf 88' lang='lat' dir='ltr'><strong>rescindere</strong></span> <span class='ocrx_word' id='word_1_514' title='bbox 3167 3435 3208 3502; x_wconf 78' lang='grc' dir='ltr'><strong>ί,</strong></span> <span class='ocrx_word' id='word_1_515' title='bbox 3264 3435 3516 3491; x_wconf 86' lang='lat' dir='ltr'><strong>nesciens</strong></span> 
     </span>
    </p>
   </div>
   <div class='ocr_carea' id='block_1_68' title="bbox 1901 3529 3510 3602">
    <p class='ocr_par' dir='ltr' id='par_1_68' title="bbox 1901 3529 3510 3602">
     <span class='ocr_line' id='line_1_68' title="bbox 1901 3529 3510 3602; baseline 0 -17"><span class='ocrx_word' id='word_1_516' title='bbox 1901 3529 2279 3586; x_wconf 72' lang='lat' dir='ltr'><strong>scitismaticos</strong></span> <span class='ocrx_word' id='word_1_517' title='bbox 2305 3544 2520 3601; x_wconf 85' lang='lat' dir='ltr'><strong>semper</strong></span> <span class='ocrx_word' id='word_1_518' title='bbox 2546 3529 2689 3587; x_wconf 88' lang='lat' dir='ltr'><strong>inter</strong></span> <span class='ocrx_word' id='word_1_519' title='bbox 2714 3530 2867 3587; x_wconf 89' lang='lat' dir='ltr'><strong>initia</strong></span> <span class='ocrx_word' id='word_1_520' title='bbox 2896 3531 3107 3589; x_wconf 87' lang='lat' dir='ltr'><strong>fervere</strong></span> <span class='ocrx_word' id='word_1_521' title='bbox 3130 3577 3145 3602; x_wconf 93' lang='lat'><strong>,</strong></span> <span class='ocrx_word' id='word_1_522' title='bbox 3173 3533 3510 3590; x_wconf 89' lang='lat' dir='ltr'><strong>incrementa</strong></span> 
     </span>
    </p>
   </div>
   <div class='ocr_carea' id='block_1_69' title="bbox 1439 3661 2272 3723">
    <p class='ocr_par' dir='ltr' id='par_1_69' title="bbox 1439 3661 2272 3723">
     <span class='ocr_line' id='line_1_69' title="bbox 1439 3661 2272 3723; baseline -0.001 -4"><span class='ocrx_word' id='word_1_523' title='bbox 1439 3661 1819 3723; x_wconf 86' lang='lat' dir='ltr'><strong>LECTIONES</strong></span> <span class='ocrx_word' id='word_1_524' title='bbox 1857 3662 2272 3720; x_wconf 80' lang='lat' dir='ltr'><strong>VARIANTES.</strong></span> 
     </span>
    </p>
   </div>
   <div class='ocr_carea' id='block_1_70' title="bbox 292 3774 913 3832">
    <p class='ocr_par' dir='ltr' id='par_1_70' title="bbox 292 3774 913 3832">
     <span class='ocr_line' id='line_1_70' title="bbox 292 3774 913 3832; baseline 0 -5"><span class='ocrx_word' id='word_1_525' title='bbox 292 3774 314 3804; x_wconf 80' lang='lat'>&#39;</span> <span class='ocrx_word' id='word_1_526' title='bbox 338 3777 645 3831; x_wconf 88' lang='lat' dir='ltr'><strong>Poscentibus</strong></span> <span class='ocrx_word' id='word_1_527' title='bbox 666 3792 723 3830; x_wconf 90' lang='lat' dir='ltr'><strong>se</strong></span> <span class='ocrx_word' id='word_1_528' title='bbox 754 3782 913 3832; x_wconf 75' lang='lat' dir='ltr'><strong>Oxon.</strong></span> 
     </span>
    </p>
   </div>
   <div class='ocr_carea' id='block_1_71' title="bbox 290 3834 796 3899">
    <p class='ocr_par' dir='ltr' id='par_1_71' title="bbox 290 3834 796 3899">
     <span class='ocr_line' id='line_1_71' title="bbox 290 3834 796 3899; baseline 0.004 -8"><span class='ocrx_word' id='word_1_529' title='bbox 290 3834 314 3874; x_wconf 72' lang='grc' dir='ltr'>δ</span> <span class='ocrx_word' id='word_1_530' title='bbox 338 3840 572 3895; x_wconf 88' lang='lat' dir='ltr'><strong>Prioribus</strong></span> <span class='ocrx_word' id='word_1_531' title='bbox 599 3843 725 3899; x_wconf 81' lang='lat' dir='ltr'><strong>Bod.</strong></span> <span class='ocrx_word' id='word_1_532' title='bbox 747 3846 796 3894; x_wconf 81' lang='grc'><strong>5.</strong></span> 
     </span>
    </p>
   </div>
   <div class='ocr_carea' id='block_1_72' title="bbox 290 3903 1511 3968">
    <p class='ocr_par' dir='ltr' id='par_1_72' title="bbox 290 3903 1511 3968">
     <span class='ocr_line' id='line_1_72' title="bbox 290 3903 1511 3968; baseline -0.001 -15"><span class='ocrx_word' id='word_1_533' title='bbox 290 3903 311 3968; x_wconf 60' lang='grc' dir='ltr'>ξ</span> <span class='ocrx_word' id='word_1_534' title='bbox 336 3907 398 3968; x_wconf 56' lang='lat' dir='ltr'><strong>ac</strong></span> <span class='ocrx_word' id='word_1_535' title='bbox 418 3907 768 3968; x_wconf 63' lang='lat' dir='ltr'><strong>penitentiam,</strong></span> <span class='ocrx_word' id='word_1_536' title='bbox 800 3917 857 3968; x_wconf 88' lang='lat' dir='ltr'><strong>ac</strong></span> <span class='ocrx_word' id='word_1_537' title='bbox 880 3904 1051 3957; x_wconf 87' lang='lat' dir='ltr'><strong>dolore</strong></span> <span class='ocrx_word' id='word_1_538' title='bbox 1074 3910 1352 3968; x_wconf 86' lang='lat' dir='ltr'><strong>correctum</strong></span> <span class='ocrx_word' id='word_1_539' title='bbox 1380 3904 1511 3968; x_wconf 82' lang='lat' dir='ltr'><strong>Man.</strong></span> 
     </span>
    </p>
   </div>
   <div class='ocr_carea' id='block_1_73' title="bbox 290 3962 1790 4031">
    <p class='ocr_par' dir='ltr' id='par_1_73' title="bbox 290 3962 1790 4031">
     <span class='ocr_line' id='line_1_73' title="bbox 290 3962 1790 4031; baseline -0.001 -14"><span class='ocrx_word' id='word_1_540' title='bbox 290 3962 321 4031; x_wconf 75' lang='lat' dir='ltr'><strong>d_</strong></span> <span class='ocrx_word' id='word_1_541' title='bbox 338 3962 431 4030; x_wconf 80' lang='lat' dir='ltr'><strong>Ipsa</strong></span> <span class='ocrx_word' id='word_1_542' title='bbox 448 3969 639 4018; x_wconf 86' lang='lat' dir='ltr'><strong>bonitas</strong></span> <span class='ocrx_word' id='word_1_543' title='bbox 663 3970 820 4021; x_wconf 78' lang='lat' dir='ltr'><strong>Oxon.</strong></span> <span class='ocrx_word' id='word_1_544' title='bbox 845 3967 1084 4018; x_wconf 79' lang='lat' dir='ltr'><strong>Bouilatis</strong></span> <span class='ocrx_word' id='word_1_545' title='bbox 1108 3973 1162 4016; x_wconf 89' lang='lat' dir='ltr'><strong>et</strong></span> <span class='ocrx_word' id='word_1_546' title='bbox 1183 3965 1534 4016; x_wconf 81' lang='lat' dir='ltr'><strong>misericordiae</strong></span> <span class='ocrx_word' id='word_1_547' title='bbox 1559 3973 1611 4016; x_wconf 89' lang='lat' dir='ltr'><strong>et</strong></span> <span class='ocrx_word' id='word_1_548' title='bbox 1628 3967 1790 4031; x_wconf 84' lang='lat' dir='ltr'><strong>pieta—</strong></span> 
     </span>
    </p>
   </div>
   <div class='ocr_carea' id='block_1_74' title="bbox 234 4027 606 4082">
    <p class='ocr_par' dir='ltr' id='par_1_74' title="bbox 234 4027 606 4082">
     <span class='ocr_line' id='line_1_74' title="bbox 234 4027 606 4082; baseline 0.013 -5"><span class='ocrx_word' id='word_1_549' title='bbox 234 4027 394 4081; x_wconf 78' lang='lat' dir='ltr'><strong>lislons</strong></span> <span class='ocrx_word' id='word_1_550' title='bbox 414 4030 535 4082; x_wconf 84' lang='lat' dir='ltr'><strong>Bod.</strong></span> <span class='ocrx_word' id='word_1_551' title='bbox 557 4032 606 4082; x_wconf 78' lang='grc'><strong>5.</strong></span> 
     </span>
    </p>
   </div>
   <div class='ocr_carea' id='block_1_75' title="bbox 289 4090 1794 4157">
    <p class='ocr_par' dir='ltr' id='par_1_75' title="bbox 289 4090 1794 4157">
     <span class='ocr_line' id='line_1_75' title="bbox 289 4090 1794 4157; baseline 0.001 -16"><span class='ocrx_word' id='word_1_552' title='bbox 289 4092 309 4120; x_wconf 79' lang='grc'><strong><em>⁸</em></strong></span> <span class='ocrx_word' id='word_1_553' title='bbox 332 4090 479 4146; x_wconf 76' lang='lat' dir='ltr'><strong>iactet</strong></span> <span class='ocrx_word' id='word_1_554' title='bbox 500 4107 557 4145; x_wconf 90' lang='lat' dir='ltr'><strong>se</strong></span> <span class='ocrx_word' id='word_1_555' title='bbox 581 4094 702 4145; x_wconf 88' lang='lat' dir='ltr'><strong>licet</strong></span> <span class='ocrx_word' id='word_1_556' title='bbox 722 4101 774 4144; x_wconf 91' lang='lat' dir='ltr'><strong>ct</strong></span> <span class='ocrx_word' id='word_1_557' title='bbox 790 4093 919 4143; x_wconf 88' lang='lat' dir='ltr'><strong>ferat</strong></span> <span class='ocrx_word' id='word_1_558' title='bbox 938 4091 1182 4157; x_wconf 85' lang='lat' dir='ltr'><strong>quomodo</strong></span> <span class='ocrx_word' id='word_1_559' title='bbox 1200 4090 1304 4142; x_wconf 81' lang='lat' dir='ltr'><strong>vult</strong></span> <span class='ocrx_word' id='word_1_560' title='bbox 1333 4092 1465 4142; x_wconf 90' lang='lat' dir='ltr'><strong>Lam.</strong></span> <span class='ocrx_word' id='word_1_561' title='bbox 1505 4091 1653 4142; x_wconf 86' lang='lat' dir='ltr'><strong>Ebor.</strong></span> <span class='ocrx_word' id='word_1_562' title='bbox 1682 4092 1794 4145; x_wconf 74' lang='grc' dir='ltr'><strong>ΝΟ.</strong></span> 
     </span>
    </p>
   </div>
   <div class='ocr_carea' id='block_1_76' title="bbox 1898 3776 2187 3830">
    <p class='ocr_par' dir='ltr' id='par_1_76' title="bbox 1898 3776 2187 3830">
     <span class='ocr_line' id='line_1_76' title="bbox 1898 3776 2187 3830; baseline 0 -3"><span class='ocrx_word' id='word_1_563' title='bbox 1898 3778 1948 3827; x_wconf 80' lang='grc'><strong>1.</strong></span> <span class='ocrx_word' id='word_1_564' title='bbox 1986 3776 2112 3828; x_wconf 86' lang='lat' dir='ltr'><strong>Bod.</strong></span> <span class='ocrx_word' id='word_1_565' title='bbox 2138 3781 2187 3830; x_wconf 77' lang='grc'><strong>2.</strong></span> 
     </span>
    </p>
   </div>
   <div class='ocr_carea' id='block_1_77' title="bbox 1962 3836 2689 3894">
    <p class='ocr_par' dir='ltr' id='par_1_77' title="bbox 1962 3836 2689 3894">
     <span class='ocr_line' id='line_1_77' title="bbox 1962 3836 2689 3894; baseline 0.001 -4"><span class='ocrx_word' id='word_1_566' title='bbox 1962 3836 1986 3878; x_wconf 73' lang='grc'><strong><em>1</em></strong></span> <span class='ocrx_word' id='word_1_567' title='bbox 2028 3840 2277 3892; x_wconf 88' lang='lat' dir='ltr'><strong>Unitatem</strong></span> <span class='ocrx_word' id='word_1_568' title='bbox 2301 3843 2507 3894; x_wconf 87' lang='lat' dir='ltr'><strong>retinuit</strong></span> <span class='ocrx_word' id='word_1_569' title='bbox 2531 3843 2689 3894; x_wconf 73' lang='lat' dir='ltr'><strong>Oxon.</strong></span> 
     </span>
    </p>
   </div>
   <div class='ocr_carea' id='block_1_78' title="bbox 1963 3904 2792 3969">
    <p class='ocr_par' dir='ltr' id='par_1_78' title="bbox 1963 3904 2792 3969">
     <span class='ocr_line' id='line_1_78' title="bbox 1963 3904 2792 3969; baseline 0 -17"><span class='ocrx_word' id='word_1_570' title='bbox 1963 3905 1989 3969; x_wconf 64' lang='grc' dir='ltr'><strong>β</strong></span> <span class='ocrx_word' id='word_1_571' title='bbox 2024 3904 2063 3969; x_wconf 41' lang='lat' dir='ltr'><strong>et</strong></span> <span class='ocrx_word' id='word_1_572' title='bbox 2086 3905 2264 3969; x_wconf 73' lang='lat' dir='ltr'><strong>decem</strong></span> <span class='ocrx_word' id='word_1_573' title='bbox 2292 3912 2345 3955; x_wconf 89' lang='lat' dir='ltr'><strong>et</strong></span> <span class='ocrx_word' id='word_1_574' title='bbox 2366 3911 2561 3969; x_wconf 80' lang='lat' dir='ltr'><strong>septem</strong></span> <span class='ocrx_word' id='word_1_575' title='bbox 2595 3905 2719 3957; x_wconf 85' lang='lat' dir='ltr'><strong>Bod.</strong></span> <span class='ocrx_word' id='word_1_576' title='bbox 2744 3909 2792 3957; x_wconf 80' lang='lat'><strong>3.</strong></span> 
     </span>
    </p>
   </div>
   <div class='ocr_carea' id='block_1_79' title="bbox 1959 3964 2792 4018">
    <p class='ocr_par' dir='ltr' id='par_1_79' title="bbox 1959 3964 2792 4018">
     <span class='ocr_line' id='line_1_79' title="bbox 1959 3964 2792 4018; baseline 0.001 -3"><span class='ocrx_word' id='word_1_577' title='bbox 1959 3964 1990 4003; x_wconf 77' lang='lat' dir='ltr'><strong>h</strong></span> <span class='ocrx_word' id='word_1_578' title='bbox 2025 3965 2360 4018; x_wconf 82' lang='lat' dir='ltr'><strong>Ecclesiastici</strong></span> <span class='ocrx_word' id='word_1_579' title='bbox 2379 3964 2568 4017; x_wconf 74' lang='lat' dir='ltr'><strong>ordinis</strong></span> <span class='ocrx_word' id='word_1_580' title='bbox 2592 3970 2699 4018; x_wconf 85' lang='lat' dir='ltr'><strong>Bod</strong></span> <span class='ocrx_word' id='word_1_581' title='bbox 2745 3972 2792 4018; x_wconf 83' lang='lat'><strong>5.</strong></span> 
     </span>
    </p>
   </div>
   <div class='ocr_carea' id='block_1_80' title="bbox 1963 4028 3186 4083">
    <p class='ocr_par' dir='ltr' id='par_1_80' title="bbox 1963 4028 3186 4083">
     <span class='ocr_line' id='line_1_80' title="bbox 1963 4028 3186 4083; baseline 0.001 -3"><span class='ocrx_word' id='word_1_582' title='bbox 1963 4028 1979 4066; x_wconf 78' lang='grc' dir='ltr'><strong>ί</strong></span> <span class='ocrx_word' id='word_1_583' title='bbox 2021 4028 2436 4081; x_wconf 87' lang='lat' dir='ltr'><strong>Contaminatione</strong></span> <span class='ocrx_word' id='word_1_584' title='bbox 2458 4032 2781 4081; x_wconf 86' lang='lat' dir='ltr'><strong>conscindere</strong></span> <span class='ocrx_word' id='word_1_585' title='bbox 2822 4031 2959 4081; x_wconf 88' lang='lat' dir='ltr'><strong>Lam.</strong></span> <span class='ocrx_word' id='word_1_586' title='bbox 2986 4030 3115 4083; x_wconf 89' lang='lat' dir='ltr'><strong>Bod.</strong></span> <span class='ocrx_word' id='word_1_587' title='bbox 3141 4034 3186 4081; x_wconf 75' lang='lat'><strong>2.</strong></span> 
     </span>
    </p>
   </div>
   <div class='ocr_carea' id='block_1_81' title="bbox 1533 4195 2157 4256">
    <p class='ocr_par' dir='ltr' id='par_1_81' title="bbox 1533 4195 2157 4256">
     <span class='ocr_line' id='line_1_81' title="bbox 1533 4195 2157 4256; baseline 0.003 -5"><span class='ocrx_word' id='word_1_588' title='bbox 1533 4195 1891 4255; x_wconf 82' lang='lat' dir='ltr'><strong>VARIORUM</strong></span> <span class='ocrx_word' id='word_1_589' title='bbox 1927 4198 2157 4256; x_wconf 75' lang='grc' dir='ltr'><strong>ΝΟΤᾹΞ.</strong></span> 
     </span>
    </p>
   </div>
   <div class='ocr_carea' id='block_1_82' title="bbox 230 4305 1779 4386">
    <p class='ocr_par' dir='ltr' id='par_1_82' title="bbox 230 4305 1779 4386">
     <span class='ocr_line' id='line_1_82' title="bbox 230 4305 1779 4386; baseline -0.007 -9"><span class='ocrx_word' id='word_1_590' title='bbox 230 4305 389 4377; x_wconf 57' lang='lat' dir='ltr'><strong>Mite</strong></span> <span class='ocrx_word' id='word_1_591' title='bbox 411 4316 519 4373; x_wconf 77' lang='lat' dir='ltr'><strong>Jocl</strong></span> <span class='ocrx_word' id='word_1_592' title='bbox 552 4316 711 4372; x_wconf 81' lang='lat' dir='ltr'><strong>habet</strong></span> <span class='ocrx_word' id='word_1_593' title='bbox 742 4315 1047 4386; x_wconf 78' lang='lat' dir='ltr'><strong>prwstabilis</strong></span> <span class='ocrx_word' id='word_1_594' title='bbox 1074 4330 1227 4383; x_wconf 84' lang='lat' dir='ltr'><strong>super</strong></span> <span class='ocrx_word' id='word_1_595' title='bbox 1257 4312 1475 4366; x_wconf 86' lang='lat' dir='ltr'><strong>malitia.</strong></span> <span class='ocrx_word' id='word_1_596' title='bbox 1509 4310 1779 4386; x_wconf 84' lang='lat' dir='ltr'><strong>Manutius</strong></span> 
     </span>
    </p>
   </div>
   <div class='ocr_carea' id='block_1_83' title="bbox 233 4383 1780 4463">
    <p class='ocr_par' dir='ltr' id='par_1_83' title="bbox 233 4383 1780 4463">
     <span class='ocr_line' id='line_1_83' title="bbox 233 4383 1780 4463; baseline -0.003 -20"><span class='ocrx_word' id='word_1_597' title='bbox 233 4389 374 4463; x_wconf 57' lang='grc' dir='ltr'><strong>Ρρξῐξίῑ</strong></span> <span class='ocrx_word' id='word_1_598' title='bbox 407 4383 798 4463; x_wconf 26' lang='grc' dir='ltr'><strong>ηιαιίιὶαετμερίι</strong></span> <span class='ocrx_word' id='word_1_599' title='bbox 843 4402 1089 4463; x_wconf 81' lang='lat' dir='ltr'><strong>ego_eam</strong></span> <span class='ocrx_word' id='word_1_600' title='bbox 1110 4386 1409 4463; x_wconf 71' lang='lat' dir='ltr'><strong>lectionem</strong></span> <span class='ocrx_word' id='word_1_601' title='bbox 1450 4400 1556 4463; x_wconf 72' lang='lat' dir='ltr'><strong>non</strong></span> <span class='ocrx_word' id='word_1_602' title='bbox 1602 4383 1780 4463; x_wconf 74' lang='lat' dir='ltr'><strong>reperi</strong></span> 
     </span>
    </p>
   </div>
   <div class='ocr_carea' id='block_1_84' title="bbox 224 4452 1782 4535">
    <p class='ocr_par' dir='ltr' id='par_1_84' title="bbox 224 4452 1782 4535">
     <span class='ocr_line' id='line_1_84' title="bbox 224 4452 1782 4535; baseline -0.002 -22"><span class='ocrx_word' id='word_1_603' title='bbox 329 4459 373 4535; x_wconf 80' lang='lat' dir='ltr'><strong>in</strong></span> <span class='ocrx_word' id='word_1_604' title='bbox 388 4463 611 4535; x_wconf 83' lang='lat' dir='ltr'><strong>quinque</strong></span> <span class='ocrx_word' id='word_1_605' title='bbox 636 4460 789 4535; x_wconf 85' lang='lat' dir='ltr'><strong>libr_i_s_</strong></span> <span class='ocrx_word' id='word_1_606' title='bbox 804 4452 1089 4535; x_wconf 59' lang='lat' dir='ltr'><strong>veteribus.</strong></span> <span class='ocrx_word' id='word_1_607' title='bbox 1110 4456 1166 4535; x_wconf 80' lang='lat' dir='ltr'><strong>In</strong></span> <span class='ocrx_word' id='word_1_608' title='bbox 1190 4456 1479 4535; x_wconf 40' lang='grc' dir='ltr'><strong>κίοι-θηρηεὶ</strong></span> <span class='ocrx_word' id='word_1_609' title='bbox 1503 4452 1782 4535; x_wconf 57' lang='lat' dir='ltr'><strong>legebatur</strong></span> 
     </span>
    </p>
   </div>
   <div class='ocr_carea' id='block_1_85' title="bbox 219 4525 1781 4603">
    <p class='ocr_par' dir='ltr' id='par_1_85' title="bbox 219 4525 1781 4603">
     <span class='ocr_line' id='line_1_85' title="bbox 219 4525 1781 4603; baseline -0.003 -17"><span class='ocrx_word' id='word_1_610' title='bbox 219 4525 416 4603; x_wconf 50' lang='lat' dir='ltr'><strong>iniurias</strong></span> <span class='ocrx_word' id='word_1_611' title='bbox 431 4525 697 4603; x_wconf 60' lang='lat' dir='ltr'><strong>irro&#39;gatns.</strong></span> <span class='ocrx_word' id='word_1_612' title='bbox 733 4528 1387 4603; x_wconf 52' lang='lat' dir='ltr'><strong>Vitlelt‘rontonisDucmi</strong></span> <span class='ocrx_word' id='word_1_613' title='bbox 1419 4538 1574 4603; x_wconf 62' lang='lat' dir='ltr'><strong>notas</strong></span> <span class='ocrx_word' id='word_1_614' title='bbox 1596 4528 1647 4580; x_wconf 90' lang='lat' dir='ltr'><strong>in</strong></span> <span class='ocrx_word' id='word_1_615' title='bbox 1680 4525 1781 4582; x_wconf 88' lang='lat' dir='ltr'><strong>ho-</strong></span> 
     </span>
    </p>
   </div>
   <div class='ocr_carea' id='block_1_86' title="bbox 219 4593 1745 4672">
    <p class='ocr_par' dir='ltr' id='par_1_86' title="bbox 219 4593 1745 4672">
     <span class='ocr_line' id='line_1_86' title="bbox 219 4593 1745 4672; baseline -0.001 -19"><span class='ocrx_word' id='word_1_616' title='bbox 219 4593 375 4672; x_wconf 71' lang='lat' dir='ltr'><strong>miljas</strong></span> <span class='ocrx_word' id='word_1_617' title='bbox 398 4593 552 4659; x_wconf 68' lang='lat' dir='ltr'><strong>sancti</strong></span> <span class='ocrx_word' id='word_1_618' title='bbox 578 4604 803 4659; x_wconf 83' lang='lat' dir='ltr'><strong>Joannis</strong></span> <span class='ocrx_word' id='word_1_619' title='bbox 830 4600 1232 4672; x_wconf 74' lang='lat' dir='ltr'><strong>Clu-ysostomi,</strong></span> <span class='ocrx_word' id='word_1_620' title='bbox 1268 4614 1385 4668; x_wconf 86' lang='lat' dir='ltr'><strong>pag.</strong></span> <span class='ocrx_word' id='word_1_621' title='bbox 1421 4599 1512 4672; x_wconf 69' lang='lat' dir='ltr'><strong>li.</strong></span> <span class='ocrx_word' id='word_1_622' title='bbox 1542 4598 1745 4653; x_wconf 63' lang='lat' dir='ltr'><strong>Bswz.</strong></span> 
     </span>
    </p>
   </div>
   <div class='ocr_carea' id='block_1_87' title="bbox 278 4666 1789 4737">
    <p class='ocr_par' dir='ltr' id='par_1_87' title="bbox 278 4666 1789 4737">
     <span class='ocr_line' id='line_1_87' title="bbox 278 4666 1789 4737; baseline -0.002 -10"><span class='ocrx_word' id='word_1_623' title='bbox 278 4666 593 4730; x_wconf 71' lang='lat' dir='ltr'><strong>Rammius.</strong></span> <span class='ocrx_word' id='word_1_624' title='bbox 633 4675 690 4729; x_wconf 88' lang='lat' dir='ltr'><strong>In</strong></span> <span class='ocrx_word' id='word_1_625' title='bbox 726 4689 832 4728; x_wconf 90' lang='lat' dir='ltr'><strong>uno</strong></span> <span class='ocrx_word' id='word_1_626' title='bbox 865 4666 1049 4728; x_wconf 67' lang='lat' dir='ltr'><strong>valere</strong></span> <span class='ocrx_word' id='word_1_627' title='bbox 1085 4672 1222 4725; x_wconf 87' lang='lat' dir='ltr'><strong>libro</strong></span> <span class='ocrx_word' id='word_1_628' title='bbox 1258 4666 1378 4725; x_wconf 81' lang='lat' dir='ltr'><strong>meo</strong></span> <span class='ocrx_word' id='word_1_629' title='bbox 1413 4671 1671 4737; x_wconf 87' lang='lat' dir='ltr'><strong>scriptum</strong></span> <span class='ocrx_word' id='word_1_630' title='bbox 1703 4678 1789 4724; x_wconf 89' lang='lat' dir='ltr'><strong>est</strong></span> 
     </span>
    </p>
   </div>
   <div class='ocr_carea' id='block_1_88' title="bbox 222 4740 1789 4805">
    <p class='ocr_par' dir='ltr' id='par_1_88' title="bbox 222 4740 1789 4805">
     <span class='ocr_line' id='line_1_88' title="bbox 222 4740 1789 4805; baseline -0.001 -8"><span class='ocrx_word' id='word_1_631' title='bbox 222 4749 321 4797; x_wconf 65' lang='lat' dir='ltr'><strong>mu</strong></span> <span class='ocrx_word' id='word_1_632' title='bbox 340 4748 599 4803; x_wconf 69' lang='lat' dir='ltr'><strong>correxerit</strong></span> <span class='ocrx_word' id='word_1_633' title='bbox 630 4755 686 4800; x_wconf 88' lang='lat' dir='ltr'><strong>ut</strong></span> <span class='ocrx_word' id='word_1_634' title='bbox 717 4746 1015 4798; x_wconf 77' lang='lat' dir='ltr'><strong>misereatur</strong></span> <span class='ocrx_word' id='word_1_635' title='bbox 1044 4742 1365 4805; x_wconf 83' lang='lat' dir='ltr'><strong>reservantis,</strong></span> <span class='ocrx_word' id='word_1_636' title='bbox 1397 4740 1449 4794; x_wconf 90' lang='lat' dir='ltr'><strong>in</strong></span> <span class='ocrx_word' id='word_1_637' title='bbox 1483 4741 1789 4797; x_wconf 84' lang='lat' dir='ltr'><strong>Divionensi</strong></span> 
     </span>
    </p>
   </div>
   <div class='ocr_carea' id='block_1_89' title="bbox 219 4812 1781 4883">
    <p class='ocr_par' dir='ltr' id='par_1_89' title="bbox 219 4812 1781 4883">
     <span class='ocr_line' id='line_1_89' title="bbox 219 4812 1781 4883; baseline -0.005 -10"><span class='ocrx_word' id='word_1_638' title='bbox 219 4812 325 4883; x_wconf 44' lang='grc' dir='ltr'>θῇ</span> <span class='ocrx_word' id='word_1_639' title='bbox 343 4819 632 4874; x_wconf 85' lang='lat' dir='ltr'><strong>recentiore</strong></span> <span class='ocrx_word' id='word_1_640' title='bbox 649 4817 965 4883; x_wconf 78' lang='lat' dir='ltr'><strong>Remigiano</strong></span> <span class='ocrx_word' id='word_1_641' title='bbox 988 4813 1269 4868; x_wconf 75' lang='lat' dir='ltr'><strong>miserantis</strong></span> <span class='ocrx_word' id='word_1_642' title='bbox 1285 4812 1781 4867; x_wconf 64' lang='lat' dir='ltr'><strong>reservatisBALttz.</strong></span> 
     </span>
    </p>
   </div>
   <div class='ocr_carea' id='block_1_90' title="bbox 320 4884 1784 4960">
    <p class='ocr_par' dir='ltr' id='par_1_90' title="bbox 320 4884 1784 4960">
     <span class='ocr_line' id='line_1_90' title="bbox 320 4884 1784 4960; baseline -0.003 -21"><span class='ocrx_word' id='word_1_643' title='bbox 320 4887 438 4960; x_wconf 62' lang='grc' dir='ltr'><em>ἔνθα.</em></span> <span class='ocrx_word' id='word_1_644' title='bbox 477 4889 662 4945; x_wconf 86' lang='lat' dir='ltr'><strong>Codex</strong></span> <span class='ocrx_word' id='word_1_645' title='bbox 690 4886 1219 4960; x_wconf 58' lang='lat' dir='ltr'><strong>Grttianopolitanus</strong></span> <span class='ocrx_word' id='word_1_646' title='bbox 1249 4892 1303 4960; x_wconf 77' lang='lat' dir='ltr'><strong>et</strong></span> <span class='ocrx_word' id='word_1_647' title='bbox 1341 4884 1784 4960; x_wconf 67' lang='lat' dir='ltr'><strong>monasteriensis</strong></span> 
     </span>
    </p>
   </div>
   <div class='ocr_carea' id='block_1_91' title="bbox 116 4946 1785 5035">
    <p class='ocr_par' dir='ltr' id='par_1_91' title="bbox 116 4946 1785 5035">
     <span class='ocr_line' id='line_1_91' title="bbox 116 4946 1785 5035; baseline -0.006 -19"><span class='ocrx_word' id='word_1_648' title='bbox 116 5018 133 5035; x_wconf 57' lang='grc'>,</span> <span class='ocrx_word' id='word_1_649' title='bbox 202 4946 407 5035; x_wconf 55' lang='grc' dir='ltr'><strong>ξςΙῐΙιιεὶἱΔ</strong></span> <span class='ocrx_word' id='word_1_650' title='bbox 422 4965 605 5032; x_wconf 78' lang='lat' dir='ltr'><strong>ferrea.</strong></span> <span class='ocrx_word' id='word_1_651' title='bbox 648 4959 788 5016; x_wconf 84' lang='lat' dir='ltr'><strong>Infra</strong></span> <span class='ocrx_word' id='word_1_652' title='bbox 828 4960 879 5035; x_wconf 78' lang='lat' dir='ltr'><strong>in</strong></span> <span class='ocrx_word' id='word_1_653' title='bbox 924 4946 1022 5035; x_wconf 70' lang='lat' dir='ltr'><strong>hac</strong></span> <span class='ocrx_word' id='word_1_654' title='bbox 1064 4959 1175 5026; x_wconf 69' lang='lat' dir='ltr'><strong>ipsa</strong></span> <span class='ocrx_word' id='word_1_655' title='bbox 1207 4954 1432 5035; x_wconf 52' lang='lat' dir='ltr'><strong>epistola</strong></span> <span class='ocrx_word' id='word_1_656' title='bbox 1457 4996 1470 5011; x_wconf 90' lang='lat'><strong>.</strong></span> <span class='ocrx_word' id='word_1_657' title='bbox 1504 4954 1682 5035; x_wconf 59' lang='lat' dir='ltr'><strong>ﬁctilia</strong></span> <span class='ocrx_word' id='word_1_658' title='bbox 1721 4953 1785 5035; x_wconf 76' lang='lat' dir='ltr'><strong>ab</strong></span> 
     </span>
    </p>
   </div>
   <div class='ocr_carea' id='block_1_92' title="bbox 194 5025 1779 5104">
    <p class='ocr_par' dir='ltr' id='par_1_92' title="bbox 194 5025 1779 5104">
     <span class='ocr_line' id='line_1_92' title="bbox 194 5025 1779 5104; baseline -0.008 -14"><span class='ocrx_word' id='word_1_659' title='bbox 375 5025 491 5091; x_wconf 69' lang='lat' dir='ltr'><strong>data</strong></span> <span class='ocrx_word' id='word_1_660' title='bbox 513 5041 587 5087; x_wconf 82' lang='lat' dir='ltr'><strong>est</strong></span> <span class='ocrx_word' id='word_1_661' title='bbox 612 5035 777 5104; x_wconf 80' lang='lat' dir='ltr'><strong>ferrea</strong></span> <span class='ocrx_word' id='word_1_662' title='bbox 803 5025 1284 5104; x_wconf 62' lang='lat' dir='ltr'><strong>rirgafrnngentur.</strong></span> <span class='ocrx_word' id='word_1_663' title='bbox 1312 5025 1544 5104; x_wconf 64' lang='lat' dir='ltr'><strong>Rufinus</strong></span> <span class='ocrx_word' id='word_1_664' title='bbox 1561 5026 1611 5080; x_wconf 91' lang='lat' dir='ltr'><strong>in</strong></span> <span class='ocrx_word' id='word_1_665' title='bbox 1639 5025 1779 5082; x_wconf 76' lang='lat' dir='ltr'><strong>Psal.</strong></span> 
     </span>
    </p>
   </div>
   <div class='ocr_carea' id='block_1_93' title="bbox 186 5094 1708 5175">
    <p class='ocr_par' dir='ltr' id='par_1_93' title="bbox 186 5094 1708 5175">
     <span class='ocr_line' id='line_1_93' title="bbox 186 5094 1708 5175; baseline -0.007 -16"><span class='ocrx_word' id='word_1_666' title='bbox 186 5094 445 5175; x_wconf 48' lang='lat' dir='ltr'><strong>&#39;Lfirga</strong></span> <span class='ocrx_word' id='word_1_667' title='bbox 471 5094 639 5175; x_wconf 77' lang='lat' dir='ltr'><strong>ferrea</strong></span> <span class='ocrx_word' id='word_1_668' title='bbox 664 5094 1482 5175; x_wconf 56' lang='lat' dir='ltr'><strong>accipiturin/leau&#39;bilisjustitia.</strong></span> <span class='ocrx_word' id='word_1_669' title='bbox 1510 5097 1708 5175; x_wconf 57' lang='lat' dir='ltr'><strong>illiw}.</strong></span> 
     </span>
    </p>
   </div>
   <div class='ocr_carea' id='block_1_94' title="bbox 236 5158 1783 5247">
    <p class='ocr_par' dir='ltr' id='par_1_94' title="bbox 236 5158 1783 5247">
     <span class='ocr_line' id='line_1_94' title="bbox 236 5158 1783 5247; baseline -0.009 -13"><span class='ocrx_word' id='word_1_670' title='bbox 236 5158 969 5247; x_wconf 48' lang='lat' dir='ltr'><strong>xxiii.;Bonitas.&#39;A_ngli</strong></span> <span class='ocrx_word' id='word_1_671' title='bbox 992 5158 1316 5247; x_wconf 63' lang='grc' dir='ltr'><strong>ιίιρηιιρινηξιι</strong></span> <span class='ocrx_word' id='word_1_672' title='bbox 1345 5169 1396 5247; x_wconf 80' lang='lat' dir='ltr'><strong>in</strong></span> <span class='ocrx_word' id='word_1_673' title='bbox 1427 5168 1614 5247; x_wconf 80' lang='lat' dir='ltr'><strong>codice</strong></span> <span class='ocrx_word' id='word_1_674' title='bbox 1642 5168 1783 5247; x_wconf 81' lang='lat' dir='ltr'><strong>Bod-</strong></span> 
     </span>
    </p>
   </div>
   <div class='ocr_carea' id='block_1_95' title="bbox 194 5227 1783 5319">
    <p class='ocr_par' dir='ltr' id='par_1_95' title="bbox 194 5227 1783 5319">
     <span class='ocr_line' id='line_1_95' title="bbox 194 5227 1783 5319; baseline -0.009 -14"><span class='ocrx_word' id='word_1_675' title='bbox 194 5227 1093 5319; x_wconf 27' lang='grc' dir='ltr'><strong>Γ(ὲίέεβηιζῷτξιίιίὶδς</strong></span> <span class='ocrx_word' id='word_1_676' title='bbox 1122 5253 1168 5296; x_wconf 86' lang='lat' dir='ltr'><strong>et</strong></span> <span class='ocrx_word' id='word_1_677' title='bbox 1198 5239 1559 5319; x_wconf 57' lang='lat' dir='ltr'><strong>misericordia:</strong></span> <span class='ocrx_word' id='word_1_678' title='bbox 1588 5252 1635 5294; x_wconf 88' lang='lat' dir='ltr'><strong>et</strong></span> <span class='ocrx_word' id='word_1_679' title='bbox 1676 5242 1783 5306; x_wconf 89' lang='lat' dir='ltr'><strong>pie-</strong></span> 
     </span>
    </p>
   </div>
   <div class='ocr_carea' id='block_1_96' title="bbox 214 5307 1781 5447">
    <p class='ocr_par' dir='ltr' id='par_1_96' title="bbox 214 5307 1781 5447">
     <span class='ocr_line' id='line_1_96' title="bbox 214 5307 1781 5447; baseline -0.004 -74"><span class='ocrx_word' id='word_1_680' title='bbox 214 5307 454 5447; x_wconf 47' lang='grc' dir='ltr'><strong>ίέξζίσὸυι.</strong></span> <span class='ocrx_word' id='word_1_681' title='bbox 482 5307 559 5375; x_wconf 68' lang='grc' dir='ltr'><strong>ῐὶθ</strong></span> <span class='ocrx_word' id='word_1_682' title='bbox 587 5321 750 5375; x_wconf 84' lang='lat' dir='ltr'><strong>etiam</strong></span> <span class='ocrx_word' id='word_1_683' title='bbox 781 5318 833 5372; x_wconf 93' lang='lat' dir='ltr'><strong>in</strong></span> <span class='ocrx_word' id='word_1_684' title='bbox 865 5314 1165 5381; x_wconf 73' lang='lat' dir='ltr'><strong>Pitltmano,</strong></span> <span class='ocrx_word' id='word_1_685' title='bbox 1197 5313 1299 5367; x_wconf 84' lang='lat' dir='ltr'><strong>nisi</strong></span> <span class='ocrx_word' id='word_1_686' title='bbox 1320 5310 1460 5384; x_wconf 88' lang='lat' dir='ltr'><strong>quod</strong></span> <span class='ocrx_word' id='word_1_687' title='bbox 1495 5311 1648 5366; x_wconf 92' lang='lat' dir='ltr'><strong>deest</strong></span> <span class='ocrx_word' id='word_1_688' title='bbox 1677 5326 1781 5367; x_wconf 79' lang='lat' dir='ltr'><strong>vox</strong></span> 
     </span>
     <span class='ocr_line' id='line_1_97' title="bbox 302 5406 543 5447; baseline -0.017 0"><span class='ocrx_word' id='word_1_689' title='bbox 302 5446 305 5447; x_wconf 30' lang='grc' dir='ltr'><em>ν</em></span> <span class='ocrx_word' id='word_1_690' title='bbox 390 5406 543 5447; x_wconf 75' lang='grc' dir='ltr'><strong>Αωι.</strong></span> 
     </span>
    </p>
   </div>
   <div class='ocr_carea' id='block_1_97' title="bbox 242 5394 543 5449">
    <p class='ocr_par' dir='ltr' id='par_1_97' title="bbox 242 5394 543 5449">
     <span class='ocr_line' id='line_1_98' title="bbox 242 5394 543 5449; baseline -0.023 0"><span class='ocrx_word' id='word_1_691' title='bbox 242 5394 329 5449; x_wconf 58' lang='grc' dir='ltr'><strong>σει</strong></span> <span class='ocrx_word' id='word_1_692' title='bbox 354 5394 543 5449; x_wconf 76' lang='grc' dir='ltr'><strong>ΒΑιυι.</strong></span> 
     </span>
    </p>
   </div>
   <div class='ocr_carea' id='block_1_98' title="bbox 276 5446 1778 5517">
    <p class='ocr_par' dir='ltr' id='par_1_98' title="bbox 276 5446 1778 5517">
     <span class='ocr_line' id='line_1_99' title="bbox 276 5446 1778 5517; baseline -0.004 0"><span class='ocrx_word' id='word_1_693' title='bbox 276 5446 531 5517; x_wconf 45' lang='lat' dir='ltr'><strong>nhil;</strong></span> <span class='ocrx_word' id='word_1_694' title='bbox 553 5462 595 5517; x_wconf 79' lang='grc' dir='ltr'><em>Α</em></span> <span class='ocrx_word' id='word_1_695' title='bbox 621 5461 897 5517; x_wconf 79' lang='lat' dir='ltr'><strong>sexdecim.</strong></span> <span class='ocrx_word' id='word_1_696' title='bbox 922 5457 1186 5517; x_wconf 86' lang='lat' dir='ltr'><strong>Pacianus</strong></span> <span class='ocrx_word' id='word_1_697' title='bbox 1216 5456 1269 5513; x_wconf 91' lang='lat' dir='ltr'><strong>in</strong></span> <span class='ocrx_word' id='word_1_698' title='bbox 1302 5460 1561 5509; x_wconf 88' lang='lat' dir='ltr'><strong>tractatus</strong></span> <span class='ocrx_word' id='word_1_699' title='bbox 1591 5463 1778 5511; x_wconf 88' lang='lat' dir='ltr'><strong>contra</strong></span> 
     </span>
    </p>
   </div>
   <div class='ocr_carea' id='block_1_99' title="bbox 219 5510 1779 5602">
    <p class='ocr_par' dir='ltr' id='par_1_99' title="bbox 219 5510 1779 5602">
     <span class='ocr_line' id='line_1_100' title="bbox 219 5510 1779 5602; baseline -0.007 -10"><span class='ocrx_word' id='word_1_700' title='bbox 219 5510 531 5602; x_wconf 45' lang='lat' dir='ltr'><strong>miseos:</strong></span> <span class='ocrx_word' id='word_1_701' title='bbox 553 5510 836 5589; x_wconf 46' lang='lat' dir='ltr'><strong>ﬁerttelius</strong></span> <span class='ocrx_word' id='word_1_702' title='bbox 856 5510 970 5602; x_wconf 71' lang='lat' dir='ltr'><strong>jam</strong></span> <span class='ocrx_word' id='word_1_703' title='bbox 998 5529 1179 5584; x_wconf 60' lang='lat' dir='ltr'><strong>Rauca:</strong></span> <span class='ocrx_word' id='word_1_704' title='bbox 1207 5529 1471 5597; x_wconf 76' lang='lat' dir='ltr'><strong>episwpus</strong></span> <span class='ocrx_word' id='word_1_705' title='bbox 1499 5543 1530 5579; x_wconf 89' lang='lat' dir='ltr'><strong>a</strong></span> <span class='ocrx_word' id='word_1_706' title='bbox 1561 5526 1779 5602; x_wconf 62' lang='lat' dir='ltr'><strong>sederim</strong></span> 
     </span>
    </p>
   </div>
   <div class='ocr_carea' id='block_1_100' title="bbox 215 5584 1774 5677">
    <p class='ocr_par' dir='ltr' id='par_1_100' title="bbox 215 5584 1774 5677">
     <span class='ocr_line' id='line_1_101' title="bbox 215 5584 1774 5677; baseline -0.007 -15"><span class='ocrx_word' id='word_1_707' title='bbox 443 5584 804 5677; x_wconf 51' lang='lat' dir='ltr'><strong>Eumaeus;</strong></span> <span class='ocrx_word' id='word_1_708' title='bbox 820 5584 1326 5677; x_wconf 2' lang='lat' dir='ltr'><strong>Deut/tedrw‘vacantis</strong></span> <span class='ocrx_word' id='word_1_709' title='bbox 1341 5584 1623 5677; x_wconf 55' lang='lat' dir='ltr'><strong>acceperat:</strong></span> <span class='ocrx_word' id='word_1_710' title='bbox 1643 5598 1774 5653; x_wconf 76' lang='lat' dir='ltr'><strong>BAL.</strong></span> 
     </span>
    </p>
   </div>
   <div class='ocr_carea' id='block_1_101' title="bbox 233 5659 1778 5751">
    <p class='ocr_par' dir='ltr' id='par_1_101' title="bbox 233 5659 1778 5751">
     <span class='ocr_line' id='line_1_102' title="bbox 233 5659 1778 5751; baseline -0.004 -20"><span class='ocrx_word' id='word_1_711' title='bbox 233 5659 598 5751; x_wconf 18' lang='lat' dir='ltr'><strong>gifpiicopatus</strong></span> <span class='ocrx_word' id='word_1_712' title='bbox 648 5677 1032 5751; x_wconf 70' lang='lat' dir='ltr'><strong>unus._l.ocus</strong></span> <span class='ocrx_word' id='word_1_713' title='bbox 1088 5673 1333 5751; x_wconf 69' lang='lat' dir='ltr'><strong>insignis,</strong></span> <span class='ocrx_word' id='word_1_714' title='bbox 1364 5659 1539 5751; x_wconf 65' lang='lat' dir='ltr'><strong>inquit</strong></span> <span class='ocrx_word' id='word_1_715' title='bbox 1583 5669 1778 5725; x_wconf 77' lang='lat' dir='ltr'><strong>Panic-</strong></span> 
     </span>
    </p>
   </div>
   <div class='ocr_carea' id='block_1_102' title="bbox 214 5727 1771 5821">
    <p class='ocr_par' dir='ltr' id='par_1_102' title="bbox 214 5727 1771 5821">
     <span class='ocr_line' id='line_1_103' title="bbox 214 5727 1771 5821; baseline -0.005 -15"><span class='ocrx_word' id='word_1_716' title='bbox 810 5727 1221 5821; x_wconf 60' lang='lat' dir='ltr'><strong>Riimano._Scd</strong></span> <span class='ocrx_word' id='word_1_717' title='bbox 1245 5727 1349 5798; x_wconf 81' lang='lat' dir='ltr'><strong>non</strong></span> <span class='ocrx_word' id='word_1_718' title='bbox 1375 5727 1524 5821; x_wconf 64' lang='lat' dir='ltr'><strong>cepit</strong></span> <span class='ocrx_word' id='word_1_719' title='bbox 1549 5756 1771 5821; x_wconf 80' lang='lat' dir='ltr'><strong>sensum</strong></span> 
     </span>
    </p>
   </div>
   <div class='ocr_carea' id='block_1_103' title="bbox 212 5798 1770 5893">
    <p class='ocr_par' dir='ltr' id='par_1_103' title="bbox 212 5798 1770 5893">
     <span class='ocr_line' id='line_1_104' title="bbox 212 5798 1770 5893; baseline -0.003 -20"><span class='ocrx_word' id='word_1_720' title='bbox 1089 5798 1225 5893; x_wconf 75' lang='lat' dir='ltr'><strong>sunt</strong></span> <span class='ocrx_word' id='word_1_721' title='bbox 1248 5812 1392 5885; x_wconf 84' lang='lat' dir='ltr'><strong>apud</strong></span> <span class='ocrx_word' id='word_1_722' title='bbox 1420 5798 1770 5893; x_wconf 46' lang='lat' dir='ltr'><strong>“Cyprianum</strong></span> 
     </span>
    </p>
   </div>
   <div class='ocr_carea' id='block_1_104' title="bbox 206 5884 1772 5960">
    <p class='ocr_par' dir='ltr' id='par_1_104' title="bbox 206 5884 1772 5960">
     <span class='ocr_line' id='line_1_105' title="bbox 206 5884 1772 5960; baseline -0.003 -14"><span class='ocrx_word' id='word_1_723' title='bbox 206 5884 347 5946; x_wconf 61' lang='lat' dir='ltr'><strong>&quot;fit</strong></span> <span class='ocrx_word' id='word_1_724' title='bbox 365 5884 487 5951; x_wconf 73' lang='lat' dir='ltr'><strong>loca</strong></span> <span class='ocrx_word' id='word_1_725' title='bbox 504 5884 686 5952; x_wconf 74' lang='lat' dir='ltr'><strong>&#39;multo</strong></span> <span class='ocrx_word' id='word_1_726' title='bbox 726 5889 1109 5951; x_wconf 83' lang='lat' dir='ltr'><strong>lavorabiliora</strong></span> <span class='ocrx_word' id='word_1_727' title='bbox 1132 5884 1389 5960; x_wconf 73' lang='lat' dir='ltr'><strong>episcOpo</strong></span> <span class='ocrx_word' id='word_1_728' title='bbox 1420 5885 1684 5957; x_wconf 78' lang='lat' dir='ltr'><strong>Romano,</strong></span> <span class='ocrx_word' id='word_1_729' title='bbox 1712 5896 1772 5942; x_wconf 91' lang='lat' dir='ltr'><strong>ut</strong></span> 
     </span>
    </p>
   </div>
   <div class='ocr_carea' id='block_1_105' title="bbox 1888 4314 3496 4385">
    <p class='ocr_par' dir='ltr' id='par_1_105' title="bbox 1888 4314 3496 4385">
     <span class='ocr_line' id='line_1_106' title="bbox 1888 4314 3496 4385; baseline 0.008 -17"><span class='ocrx_word' id='word_1_730' title='bbox 1888 4315 2030 4370; x_wconf 89' lang='lat' dir='ltr'><strong>istud</strong></span> <span class='ocrx_word' id='word_1_731' title='bbox 2076 4315 2129 4370; x_wconf 92' lang='lat' dir='ltr'><strong>in</strong></span> <span class='ocrx_word' id='word_1_732' title='bbox 2180 4314 2408 4384; x_wconf 86' lang='lat' dir='ltr'><strong>epistola</strong></span> <span class='ocrx_word' id='word_1_733' title='bbox 2442 4330 2531 4382; x_wconf 77' lang='lat' dir='ltr'><strong>LV,</strong></span> <span class='ocrx_word' id='word_1_734' title='bbox 2563 4328 2688 4385; x_wconf 83' lang='lat' dir='ltr'><strong>pag.</strong></span> <span class='ocrx_word' id='word_1_735' title='bbox 2721 4314 2811 4373; x_wconf 90' lang='lat'><strong>86.</strong></span> <span class='ocrx_word' id='word_1_736' title='bbox 2864 4314 2992 4371; x_wconf 86' lang='lat' dir='ltr'><strong>Post</strong></span> <span class='ocrx_word' id='word_1_737' title='bbox 3022 4318 3122 4373; x_wconf 87' lang='lat' dir='ltr'><strong>ista</strong></span> <span class='ocrx_word' id='word_1_738' title='bbox 3152 4320 3325 4376; x_wconf 79' lang='lat' dir='ltr'><strong>adhuc</strong></span> <span class='ocrx_word' id='word_1_739' title='bbox 3349 4320 3496 4380; x_wconf 80' lang='lat' dir='ltr'><strong>insu—</strong></span> 
     </span>
    </p>
   </div>
   <div class='ocr_carea' id='block_1_106' title="bbox 1889 4385 3495 4457">
    <p class='ocr_par' dir='ltr' id='par_1_106' title="bbox 1889 4385 3495 4457">
     <span class='ocr_line' id='line_1_107' title="bbox 1889 4385 3495 4457; baseline 0.006 -17"><span class='ocrx_word' id='word_1_740' title='bbox 1889 4402 1999 4457; x_wconf 86' lang='lat' dir='ltr'><strong>per,</strong></span> <span class='ocrx_word' id='word_1_741' title='bbox 2030 4386 2468 4457; x_wconf 86' lang='lat' dir='ltr'><strong>pseudoepiscopo</strong></span> <span class='ocrx_word' id='word_1_742' title='bbox 2513 4387 2610 4441; x_wconf 89' lang='lat' dir='ltr'><strong>sibi</strong></span> <span class='ocrx_word' id='word_1_743' title='bbox 2637 4385 2699 4440; x_wconf 80' lang='lat' dir='ltr'><strong>ab</strong></span> <span class='ocrx_word' id='word_1_744' title='bbox 2732 4388 2982 4441; x_wconf 80' lang='lat' dir='ltr'><strong>luereticis</strong></span> <span class='ocrx_word' id='word_1_745' title='bbox 3021 4394 3314 4457; x_wconf 86' lang='lat' dir='ltr'><strong>constituto,</strong></span> <span class='ocrx_word' id='word_1_746' title='bbox 3343 4396 3495 4450; x_wconf 83' lang='lat' dir='ltr'><strong>navi-</strong></span> 
     </span>
    </p>
   </div>
   <div class='ocr_carea' id='block_1_107' title="bbox 1888 4457 3502 4528">
    <p class='ocr_par' dir='ltr' id='par_1_107' title="bbox 1888 4457 3502 4528">
     <span class='ocr_line' id='line_1_108' title="bbox 1888 4457 3502 4528; baseline 0.007 -18"><span class='ocrx_word' id='word_1_747' title='bbox 1888 4474 2013 4528; x_wconf 85' lang='lat' dir='ltr'><strong>gare</strong></span> <span class='ocrx_word' id='word_1_748' title='bbox 2039 4458 2231 4512; x_wconf 85' lang='lat' dir='ltr'><strong>audent</strong></span> <span class='ocrx_word' id='word_1_749' title='bbox 2264 4468 2312 4512; x_wconf 87' lang='lat' dir='ltr'><strong>et</strong></span> <span class='ocrx_word' id='word_1_750' title='bbox 2341 4458 2410 4513; x_wconf 89' lang='lat' dir='ltr'><strong>ad</strong></span> <span class='ocrx_word' id='word_1_751' title='bbox 2440 4457 2585 4512; x_wconf 83' lang='lat' dir='ltr'><strong>Petri</strong></span> <span class='ocrx_word' id='word_1_752' title='bbox 2611 4458 2913 4513; x_wconf 83' lang='lat' dir='ltr'><strong>cathedram</strong></span> <span class='ocrx_word' id='word_1_753' title='bbox 2939 4469 3090 4528; x_wconf 85' lang='lat' dir='ltr'><strong>atque</strong></span> <span class='ocrx_word' id='word_1_754' title='bbox 3116 4462 3184 4516; x_wconf 90' lang='lat' dir='ltr'><strong>ad</strong></span> <span class='ocrx_word' id='word_1_755' title='bbox 3212 4460 3502 4523; x_wconf 81' lang='lat' dir='ltr'><strong>Ecclesium</strong></span> 
     </span>
    </p>
   </div>
   <div class='ocr_carea' id='block_1_108' title="bbox 1808 4514 3502 4601">
    <p class='ocr_par' dir='ltr' id='par_1_108' title="bbox 1808 4514 3502 4601">
     <span class='ocr_line' id='line_1_109' title="bbox 1808 4514 3502 4601; baseline 0.005 -18"><span class='ocrx_word' id='word_1_756' title='bbox 1808 4514 1861 4576; x_wconf 82' lang='grc' dir='ltr'><strong>Ῑ)</strong></span> <span class='ocrx_word' id='word_1_757' title='bbox 1888 4514 2250 4601; x_wconf 63' lang='lat' dir='ltr'><strong>principalem,</strong></span> <span class='ocrx_word' id='word_1_758' title='bbox 2274 4531 2410 4585; x_wconf 84' lang='lat' dir='ltr'><strong>unde</strong></span> <span class='ocrx_word' id='word_1_759' title='bbox 2435 4530 2610 4585; x_wconf 85' lang='lat' dir='ltr'><strong>unitas</strong></span> <span class='ocrx_word' id='word_1_760' title='bbox 2631 4530 2967 4585; x_wconf 79' lang='lat' dir='ltr'><strong>sacerdotalis</strong></span> <span class='ocrx_word' id='word_1_761' title='bbox 2980 4514 3279 4594; x_wconf 51' lang='lat' dir='ltr'><strong>eicortaest;</strong></span> 
     </span>
    </p>
   </div>
   <div class='ocr_carea' id='block_1_109' title="bbox 1894 4601 3501 4675">
    <p class='ocr_par' dir='ltr' id='par_1_109' title="bbox 1894 4601 3501 4675">
     <span class='ocr_line' id='line_1_110' title="bbox 1894 4601 3501 4675; baseline 0.006 -20"><span class='ocrx_word' id='word_1_762' title='bbox 1894 4602 2096 4675; x_wconf 78' lang='lat' dir='ltr'><strong>maticis</strong></span> <span class='ocrx_word' id='word_1_763' title='bbox 2119 4611 2165 4656; x_wconf 87' lang='lat' dir='ltr'><strong>et</strong></span> <span class='ocrx_word' id='word_1_764' title='bbox 2208 4603 2444 4675; x_wconf 80' lang='lat' dir='ltr'><strong>profanis</strong></span> <span class='ocrx_word' id='word_1_765' title='bbox 2477 4604 2674 4658; x_wconf 82' lang='lat' dir='ltr'><strong>litteras</strong></span> <span class='ocrx_word' id='word_1_766' title='bbox 2706 4601 2859 4671; x_wconf 80' lang='lat' dir='ltr'><strong>ferre.</strong></span> <span class='ocrx_word' id='word_1_767' title='bbox 2887 4601 3062 4657; x_wconf 89' lang='lat' dir='ltr'><strong>Etiam</strong></span> <span class='ocrx_word' id='word_1_768' title='bbox 3088 4618 3149 4659; x_wconf 90' lang='lat' dir='ltr'><strong>ea</strong></span> <span class='ocrx_word' id='word_1_769' title='bbox 3178 4613 3501 4671; x_wconf 86' lang='lat' dir='ltr'><strong>tempestate</strong></span> 
     </span>
    </p>
   </div>
   <div class='ocr_carea' id='block_1_110' title="bbox 1893 4673 3496 4744">
    <p class='ocr_par' dir='ltr' id='par_1_110' title="bbox 1893 4673 3496 4744">
     <span class='ocr_line' id='line_1_111' title="bbox 1893 4673 3496 4744; baseline 0.004 -16"><span class='ocrx_word' id='word_1_770' title='bbox 1893 4689 1994 4744; x_wconf 86' lang='lat' dir='ltr'><strong>qua</strong></span> <span class='ocrx_word' id='word_1_771' title='bbox 2027 4673 2263 4741; x_wconf 65' lang='lat' dir='ltr'><strong>theologi</strong></span> <span class='ocrx_word' id='word_1_772' title='bbox 2307 4673 2818 4737; x_wconf 79' lang='lat' dir='ltr'><strong>scholasticiJibere</strong></span> <span class='ocrx_word' id='word_1_773' title='bbox 2844 4675 3212 4743; x_wconf 80' lang='lat' dir='ltr'><strong>diSputabant,</strong></span> <span class='ocrx_word' id='word_1_774' title='bbox 3243 4678 3496 4736; x_wconf 86' lang='lat' dir='ltr'><strong>inventus</strong></span> 
     </span>
    </p>
   </div>
   <div class='ocr_carea' id='block_1_111' title="bbox 1891 4747 3498 4818">
    <p class='ocr_par' dir='ltr' id='par_1_111' title="bbox 1891 4747 3498 4818">
     <span class='ocr_line' id='line_1_112' title="bbox 1891 4747 3498 4818; baseline 0.004 -18"><span class='ocrx_word' id='word_1_775' title='bbox 1891 4753 1977 4800; x_wconf 90' lang='lat' dir='ltr'><strong>est</strong></span> <span class='ocrx_word' id='word_1_776' title='bbox 2023 4762 2160 4800; x_wconf 88' lang='lat' dir='ltr'><strong>unus</strong></span> <span class='ocrx_word' id='word_1_777' title='bbox 2208 4747 2298 4817; x_wconf 86' lang='lat' dir='ltr'><strong>qui</strong></span> <span class='ocrx_word' id='word_1_778' title='bbox 2351 4747 2558 4805; x_wconf 89' lang='lat' dir='ltr'><strong>diceret</strong></span> <span class='ocrx_word' id='word_1_779' title='bbox 2604 4761 2796 4803; x_wconf 87' lang='lat' dir='ltr'><strong>omnes</strong></span> <span class='ocrx_word' id='word_1_780' title='bbox 2835 4748 3151 4803; x_wconf 77' lang='lat' dir='ltr'><strong>sacerdotes</strong></span> <span class='ocrx_word' id='word_1_781' title='bbox 3199 4764 3358 4818; x_wconf 88' lang='lat' dir='ltr'><strong>posse</strong></span> <span class='ocrx_word' id='word_1_782' title='bbox 3386 4749 3498 4807; x_wconf 87' lang='lat' dir='ltr'><strong>dici</strong></span> 
     </span>
    </p>
   </div>
   <div class='ocr_carea' id='block_1_112' title="bbox 1892 4818 3496 4889">
    <p class='ocr_par' dir='ltr' id='par_1_112' title="bbox 1892 4818 3496 4889">
     <span class='ocr_line' id='line_1_113' title="bbox 1892 4818 3496 4889; baseline 0.004 -18"><span class='ocrx_word' id='word_1_783' title='bbox 1892 4833 2056 4889; x_wconf 64' lang='lat' dir='ltr'><strong>apum</strong></span> <span class='ocrx_word' id='word_1_784' title='bbox 2093 4827 2148 4873; x_wconf 91' lang='lat' dir='ltr'><strong>et</strong></span> <span class='ocrx_word' id='word_1_785' title='bbox 2192 4818 2445 4875; x_wconf 90' lang='lat' dir='ltr'><strong>eumdem</strong></span> <span class='ocrx_word' id='word_1_786' title='bbox 2491 4819 2856 4881; x_wconf 87' lang='lat' dir='ltr'><strong>sacerdotem,</strong></span> <span class='ocrx_word' id='word_1_787' title='bbox 2913 4828 2969 4872; x_wconf 93' lang='lat' dir='ltr'><strong>ut</strong></span> <span class='ocrx_word' id='word_1_788' title='bbox 3019 4820 3202 4875; x_wconf 89' lang='lat' dir='ltr'><strong>videre</strong></span> <span class='ocrx_word' id='word_1_789' title='bbox 3229 4831 3310 4874; x_wconf 87' lang='lat' dir='ltr'><strong>est</strong></span> <span class='ocrx_word' id='word_1_790' title='bbox 3350 4822 3496 4889; x_wconf 88' lang='lat' dir='ltr'><strong>apud</strong></span> 
     </span>
    </p>
   </div>
   <div class='ocr_carea' id='block_1_113' title="bbox 1892 4887 3495 5017">
    <p class='ocr_par' dir='ltr' id='par_1_113' title="bbox 1892 4887 3495 5017">
     <span class='ocr_line' id='line_1_114' title="bbox 1892 4887 3495 5017; baseline 0.004 -74"><span class='ocrx_word' id='word_1_791' title='bbox 1892 4887 2149 5017; x_wconf 53' lang='lat' dir='ltr'><strong>IEgiliuén</strong></span> <span class='ocrx_word' id='word_1_792' title='bbox 2173 4890 2477 4947; x_wconf 72' lang='lat' dir='ltr'><strong>Bouianum</strong></span> <span class='ocrx_word' id='word_1_793' title='bbox 2501 4891 2554 4947; x_wconf 91' lang='lat' dir='ltr'><strong>in</strong></span> <span class='ocrx_word' id='word_1_794' title='bbox 2573 4893 2749 4962; x_wconf 89' lang='lat' dir='ltr'><strong>capite</strong></span> <span class='ocrx_word' id='word_1_795' title='bbox 2766 4892 2831 4946; x_wconf 71' lang='grc'><strong>21</strong></span> <span class='ocrx_word' id='word_1_796' title='bbox 2856 4891 2977 4947; x_wconf 88' lang='lat' dir='ltr'><strong>libri</strong></span> <span class='ocrx_word' id='word_1_797' title='bbox 3001 4890 3063 4945; x_wconf 84' lang='lat' dir='ltr'><strong>de</strong></span> <span class='ocrx_word' id='word_1_798' title='bbox 3088 4887 3495 4949; x_wconf 83' lang='lat' dir='ltr'><strong>Renuntiatione</strong></span> 
     </span>
     <span class='ocr_line' id='line_1_115' title="bbox 1892 4977 2289 5017; baseline 0 0"><span class='ocrx_word' id='word_1_799' title='bbox 1892 4977 2061 5017; x_wconf 73' lang='lat' dir='ltr'><strong>nocte.</strong></span> <span class='ocrx_word' id='word_1_800' title='bbox 2133 4978 2289 5017; x_wconf 65' lang='lat' dir='ltr'><strong>swz.</strong></span> 
     </span>
    </p>
   </div>
   <div class='ocr_carea' id='block_1_114' title="bbox 1891 4977 2289 5033">
    <p class='ocr_par' dir='ltr' id='par_1_114' title="bbox 1891 4977 2289 5033">
     <span class='ocr_line' id='line_1_116' title="bbox 1891 4977 2289 5033; baseline 0.008 -19"><span class='ocrx_word' id='word_1_801' title='bbox 1891 4977 2061 5033; x_wconf 62' lang='lat' dir='ltr'><strong>papae.</strong></span> <span class='ocrx_word' id='word_1_802' title='bbox 2088 4977 2289 5018; x_wconf 74' lang='lat' dir='ltr'><strong>mwz.</strong></span> 
     </span>
    </p>
   </div>
   <div class='ocr_carea' id='block_1_115' title="bbox 1961 5095 3493 5167">
    <p class='ocr_par' dir='ltr' id='par_1_115' title="bbox 1961 5095 3493 5167">
     <span class='ocr_line' id='line_1_117' title="bbox 1961 5095 3493 5167; baseline 0.005 -17"><span class='ocrx_word' id='word_1_803' title='bbox 1961 5095 2328 5167; x_wconf 80' lang='lat' dir='ltr'><strong>Scltismaticos</strong></span> <span class='ocrx_word' id='word_1_804' title='bbox 2380 5095 2513 5167; x_wconf 82' lang='lat' dir='ltr'><strong>inter</strong></span> <span class='ocrx_word' id='word_1_805' title='bbox 2569 5095 2718 5150; x_wconf 89' lang='lat' dir='ltr'><strong>initia</strong></span> <span class='ocrx_word' id='word_1_806' title='bbox 2745 5098 2958 5167; x_wconf 80' lang='lat' dir='ltr'><strong>feruere.</strong></span> <span class='ocrx_word' id='word_1_807' title='bbox 2996 5096 3147 5160; x_wconf 84' lang='lat' dir='ltr'><strong>lleic.</strong></span> <span class='ocrx_word' id='word_1_808' title='bbox 3177 5098 3302 5156; x_wconf 88' lang='lat' dir='ltr'><strong>data</strong></span> <span class='ocrx_word' id='word_1_809' title='bbox 3330 5114 3493 5156; x_wconf 89' lang='lat' dir='ltr'><strong>occa-</strong></span> 
     </span>
    </p>
   </div>
   <div class='ocr_carea' id='block_1_116' title="bbox 1888 5166 3492 5241">
    <p class='ocr_par' dir='ltr' id='par_1_116' title="bbox 1888 5166 3492 5241">
     <span class='ocr_line' id='line_1_118' title="bbox 1888 5166 3492 5241; baseline 0.002 -17"><span class='ocrx_word' id='word_1_810' title='bbox 1888 5169 2063 5241; x_wconf 91' lang='lat' dir='ltr'><strong>sione,</strong></span> <span class='ocrx_word' id='word_1_811' title='bbox 2095 5166 2397 5227; x_wconf 85' lang='lat' dir='ltr'><strong>emendabo</strong></span> <span class='ocrx_word' id='word_1_812' title='bbox 2447 5166 2624 5241; x_wconf 80' lang='lat' dir='ltr'><strong>locum</strong></span> <span class='ocrx_word' id='word_1_813' title='bbox 2665 5166 2898 5223; x_wconf 82' lang='lat' dir='ltr'><strong>exactis</strong></span> <span class='ocrx_word' id='word_1_814' title='bbox 2924 5169 3215 5226; x_wconf 84' lang='lat' dir='ltr'><strong>Alexandri</strong></span> <span class='ocrx_word' id='word_1_815' title='bbox 3250 5187 3398 5241; x_wconf 73' lang='lat' dir='ltr'><strong>papae</strong></span> <span class='ocrx_word' id='word_1_816' title='bbox 3420 5172 3492 5227; x_wconf 86' lang='lat' dir='ltr'><strong>Ill</strong></span> 
     </span>
    </p>
   </div>
   <div class='ocr_carea' id='block_1_117' title="bbox 1885 5237 3486 5310">
    <p class='ocr_par' dir='ltr' id='par_1_117' title="bbox 1885 5237 3486 5310">
     <span class='ocr_line' id='line_1_119' title="bbox 1885 5237 3486 5310; baseline 0.003 -17"><span class='ocrx_word' id='word_1_817' title='bbox 1885 5240 2040 5296; x_wconf 84' lang='lat' dir='ltr'><strong>valde</strong></span> <span class='ocrx_word' id='word_1_818' title='bbox 2065 5253 2379 5310; x_wconf 79' lang='lat' dir='ltr'><strong>corrup&#39;um</strong></span> <span class='ocrx_word' id='word_1_819' title='bbox 2401 5248 2456 5310; x_wconf 75' lang='lat' dir='ltr'><strong>et</strong></span> <span class='ocrx_word' id='word_1_820' title='bbox 2473 5237 2825 5310; x_wconf 78' lang='lat' dir='ltr'><strong>depravatum</strong></span> <span class='ocrx_word' id='word_1_821' title='bbox 2850 5241 2903 5294; x_wconf 89' lang='lat' dir='ltr'><strong>in</strong></span> <span class='ocrx_word' id='word_1_822' title='bbox 2924 5242 3223 5297; x_wconf 84' lang='lat' dir='ltr'><strong>Annalibus</strong></span> <span class='ocrx_word' id='word_1_823' title='bbox 3244 5237 3486 5309; x_wconf 82' lang='lat' dir='ltr'><strong>Baronii,</strong></span> 
     </span>
    </p>
   </div>
   <div class='ocr_carea' id='block_1_118' title="bbox 1884 5308 3491 5380">
    <p class='ocr_par' dir='ltr' id='par_1_118' title="bbox 1884 5308 3491 5380">
     <span class='ocr_line' id='line_1_120' title="bbox 1884 5308 3491 5380; baseline 0.002 -13"><span class='ocrx_word' id='word_1_824' title='bbox 1884 5326 2027 5368; x_wconf 90' lang='lat' dir='ltr'><strong>anno</strong></span> <span class='ocrx_word' id='word_1_825' title='bbox 2052 5308 2304 5366; x_wconf 83' lang='lat' dir='ltr'><strong>videlicet</strong></span> <span class='ocrx_word' id='word_1_826' title='bbox 2356 5308 2517 5374; x_wconf 78' lang='lat' dir='ltr'><strong>H59,</strong></span> <span class='ocrx_word' id='word_1_827' title='bbox 2560 5308 2587 5379; x_wconf 87' lang='lat'><strong>§</strong></span> <span class='ocrx_word' id='word_1_828' title='bbox 2612 5309 2706 5380; x_wconf 10' lang='lat' dir='ltr'><strong>774A.</strong></span> <span class='ocrx_word' id='word_1_829' title='bbox 2736 5308 2827 5364; x_wconf 88' lang='lat' dir='ltr'><strong>Sic</strong></span> <span class='ocrx_word' id='word_1_830' title='bbox 2854 5326 2984 5380; x_wconf 83' lang='lat' dir='ltr'><strong>ergo</strong></span> <span class='ocrx_word' id='word_1_831' title='bbox 3012 5314 3379 5370; x_wconf 87' lang='lat' dir='ltr'><strong>restituendus</strong></span> <span class='ocrx_word' id='word_1_832' title='bbox 3404 5323 3491 5371; x_wconf 88' lang='lat' dir='ltr'><strong>est</strong></span> 
     </span>
    </p>
   </div>
   <div class='ocr_carea' id='block_1_119' title="bbox 1884 5378 3492 5452">
    <p class='ocr_par' dir='ltr' id='par_1_119' title="bbox 1884 5378 3492 5452">
     <span class='ocr_line' id='line_1_121' title="bbox 1884 5378 3492 5452; baseline 0.002 -14"><span class='ocrx_word' id='word_1_833' title='bbox 1884 5399 1951 5438; x_wconf 81' lang='lat' dir='ltr'><strong>ex</strong></span> <span class='ocrx_word' id='word_1_834' title='bbox 1982 5383 2151 5439; x_wconf 89' lang='lat' dir='ltr'><strong>veteri</strong></span> <span class='ocrx_word' id='word_1_835' title='bbox 2185 5381 2372 5436; x_wconf 87' lang='lat' dir='ltr'><strong>codice</strong></span> <span class='ocrx_word' id='word_1_836' title='bbox 2416 5396 2518 5434; x_wconf 89' lang='lat' dir='ltr'><strong>ms.</strong></span> <span class='ocrx_word' id='word_1_837' title='bbox 2549 5378 2898 5435; x_wconf 76' lang='lat' dir='ltr'><strong>bibliotheca:</strong></span> <span class='ocrx_word' id='word_1_838' title='bbox 2916 5378 3127 5452; x_wconf 10' lang='lat' dir='ltr'><strong>firegite.</strong></span> <span class='ocrx_word' id='word_1_839' title='bbox 3178 5386 3324 5442; x_wconf 85' lang='lat' dir='ltr'><strong>Tunc</strong></span> <span class='ocrx_word' id='word_1_840' title='bbox 3371 5403 3492 5442; x_wconf 83' lang='lat' dir='ltr'><strong>vero</strong></span> 
     </span>
    </p>
   </div>
   <div class='ocr_carea' id='block_1_120' title="bbox 1883 5451 3487 5525">
    <p class='ocr_par' dir='ltr' id='par_1_120' title="bbox 1883 5451 3487 5525">
     <span class='ocr_line' id='line_1_122' title="bbox 1883 5451 3487 5525; baseline 0.002 -14"><span class='ocrx_word' id='word_1_841' title='bbox 1883 5472 1987 5510; x_wconf 85' lang='lat' dir='ltr'><strong>non</strong></span> <span class='ocrx_word' id='word_1_842' title='bbox 2019 5454 2340 5509; x_wconf 84' lang='lat' dir='ltr'><strong>mediocriter</strong></span> <span class='ocrx_word' id='word_1_843' title='bbox 2369 5460 2441 5506; x_wconf 89' lang='lat' dir='ltr'><strong>est</strong></span> <span class='ocrx_word' id='word_1_844' title='bbox 2495 5452 2743 5506; x_wconf 82' lang='lat' dir='ltr'><strong>eleuatum</strong></span> <span class='ocrx_word' id='word_1_845' title='bbox 2790 5467 2880 5525; x_wconf 82' lang='lat' dir='ltr'><strong>cor</strong></span> <span class='ocrx_word' id='word_1_846' title='bbox 2906 5451 3069 5523; x_wconf 84' lang='lat' dir='ltr'><strong>ipsius</strong></span> <span class='ocrx_word' id='word_1_847' title='bbox 3108 5458 3487 5525; x_wconf 70' lang='lat' dir='ltr'><strong>Itwresiarclttc,</strong></span> 
     </span>
    </p>
   </div>
   <div class='ocr_carea' id='block_1_121' title="bbox 1882 5523 3491 5593">
    <p class='ocr_par' dir='ltr' id='par_1_121' title="bbox 1882 5523 3491 5593">
     <span class='ocr_line' id='line_1_123' title="bbox 1882 5523 3491 5593; baseline 0.002 -12"><span class='ocrx_word' id='word_1_848' title='bbox 1882 5528 2131 5583; x_wconf 66' lang='lat' dir='ltr'><strong>extollens</strong></span> <span class='ocrx_word' id='word_1_849' title='bbox 2177 5542 2230 5580; x_wconf 87' lang='lat' dir='ltr'><strong>se</strong></span> <span class='ocrx_word' id='word_1_850' title='bbox 2274 5539 2430 5593; x_wconf 84' lang='lat' dir='ltr'><strong>super</strong></span> <span class='ocrx_word' id='word_1_851' title='bbox 2478 5539 2532 5578; x_wconf 86' lang='lat' dir='ltr'><strong>se</strong></span> <span class='ocrx_word' id='word_1_852' title='bbox 2560 5532 2816 5593; x_wconf 85' lang='lat' dir='ltr'><strong>tamquam</strong></span> <span class='ocrx_word' id='word_1_853' title='bbox 2846 5523 3062 5579; x_wconf 86' lang='lat' dir='ltr'><strong>insanus</strong></span> <span class='ocrx_word' id='word_1_854' title='bbox 3108 5536 3156 5580; x_wconf 87' lang='lat' dir='ltr'><strong>et</strong></span> <span class='ocrx_word' id='word_1_855' title='bbox 3184 5545 3372 5593; x_wconf 69' lang='lat' dir='ltr'><strong>ca&#39;cus,</strong></span> <span class='ocrx_word' id='word_1_856' title='bbox 3399 5523 3491 5585; x_wconf 74' lang='lat' dir='ltr'><strong>ne-</strong></span> 
     </span>
    </p>
   </div>
   <div class='ocr_carea' id='block_1_122' title="bbox 1881 5592 3489 5667">
    <p class='ocr_par' dir='ltr' id='par_1_122' title="bbox 1881 5592 3489 5667">
     <span class='ocr_line' id='line_1_124' title="bbox 1881 5592 3489 5667; baseline 0.001 -13"><span class='ocrx_word' id='word_1_857' title='bbox 1881 5600 2045 5654; x_wconf 84' lang='lat' dir='ltr'><strong>sciens</strong></span> <span class='ocrx_word' id='word_1_858' title='bbox 2073 5596 2211 5667; x_wconf 84' lang='lat' dir='ltr'><strong>quod</strong></span> <span class='ocrx_word' id='word_1_859' title='bbox 2236 5592 2516 5651; x_wconf 83' lang='lat' dir='ltr'><strong>secundum</strong></span> <span class='ocrx_word' id='word_1_860' title='bbox 2569 5592 2975 5667; x_wconf 82' lang='lat' dir='ltr'><strong>beatiCypriani</strong></span> <span class='ocrx_word' id='word_1_861' title='bbox 3012 5600 3256 5667; x_wconf 85' lang='lat' dir='ltr'><strong>martyris</strong></span> <span class='ocrx_word' id='word_1_862' title='bbox 3295 5592 3489 5655; x_wconf 85' lang='lat' dir='ltr'><strong>dictum</strong></span> 
     </span>
    </p>
   </div>
   <div class='ocr_carea' id='block_1_123' title="bbox 1878 5665 3486 5735">
    <p class='ocr_par' dir='ltr' id='par_1_123' title="bbox 1878 5665 3486 5735">
     <span class='ocr_line' id='line_1_125' title="bbox 1878 5665 3486 5735; baseline 0 -10"><span class='ocrx_word' id='word_1_863' title='bbox 1878 5665 2188 5726; x_wconf 81' lang='lat' dir='ltr'><strong>schismatici</strong></span> <span class='ocrx_word' id='word_1_864' title='bbox 2205 5683 2403 5733; x_wconf 84' lang='lat' dir='ltr'><strong>semper</strong></span> <span class='ocrx_word' id='word_1_865' title='bbox 2430 5668 2561 5721; x_wconf 88' lang='lat' dir='ltr'><strong>inter</strong></span> <span class='ocrx_word' id='word_1_866' title='bbox 2597 5665 2746 5720; x_wconf 85' lang='lat' dir='ltr'><strong>initia</strong></span> <span class='ocrx_word' id='word_1_867' title='bbox 2774 5665 3001 5735; x_wconf 65' lang='lat' dir='ltr'><strong>fervent,</strong></span> <span class='ocrx_word' id='word_1_868' title='bbox 3034 5665 3345 5722; x_wconf 77' lang='lat' dir='ltr'><strong>incrementa</strong></span> <span class='ocrx_word' id='word_1_869' title='bbox 3368 5686 3486 5725; x_wconf 84' lang='lat' dir='ltr'><strong>vero</strong></span> 
     </span>
    </p>
   </div>
   <div class='ocr_carea' id='block_1_124' title="bbox 1881 5737 3488 5811">
    <p class='ocr_par' dir='ltr' id='par_1_124' title="bbox 1881 5737 3488 5811">
     <span class='ocr_line' id='line_1_126' title="bbox 1881 5737 3488 5811; baseline 0.001 -16"><span class='ocrx_word' id='word_1_870' title='bbox 1881 5743 2066 5798; x_wconf 78' lang='lat' dir='ltr'><strong>habere</strong></span> <span class='ocrx_word' id='word_1_871' title='bbox 2092 5755 2194 5793; x_wconf 88' lang='lat' dir='ltr'><strong>non</strong></span> <span class='ocrx_word' id='word_1_872' title='bbox 2223 5749 2437 5811; x_wconf 88' lang='lat' dir='ltr'><strong>possunt</strong></span> <span class='ocrx_word' id='word_1_873' title='bbox 2466 5753 2559 5793; x_wconf 80' lang='lat' dir='ltr'><strong>nec</strong></span> <span class='ocrx_word' id='word_1_874' title='bbox 2592 5749 2924 5809; x_wconf 86' lang='lat' dir='ltr'><strong>augmentare</strong></span> <span class='ocrx_word' id='word_1_875' title='bbox 2944 5737 3111 5811; x_wconf 83' lang='lat' dir='ltr'><strong>valent</strong></span> <span class='ocrx_word' id='word_1_876' title='bbox 3140 5739 3279 5807; x_wconf 83' lang='lat' dir='ltr'><strong>quod</strong></span> <span class='ocrx_word' id='word_1_877' title='bbox 3308 5738 3488 5796; x_wconf 79' lang='lat' dir='ltr'><strong>illicito</strong></span> 
     </span>
    </p>
   </div>
   <div class='ocr_carea' id='block_1_125' title="bbox 1878 5810 3485 5939">
    <p class='ocr_par' dir='ltr' id='par_1_125' title="bbox 1878 5810 3485 5939">
     <span class='ocr_line' id='line_1_127' title="bbox 1878 5810 3485 5939; baseline -0.001 -70"><span class='ocrx_word' id='word_1_878' title='bbox 1878 5815 2050 5885; x_wconf 71' lang='lat' dir='ltr'><strong>coepit,</strong></span> <span class='ocrx_word' id='word_1_879' title='bbox 2082 5815 2171 5868; x_wconf 82' lang='lat' dir='ltr'><strong>sed</strong></span> <span class='ocrx_word' id='word_1_880' title='bbox 2192 5810 2364 5869; x_wconf 84' lang='lat' dir='ltr'><strong>statim</strong></span> <span class='ocrx_word' id='word_1_881' title='bbox 2393 5827 2511 5868; x_wconf 83' lang='lat' dir='ltr'><strong>cum</strong></span> <span class='ocrx_word' id='word_1_882' title='bbox 2540 5825 2701 5882; x_wconf 84' lang='lat' dir='ltr'><strong>prava</strong></span> <span class='ocrx_word' id='word_1_883' title='bbox 2728 5827 2823 5867; x_wconf 87' lang='lat' dir='ltr'><strong>sua</strong></span> <span class='ocrx_word' id='word_1_884' title='bbox 2851 5810 3181 5939; x_wconf 57' lang='lat' dir='ltr'><strong>temuléuione</strong></span> <span class='ocrx_word' id='word_1_885' title='bbox 3221 5811 3485 5883; x_wconf 78' lang='lat' dir='ltr'><strong>deﬁciunt.</strong></span> 
     </span>
     <span class='ocr_line' id='line_1_128' title="bbox 3040 5896 3196 5939; baseline 0.006 -1"><span class='ocrx_word' id='word_1_886' title='bbox 3040 5896 3196 5939; x_wconf 77' lang='grc' dir='ltr'><strong>ΔιυΖ.</strong></span> 
     </span>
    </p>
   </div>
   <div class='ocr_carea' id='block_1_126' title="bbox 3040 5896 3196 5940">
    <p class='ocr_par' dir='ltr' id='par_1_126' title="bbox 3040 5896 3196 5940">
     <span class='ocr_line' id='line_1_129' title="bbox 3040 5896 3196 5940; baseline 0.006 -2"><span class='ocrx_word' id='word_1_887' title='bbox 3040 5896 3196 5940; x_wconf 71' lang='grc' dir='ltr'><strong>Διυῑ.</strong></span> 
     </span>
    </p>
   </div>
  </div>
