3730 6270
347 321 447 379 791

351 538 569 608 perint,
609 535 704 591 sed
748 534 931 589 statim
963 547 1085 588 cum
1132 546 1296 603 prava
1327 546 1421 587 sua
1455 532 1801 589 aemulatione
1855 531 1950 588 de-

349 631 536 694 ﬁcere,
570 629 943 699 episcopatum
975 635 1157 681 autem
1187 635 1375 682 tenere
1396 642 1502 681 non
1533 636 1756 698 posset,
1788 628 1950 681 etiam

351 725 398 780 si
433 724 715 793 episcopus
759 721 911 792 prius
940 720 1112 777 factus
1161 736 1189 775 a
1241 723 1685 793 coepiscoporum
1732 736 1951 776 suorum

351 831 582 885 corpore
629 824 682 870 et
708 816 777 869 ab
806 813 1065 870 Ecclesiae
1094 815 1301 869 unitate
1348 815 1679 869 descisceret
1706 823 1754 881 ιι,
1786 828 1955 885 quan-

353 906 426 963 do
453 906 743 977 Apostolus
768 906 1059 961 admoneat
1090 914 1146 961 ut
1177 906 1408 961 invicem
1438 906 1801 977 nosmetipsos
1830 920 1953 962 sus-

350 1000 653 1064 tineantus,
701 1010 775 1053 ne’
798 999 868 1053 ab
907 999 1113 1054 unitate
1156 1014 1319 1070 quam
1362 998 1507 1054 Deus
1534 999 1816 1054 consuluit
1869 1013 1957 1054 re-

349 1091 637 1157 cedamus,
679 1101 734 1146 et
761 1090 906 1145 dicat
935 1109 948 1145 :
984 1091 1308 1147 Sustinenles
1335 1093 1551 1146 invicem
1572 1092 1625 1146 in
1647 1092 1921 1147 dilectione
1939 1132 1954 1158 ,

355 1186 484 1240 satis
511 1194 719 1256 agentes
745 1201 949 1240 servare
995 1186 1243 1240 unitatem
1263 1189 1476 1258 spiritus
1502 1187 1555 1240 in
1602 1187 1961 1257 conjunctione

355 1278 499 1349 pacis
532 1276 754 1348 (Ephes.
784 1294 892 1343 xw,
925 1277 983 1342 2,
1015 1278 1094 1351 5).
1125 1279 1225 1345 Qui
1251 1293 1380 1348 ergo
1408 1294 1508 1334 nec
1524 1279 1782 1334 unitatem
1803 1278 1963 1348 Spiri-

358 1380 444 1426 tus
476 1386 576 1426 nec
608 1372 1050 1441 coniunctionem
1085 1373 1232 1443 pacis
1254 1373 1539 1438 observat,
1572 1384 1626 1427 et
1653 1388 1712 1428 se
1740 1373 1808 1428 ab
1862 1372 1963 1428 Ec-

357 1465 540 1521 clesia:
566 1466 784 1522 vinculo
812 1476 979 1536 atque
1003 1482 1033 1520 a
1060 1467 1405 1522 sacerdotum
1447 1467 1676 1537 collegio
1713 1478 1961 1538 separat,

357 1559 597 1629 episcopi
647 1576 747 1614 nec
780 1568 1098 1629 potestatem
1127 1568 1302 1630 potest
1348 1560 1546 1616 habere
1572 1577 1672 1616 nec
1703 1561 1963 1618 honorem

360 1652 450 1723 qui
483 1654 824 1723 episcopatus
851 1668 951 1707 nec
969 1653 1228 1708 unitatem
1246 1653 1419 1708 voluit
1439 1662 1624 1709 tenere
1639 1669 1738 1710 nec
1757 1668 1962 1723 pacem.

438 1742 608 1798 XXV.
652 1743 789 1798 Tum
817 1744 1013 1799 deinde
1034 1755 1269 1816 quantus
1300 1747 1623 1817 arrogantia:
1654 1756 1832 1803 tumor
1857 1760 1963 1814 est,

365 1847 564 1908 quanta
606 1838 928 1893 humilitatis
972 1847 1027 1894 et
1089 1838 1327 1894 lenitatis
1372 1840 1602 1907 oblivio,
1651 1843 1973 1913 arrogantize
2002 1851 2053 1911 Β
2150 1838 2365 1894 XXVll-
2407 1839 2517 1895 Nec
2542 1840 2644 1895 Sibi
2681 1841 2734 1895 in
2768 1841 2872 1896 hoc
2908 1840 3034 1895 IIOVi
3064 1839 3282 1897 11281⁸8ιίοἱ
3309 1843 3547 1904 blandiantur

365 1947 482 1987 sua:
523 1942 722 2003 quanta
763 1931 1016 2002 jactatio,
1050 1941 1107 1986 ut
1154 1932 1276 2004 quis
1317 1942 1412 1988 aut
1443 1933 1640 1988 audeat
1669 1946 1763 1989 aut
1790 1934 1971 1993 facere

370 2042 434 2083 se
462 2041 621 2098 posse
659 2025 844 2082 credat
868 2026 1012 2097 quod
1038 2041 1138 2083 nec
1170 2027 1446 2097 Apostolis
1487 2029 1758 2084 concessit
1792 2030 1973 2086 Domi-

371 2136 496 2187 nus,
531 2130 588 2175 ut
610 2120 812 2176 zizania
843 2135 872 2174 a
902 2119 1173 2176 frumento
1202 2129 1350 2191 putet
1377 2137 1438 2177 se
1459 2136 1621 2193 posse
1657 2121 1970 2180 discernere

371 2214 584 2285 (Matth.
617 2215 753 2283 xm),
806 2225 897 2269 aut
943 2216 1097 2286 quasi
1148 2215 1247 2285 ipsi
1296 2216 1472 2286 palam
1507 2217 1648 2272 ferre
1694 2225 1749 2272 et
1786 2232 1968 2274 aream

372 2324 603 2379 purgare
625 2322 940 2363 concessum
996 2309 1067 2363 sit
1091 2349 1104 2374 ,
1137 2308 1319 2378 paleas
1346 2318 1573 2364 conetur
1614 2325 1646 2365 a
1690 2310 1869 2366 tritico
1888 2326 1972 2367 se-

372 2416 590 2472 parare,
625 2417 856 2471 cumque
879 2401 1172 2472 Apostolus
1199 2401 1371 2466 dicat;
1401 2402 1469 2456 In
1500 2406 1651 2457 domo
1673 2415 1841 2459 autent
1863 2422 1975 2459 ma—

372 2514 579 2570 gnnnou
601 2498 768 2552 solum
790 2513 911 2551 vasa
937 2513 1096 2551 aurea
1143 2507 1262 2552 sunt
1292 2506 1339 2551 et
1366 2508 1601 2568 argenta.
1622 2498 1712 2553 sed
1739 2509 1784 2553 et
1806 2500 1976 2571 lignea

378 2601 426 2646 et
461 2591 642 2660 ﬁctilia
660 2590 725 2660 (ll
758 2589 891 2645 Tim.
918 2589 1281 2661 tl,20),anrea
1313 2601 1365 2645 et
1387 2601 1639 2661 argentea
1656 2592 1978 2648 vasavidea—

1382 315 1818 376 ROMANORUM
1854 308 2272 375 PONTIFICUM
2309 315 2693 376 EPISTOLE.
3451 341 3524 400 793

350 458 488 500 vero
518 444 719 500 habere
745 456 851 497 non
885 452 1043 510 posse
1081 452 1180 495 nec
1223 436 1609 510 augere-quod
1636 435 1819 493 illicite
1844 451 1954 493 cte-
1977 440 2034 500 Α
2056 437 2146 494 chi
2173 452 2332 509 quam
2360 437 2635 494 libellatici
2680 453 2857 509 causa,
2883 456 3004 497 cum
3034 442 3116 500 hic
3142 451 3432 523 necessitate,
3465 463 3529 521 me

2059 529 2341 586 voluntate
2385 531 2719 602 peccaverit,
2755 532 2839 589 hic
2880 535 3181 595 existimans
3226 541 3313 599 sibi
3333 550 3534 614 satisesse

2054 623 2200 694 quod
2239 639 2347 680 non
2398 625 2823 693 sacrificaverit,
2889 643 3071 685 errore
3137 631 3361 704 deceptus
3407 643 3460 698 sit
3499 647 3532 716 ιν,

2058 715 2151 771 ille
2183 718 2513 773 matrimonii
2554 728 2887 791 expugnator
2915 722 3101 791 alieni,
3152 728 3229 783 vel
3265 729 3447 802 lupanar
3480 715 3534 797 inQ

2057 823 2280 879 gressus
2306 810 2372 864 ad
2402 811 2645 867 cloacam
2686 822 2742 868 et
2793 828 3062 870 caenosam
3113 823 3385 890 voraginem
3414 832 3537 903 vulgi,

2059 904 2455 959 sanctiﬁcatum
2496 921 2695 976 corpus
2720 916 2775 962 et
2806 907 2898 962 Dei
2928 910 3171 980 templum
3201 911 3449 976 detestabili
3469 927 3538 981 col-

2059 998 2276 1055 luvione
2319 1000 2639 1067 violaverit,
2687 1002 2828 1057 sicut
2858 1004 3142 1072 Apostolus
3190 1016 3210 1043 ο
3258 1008 3393 1066 dicit:
3433 1014 3539 1076 0min

2062 1102 2324 1164 peccatum
2352 1093 2711 1164 quodcumque
2728 1093 2906 1164 fecerit
2930 1096 3099 1162 homo,
3128 1107 3260 1153 extra
3298 1117 3437 1175 corpu
3466 1122 3539 1176 ai,-
3638 1140 3643 1151 .

2062 1185 2150 1253 qui
2193 1196 2366 1239 autem
2395 1178 2703 1255 'mtechatur,
2743 1189 2798 1241 in
2827 1204 3015 1258 corpus
3059 1206 3202 1245 suum
3249 1199 3537 1266 percatllcar.

2064 1295 2141 1349 vt,
2174 1280 2287 1353 18).
2314 1282 2520 1349 Quibus
2569 1292 2747 1338 tamen
2775 1292 2830 1338 et
2855 1284 2987 1354 ipsis
3016 1284 3301 1354 pmtiitentia
3320 1296 3537 1353 concutitur

2069 1383 2124 1429 et
2152 1374 2481 1431 lamentandi
2513 1391 2577 1431 ac
2607 1376 2975 1432 satisfaciendi
2998 1379 3396 1450 spesrelinquitur
3410 1400 3543 1442 secun-

2067 1466 2195 1521 dum
2230 1467 2404 1536 ipsum
2438 1470 2757 1538 Apostolum
2790 1470 3061 1526 dicentem
3089 1489 3102 1526 :
3133 1470 3291 1526 Timeo
3310 1475 3467 1544 nefortc
3497 1496 3543 1535 te

2069 1560 2213 1614 niens
2238 1561 2306 1613 ad
2350 1579 2439 1615 vos
2461 1563 2665 1633 lugeam
2686 1563 2874 1617 multos
2901 1579 2964 1617 ea:
2990 1562 3053 1616 iis
3081 1564 3161 1629 qui
3194 1574 3296 1618 ante
3314 1582 3543 1634 peccaret-un

2070 1662 2116 1706 et
2133 1668 2236 1706 non
2257 1662 2466 1724 egerunt
2490 1655 2837 1723 ptenitentiam
2859 1654 2925 1709 de
2946 1655 3264 1711 immunditiis
3275 1674 3378 1725 quas
3398 1664 3543 1730 {ecum

2072 1755 2119 1800 et
2144 1747 2575 1816 fornicationibus
2603 1759 2650 1803 et
2679 1747 2983 1802 libidinibus
3008 1746 3055 1820 (Ι
3080 1745 3192 1802 Cor.
3221 1765 3305 1817 xn,
3329 1750 3403 1819 20,
3424 1752 3503 1824 ει).

3641 1716 3651 1737 .

3642 1768 3656 2149 J

3622 2149 3656 2423 l

2074 1932 2219 2002 quod
2247 1948 2308 1987 se
2334 1933 2516 1988 dicant
2542 1934 2839 1989 idololatris
2869 1950 2979 1990 non
3015 1937 3383 2006 communicare,
3403 1943 3549 2010 quando

2073 2022 2183 2078 sint
2212 2024 2352 2093 apud
2388 2024 2509 2079 illos
2530 2034 2586 2081 et
2609 2025 2840 2082 adulteri
2872 2037 2930 2082 et
2957 2025 3369 2100 f'randatores,qui
3389 2040 3544 2090 tenean-

2071 2120 2159 2169 tur
2204 2114 2525 2172 idololatriac
2577 2119 2839 2191 crimine,
2902 2104 3196 2175 secundum
3244 2124 3545 2193 Apostoltnntli-

2070 2216 2316 2263 centem:
2354 2209 2468 2264 Hoc
2495 2211 2629 2291 enim
2652 2213 2830 2267 scitote
2854 2213 3195 2284 intelligente:
3222 2216 3319 2284 quia
3338 2219 3457 2272 omnis
3478 2222 3551 2291 [or-

2070 2303 2266 2357 nicator
2281 2313 2370 2357 aut
2389 2306 2683 2361 immundus
2700 2317 2788 2360 aut
2806 2310 3104 2379 fraudator,
3126 2308 3251 2379 quod
3263 2319 3323 2363 est
3334 2312 3550 2376 idololatria,

2076 2410 2179 2449 non
2206 2396 2353 2451 habet
2380 2398 2728 2454 haereditate»:
2749 2402 2802 2455 in
2831 2418 2997 2473 regno
3018 2401 3202 2457 Christi
3233 2415 3274 2457 et
3315 2402 3391 2458 Dei
3409 2401 3552 2475 (Ephu.

2078 2505 2133 2557 v,
2161 2490 2251 2562 5);
2294 2492 2361 2547 Et
2385 2493 2577 2548 iterum
2625 2491 2652 2529 ἀ
2685 2512 2698 2546 :
2727 2494 3046 2564 Mortiﬁcate
3070 2496 3227 2565 itaque
3263 2497 3438 2550 membra
3452 2507 3554 2551 oestro

2079 2602 2193 2655 quae
2222 2588 2274 2640 in
2304 2595 2440 2641 terra
2465 2596 2602 2651 sunt,
2627 2597 2942 2660 exponentes
2970 2590 3348 2656 fornicationem,

2084 2678 2208 2732 tiam
2242 2689 2290 2733 et
2333 2681 2799 2751 concupiscentiam
2827 2684 3047 2749 malam,
3078 2694 3121 2737 et
3159 2684 3447 2755 cupiditatem,
3487 2702 3553 2754 qua

2081 2785 2201 2828 sunt
2244 2774 2501 2829 idolorum
2553 2776 2797 2844 servitus,
2854 2786 3069 2848 prapter
3124 2794 3230 2845 quin
3270 2779 3379 2832 venit
3411 2779 3468 2832 ira
3497 2777 3554 2833 Dei

2089 2864 2310 2935 (Coloss.
2336 2881 2412 2934 nt,
2445 2867 2501 2933 5,
2528 2864 2607 2932 6).
2647 2867 2781 2923 Nam
2813 2884 2940 2924 cum
2965 2884 3187 2939 corpora
3223 2880 3376 2925 nostra
3401 2871 3552 2926 membra

376 2693 466 2739 tur
507 2684 728 2753 eligere,
764 2683 938 2752 lignea
970 2697 1101 2738 vero
1130 2693 1186 2737 et
1216 2682 1397 2738 fictilia
1440 2692 1823 2751 contemnere,
1878 2683 1977 2738 ab-

369 2777 577 2849 jicere,
622 2777 913 2841 damnare,
948 2776 1163 2847 quando
1192 2791 1299 2831 non
1330 2776 1431 2830 nisi
1476 2775 1564 2831 die
1611 2776 1821 2831 Domini
1850 2792 1978 2833 vasa

375 2871 552 2942 lignea
585 2870 750 2925 divini
780 2869 992 2924 ardoris
1020 2870 1273 2925 incendio
1298 2880 1715 2925 concrementur
1739 2912 1754 2935 ,
1801 2879 1857 2924 et
1880 2870 1977 2925 fic-

379 2964 492 3019 tilia
543 2965 611 3019 ab
657 2979 723 3020 eo
781 2965 865 3020 cui
914 2964 1038 3018 data
1096 2972 1180 3018 est
1232 2962 1407 3019 ferrea
1456 2963 1604 3034 virga
1665 2963 1980 3033 frangantur

378 3053 556 3125 (Psal.
602 3056 685 3125 ιι).

448 3147 644 3204 XXVI.
689 3150 795 3204 Aut
848 3148 893 3203 si
951 3163 1011 3203 se
1058 3145 1241 3206 cordis
1293 3154 1348 3201 et
1412 3147 1557 3203 renis
1624 3156 1979 3203 scrutatorem

380 3242 659 3298 con~tituit
693 3251 749 3297 et
770 3240 1041 3311 judicem,
1096 3254 1196 3311 per
1223 3239 1402 3294 omnia
1432 3239 1711 3309 aequaliter
1737 3240 1977 3309 judicet;

380 3350 436 3395 et
463 3355 581 3393 cum
612 3339 749 3394 sciat
777 3337 1036 3406 scriptum
1056 3350 1206 3400 esse,
1243 3333 1371 3388 Ecce
1396 3351 1552 3389 sanus
1576 3336 1743 3405 factus
1772 3351 1844 3399 es,
1862 3335 1971 3405 jam

378 3433 489 3486 nali
513 3447 744 3502 peccare,
790 3444 854 3482 ne
895 3427 1016 3498 quid
1072 3427 1161 3481 tibi
1205 3428 1426 3482 deterius
1456 3429 1546 3497 ﬁat
1568 3428 1748 3501 (Joun.
1774 3444 1828 3496 ν,
1861 3427 1977 3498 14),

377 3524 717 3580 fraudatores
747 3530 802 3576 et
828 3522 1069 3577 mmeltos
1091 3536 1120 3575 a
1143 3520 1309 3577 latere
1337 3530 1501 3593 atque
1531 3537 1560 3576 a
1591 3522 1849 3578 comitatu
1878 3536 1977 3577 suo

374 3627 627 3688 separet,
682 3614 897 3687 quando
923 3614 1094 3671 multo
1124 3623 1178 3670 et
1211 3615 1424 3687 gravior
1451 3624 1505 3671 et
1535 3615 1687 3687 pejor
1734 3616 1805 3671 sit
1840 3630 1975 3673 moe-

1578 3758 1962 3816 LECTIONES
1998 3759 2419 3818 νΑΒιΑδΤΕδ.
2486 3810 2493 3815 .

441 3882 467 3911 ⁸
502 3879 703 3930 Unitate
726 3877 1012 3928 discederet
1036 3878 1170 3929 Lam.

437 3942 468 3981 ι)
501 3943 683 3995 Errare
705 3939 966 4004 deceptus,
994 3938 1076 3991 ille
1112 3941 1244 3991 Lam.
1271 3938 1417 3990 Ebor.
1446 3943 1493 3991 Ν
1500 3940 1553 3988 C.
1580 3940 1626 3990 1.

1720 4111 2080 4171 VARIORUM
2117 4111 2345 4170 nom.
2430 4090 2449 4109 ί

440 4262 924 4327 XXV.-—Quantus
948 4257 1259 4329 arrogantia:
1276 4265 1463 4329 tumor.
1486 4253 1827 4329 [iunclocum
1847 4253 1963 4308 des-

368 4336 556 4405 cripsit
581 4325 801 4390 sanctus
833 4325 1284 4405 Augustinuslib.
1316 4343 1369 4383 Iv
1394 4326 1463 4405 de
1494 4325 1759 4405 Baptismo
1785 4334 1962 4379 contra

369 4397 690 4472 Donatistas,
709 4421 827 4471 cap.
849 4397 944 4468 i2,
957 4414 1007 4455 et
1030 4400 1342 4462 Gratianus,
1364 4397 1459 4472 sed
1475 4414 1581 4452 non
1603 4399 1674 4472 ita
1698 4398 1964 4472 integrum

365 4463 975 4547 utattudAttgttsiintttit,
993 4473 1085 4535 25,
1109 4488 1164 4547 q.
1189 4469 1966 4547 4._cap.Quamvis,nbicitatur

2073 4468 2399 4547 epistolauad
2440 4467 2720 4547 Doua_tum_
2748 4485 2865 4547 pag.
3001 4463 3336 4547 Tumdelcctat
3371 4463 3545 4547 in

366 4567 431 4608 ex
482 4542 804 4618 Augustino,
837 4560 965 4618 non
991 4560 1058 4598 ex
1098 4542 1396 4618 Cypriano.
1419 4542 1726 4618 $alvianus.
1752 4542 1845 4618 lib.
1880 4555 1962 4605 tv,

369 4637 489 4693 cap.
510 4612 608 4674 1‘2":
640 4620 870 4673 Maxima
883 4616 1070 4693 quippe
1097 4612 1391 4692 accusatria:
1414 4612 1677 4693 lto-minam
1693 4613 1967 4693 noxiorum

369 4680 767 4760 est'usurpatria:
786 4680 1087 4760 innocentia:
1116 4682 1448 4760 arrogantia.-
1467 4680 1612 4735 ldem
1653 4684 1703 4734 itt
1734 4683 1965 4760 epistola

367 4765 432 4818 ad
468 4750 790 4818 Eucherium
821 4777 835 4814 :
882 4755 1192 4822 Pedisseqna
1231 4750 1369 4822 enim
1394 4750 1689 4822 plerumque
1722 4750 1835 4805 noui
1869 4756 1963 4807 ho-

363 4838 508 4889 noris
535 4844 609 4890 est
638 4830 954 4903 arrogantia.
1007 4820 1252 4878 Honores
1286 4820 1428 4876 enim
1477 4820 1720 4893 persaepe
1761 4833 1969 4879 mutant

364 4921 566 4962 mores.
604 4906 803 4959 BALUZ.

438 4971 1081 5031 XXVl.-—Fraudatores.
1111 4965 1166 5021 Id
1187 4976 1268 5021 est
1308 4963 1639 5019 idololatras.
1664 4964 1793 5018 Nam
1824 4965 1967 5022 dicet

367 5052 530 5133 ρπυιρ
555 5036 1965 5133 ea.testate“;9"°:‘_e'.*£°1?.{?"'52:Plenum"?

364 5107 421 5176 in
442 5107 671 5189 epistola
716 5107 784 5169 ad
821 5107 1166 5189 Heliodorum
1198 5110 1267 5189 de
1298 5107 1482 5163 Laude
1509 5109 1631 5162 vitm
1659 5107 1914 5189 solitaria;
1946 5129 1960 5164 ε

365 5182 547 5247 Omnis
565 5188 879 5259 fornicator,_
897 5193 984 5259 (tul
1011 5182 1323 5259 immundus,
1349 5189 1435 5233 aut
1466 5197 1668 5259 avarus,
1703 5190 1793 5259 aut
1819 5182 1965 5259 [rau-

362 5264 534 5325 dator,
558 5252 695 5330 quod
721 5266 804 5330 est
825 5254 1077 5330 idolorum
1114 5255 1351 5330 servitus,
1386 5268 1486 5305 non
1516 5254 1662 5306 habet
1694 5252 1964 5306 [neredita-

357 5345 456 5387 tem
487 5324 537 5385 in
560 5324 715 5398 regno
744 5325 941 5398 Christi
953 5337 997 5377 et
1030 5325 1144 5379 Dei.
1173 5324 1317 5398 Istud
1343 5340 1469 5378 vero
1493 5337 1765 5395 sumptum
1793 5333 1959 5379 estex

356 5401 597 5475 Epistula
619 5395 777 5475 Pauli
807 5398 875 5451 ad
900 5395 1163 5475 Ephesios.
1189 5396 1386 5475 DALUZ.

435 5473 536 5538 Qui
562 5470 859 5524 moechatur.
906 5468 1066 5523 Multa
1105 5470 1172 5524 de
1208 5467 1311 5522 huc
1349 5474 1670 5537 argumento
1703 5465 1806 5521 dici
1833 5478 1961 5535 pos-

357 5554 502 5609 sent,
532 5559 561 5597 a
594 5541 788 5612 quibus
818 5541 1084 5596 abstineo.
1111 5540 1229 5612 Sed
1275 5551 1455 5593 tamen
1489 5539 1619 5592 illud
1658 5538 1824 5612 silere
1852 5552 1958 5592 non

352 5607 577 5686 possum
602 5607 744 5683 (ἰωή
784 5616 895 5669 scio
930 5610 1326 5686 emendandum
1368 5625 1501 5686 esse
1529 5609 1669 5686 apud
1706 5607 1960 5686 Cornuto-

352 5680 573 5742 diarium
607 5680 851 5742 instruct.
897 5684 989 5749 40,
1043 5692 1096 5737 et
1135 5682 1402 5752 sequenti,
1451 5682 1540 5735 ubi
1586 5680 1954 5750 reponendum

351 5770 433 5812 est
464 5759 688 5814 moechus
717 5768 772 5813 et
801 5757 1017 5811 machia
1064 5769 1161 5824 pro
1189 5768 1257 5807 eo
1297 5752 1439 5824 quod
1480 5752 1743 5824 ltigaltius
1779 5752 1959 5824 posuit

343 5826 519 5887 Maius
547 5841 601 5889 ct
631 5829 795 5884 Maia.
833 5829 924 5885 Sic
954 5822 1116 5882 etiam
1148 5822 1519 5893 reponendum
1550 5826 1601 5878 in
1642 5822 1955 5881 instructio-

2083 2959 2193 3014 sint
2216 2957 2435 3027 Christi,
2461 2969 2517 3014 ct
2541 2960 2737 3032 singuli
2756 2961 2932 3017 simus
2970 2962 3217 3032 templum
3245 2964 3324 3017 Dei
3343 3004 3354 3025 ,
3372 2964 3460 3034 quis
3481 2964 3552 3034 quis

2084 3049 2349 3107 adulterio
2380 3052 2638 3122 templum
2670 3054 2763 3108 Dei
2788 3054 2979 3121 violat,
3011 3055 3168 3110 Deum
3193 3056 3419 3120 violat;et
3440 3057 3498 3126 qui
3519 3056 3549 3110 in

2086 3146 2321 3214 peccatis
2341 3146 2748 3201 committendis
2776 3148 3114 3204 voluntatem
3140 3148 3318 3203 diaboli
3343 3149 3453 3213 facit,
3487 3147 3551 3202 de-

2086 3238 2282 3293 moniis
2305 3248 2360 3295 et
2389 3239 2546 3294 idolis
2588 3240 2775 3295 servit.
2825 3240 3016 3311 Neque
3045 3242 3183 3297 enim
3232 3242 3350 3296 mala
3391 3240 3484 3295 facta
3506 3239 3547 3293 tle

2084 3341 2273 3388 sancto
2318 3331 2525 3402 Spiritu
2572 3333 2823 3401 veniunt,
2867 3334 2968 3390 sed
2995 3334 3065 3391 de
3092 3335 3353 3390 adversarii
3388 3334 3546 3388 instinctu

2082 3426 2235 3481 etde
2284 3426 2562 3482 immundo
2592 3428 2782 3498 spiritu
2830 3438 2976 3484 nata:
3027 3430 3417 3501 concupiscentiae
3434 3437 3549 3483 contra

2083 3520 2252 3576 Deum
2282 3520 2462 3577 facere
2490 3531 2543 3577 et
2587 3523 2803 3579 diabolo
2848 3523 3060 3581 servire
3099 3524 3401 3596 compellunt.
3434 3521 3483 3577 Ita
3515 3520 3552 3574 lit

2082 3625 2141 3671 ut
2178 3617 2227 3671 si
2278 3628 2501 3688 peccato
2544 3618 2767 3675 alterius
2810 3620 3085 3691 inquinari
3132 3620 3333 3677 alterum
3361 3619 3491 3675 dicunt
3519 3626 3551 3671 et

3546 5368 3656 6122 l

2143 3882 2166 3944 (ξ
2203 3879 2486 3944 §ecundum
2507 3882 2794 3944 Apostolum
2822 3883 2957 3935 Lam.
2988 3884 3130 3936 Ebor.
3161 3886 3259 3938 NG.
3286 3886 3315 3935 t.

2143 3941 2171 3981 τί
2204 3942 2266 3994 Et
2288 3945 2467 3994 iterum
2486 3941 2605 3996 dicit
2632 3945 2765 3997 Lam.
2792 3945 2939 3998 Ebor.
2968 3948 3078 3999 ΝΟ.
3113 3950 3152 3999 ι.

2066 4268 2138 4308 ne
2164 4253 2254 4319 12,
2280 4253 2367 4308 ubi
2401 4253 2662 4321 Rigaltius
2706 4254 2887 4323 posuit
2933 4255 3107 4310 Maria
3151 4270 3238 4323 pro
3277 4252 3443 4307 nunc/ia.
3471 4248 3536 4317 Ego

2072 4324 2217 4379 enim
2247 4324 2415 4380 affero
2438 4325 2698 4381 lectiones
2724 4327 2847 4381 libri
2871 4328 3091 4383 veteris.
3119 4328 3297 4382 Bth.

2146 4395 2489 4474 Libidinibus.
2550 4395 2733 4452 Codex
2797 4398 3061 4474 Fuxensis
3136 4390 3547 4474 fttrpitudinibttt.nlll

2073 4535 2445 4608 turpitudinem
2462 4535 2775 4611 magisterio.
2813 4535 3096 4597 Salvianus
3117 4542 3204 4597 lib.
3223 4556 3289 4605 Vt,
3308 4554 3403 4609 cap.
3423 4535 3546 4603 8,100!

2070 4621 2116 4664 et
2146 4611 2440 4682 habitacula
2464 4612 2857 4682 turpitudinum.
2902 4613 3102 4668 Bawz.

2151 4680 2260 4736 Nec
2295 4684 2390 4736 sibi
2441 4672 2585 4738 Citat
2616 4687 2757 4755 hunc
2781 4686 2954 4739 locum
2981 4687 3039 4741 S.
3065 4672 3544 4755 Augustinuslib._t_tlr

2069 4751 2338 4823 Baptismo
2378 4756 2620 4810 adversus
2650 4754 2947 4810 Donatistns
2977 4773 3095 4823 cap.
3122 4746 3188 4818 5V;
3233 4746 3540 4823 itemqueliaf

2068 4816 2251 4881 ma'rus
2282 4830 2334 4879 in
2365 4828 2621 4896 opusculo
2658 4844 2721 4882 ιν
2758 4816 3106 4899 Capitulorum
3132 4816 3240 4897 cap.
3261 4816 3446 4951 4km.

3339 4908 3507 4951 twn
3594 4908 3607 4951 i

2143 4967 2759 5027 XXV|l.—:ltlololatris.
2777 4970 2977 5027 Omnes
2991 4971 3107 5027 libri
3125 4981 3313 5025 veteres
3323 4958 3541 5023 etvetlstiti

2068 5021 2159 5113 res
2174 5021 2455 5096 editiones
2475 5021 2529 5096 ei
2543 5021 2678 5097 ita;
2701 5021 3025 5113 tangat;
3034 5021 3543 5113 instruamur

2068 5111 2215 5165 (atris
2241 5121 2297 5167 et
2324 5114 2604 5177 idolatriae;
2637 5110 2767 5167 nihil
2802 5110 2979 5169 tamen
3011 5123 3208 5168 mutare
3223 5110 3539 5177 volebam

2066 5184 2232 5236 sciam
2268 5186 2337 5237 ita
2364 5185 2522 5255 vulgo
2544 5187 2801 5253 scriptum
2814 5201 2937 5241 esse
2966 5186 3015 5240 in
3032 5185 3247 5254 antiquis
3271 5178 3539 5255 etidiciltltg

2066 5260 2239 5328 terum
2265 5242 2585 5328 scriptorum
2608 5242 2920 5328 latinorum,
2937 5268 2988 5311 et
3009 5242 3235 5328 quamvis
3261 5242 3545 5328 exempla

2065 5325 2336 5380 scribendi
2377 5308 3224 5382 'ltabeaniiiAntoniivde1Albnnc
3258 5308 3535 5390 ambit-39M

2064 5394 2576 5474 Ltlgdunenfis1qni
2606 5398 2678 5474 ita
2706 5400 2995 5474 scripsit_i_n
3012 5398 3232 5474 editione
3250 5408 3329 5448 sua
3349 5396 3537 5474 tam

2066 5456 2323 5539 tarinrum
2355 5456 2533 5522 Ruiin'i
2564 5470 2615 5522 in
2645 5456 2909 5526 Psalm'os.
2931 5467 3205 5525 Habendos
3225 5478 3327 5539 esse
3345 5456 3537 5539 rw

2063 5535 2239 5609 honos
2266 5541 2591 5609 antiquitati.
2619 5540 2723 5596 Sed
2738 5525 2913 5595 'etiam
2961 5525 3549 5595 satisfaciendum'ttt'atlfi

2060 5608 2233 5664 licatis
2261 5611 2490 5679 ingeniis
2521 5613 2620 5666 :cvi
2649 5614 2840 5668 nostri.
2878 5613 3065 5668 BALUZ.

2135 5664 2410 5751 Inquin‘ari
2428 5664 2681 5737 alterum
2698 5664 2708 5665 ί
2724 5664 3245 5748 uxensis,
3287 5676 3450 5731 alter"

2058 5730 2923 5822 ιμιῖιὶὶῖνῖ’ᾰὲιὶηῖῗῑὲιᾟότυῖἰιῖἐὸ
2939 5730 3000 5813 ei
3016 5730 3347 5815 aristaeo,
3368 5730 3539 5807 ω’

2058 5823 2282 5879 alterum
2311 5826 2510 5881 dicunt.
2530 5825 2734 5882 BALUZ.

3370 6026 3447 6085 θ’.

3454 6112 3501 6121 μμ
