3782 6280
184 369 269 426 795
945 355 1281 416 EPISTOLA
1321 357 1390 415 Χ,
1433 356 1493 414 S.
1534 353 1866 413 CYPRlANl
1893 356 1984 413 AD
2023 356 2498 417 ANTONIANUM.

3299 360 3403 420 794

173 479 482 540 idololatriam
509 475 849 547 delinquentis
868 474 935 531 ad
958 489 1067 530 non
1089 474 1492 545 delinquentem
1517 483 1691 530 trans-
1718 475 1770 536 Α
1796 480 1951 544 putas
1998 474 2259 530 rusticum
2307 490 2489 547 posse,
2536 474 2583 531 si
2622 475 2864 532 dixeris:
2896 494 2914 528 ι
2957 474 3160 549 Agrum
3209 476 3401 547 peritia

172 578 237 633 ire
287 589 373 630 sua
433 571 815 628 asseveratione
865 570 1230 637 contendunt,
1284 570 1537 625 excusari
1612 585 1697 625 se-

172 668 364 726 cundum
401 681 544 721 suam
576 680 753 720 vocem
776 678 881 719 non
913 665 1116 735 possint
1143 664 1211 718 ab
1235 662 1551 720 idololatria:
1588 663 1696 718 cri-

167 766 315 830 mine,
359 776 469 816 cum
500 769 702 816 constet
729 758 797 815 de
839 758 1147 829 Apostolica
1197 758 1512 829 probatione
1563 772 1700 813 moe-

170 859 280 916 chos
301 866 348 911 et
373 855 689 911 fraudatores
706 896 720 922 ,
740 855 934 925 quibus
963 854 1040 908 illi
1067 854 1490 917 communicant,
1519 852 1695 906 idolo-

172 951 313 1007 latras
333 964 452 1006 esse.
478 947 642 1003 Nobis
663 958 851 1019 .autem
901 947 1198 1003 secundum
1241 946 1402 1002 ﬁdem
1460 957 1697 1000 nostram

173 1055 220 1100 et
243 1044 404 1099 divinae
418 1042 792 1113 prmdicatio‘nis
822 1041 1000 1097 datam
1026 1041 1252 1096 furatum
1276 1040 1533 1111 competit
1561 1040 1698 1094 ratio

172 1135 390 1200 veritatis,
418 1149 832 1205 unumquemque
862 1135 914 1188 iu
942 1144 1169 1205 peccato
1197 1150 1296 1189 suo
1325 1134 1496 1204 ipsum
1528 1132 1698 1188 teneri

164 1241 395 1297 necposse
424 1226 646 1281 alterum
699 1241 798 1296 pro
822 1229 994 1282 altero
1049 1242 1201 1282 reum
1236 1226 1383 1292 lieri,
1431 1241 1553 1281 cum
1604 1225 1699 1279 Do-

159 1320 302 1375 minus
352 1327 662 1389 prtemoneat
708 1328 764 1375 et
815 1319 961 1375 dicat
1020 1339 1032 1375 :
1087 1319 1306 1376 Iustitia
1344 1321 1476 1390 justi
1546 1337 1700 1390 super

161 1427 246 1466 tum
270 1410 369 1475 erit,
421 1421 465 1464 et
502 1411 665 1466 scelus
706 1413 939 1467 scelerati
976 1428 1131 1482 super
1178 1429 1293 1466 eum
1342 1414 1435 1466 erit
1482 1411 1694 1485 (Ezech.

159 1519 273 1565 mu.
297 1503 397 1576 20).
426 1505 492 1559 Et
535 1506 724 1561 iterum
757 1525 772 1562 :
798 1505 923 1561 Non
944 1508 1222 1562 morientur
1242 1519 1411 1577 patres
1434 1523 1526 1576 pro
1552 1508 1693 1577 ﬁliis,

159 1608 194 1651 et
215 1598 294 1664 ﬁlii
319 1614 409 1653 non
437 1600 712 1655 morientur
734 1617 828 1672 pro
859 1601 1113 1672 patribus.
1147 1600 1480 1673 Uuusquique
1505 1602 1558 1655 in
1580 1618 1697 1672 pec-

156 1697 241 1742 cato
266 1704 348 1744 sua
387 1695 626 1748 morietur
670 1691 846 1764 (Deut.
896 1710 1042 1761 xxrv,
1083 1694 1199 1767 16).
1251 1694 1406 1763 Quod
1457 1696 1697 1767 legentes

158 1781 317 1836 scilicet
341 1792 393 1839 et
422 1793 668 1842 tenentes
697 1787 965 1842 neminem
995 1796 1245 1858 putamus
1274 1804 1303 1843 a
1333 1789 1508 1844 fructu
1536 1790 1695 1845 satis-

1805 568 1954 623 omni
1986 570 2301 625 rusticitatis
2344 584 2538 627 exerce
2562 611 2577 637 ,
2605 569 2831 625 culturis
2855 567 3141 640 diligenter
3169 567 3396 636 insiste;

1803 663 1898 717 sed
1940 663 2140 718 nullam
2173 678 2403 720 messem
2438 673 2641 730 metes,
2672 663 2873 719 nullam
2903 661 3229 717 vindemiam
3275 676 3404 732 pre-

1803 772 1940 820 mes,
1972 758 2148 812 nullos
2177 758 2358 812 oliveti
2392 759 2464 813 tui
2497 757 2702 813 fructus
2731 755 2915 827 capies
2934 796 2949 822 ,
2982 755 3125 811 nulla
3155 754 3222 810 de
3248 754 3408 810 arbo-

1802 854 1951 908 ribus
1989 868 2146 924 poma
2192 855 2474 925 decerpes.
2513 874 2531 906 i
2577 853 2679 910 Vel
2719 855 2763 909 si
2798 853 2848 910 ei
2879 853 2964 909 cui
3005 851 3303 907 dominium
3350 856 3408 906 et

1803 961 1957 1001 usum
2018 947 2234 1000 navium
2280 943 2308 983 ἀ
2346 946 2579 1001 suadens
2623 946 2814 1001 dicas:
2847 966 2866 999 ‹
2900 932 3177 1000 Materiam
3207 943 3277 999 de
3305 957 3403 998 ex-

1801 1040 2121 1096 cellentibus
2169 1041 2336 1112 sylvis
2393 1056 2666 1107 mercare,
2702 1040 2902 1104 frater;
2934 1040 3171 1096 carinam
3204 1048 3227 1076 ο
3259 1053 3401 1109 pra:-

1800 1132 1991 1187 validis
2023 1142 2079 1188 et
2108 1134 2298 1188 electis
2330 1132 2615 1189 roboribus
2655 1135 2839 1190 intexe
2864 1177 2879 1201 ,
2912 1134 3067 1189 clavo
3091 1175 3107 1200 ,
3140 1131 3359 1187 funibus
3384 1172 3401 1199 ,

1804 1226 1971 1293 velis,
2008 1235 2067 1281 ut
2106 1228 2399 1283 fabricetur
2441 1235 2602 1299 atque
2632 1238 2869 1284 armetur
2910 1229 3061 1283 navis
3085 1270 3099 1293 ,
3134 1241 3400 1298 operare:

1801 1317 1896 1374 sed
1925 1334 2047 1374 cum
2079 1318 2194 1375 haec
2224 1319 2438 1388 feceris,
2474 1319 2704 1376 fructum
2726 1320 2793 1378 de
2813 1320 3024 1377 actibus
3051 1319 3169 1391 ejus
3197 1327 3252 1376 et
3278 1334 3403 1377 curv

1803 1414 1954 1468 sibus
1985 1430 2090 1469 non
2122 1414 2349 1470 videbis.
2388 1435 2407 1467 ι

1873 1508 2068 1563 XXIX.
2113 1508 2448 1565 Praecludere
2469 1518 2551 1565 est
2574 1516 2734 1581 atque
2769 1507 3089 1563 abscindere
3118 1504 3137 1544 ί
3169 1506 3273 1562 iter
3297 1505 3399 1561 do-

1799 1599 1930 1656 loris
1951 1616 2015 1657 ac
2037 1601 2329 1672 pmnitendi
2352 1602 2509 1666 viam,
2533 1610 2590 1656 ut
2610 1617 2730 1656 cum
2755 1601 2806 1655 in
2834 1598 3126 1671 Scripturis
3150 1600 3398 1655 omnibus

1802 1695 2057 1751 Dominus
2093 1696 2230 1750 Deus
2280 1694 2678 1750 revertentibus
2721 1693 2789 1750 ad
2828 1709 2889 1750 se
2918 1703 2973 1750 et
3011 1693 3396 1765 paenitentibus

1802 1787 2133 1855 blandiatur,
2162 1796 2346 1842 nostra
2376 1786 2573 1841 duritia
2599 1796 2652 1842 et
2674 1786 3012 1852 crudelitate,
3040 1787 3166 1841 dum
3197 1784 3401 1841 fructus

155 1873 347 1930 factionis
368 1885 417 1931 et
442 1891 539 1947 Spe
566 1880 715 1949 pacis
740 1879 1031 1936 arcendum
1058 1923 1074 1949 ,
1105 1895 1227 1935 eum
1259 1882 1492 1936 sciamus
1532 1881 1681 1952 juxta
1713 1884 1759 1945 B
1788 1882 2116 1952 pcenitentiac
2172 1880 2504 1949 intercipitur
2544 1889 2569 1924 κ
2597 1920 2612 1944 ,
2660 1878 2974 1948 paenitentia
3003 1878 3121 1948 ipsa
3151 1876 3394 1933 tollatur.

154 1969 491 2039 Scripturarum
517 1971 823 2028 divinarum
853 1972 1011 2029 ﬁdem
1036 2015 1050 2038 ,
1082 1982 1303 2030 auctore
1331 1985 1384 2030 et
1415 1972 1689 2030 hortatore

154 2061 240 2132 ipso
265 2061 376 2132 Deo,
402 2072 453 2119 et
480 2064 546 2120 ad
577 2066 842 2137 agendam
876 2067 1246 2137 pmnitentiam
1267 2078 1577 2140 peccatores
1597 2083 1687 2124 re-

156 2153 254 2225 digi,
280 2165 326 2210 et
351 2158 552 2215 veniam
580 2166 746 2231 atque
770 2159 1154 2230 indulgentium
1183 2160 1563 2231 paenitentibus
1579 2176 1687 2216 non

154 2244 371 2320 denegari.

204 2340 400 2401 XXVIII.
425 2349 598 2420 Atque
627 2363 662 2403 ο
693 2349 1011 2406 frtt'strandae
1042 2337 1387 2405 fraternitatis
1415 2350 1619 2406 irrisio!
1654 2366 1687 2405 o

152 2434 406 2494 miserorum
438 2442 846 2499 lamentantium
878 2453 934 2499 et
964 2444 1257 2499 amentium
1288 2443 1490 2499 caduca
1516 2442 1684 2499 dece-

152 2530 260 2599 ptio!
281 2550 308 2588 o
331 2535 575 2594 haeretica:
604 2539 963 2594 institutionis
993 2540 1241 2596 ineflicax
1268 2550 1323 2595 et
1354 2556 1488 2594 vana
1517 2539 1684 2594 tradi-

156 2622 236 2677 tio!
258 2624 426 2685 bortari
469 2631 534 2686 ad
581 2631 977 2688 satisfactionis
1005 2642 1033 2670 α
1063 2634 1434 2702 paenitentiam
1471 2642 1525 2687 et
1552 2631 1683 2687 sub-

157 2715 327 2775 trahere
345 2720 400 2777 de
422 2723 791 2779 satisfactione
822 2724 1142 2779 medicinam
1170 2768 1185 2791 ,
1218 2725 1399 2781 dicere
1427 2725 1683 2783 fratribus

159 2812 389 2865 ιιοδιῐίειι
414 2818 596 2889 Plange
644 2827 705 2872 et
746 2818 1012 2891 lacrymas
1057 2817 1259 2884 funde,
1306 2830 1362 2874 et
1404 2818 1591 2873 diebus
1620 2832 1684 2875 ac

166 2905 361 2961 noctibus
385 2908 674 2981 ingemisce,
709 2925 762 2969 et
793 2928 891 2983 pro
912 2912 1182 2968 abluendo
1208 2923 1261 2968 et
1289 2913 1565 2984 purgando
1589 2912 1684 2968 de-

164 2991 264 3050 licto
299 3008 368 3054 tuo
402 3002 602 3077 largiter
655 3016 715 3060 et
759 3004 1067 3077 frequenter
1096 3021 1353 3077 operare,
1386 3006 1480 3062 sed
1528 3016 1680 3062 extra

153 3083 381 3148 Ecclesiam
408 3112 516 3166 ροει
551 3099 744 3155 omnia
787 3099 888 3155 ista
916 3100 1198 3167 morieris;
1228 3115 1582 3173 quaecumque
1612 3099 1680 3156 ad

152 3192 292 3247 pacem
323 3190 564 3256 pertinent
608 3191 813 3257 facies,
858 3192 952 3247 sed
991 3192 1189 3247 nullam
1242 3207 1426 3262 pacem
1452 3236 1465 3257 ,
1517 3208 1678 3263 quam

1790 1976 1943 2045 Quod
1970 1977 2013 2031 si
2044 1976 2347 2032 invenimus
2372 1991 2401 2028 a
2432 1975 2744 2045 paenitentia
2770 1973 2972 2045 agenda
3003 1973 3275 2029 neminem
3299 1972 3397 2030 de-

1790 2069 1921 2125 bere
1950 2068 2257 2139 proltibcri,
2291 2078 2344 2124 et
2381 2067 2798 2138 deprecantibus
2834 2074 2995 2136 atque
3034 2065 3383 2121 exorantibus

1791 2162 2003 2217 Domini
2021 2162 2467 2230 misericordiam,
2489 2160 2783 2217 secundum
2808 2158 2952 2230 quod
2978 2157 3069 2213 ille
3086 2158 3394 2215 misericors

1790 2263 1844 2311 et
1872 2257 1990 2326 pius
2016 2265 2118 2322 est,
2149 2272 2244 2327 per
2266 2254 2578 2312 sacerdotes
2603 2254 2721 2324 ejus
2752 2268 2940 2325 pacem
2962 2266 3122 2323 posse
3146 2251 3393 2319 concedi,

1788 2349 2152 2405 admittendus
2181 2360 2263 2405 est
2296 2350 2656 2421 plangentium
2683 2348 2949 2420 gemitus,
2983 2354 3037 2402 et
3064 2347 3393 2418 paenitentia:

1788 2441 1991 2499 fructus
2018 2444 2323 2500 dolentibus
2356 2459 2461 2498 non
2492 2443 2790 2515 negandus.
2825 2443 2893 2498 Et
2916 2443 3048 2512 quia
3077 2442 3221 2512 apud
3252 2440 3393 2497 infe-

1790 2551 1880 2592 ros
1908 2538 2174 2593 confessio
2200 2554 2304 2591 non
2336 2545 2441 2604 est,
2472 2552 2569 2593 nec
2598 2536 2994 2607 exomologesis
3018 2534 3127 2590 illic
3151 2535 3265 2591 lieri
3299 2549 3394 2605 βο⁴

1791 2639 1915 2697 test,
1942 2631 2031 2701 qui
2063 2645 2129 2685 ex
2173 2640 2284 2685 toto
2314 2630 2479 2687 corde
2526 2629 2875 2699 poenituerint
2909 2639 2962 2683 et
2995 2628 3304 2699 rogaverint
3335 2626 3391 2682 in

1788 2724 2082 2778 Ecclesiam
2110 2723 2310 2779 debent
2339 2722 2563 2777 interius
2593 2720 2791 2790 suscipi
2828 2728 2882 2774 et
2916 2719 2967 2773 in
3016 2721 3129 2789 ipsa
3161 2717 3392 2774 Domino

1787 2817 2082 2883 reservari,
2132 2818 2223 2888 qui
2264 2816 2330 2871 ad
2374 2816 2677 2871 Ecclesiam
2743 2829 2897 2868 suam
2936 2810 2963 2848 ιι
3020 2821 3278 2868 venturus
3321 2811 3391 2869 de

1785 2909 1893 2965 illis
1922 2911 2105 2981 utique
2130 2925 2264 2980 quos
2296 2910 2348 2963 in
2378 2924 2440 2965 ea
2465 2910 2606 2964 intus
2633 2907 2900 2963 invenerit
2924 2904 3205 2976 iudicabit.
3242 2905 3388 2976 Apo-

1785 3015 1941 3063 stata:
1999 3021 2129 3059 vero
2165 3012 2219 3059 et
2262 3003 2590 3066 desertores,
2623 3001 2708 3056 vel
2747 3000 3041 3055 adversarii
3095 3008 3151 3054 et
3210 2997 3393 3053 hostes

1785 3110 1840 3158 et
1866 3098 2067 3156 Christi
2115 3097 2413 3154 Ecclesiam
2460 3097 2824 3167 dissipantes,
2870 3110 2970 3151 nec
3000 3094 3043 3149 si
3082 3093 3246 3149 occisi
3291 3108 3391 3163 pro

1785 3194 2002 3249 nomine
2043 3191 2173 3246 foris
2203 3190 2425 3259 fuerint,
2457 3190 2692 3259 admitti,
2721 3188 3015 3244 secundum
3046 3185 3387 3256 Apostolum,

149 3275 314 3346 συκῆς,
342 3283 558 3353 accipies
586 3284 644 3339 ι).
690 3304 709 3338 ι
771 3286 904 3352 Quis
946 3302 1052 3341 non
1095 3287 1274 3341 statim
1308 3294 1527 3357 pereat,
1557 3288 1676 3358 quis
1702 3287 1749 3351 C
1779 3288 2008 3358 possunt
2034 3285 2099 3339 ad
2140 3284 2397 3339 Ecclesia:
2438 3299 2645 3353 pacem,
2677 3282 2891 3354 quando
2920 3296 3019 3337 nec
3045 3280 3263 3352 spiritus
3288 3294 3390 3337 nec

148 3377 225 3419 "00
264 3368 358 3440 ipsa
404 3376 790 3449 desperatione
822 3390 843 3418 ο
878 3380 1111 3447 deliciat,
1146 3380 1263 3450 quis
1305 3396 1412 3435 non
1440 3380 1678 3436 animum

145 3471 261 3517 suum
281 3480 306 3520 a
335 3471 592 3541 proposito
639 3472 1042 3529 Iamentationis
1082 3473 1330 3529 avertat?
1367 3472 1590 3544 Operari
1621 3481 1679 3528 tu

1784 3378 2040 3434 Ecclesize
2073 3386 2354 3433 tenuerunt
2385 3378 2660 3432 unitatem.
2992 3426 2993 3429 η

1856 3469 2030 3526 XXX.
2073 3470 2198 3526 Ilaec
2240 3470 2487 3537 interim,
2534 3466 2701 3526 frater
2745 3468 3097 3536 cltarissime,
3130 3479 3296 3539 pauca
3321 3463 3391 3522 de

1309 3654 1692 3715 LECTIONES
1730 3653 2137 3714 VARIANTES.

181 3823 204 3921 ξ
230 3825 398 3907 Hortari
418 3835 475 3885 ad
498 3834 890 3888 satisfactionem
914 3837 1038 3889 Bod.
1064 3839 1112 3889 5.

190 3951 193 3952 ν
230 3890 389 3949 Ουεεηε
411 3900 643 3951 invenies
670 3901 800 3949 Lam.
828 3898 967 3952 Ebor.
990 3901 1096 3952 NG.
1127 3902 1150 3951 l

182 3904 204 3980 ς
230 3904 389 3949 υιιεεῆε
411 3904 643 3951 invenies
670 3904 800 3949 Lam.
828 3904 967 3952 Ebor.
990 3904 1096 3955 NG.
1127 3904 1172 3951 l.

181 4010 202 4051 τι
228 3951 1406 4051 treaties?!saer°ns£rhetoettet-

182 4021 296 4092 ffSic
316 4021 438 4092 Lana,
462 4021 621 4092 Ebur;
644 4025 789 4092 (ξονι).
817 4029 865 4077 Ν
871 4028 925 4092 C_.
954 4027 999 4077 I.
1029 4024 1133 4078 Litt.
1160 4026 1248 4078 Est
1274 4029 1403 4092 Imp.
1430 4028 1522 4079 Vel
1544 4032 1586 4079 si
1625 4031 1674 4083 ei

140 4084 319 4132 Clausum
340 4087 505 4139 Benev.
530 4089 623 4141 Cui
651 4088 765 4139 dum
799 4087 953 4140 Vatic.

1845 3841 1870 3907 ξ
1908 3840 2111 3907 Fortem
2136 3844 2351 3893 carinam
2372 3844 2499 3894 Bod.
2528 3844 2572 3907 l,
2594 3843 2642 3895 ‘2.

1844 3901 1866 3940 ί
1903 3906 2174 3956 Abscidere
2208 3910 2326 3956 Ver.
2356 3908 2534 3957 Benev.

1844 3968 2113 4031 {Fructus
2154 3970 2460 4031 pmnitentize
2497 3967 2811 4019 interdicitur
2847 3969 2980 4019 Lam.
3022 3966 3166 4018 Ebor.
3196 3966 3308 4020 NC.
3338 3968 3383 4018 1.

1783 4029 1986 4145 Βίῖιάλςξὲ
2007 4096 2141 4144 Lam.
2164 4094 2288 4144 Bod.
2312 4096 2360 4144 5.
2384 4091 2528 4146 Ebor.
2550 4091 2659 4147 Litt.
2677 4092 2948 4144 Ecclesiam
2965 4098 3203 4145 venturus
3224 4092 3381 4146 Oxon.

1389 4241 1752 4301 VARIORUM
1792 4242 2023 4300 ΝΟΤιΕ.

142 4414 334 4504 eulmina
381 4430 560 4504 teneri.
594 4427 815 4504 [frtetuli
843 4428 981 4504 hanc
1014 4429 1326 4504 lectionem,
1359 4429 1483 4504 quia
1515 4430 1666 4504 illam

142 4495 275 4570 inveni
298 4495 343 4551 in
388 4514 453 4553 xv
509 4501 669 4555 libris
723 4500 1015 4555 veteribus.
1066 4501 1280 4570 Alioqui
1310 4495 1453 4556 enim
1509 4501 1665 4555 facile

139 4569 374 4642 “litassent
399 4582 451 4626 ut
501 4588 627 4626 eam
689 4588 999 4626 revocarent
1032 4590 1149 4641 qua:
1196 4569 1370 4627 exstat
1418 4574 1471 4625 iu
1525 4574 1667 4627 auti-

137 4636 233 4697 ‘ltfts
252 4636 558 4711 editiombns,
604 4643 696 4698 ubi
742 4646 936 4711 legitur
964 4636 1104 4698 reum
1154 4645 1330 4698 teneri.
1365 4643 1497 4699 Nam
1548 4661 1667 4699 eam

140 4711 306 4786 ςυραυᾳ
342 4708 613 4786 lectionem
675 4708 850 4785 reperi
893 4716 945 4769 iu
992 4726 1225 4786 quatuor
1270 4717 1671 4786 exemplaribus

143 4779 336 4851 ntiquis.
359 4781 548 4842 Buuz.

193 4862 926 4935 “Vill.-Lamentantium.
955 4880 1068 4935 Duo
1098 4880 1218 4936 libri
1242 4889 1450 4937 veteres
1476 4882 1674 4938 habent

142 4942 351 5000 "latium
388 4960 607 5006 tantum.
644 4952 844 5007 Bswz.

192 5027 454 5119 frequenter
478 5063 714 5115 operare.
748 5048 801 5101 Id
826 5055 936 5113 est,
968 5055 1023 5101 ut
1048 5062 1148 5119 ego
1174 5047 1385 5115 quidem
1414 5048 1669 5115 arbitror,

407 5092 564 5185 oricia
600 5120 812 5187 pictatis
839 5092 1033 5173 estircc
1062 5092 1111 5172 iii
1141 5092 1438 5189 pauperes,
1469 5121 1534 5174 da
1567 5092 1671 5176 fre:

138 5182 315 5263 (λήψει
332 5182 743 5263 elecinosybam.
782 5190 914 5244 Vide
943 5182 1432 5263 librttm'derpere
1467 5202 1509 5245 ct
1553 5191 1672 5247 Ele-

136 5253 330 5372 ηοᾝήι.
352 5253 764 5314 ϐοιηηιόᾱίεηιυς
797 5263 1045 5315 instruct.
1070 5263 1173 5316 55:
1207 5253 1328 5315 Nati
1356 5279 1511 5331 opem
1543 5265 1672 5321 fuci-

137 5318 203 5372 "’1
282 5335 348 5372 BSI
371 5330 705 5372 ﬁluntncvnsm
758 5333 889 5372 Vidn
912 5334 1072 5372 nlinm
1094 5335 1314 5372 inclrnnl
1357 5334 1425 5372 RQ
1471 5334 1535 5372 Ri
1552 5351 1565 5372 π
1582 5351 1642 5372 Im

137 5318 263 5407 tu!“
282 5335 349 5407 est
371 5330 726 5407 elemosynas.
746 5333 889 5407 Δνὶόλυ
912 5334 1074 5407 etiam
1094 5335 1320 5407 instruct
1357 5318 1445 5407 6D.
1469 5318 1665 5407 Bawz.

299 5404 426 5475 fuitin
453 5414 520 5456 et.
568 5406 713 5457 lianc
744 5404 1030 5459 lectionem
1063 5405 1242 5459 inveni
1276 5406 1328 5459 in
1360 5405 1667 5475 quindecim

136 5464 478 5544 ξξξιῑρᾷρριιυε
521 5476 755 5544 antiquis
800 5486 857 5530 et
893 5478 945 5529 in
988 5476 1315 5531 cilitionibus
1355 5464 1577 5531 blanutii
1618 5487 1672 5532 et

356 5537 618 5617 Pamelius
648 5530 824 5617 pesuit
844 5558 915 5601 est
939 5530 1035 5617 pro
1063 5558 1128 5603 et.
1155 5548 1305 5602 Hunc
1332 5530 1575 5603 imitatus,
1589 5530 1672 5604 est

387 5615 537 5689 Anin
570 5591 1187 5687 reposueruntIvetcrem
1219 5620 1526 5686 lectionem,
1550 5591 1670 5689 qua;

133 5667 535 5765 εἷρξςςξρμηαιῐῦέ
559 5667 794 5765 iam
804 5667 968 5745 libre
988 5667 1484 5762 ἒιῖᾶεὲὶὶὲίὶὲέίίὶῆζ
1503 5667 1669 5745 Itali};

132 5749 253 5794 manu
271 5754 313 5801 et
336 5750 410 5811 iis
434 5766 525 5811 est.
558 5758 754 5816 Bswz.

188 5826 677 5925 _XEEg-Iuterius.
707 5853 820 5925 Ego
843 5853 981 5909 banc
1005 5853 1312 5920 lectionem,
1337 5868 1496 5925 quam
1522 5861 1669 5910 vetc-

131 5909 201 5957 τοι
218 5903 453 5973 editio-es
477 5903 1051 5994 amate—ustas";
1062 5903 1126 5984 Si
1136 5903 1664 5983 nauigasset-

1691 4545 1744 4605 Ι)

1773 4428 1941 4499 plaria
1975 4426 2202 4500 habent.
2240 4426 2502 4496 praefero,
2535 4429 2697 4483 etiam
2730 4428 2800 4483 ob
2831 4443 2951 4484 eam
2982 4444 3204 4485 causam
3236 4431 3382 4500 quod

1771 4498 1932 4571 paulo
1957 4510 2076 4569 post
2098 4498 2402 4570 Cyprianus
2424 4500 2499 4553 ait
2520 4500 2829 4565 Dominum,
2847 4517 2966 4555 cum
2987 4502 3052 4556 ad
3077 4498 3381 4559 Ecclesiam

1773 4588 1923 4626 suam
1956 4572 2204 4633 venerit,
2237 4571 2306 4643 de
2338 4571 2444 4643 illis
2473 4573 2656 4643 utique
2682 4573 3044 4641 iudicaturum
3079 4590 3207 4641 quos
3238 4575 3291 4627 in
3322 4591 3382 4629 ea

1778 4644 1915 4696 intus
1957 4644 2223 4716 inuenerit.
2271 4642 2412 4699 Infra
2443 4645 2601 4713 epist.
2636 4646 2726 4701 55.
2762 4660 2881 4716 pag.
2919 4645 3021 4711 88,
3057 4645 3214 4714 plebis
3244 4647 3381 4701 intus

1777 4716 1975 4788 positae.
2022 4715 2160 4770 Sunt
2202 4717 2364 4770 etiam
2409 4717 2576 4771 multa
2616 4718 2810 4771 similia
2841 4715 2993 4787 apud
3025 4718 3378 4788 Cyprianum.

1776 4784 2004 4856 Optatus
2026 4788 2120 4841 lib.
2148 4803 2237 4852 ιιι,
2267 4804 2380 4855 nos,
2412 4790 2497 4859 qui
2542 4790 2681 4843 intus
2703 4784 3014 4853 habitamus,
3039 4784 3084 4841 ei
3106 4784 3379 4858 numquam

1777 4859 2053 4931 deradice
2092 4861 2410 4916 recessimus.
2447 4861 2723 4923 llzcretici,
2769 4861 2859 4931 qui
2900 4871 3023 4915 sunt
3064 4860 3226 4931 foris,
3271 4875 3377 4914 non

1779 4927 2024 5001 habitant
2053 4932 2217 4986 intus.
2253 4932 2385 4988 Vide
2414 4944 2569 4988 notus
2597 4935 2662 4987 ad
2691 4927 2972 5001 epistolam
3001 4932 3092 4986 ΤΟ.
3126 4930 3325 4986 Bawz.

1852 5000 2024 5076 Νεαίδί
2046 5005 2233 5076 occisi.
2251 5004 2350 5076 Ista
2376 5020 2518 5076 swpe
2549 5000 2741 5075 repetit
2764 5014 2980 5059 Sanctus
3008 5015 3211 5076 martyr
3240 5018 3376 5071 prac-

1774 5071 1930 5142 cipue
1963 5075 2015 5147 iu
2045 5074 2180 5127 libro
2202 5075 2264 5127 de
2290 5063 2497 5147 υηειιιῑε
2518 5063 2781 5143 Ecclesiaz,
2816 5091 2936 5147 pag.
2962 5076 3085 5130 1:38.
3121 5063 3253 5130 Hinc
3280 5089 3373 5128 or-

1777 5152 1889 5197 tttm
1936 5146 2201 5220 vulgatum
2245 5146 2725 5220 illudzgdlartyrem
2766 5146 2866 5201 nan
2896 5146 3030 5217 facit
3070 5164 3252 5216 paena.
3285 5146 3376 5200 sed

1774 5231 1950 5277 causa,
1972 5216 2111 5285 quod
2129 5226 2279 5270 extat
2297 5217 2436 5286 apud
2455 5216 2704 5273 Rnlinum
2731 5220 2779 5273 in
2808 5220 2940 5287 psal.
2965 5236 3128 5275 xxxiv
3150 5229 3197 5272 et
3218 5232 3369 5283 xutt,

1775 5296 1829 5339 et
1859 5301 2003 5356 smpe
2033 5290 2228 5341 citutnr
2257 5304 2283 5339 a
2318 5298 2505 5342 sancto
2536 5292 2858 5359 Augustino.
2906 5292 2960 5344 Id
2994 5306 3121 5344 vero
3151 5299 3370 5344 sanctus

1776 5372 1910 5432 papa
1941 5359 2239 5432 Gregorius
2263 5358 2355 5432 lib.
2390 5376 2447 5422 ll,
2498 5358 2684 5415 ludict.
2722 5363 2819 5426 10,
2862 5363 3030 5432 Epist.
3063 5363 3155 5425 57.
3191 5362 3369 5416 laudat

1773 5442 1837 5502 e_x
1873 5430 2163 5500 Cypriane.
2198 5429 2431 5502 Videtur;
2464 5444 2644 5486 autem
2693 5429 2970 5502 acceptum
3017 5450 3081 5489 ex
3129 5434 3264 5487 libro
3308 5434 3370 5485 de

1775 5497 1991 5575 Duplici
2020 5504 2265 5571 martyrio
2291 5503 2359 5555 ad
2386 5500 2727 5555 Fortunarum
2746 5544 2759 5565 ,
2793 5497 2843 5556 iti
2873 5521 2980 5573 quo
3009 5506 3077 5559 ita
3107 5507 3366 5575 scriptum

1773 5581 1888 5645 est:
1924 5572 2101 5645 Neque
2125 5575 2259 5625 enim
2290 5574 2458 5627 statim
2488 5584 2682 5645 martyr
2706 5582 2779 5626 est
2806 5572 2901 5642 qui
2922 5577 3193 5631 occiditur.
3219 5572 3368 5630 ⁷0ίεὶ-

1775 5642 1963 5696 duntur
1986 5642 2033 5698 et
2063 5645 2237 5697 sicarii
2266 5654 2313 5697 et
2346 5645 2541 5710 pirutar.
2580 5644 2694 5697 Non
2725 5645 3033 5712 supplicium
3065 5649 3189 5714 facit
3221 5664 3364 5700 mar-

1773 5724 1953 5783 lyrem,
1982 5717 2274 5787 sedrcausa‘.
2301 5716 2390 5770 Sic
2440 5715 2728 5787 Primasius
2758 5716 2807 5766 in
2835 5725 2995 5784 caput
3019 5718 3235 5770 tertium
3260 5719 3368 5787 cpi-

1772 5787 1927 5840 stola:
1958 5786 2102 5863 P_auli
2133 5788 2200 5838 ad
2228 5784 2438 5863 Galatas
2462 5786 2537 5839 ait
2561 5804 2571 5839 :
2605 5784 2769 5863 Reum
2795 5801 2894 5863 non
2928 5788 3249 5863 facitpmna,
3273 5784 3366 5863 sed

1770 5873 1944 5911 causa.
1984 5858 2046 5929 Et
2075 5869 2294 5913 sanctus
2336 5859 2690 5929 Ilieronymus
2721 5857 2773 5929 in
2805 5856 2942 5911 libro
2981 5856 3220 5929 secundo
3258 5858 3361 5909 ad-

1771 5943 1943 5984 versus
1974 5928 2249 6000 Ruﬁnum,
2286 5930 2506 6002 loquens
2537 5926 2605 5986 de
2633 5928 2911 5995 cbaritate,
2946 5943 3103 6001 quam
3134 5926 3207 5982 ait
3238 5941 3360 5984 esse
