3782 6280
357 337 469 404 799

1348 338 1784 399 ROMANORUM
1827 336 2245 396 PONTIFICUM
2291 336 2671 395 EPISTOL/E.

3536 342 3621 401 8θῦ

359 464 650 535 Apostolus
688 464 803 535 ipse
835 461 1109 534 delegerat
1131 503 1147 530 ,
1193 462 1461 534 proditum
1495 460 1517 533 (
1545 460 1916 521 Matthfnvr
1944 504 1957 528 ,
1988 458 2042 519 Λ
2066 456 2162 513 erit
2190 468 2236 511 et
2262 458 2315 511 in
2337 472 2531 511 vermes
2560 456 2607 508 ἰ.
2641 453 2815 510 Hodie
2850 454 3121 511 extolletur
3152 496 3167 522 ,
3199 464 3247 509 et
3274 471 3382 511 cras
3410 473 3497 511 non
3518 460 3630 515 inse-

360 554 432 613 Η
461 553 504 628 );
552 556 692 611 inter
714 555 860 611 initia
887 568 1101 625 quoque
1129 553 1312 608 mundi
1337 554 1471 610 Abel
1516 555 1719 625 justum
1753 554 1965 609 nonnisi

367 647 538 703 lrater
567 646 823 702 occiderit
848 645 1002 717 (Gen.
1029 662 1101 711 tv,
1135 645 1224 719 8);
1248 655 1303 702 et
1325 646 1494 703 Jacob
1524 648 1812 718 fugientem
1846 662 1969 717 per-

357 748 577 796 secntus
600 742 669 795 sit
690 742 854 796 frater
874 741 1101 797 infestus
1120 741 1275 815 (Gen.
1296 743 1466 804 'xxvu,
1491 742 1621 813 ll):
1652 754 1698 797 et
1725 742 1924 811 .losepb
1941 752 1966 778 ιι

355 833 712 889 venumdatus
747 835 818 889 sit
844 850 875 890 a
924 834 1179 889 fratribus
1236 834 1415 904 (Gen.
1475 851 1695 901 xxxvii,
1726 835 1863 905 25);
1915 835 1965 890 in

357 924 651 997 Evangelio
689 927 851 982 etiam
898 928 1139 998 legamus
1182 942 1305 983 esse
1351 929 1666 997 prmdictum
1696 928 1721 966 δ
1748 969 1762 994 ,
1799 930 1968 999 magis

359 1018 690 1076 domesticos
731 1020 979 1077 inimicos
1012 1019 1220 1076 futuros
1248 1020 1268 1093 (
1302 1020 1489 1076 Matth.
1533 1039 1566 1077 ι
1592 1064 1607 1086 ,
1640 1020 1749 1094 30)
1783 1032 1837 1077 et
1878 1023 1966 1092 qui

358 1114 508 1186 prius
536 1114 773 1185 capulati
798 1125 1141 1170 sacramento
1172 1115 1536 1169 unanimitatis
1559 1114 1755 1171 fuerint
1775 1158 1789 1182 ,
1823 1117 1967 1186 ipsos

360 1206 590 1264 invicem
621 1206 933 1263 tradituros.
976 1206 1116 1262 Nihil
1142 1207 1366 1263 interest
1393 1208 1514 1279 quis
1546 1209 1719 1264 tradat
1748 1217 1839 1264 aut
1863 1225 1966 1263 sa:-

360 1301 471 1356 viat
498 1342 513 1367 ,
547 1315 672 1356 cum
702 1301 845 1356 Deus
877 1300 1013 1356 tradi
1045 1312 1069 1340 ο
1099 1302 1357 1371 permittit
1386 1311 1440 1356 et
1465 1303 1735 1357 coronari.
1783 1302 1968 1373 Neque

364 1393 521 1448 nobis
543 1389 570 1429 ά
590 1393 880 1465 ignominia
905 1404 984 1448 est
1011 1394 1117 1464 pati
1154 1408 1184 1447 a
1218 1392 1479 1449 fratribus
1502 1395 1644 1465 quod
1677 1409 1865 1465 passus
1886 1404 1969 1450 est

366 1486 610 1543 Christus
628 1506 640 1542 :
656 1503 757 1544 nec
778 1488 883 1543 illis
906 1488 1079 1559 gloria
1109 1498 1193 1544 est
1217 1488 1393 1544 facere
1417 1489 1559 1560 quod
1584 1488 1713 1546 fecit
1736 1490 1903 1546 Judas
1919 1501 1966 1544 ε’.

369 1581 498 1650 Quae
544 1591 721 1637 autem
769 1583 850 1638 sui
888 1582 1049 1637 elatio
1078 1589 1199 1649 est,
1242 1598 1362 1654 qua:
1386 1584 1839 1641 comminantium
1885 1593 1971 1639 tu-

368 1688 525 1730 mens
550 1684 604 1729 et
630 1672 811 1729 inﬂata
838 1682 892 1730 et
913 1688 1047 1729 vana
1064 1674 1284 1744 jactatio
1308 1692 1323 1739 ;
1358 1675 1468 1730 illic
1489 1675 1698 1731 absenti
1724 1676 1923 1731 minari
1949 1717 1965 1742 ,

367 1780 489 1823 cum
531 1764 619 1821 hic
653 1781 740 1823 me
781 1764 1013 1821 habeant
1040 1766 1092 1820 in
1123 1775 1388 1837 potestate
1420 1768 1785 1839 praesentem?
1828 1767 1969 1824 Con-

367 1859 506 1915 vicia
534 1874 723 1915 eorum
753 1901 769 1926 ,
801 1859 995 1931 quibus
1017 1874 1078 1915 se
1106 1868 1162 1915 et
1192 1860 1351 1915 vitam
1382 1875 1533 1915 suam
1564 1860 1803 1931 quotidie
1828 1862 1973 1917 lace-
2001 1858 2051 1919 B
2078 1859 2314 1914 videbunt
2344 1870 2423 1925 te,
2471 1861 2788 1916 mirabuntur
2831 1879 2985 1929 super
3017 1873 3072 1918 te
3117 1863 3139 1936 (
3169 1862 3307 1918 Ibid.
3347 1865 3407 1921 l5
3426 1863 3465 1938 ).
3492 1866 3634 1935 .Unde

368 1961 513 2017 rant,
544 1967 652 2007 non
667 1951 918 2008 timemus
943 1969 959 2016 ;
993 1952 1160 2008 fustes
1186 1962 1240 2008 et
1271 1952 1473 2023 lapides
1496 1963 1549 2009 et
1574 1954 1806 2026 gladios,
1835 1970 1974 2025 quos

376 2045 562 2101 verbis
604 2044 1012 2115 parricidalibus
1058 2044 1351 2116 iactitant,
1381 2060 1487 2100 non
1518 2045 1973 2114 perhorescimus.

369 2135 522 2207 Quod
562 2136 617 2192 in
646 2136 753 2192 illis
778 2146 863 2194 est
885 2178 903 2205 ,
950 2135 1235 2192 homicidae
1273 2144 1400 2191 sunt
1423 2135 1564 2207 apud
1593 2138 1761 2192 Deum
1796 2137 1929 2193 tales
1959 2156 1971 2192 :

370 2247 565 2290 necare
616 2242 795 2289 tamen
842 2248 948 2289 non
983 2241 1226 2303 possunt,
1262 2234 1362 2288 nisi
1390 2234 1470 2289 eis
1499 2233 1757 2290 Dominus
1782 2250 1978 2291 necare

370 2329 701 2403 permiserit.
743 2328 964 2389 Etcqu
1006 2328 1164 2385 nobis
1208 2328 1375 2385 semel
1407 2328 1745 2384 moriendum
1778 2331 1866 2397 sit,
1900 2330 1977 2384 illi

373 2432 551 2479 tamen
568 2421 693 2479 odio
716 2421 964 2478 etverbis
988 2431 1042 2478 et
1065 2420 1281 2478 delictis
1300 2422 1411 2478 suis
1428 2423 1665 2492 quotidie
1683 2424 1975 2493 perimunt.

443 2514 531 2571 Ill.
581 2514 687 2571 Sed
740 2530 849 2570 non
899 2514 1143 2585 idcirco,
1196 2515 1363 2571 frater
1405 2516 1765 2583 cbarissime,
1812 2515 1978 2571 relin-

373 2609 586 2682 quenda
631 2619 714 2666 est
753 2610 1117 2666 ecclesiastica
1145 2610 1460 2682 disciplina,
1500 2620 1594 2666 aut
1631 2610 1982 2667 sacerdotalis

375 2705 641 2763 solvenda
681 2720 909 2762 censura
946 2749 961 2774 ,
1013 2708 1265 2778 quoniam
1312 2707 1571 2762 conviciis
1622 2707 1976 2772 inl'estamur,

374 2809 469 2857 aut
515 2802 815 2857 terroribus
867 2801 1176 2873 quatimur;
1207 2802 1423 2873 quando
1472 2814 1722 2857 occurrat
1765 2811 1821 2857 et
1869 2817 1984 2855 mo-

377 2905 504 2950 ueat
528 2896 547 2934 τ
579 2895 858 2968 Scriptura
904 2896 1086 2952 divina
1119 2896 1336 2952 dicens:
1362 2895 1464 2951 Ille
1484 2913 1598 2950 vero
1618 2897 1702 2965 qui
1726 2896 1984 2963 prresumit

382 2996 431 3042 et
457 2997 735 3043 contumax
761 3000 836 3043 est
885 2999 932 3056 Β,
966 2990 1041 3044 vir
1070 2989 1146 3043 sui
1169 2990 1409 3060 jactans,
1452 2987 1582 3041 nihil
1622 2990 1827 3042 omnino
1872 3003 1986 3057 per-

381 3080 515 3150 ﬁciet
547 3123 563 3149 ,
605 3082 693 3154 qui
746 3082 977 3170 dilatavit
1026 3091 1283 3151 tamquam
1328 3077 1355 3115 ιι
1410 3081 1644 3150 infernus
1692 3079 1705 3116 ί
1762 3081 1987 3134 animam

380 3190 525 3230 suam
566 3174 586 3247 (
618 3173 817 3232 Habac.
844 3192 906 3240 tt.
933 3177 969 3233 5
998 3177 1037 3247 ).
1085 3176 1150 3231 Et
1182 3176 1376 3230 iterum
1408 3194 1421 3230 :
1465 3172 1533 3227 Et
1565 3177 1716 3229 verba
1743 3176 1840 3229 viri
1869 3191 1988 3243 pec-

2071 550 2241 604 nietur
2263 567 2283 617 ;
2310 550 2551 621 quoniam
2582 565 2854 604 conversus
2872 560 2944 601 est
2971 549 3020 602 in
3041 558 3235 603 terram
3256 566 3401 603 suant
3423 591 3440 618 ,
3464 560 3504 606 et
3525 555 3634 625 cogi.

2073 648 2197 702 talio
2245 650 2356 718 eius
2396 648 2578 719 peribit
2604 645 2629 685 ¹ί
2665 647 2685 717 (
2715 647 2736 701 l
2768 646 3008 702 Machab.
3039 663 3103 713 tt,
3148 647 3221 702 62
3243 644 3285 719 ).
3316 648 3382 702 Et
3429 648 3628 706 iterum:

2089 739 2207 794 Vidi
2229 742 2443 811 impium
2464 741 2778 807 exaltatum,
2806 750 2853 794 et
2878 741 3048 795 extolli
3070 757 3230 810 super
3256 741 3429 797 cedrus
3452 741 3628 811 Libani;

2072 845 2117 888 et
2152 836 2396 900 transivi,
2445 844 2491 888 et
2535 851 2648 889 ecce
2685 850 2788 888 non
2828 835 2963 904 fuit;
3002 843 3047 888 et
3077 834 3290 903 (μεωεξυὶ
3318 850 3426 888 eum
3448 875 3462 898 .
3490 847 3531 890 et
3552 854 3629 893 non
3724 848 3725 904 ξ

2074 937 2145 981 est
2172 928 2401 982 inventus
2429 926 2568 981 locus
2608 928 2718 993 ejus
2745 924 2766 1001 (
2795 925 2942 980 Psal.
2974 942 3139 981 xxxvi
3159 968 3175 989 ,
3203 927 3276 983 57
3306 926 3347 1000 ).
3398 927 3626 987 Exaltatio
3724 916 3725 955 Ῑ

2071 1031 2127 1078 et
2155 1022 2359 1077 inﬂatio
2392 1066 2406 1087 ,
2460 1031 2515 1076 et
2545 1036 2808 1092 arrogans
2852 1035 2916 1076 ac
2960 1020 3197 1093 superba
3226 1021 3438 1091 jactatio
3474 1025 3634 1080 nonde

2071 1113 2270 1169 Christi
2303 1114 2613 1185 magisterio
2642 1154 2657 1179 ,
2701 1114 2791 1185 qui
2834 1114 3199 1169 humilitatem
3245 1114 3432 1182 docet,
3463 1118 3550 1173 sed
3588 1120 3636 1176 de

2072 1206 2391 1263 Antichristi
2424 1207 2617 1277 spiritu
2644 1209 2913 1276 nascitur,
2953 1210 3037 1263 cui
3069 1208 3500 1284 exprobratlper
3523 1213 3640 1269 Pro-

2073 1302 2289 1373 pbclam
2322 1301 2582 1356 Dominus
2601 1344 2616 1369 ,
2650 1312 2706 1358 et
2730 1302 2861 1357 dicit
2888 1322 2900 1357 :
2930 1301 3013 1356 Tu
3042 1313 3220 1358 autem
3247 1304 3404 1360 dixisti
3422 1306 3467 1361 in
3484 1309 3637 1364 animo
3726 1300 3727 1315 ¹

2074 1401 2160 1447 tuo
2189 1409 2207 1447 :
2235 1392 2301 1447 In
2328 1395 2510 1449 cmlum
2537 1396 2842 1458 ascendam,
2865 1412 3019 1466 super
3042 1397 3224 1451 stellas
3253 1395 3343 1451 Dei
3386 1416 3549 1469 ponam
3571 1420 3641 1455 se-

2077 1485 2194 1541 dem
2227 1503 2392 1541 meam
2417 1503 2435 1549 ;
2465 1488 2646 1541 sedebo
2683 1488 2736 1541 in
2766 1497 2935 1541 monte
2958 1489 3068 1543 alto
3096 1529 3108 1553 ,
3145 1506 3301 1561 super
3337 1501 3510 1547 montes
3535 1493 3643 1550 altos

2072 1581 2126 1635 in
2174 1581 2461 1649 aquilonem
2483 1590 2521 1617 ω
2548 1582 2827 1636 ascendam
2856 1599 3010 1653 super
3036 1583 3233 1650 nubes,
3268 1600 3349 1638 ero
3379 1586 3540 1640 similis
3569 1587 3643 1641 Αι.

2073 1673 2265 1728 tissimo
2302 1672 2321 1747 (
2354 1674 2463 1729 Isa.
2496 1691 2588 1729 xw
2611 1715 2627 1739 ,
2662 1676 2732 1731 15
2753 1684 2807 1730 et
2835 1676 2900 1730 M
2929 1675 2968 1747 ).
3006 1676 3079 1732 Et
3107 1675 3314 1733 addidit
3341 1676 3538 1736 dicens:
3565 1679 3633 1736 Tu

2072 1782 2190 1822 vero
2214 1767 2281 1820 ad
2310 1768 2500 1839 inferos
2527 1768 2800 1824 descendes
2826 1771 2878 1823 in
2915 1770 3261 1840 fundamenta
3314 1779 3450 1826 terra
3468 1815 3482 1837 ,
3506 1782 3549 1827 et
3567 1776 3633 1843 qui

2079 1969 2263 2025 parem
2317 1955 2513 2011 talibus
2569 1970 2781 2026 pinnam
2834 1955 3127 2026 Scriptura
3180 1957 3353 2012 divina
3396 1960 3502 2015 loco
3551 1960 3641 2014 alio
3728 1940 3729 1987 Ῑ

2080 2048 2437 2102 comminatur
2460 2058 2510 2103 et
2538 2048 2668 2103 dicit
2700 2066 2714 2103 :
2739 2047 2864 2103 Dies
2892 2050 3029 2103 enim
3057 2048 3280 2105 Domini
3302 2050 3497 2107 Subactlt
3512 2068 3647 2124 super
3728 2026 3729 2097 ι

2081 2156 2281 2194 ontnem
2309 2140 2613 2211 injuriosum
2648 2149 2694 2195 et
2721 2141 2995 2212 superbum
3017 2185 3032 2209 ,
3085 2151 3135 2197 et
3175 2160 3322 2214 super
3344 2160 3518 2199 omnem
3544 2146 3643 2198 ela-

2084 2240 2191 2286 tum
2220 2242 2267 2285 et
2316 2232 2573 2286 excelsum
2614 2230 2633 2304 (
2664 2230 2776 2287 lsa.
2818 2248 2878 2300 ιι,
2904 2232 2976 2289 29
3007 2231 3049 2305 ).
3096 2234 3174 2290 De
3202 2249 3294 2291 ore
3330 2235 3487 2307 itaque
3507 2250 3562 2292 ac
3586 2235 3638 2291 de

2083 2325 2263 2381 verbis
2301 2325 2411 2381 suis
2439 2327 2806 2397 unusquisque
2839 2326 3020 2381 statim
3066 2327 3317 2397 proditur
3342 2370 3359 2397 ,
3401 2339 3451 2385 et
3497 2338 3638 2385 utrum

2084 2419 2355 2477 Christum
2384 2421 2437 2474 in
2460 2420 2624 2474 corde
2648 2434 2747 2474 suo
2763 2461 2778 2488 ,
2804 2435 2871 2475 an
2890 2435 3021 2476 vero
3043 2421 3431 2478 Antichristum
3451 2420 3627 2490 habeat,

2087 2511 2355 2582 loquendo
2411 2511 2724 2583 detegitur:
2775 2512 3073 2567 secundum
3135 2513 3280 2584 quod
3335 2514 3558 2569 Dominus
3592 2515 3628 2567 in
3730 2508 3731 2559 l

2087 2605 2377 2675 Evangelia
2413 2618 2511 2659 suo
2539 2604 2670 2659 dicit
2709 2623 2722 2658 :
2766 2603 3044 2677 Progenies
3079 2608 3398 2677 viperarum,
3436 2608 3632 2677 quomoda

2088 2700 2297 2771 potestis
2336 2699 2467 2753 bona
2493 2698 2664 2768 loqui,
2696 2715 2813 2753 cum
2853 2701 2963 2754 sitis
2990 2702 3262 2770 nequam?
3292 2702 3353 2755 de
3379 2701 3630 2755 abundantia

2090 2794 2223 2847 enim
2249 2792 2416 2846 cordis
2438 2808 2493 2845 os
2517 2791 2764 2847 emittit“.
2781 2789 2958 2846 Bonus
2988 2792 3153 2847 homo
3181 2796 3244 2847 de
3262 2794 3386 2848 bona
3414 2793 3629 2848 thesauro"

2090 2887 2270 2941 emittit
2313 2888 2463 2951 bona,
2512 2896 2558 2939 et
2595 2901 2810 2955 nequam
2863 2888 3016 2938 homo
3063 2885 3136 2939 de
3203 2903 3409 2960 nequam
3456 2888 3629 2938 thesauro

2092 2983 2269 3039 emittit
2296 2997 2509 3052 nequam
2537 2978 2556 3052 (
2582 2978 2733 3051 Matt.
2771 2995 2880 3046 xu,
2924 2979 2993 3034 5i
3022 2977 3063 3050 ).
3116 2980 3271 3037 Unde
3310 2988 3363 3035 et
3407 2978 3531 3034 dives
3569 2978 3627 3031 illc

2093 3087 2340 3148 peccator
2368 3118 2383 3143 ,
2417 3075 2504 3146 qui
2533 3073 2600 3129 de
2629 3073 2833 3129 Lazaro
2861 3073 2914 3127 in
2940 3073 3062 3128 sinu
3110 3073 3338 3129 Abraha:
3368 3073 3541 3144 posito,
3569 3078 3628 3124 at-

2093 3185 2198 3241 que
2249 3169 2299 3223 in
2351 3166 2629 3238 refrigerio
2679 3165 3015 3229 constituto,
3091 3165 3343 3236 implorat
3392 3163 3623 3223 auxilium,

2097 3282 2217 3323 cum
2258 3265 2311 3319 in
2352 3262 2634 3319 tormentis
2687 3259 3087 3316 cruciabundus
3138 3260 3365 3316 ﬂamma:
3404 3256 3623 3315 crementis

381 3269 568 3325 catoris
621 3286 682 3325 ne
735 3270 1003 3326 timueritis
1032 3311 1047 3336 ,
1110 3268 1231 3336 quia
1280 3268 1448 3341 gloria
1501 3269 1613 3338 ejus
1661 3269 1715 3323 in
1766 3259 2063 3324 stercoraC
2097 3282 2217 3323 cum
2258 3265 2311 3319 in
2352 3262 2634 3319 tormentis
2687 3259 3087 3316 cruciabundus
3138 3260 3365 3316 ﬂamma:
3404 3256 3623 3315 crementis

1641 3410 2024 3469 LECTIONES
2064 3407 2477 3467 VARIANTES.
3734 3376 3735 3457 ἰ

452 3525 698 3600 {Ioseph
737 3539 865 3600 puer
897 3528 1116 3600 venierit
1133 3530 1465 3580 vendentibus
1522 3529 1755 3581 fratribus
1796 3544 1808 3578 :
1852 3527 1983 3580 Edit.

1538 3655 1587 3704 ε.

454 3715 478 3786 f
517 3714 547 3763 Ι
549 3714 824 3787 [vulgatis
846 3716 1106 3787 Permutat
1124 3755 1139 3777 ,
1165 3731 1289 3787 quos
1310 3718 1537 3787 disponit,
1552 3719 1789 3787 coronari.
1813 3716 1992 3787 Neque

392 3778 544 3828 enim.
574 3778 720 3830 Istud
745 3781 897 3838 enim,
924 3778 1051 3830 sicut
1086 3787 1134 3831 et
1154 3778 1297 3831 antea
1334 3778 1457 3842 quos
1494 3780 1739 3842 diSpmiit,
1765 3780 1815 3828 in
1858 3778 1993 3828 nullo

389 3846 661 3891 murorum
682 3854 794 3893 mss.
815 3847 987 3894 exstat.
1010 3842 1197 3899 Tradit,
1224 3844 1467 3899 permittit
1489 3848 1542 3893 et
1565 3843 1789 3892 coronari
1813 3842 1990 3891 Butler.

402 3901 521 3952 Ver.
550 3903 614 3954 Ut
636 3912 689 3955 et
710 3907 931 3955 coronari
966 3908 1103 3956 Voss.
1132 3905 1178 3955 Ξ.
1208 3905 1332 3955 Bod.
1362 3906 1406 3956 1,

460 3942 1336 4041 ἓξἘἱῆζιξνιῖᾁῦἓέςζαῆιζνὲὐᾶἑξῇἒζ
1364 3942 1485 4041 ξς).
1499 3966 1619 4041 μη.

461 4035 486 4102 'f
519 4028 838 4102 Ifecitdudas
868 4032 1150 4102 VelanLam.
1169 4028 1325 4102 Ilibor.
1355 4033 1404 4081 Ν
1412 4031 1465 4102 ρ.
1496 4032 1538 4102 l_.

462 4090 485 4129 ί
522 4093 587 4144 In
610 4098 769 4146 vetere
791 4107 882 4147 ms.
912 4091 1047 4145 σου).
1074 4092 1389 4146 desideratur
1412 4093 1671 4158 Scriptura
1692 4092 1876 4143 divina.

2159 3526 2185 3565 8
2220 3522 2486 3575 Contumax
2516 3523 2612 3575 est.
2636 3519 2823 3568 viribus
2845 3519 2947 3567 suis
2974 3516 3105 3568 Red.
3142 3520 3190 3568 1.
3218 3514 3320 3567 Lin.
3345 3515 3436 3567 ΝΕ.
3460 3515 3494 3563 l.

2157 3584 2187 3651 ξι
2220 3586 2486 3651 Tamquam
2512 3582 2659 3632 inferi
2679 3582 2815 3651 Lam.
2837 3578 2942 3651 11in.
2978 3581 3129 3651 Ebur.
3157 3582 3262 3651 ait}.
3289 3581 3330 3629 1.
3372 3645 3383 3651 Α
3408 3636 3419 3647 ⁸

2162 3649 2178 3687 i
2220 3632 2474 3698 incudem
2492 3658 2581 3696 ms.
2610 3651 2765 3696 exstat
2802 3644 3027 3694 inferas:
3054 3640 3113 3694 in
3135 3641 3313 3702 altero,
3337 3645 3383 3692 ut
3400 3636 3444 3690 in
3464 3632 3576 3686 t‘orb.
3593 3639 3623 3680 et

2131 3710 2317 3762 laribus
2339 3708 2532 3762 Attalis.
2576 3707 2739 3757 inferi.

2096 3722 2317 3777 pluribus
2339 3722 2532 3774 angus.
2576 3722 2739 3757 interi.

2165 3775 2179 3825 i
2229 3774 2292 3823 Ut
2317 3784 2512 3821 vermes
2534 3770 2680 3819 hodie
2709 3769 2833 3820 Rud.
2858 3770 2909 3817 5.

2160 3838 2185 3876 κ
2223 3836 2462 3897 Cogitatio
2487 3834 2596 3897 ejus
2630 3833 2995 3897 peribitOmn.

2166 3899 2181 3938 ι
2229 3894 2384 3956 ριῖθιη
2412 3894 2683 3959 exprobrat
2723 3894 2843 3951 Bod.
2869 3898 2919 3944 5.

2160 3964 2199 3990 ιιι
2237 3947 2429 4010 nonres
2452 3947 2699 4021 aquilonis.
2716 3947 2852 4007 Lam.
2884 3954 3027 4007 Ebur.
3058 3957 3175 4008 NC.
3200 3955 3239 4004 ι.
3261 3948 3367 4003 Bod.
3386 3947 3425 3997 ε.

2163 4026 2191 4053 ¹¹
2227 4022 2296 4073 Os
2318 4018 2536 4085 loquitur
2560 4018 2665 4085 Litt.

2164 4092 2188 4115 °
2226 4081 2481 4136 Thesauro
2505 4082 2667 4133 cordis
2692 4081 2795 4133 Lin.

1738 4197 2113 4275 yamonuu
2152 4196 2384 4253 norm.

474 4325 660 4382 Frater
688 4327 952 4383 occiderit.
983 4327 1226 4383 Notanda
1256 4336 1344 4382 est
1381 4327 1433 4381 in
1466 4325 1571 4380 hoc
1601 4324 1722 4380 loco
1751 4331 1995 4379 veterum

402 4396 749 4455 librariorum
773 4399 1017 4456 audacia.
1044 4400 1265 4455 Certum
1294 4407 1379 4453 est
1406 4398 1549 4453 hunc
1578 4397 1779 4462 locum,
1809 4395 1884 4448 uti
1912 4394 1999 4461 ja-

402 4480 511 4533 cet,
546 4485 733 4526 sanum
760 4487 882 4527 esse
906 4481 960 4526 et
989 4471 1134 4526 nulla
1169 4471 1612 4538 interpretatione
1642 4467 1904 4536 indigere.
1935 4464 2003 4520 Et

2105 4316 2302 4371 ronari.
2334 4314 2390 4369 lu
2425 4313 2782 4383 Burgundico,
2818 4311 3060 4384 permittit
3087 4314 3175 4384 qui
3202 4310 3331 4365 novit
3354 4312 3621 4384 erroreaut:

2062 4421 2070 4432 ο
2106 4368 2420 4443 ῘῖιἽ-Μθιρῖιεί
2450 4368 2619 4440 ςωῖοιί
2653 4368 2915 4455 Arnul'phi
2935 4426 2950 4451 ,
2978 4368 3261 4439 cum'Deus
3289 4378 3410 4435 tradi
3433 4368 3621 4446 permittit

2112 4471 2159 4515 et
2185 4467 2417 4514 coronat.
2448 4457 2646 4513 BALUZ.

404 4515 2007 4612 ἶᾶἐιῖθῖίῐίἴζηἲῖῖἔρῖὲιὶἐιῖζὶλἱὶἔίὲιίἶιῖῖέἐι“ίίἰ’έιῗο’έὲῖἐῖᾘιίξ’[ιιῆἐ
2034 4552 2087 4612 ι)
2148 4531 2396 4612 “absenti
2422 4525 2929 4612 minari-“Cyprimm
2956 4527 3227 4612 nimirum.
3256 4515 3618 4612 F_eli¢i_§§jn}ﬁ§f

403 4628 487 4675 se.
509 4613 661 4667 istius
687 4608 882 4668 nomen
908 4614 1027 4667 heic
1052 4628 1282 4682 posuere
1301 4613 1351 4665 in
1371 4610 1685 4678 quibusdam
1704 4608 2005 4682 codicibus.

405 4682 540 4738 Nam
560 4683 890 4739 Sorbonicus
907 4680 1067 4740 habet
1091 4685 1348 4753 scriptum
1370 4683 1492 4736 Abel
1506 4685 1707 4750 justum
1726 4680 1851 4734 Cain
1876 4696 2008 4732 non-

406 4755 507 4810 nisi
537 4758 697 4823 frater
735 4756 999 4810 occiderit.
1054 4755 1204 4810 Unus
1245 4769 1397 4807 meus
1424 4764 1576 4807 vetns
1615 4753 1777 4805 :Abel
1811 4754 2010 4820 justum

407 4842 512 4880 non
536 4822 634 4881 nisi
656 4826 781 4882 Cain
813 4830 972 4894 frater
1003 4827 1264 4881 occiderit.
1301 4824 1513 4894 Reliqui
1539 4824 1755 4879 codices
1781 4839 1884 4875 non
1915 4822 2008 4874 ha-

412 4897 541 4952 bent
569 4897 671 4953 ltoc
700 4899 1149 4964 additamentum,
1175 4912 1350 4967 neque
1376 4908 1588 4967 veteres
1615 4895 1901 4967 editiones.
1938 4894 2012 4967 De

412 4968 515 5041 hoc
542 4968 840 5025 fratricidio
871 4970 992 5025 vide
1018 4986 1139 5041 qua:
1169 4964 1421 5025 dicuntur
1452 4966 1589 5021 infra
1621 4967 1685 5020 ad
1721 4966 1913 5021 librum
1944 4964 2013 5019 de

414 5040 565 5095 Bono
594 5042 887 5109 patientim.
921 5040 1119 5097 ΒΑιὺῑ.

483 5108 677 5182 Ioseph
710 5117 889 5183 frater.
922 5114 990 5168 Et
1019 5116 1105 5167 hic
1132 5128 1345 5184 quoque
1377 5112 1526 5165 locus
1558 5109 1822 5184 subjacuit
1851 5108 2018 5184 anda-

413 5183 511 5238 cia:
555 5180 914 5239 librariorum.
954 5186 1011 5239 ln
1050 5180 1237 5240 codice
1262 5180 1504 5238 ‘Thuano
1545 5192 1599 5236 et
1638 5183 1689 5235 in
1731 5195 1837 5234 uno
1870 5180 2013 5234 Bod-

417 5254 592 5326 leizltto
618 5257 878 5326 scriptum
908 5267 1011 5324 est,
1041 5255 1237 5325 Ioseph
1266 5253 1580 5310 venundatus
1601 5254 1662 5306 sit
1686 5270 1717 5326 a
1748 5252 2013 5326 fratribus.

416 5325 473 5380 In
521 5324 853 5394 Sorboniro,
890 5328 1087 5390 Ioseph
1118 5324 1303 5382 venerit
1334 5326 1661 5381 vendentibus
1694 5324 1937 5392 fratribus
1964 5327 2015 5376 in

418 5396 729 5469 1Egyptum.
780 5400 831 5453 In
879 5400 1222 5461 Micltaclino.
1263 5397 1459 5467 Joseph
1502 5395 1790 5469 {Egyptum
1831 5396 2019 5448 uenerit

420 5467 827 5544 persequentibus
857 5471 1125 5544 fratribus.
1163 5472 1215 5524 In
1251 5484 1365 5544 ung
1405 5483 1527 5523 meo
1549 5510 1561 5532 ,
1595 5467 1790 5544 Jqseph
1839 5482 2017 5535 perve-

419 5542 550 5613 nerit
578 5538 912 5598 vendentibus
942 5543 1191 5613 fratribus
1216 5544 1268 5597 in
1293 5540 1366 5597 1E
1373 5550 1609 5612 gyptum.
1640 5538 1839 5613 Batuz.

494 5611 767 5668 Permittat
809 5607 957 5684 quos.
1005 5616 1227 5670 Variant
1263 5616 1314 5668 in
1348 5607 1452 5667 hoc
1483 5613 1601 5665 loco
1639 5610 1855 5680 quidam
1898 5607 2020 5662 libri

421 5699 651 5742 Veteres.
684 5685 738 5739 In
767 5702 874 5739 uno
904 5702 1024 5743 tneo
1053 5688 1267 5753 legitur,
1294 5686 1547 5755 permittat
1570 5693 1614 5735 ct
1639 5696 2023 5755 curonttre_pt'o-

422 5757 632 5812 miserit.
662 5756 723 5810 lu
750 5758 857 5810 alio
885 5768 1063 5811 autem
1093 5773 1235 5823 meo,
1266 5753 1315 5811 in
1344 5755 1744 5817 Beneventano,
1775 5755 1824 5805 in
1856 5753 2023 5806 Vero-

428 5828 616 5887 nensi,
665 5836 720 5881 et
766 5828 817 5879 in
863 5844 971 5882 uno
1013 5828 1305 5883 Bodleiano
1338 5835 1392 5881 ct
1419 5824 1684 5880 Vossiauo
1715 5825 1941 5879 laudatis
1971 5824 2024 5878 in

432 5897 665 5950 editione
694 5896 1007 5967 Anglicana,
1036 5908 1092 5954 et
1118 5899 1171 5954 in
1199 5896 1319 5953 aliis
1343 5905 1574 5967 septem,
1604 5896 1850 5965 permittit
1873 5904 1921 5953 et
1947 5911 2026 5951 c0-

2114 4601 2206 4656 alii
2240 4602 2327 4669 qui
2368 4618 2488 4655 cum
2522 4617 2587 4653 eo
2628 4591 2856 4654 Ruinam
2892 4597 3121 4670 profecti
3159 4605 3307 4652 erant
3332 4591 3623 4670 ιιιιιὶῳιίξιιῇιξ³

2114 4655 2169 4728 et
2198 4655 2467 4741 probrosa
2506 4672 2764 4726 adversus
2800 4655 2924 4726 cum
2967 4670 3289 4741 protulerant
3332 4655 3625 4741 apud???

2118 4727 2245 4798 liui'n
2270 4784 2286 4809 ,
2320 4744 2497 4814 minas
2524 4744 2684 4797 etiam
2720 4727 3067 4797 intentanies.
3101 4739 3276 4814 Mirari
3305 4727 3627 4814 sesc-filiiﬁlii

2118 4792 2337 4883 priamus
2364 4813 2504 4883 quod
2545 4814 2653 4881 illi,
2691 4815 2780 4884 qui
2822 4829 2943 4868 cum
2984 4823 3162 4868 essent
3205 4804 3511 4884 Carthagine.

2117 4874 2237 4942 eum
2285 4874 2553 4939 habebant
2605 4874 2958 4953 prmlcntem,
3009 4874 3625 4956 Rutilatnmdvemus

2119 4957 2484 5027 navigaverint
2512 4966 2564 5010 et
2590 4947 2653 5010 ad
2688 4956 2828 5011 Pt‘lti
2855 4958 3038 5013 sedem
3067 4966 3218 5027 atque
3248 4947 3625 5027 Ecclesiantprtﬁ

2518 5006 2563 5010 -ν
2688 5006 2705 5011 -
2857 5006 3038 5013 -ν--η-
3072 5006 3075 5007 ν
3106 5006 3111 5007 γ
3139 5006 3209 5022 ιη
3297 5025 3306 5033 ι
3593 5006 3602 5014 .

2118 5031 2381 5093 cipzllt'm,
2414 5028 2488 5080 Illi
2525 5040 2703 5095 postea
2737 5029 2909 5090 dicet,
2950 5044 2979 5080 τι
3022 5024 3337 5095 schituatiCIs
3367 5006 3625 5095 et_pr9l_l‘l"_‘

2119 5086 2327 5155 iit-teras
2367 5086 2635 5153 lulisseut.
2679 5102 2766 5153 Sic
2811 5086 3033 5153 Rulinus
3064 5100 3109 5152 in
3152 5095 3284 5148 lilno
3319 5086 3621 5159 Αροιυςῑιφπξ

2120 5188 2336 5225 suarum
2362 5170 2619 5224 adversus
2646 5171 3029 5239 Ilicronymum
3059 5171 3154 5233 ait,
3184 5155 3409 5235 anguet
3430 5155 3621 5239 διαρρέει

2123 5244 2351 5298 lacerare
2372 5257 2520 5313 quem
2550 5245 2711 5308 potuit
2734 5232 2935 5311 gravius
2956 5244 3080 5313 conf
3079 5218 3218 5313 ultire
3226 5218 3621 5313 ptfchttlfulf‘g:

2205 5287 2242 5297 ν’
2262 5287 2347 5296 ““’“’
2373 5287 2519 5309 “1““ν““⁷
2550 5287 2708 5308 r"”‘"
2734 5287 2778 5311 :I'
2796 5287 2934 5295 ““’““⁷*
2957 5287 3165 5313 ⁷“”’1““““⁷’
3188 5287 3202 5290 ⁷
3226 5287 3250 5307 Γ
3430 5299 3441 5310 ι
3594 5287 3603 5294 ⁷

2196 5314 2284 5368 III.
2308 5344 2378 5353 ——
2400 5312 2679 5367 Conversus
2707 5325 2778 5366 est
2803 5314 2855 5366 in
2883 5322 3085 5366 terram.
3117 5309 3286 5367 (ἰθύει
3312 5287 3622 5359 ῧν³¹¹¹³¹⁵⁰9⁰¹¹”

2128 5397 2315 5447 Ianus,
2347 5384 2630 5439 Conversus
2658 5396 2728 5438 est
2761 5386 2811 5438 in
2837 5399 3113 5439 aerumnam
3142 5390 3186 5433 et
3215 5390 3398 5430 terram.
3426 5369 3581 5447 Βιωξς

2197 5456 2263 5510 In
2291 5426 2512 5511 stercora
2542 5457 2637 5508 erit
2664 5467 2709 5509 et
2740 5456 2791 5509 in
2817 5472 3025 5509 vermes.
3050 5451 3219 5526 iCorb.
3248 5456 3418 5526 ius."a

2126 5545 2307 5590 manu,
2325 5537 2379 5581 ut
2407 5538 2649 5593 stercora,
2671 5537 2950 5581 utvermes.
2982 5525 3112 5579 Infra
3140 5538 3202 5577 ex
3232 5506 3619 5594 outniljusllofuf

2126 5617 2257 5656 mss.
2282 5584 2612 5655 restituimus
2627 5584 2826 5668 peribit,
2845 5597 2981 5664 quod
3001 5608 3050 5651 et
3071 5597 3153 5650 lib.
3177 5608 3229 5668 Ill
3259 5584 3565 5668 Testitllffljog

2129 5673 2214 5727 ubi
2256 5672 2394 5725 idem
2429 5672 2574 5723 locus
2603 5648 2640 5722 δι’
2661 5648 2927 5738 Cypriane
2954 5669 3166 5738 citatur,_
3191 5666 3238 5716 in
3268 5648 3611 5738 plerisiglfo‘ﬁ

2130 5704 2214 5727 um
2256 5704 2394 5725 me...
2429 5704 2574 5723 ιυιηο
2603 5704 2629 5722 ..
2662 5704 2927 5738 unum...
2954 5704 3159 5728 ..........,
3268 5704 3445 5730 rm--.
3580 5704 3593 5715 .

2130 5744 2314 5798 haberi
2341 5742 2674 5797 Osonienscs
2705 5730 2901 5796 'notant
2920 5780 2934 5805 ,
2964 5735 3197 5807 quamvis
3232 5742 3343 5787 cum
3370 5720 3472 5779 alit!
3499 5704 3612 5771 ea“

2128 5817 2278 5887 periit
2307 5813 2588 5881 utrobique
2616 5814 2898 5870 retineant.
2926 5809 3115 5867 Cousr.
