3782 6280
154 290 235 349 801

775 280 1108 341 EPISTULA
1147 272 1263 340 Xll.
1301 282 1360 341 S.
1400 276 1729 342 CVPRIANI
1767 285 1858 341 AD
1897 276 2304 345 CORNELIUM
2344 278 2596 344 PAPAM.

3265 284 3375 346 sos
3462 235 3473 247 ’

148 402 382 461 ardoribus
406 398 724 472 aduratur”
744 398 869 455 Luc.
917 417 1043 466 XV],
1072 402 1144 457 25
1172 399 1191 473 )
1218 442 1231 464 ,
1294 403 1434 458 inter
1471 418 1660 460 omnes
1687 406 1737 466 A
1767 404 1984 460 Etcum
2019 416 2199 474 postea
2236 416 2477 476 tempore
2517 403 2783 476 passionis
2814 403 2834 444 ί
2853 404 3062 478 alapam
3078 406 3380 477 accepisset

152 493 352 565 corporis
385 501 548 564 partes
586 492 748 561 magis
774 507 835 547 os
861 491 976 563 ejus
1010 500 1065 548 et
1106 493 1281 565 lingua
1319 510 1504 564 pmnas
1533 496 1666 563 dat;

146 588 241 660 quia
256 586 354 657 plus
379 583 571 639 scilicet
599 583 770 655 lingua
797 599 891 639 sua
915 592 969 639 et
997 599 1090 640 ore
1121 596 1454 656 peccaverat.

206 676 277 733 ιν.
311 675 425 732 Nam
446 690 556 731 cum
582 674 832 746 scriptum
864 675 966 731 sit:
994 676 1172 747 Neque
1195 677 1432 732 maledici
1452 695 1665 751 regnum

145 773 222 830 Dei
254 781 578 842 consequentur
598 770 634 809 δ’
658 769 677 843 (
704 770 725 825 l
757 769 877 825 Cor.
913 787 1001 837 vr,
1039 770 1178 845 10),
1226 784 1277 827 et
1320 773 1512 828 iterum
1567 774 1672 828 Do-

149 868 298 922 minus
323 867 367 921 in
391 863 668 934 Evangelio
698 879 797 921 suo
818 865 961 922 dicat
985 885 999 920 :
1029 865 1132 933 Qui
1157 867 1340 921 dixerit
1370 868 1524 937 fratri
1544 885 1668 937 suo,

148 960 317 1024 Fatue;
332 969 370 1015 et
389 958 460 1027 qui
473 959 653 1013 dixerit
676 975 695 1013 :
714 958 877 1027 Raca,
896 976 1011 1031 reus
1027 962 1119 1016 erit
1139 962 1190 1015 in
1208 964 1488 1031 gehennam
1504 973 1527 1000 ο
1540 962 1672 1033 ignis

152 1052 326 1120 (Matth.
352 1068 425 1118 ιιι,
447 1048 574 1122 22),
606 1053 878 1123 quomodo
904 1061 1127 1124 possunt
1153 1068 1434 1110 censuram
1459 1054 1672 1110 Domini

150 1148 299 1203 nitoris
319 1143 552 1201 devadere
578 1187 595 1213 ,
639 1147 731 1216 qui
763 1146 888 1201 talia
933 1148 1182 1219 ingerunt
1212 1162 1319 1203 non
1351 1148 1526 1202 solum
1560 1146 1668 1203 fra-

143 1240 276 1295 tribus
299 1281 314 1303 ,
348 1237 429 1294 sed
454 1248 504 1294 et
532 1238 934 1306 sacerdotibus;
969 1240 1164 1311 quibus
1194 1240 1366 1296 honor
1396 1250 1576 1296 tantus
1600 1241 1669 1297 de

143 1332 210 1388 Dei
230 1331 505 1403 dignatione
525 1332 840 1388 conceditur
861 1375 876 1399 ,
903 1340 962 1388 ut
991 1333 1231 1404 quisquis
1260 1334 1523 1389 sacerdoti
1550 1334 1670 1404 ejus

142 1435 177 1482 et
195 1426 243 1480 ad
267 1435 455 1495 tempus
481 1425 564 1479 hic
589 1424 853 1495 judicanti
881 1441 987 1480 non
1013 1427 1411 1496 obtemperaret
1440 1469 1454 1493 ,
1486 1426 1665 1481 statim

141 1520 401 1576 necaretur?
442 1519 495 1575 ln
527 1520 944 1575 Deuterozromio
974 1519 1214 1592 loquitur
1245 1521 1502 1575 Dominus
1530 1521 1670 1576 Deus

141 1613 272 1669 (licens
304 1631 316 1667 :
361 1612 423 1668 Et
459 1613 610 1668 homo
650 1613 955 1685 quicumque
1004 1616 1181 1684 fecerit
1210 1614 1264 1668 in
1300 1614 1537 1682 superbia
1567 1656 1582 1682 ,
1616 1625 1673 1669 ut

141 1724 213 1762 non
228 1708 439 1763 exaudiat
464 1708 784 1763 sacerdotem
823 1718 911 1762 aut
936 1708 1164 1779 judicent
1192 1709 1491 1780 quicumque
1521 1711 1674 1782 fuerit

1776 512 1806 550 a
1836 512 1994 553 servo
2021 498 2320 553 sacerdotis
2340 541 2354 565 ,
2381 513 2612 569 cumque
2633 497 2681 553 ei
2702 498 2927 554 dixisset
2947 541 2963 565 ,
2995 498 3084 556 Sic
3098 500 3378 569 respondes

1776 591 2059 660 pontiﬁci?
2099 590 2339 663 (Joann.
2386 608 2518 647 xvut
2546 632 2560 656 ,
2602 589 2722 663 22)
2770 592 3026 649 adversus
3072 593 3380 664 pontiﬁcem

1776 685 2033 740 Dominus
2058 687 2445 742 contumeliose
2473 685 2603 741 nihil
2634 687 2768 742 dixit
2795 729 2812 752 ,
2856 702 2956 744 nec
2985 687 3277 759 quidquam
3308 688 3380 745 de

1774 776 2069 830 sacerdotis
2114 775 2319 832 honore
2368 775 2634 844 detraxit;
2679 776 2773 833 sed
2820 778 3184 835 innocentiam
3225 794 3378 835 suam

1775 870 1946 939 magis
1973 884 2222 925 asserens
2245 879 2299 925 et
2324 871 2616 925 ostendens
2643 911 2659 937 ,
2701 870 2762 926 Si
2792 872 2926 926 male
2946 914 2959 936 ,
2996 873 3198 943 inquit,
3229 872 3377 928 locu-

1773 973 1855 1018 tus
1882 980 2015 1030 sum,
2036 964 2287 1035 exprobra
2317 964 2381 1018 de
2417 964 2554 1019 malo
2582 973 2607 1012 Β
2628 981 2645 1033 ;
2668 967 2714 1019 si
2749 965 3101 1033 autem'bene,
3131 965 3256 1037 quid
3301 982 3380 1021 me

1774 1061 1929 1115 ctedis
1954 1062 1980 1115 Ρ
2006 1064 2023 1130 (
2053 1060 2191 1115 Ibid.
2221 1060 2340 1133 25.)
2375 1061 2504 1116 item
2537 1064 2590 1116 in
2633 1060 2786 1117 Actis
2828 1061 3208 1132 Aposmlorum
3243 1069 3387 1129 post-

1776 1153 1994 1209 modum
2012 1153 2202 1210 beatus
2219 1155 2497 1223 apostolus
2524 1154 2723 1209 Paulus
2744 1197 2759 1221 ,
2785 1169 2907 1210 cum
2925 1155 2975 1211 ei
2996 1155 3195 1211 dictum
3217 1164 3381 1224 esset,

1777 1244 1867 1300 Sic
1891 1245 2055 1301 insilis
2071 1246 2123 1300 in
2140 1245 2452 1300 sacerdotem
2469 1244 2568 1300 Dei
2588 1245 2967 1301 maledicendo?
2988 1246 3125 1326 (Act.
3160 1262 3311 1312 χχιιι,
3329 1246 3385 1318 4)

1775 1342 2020 1412 quamvis
2055 1342 2281 1397 Domino
2326 1343 2439 1409 jam
2480 1341 2739 1398 crucifixo
2769 1340 3015 1411 sacrilegi
3050 1351 3105 1396 et
3148 1341 3298 1411 impii
3331 1349 3387 1396 et

1776 1437 1982 1488 cruenti
2017 1434 2090 1488 illi
2123 1450 2243 1489 esse
2271 1433 2594 1502 coepissent,
2626 1449 2726 1490 nec
2751 1433 2860 1505 jam
2893 1432 3182 1505 quidquam
3200 1432 3268 1488 de
3296 1449 3387 1488 sa-

1774 1525 2032 1581 cerdotali
2065 1527 2269 1581 honore
2295 1528 2693 1605 etguctoritate
2722 1526 3020 1581 retinerent
3047 1542 3059 1577 :
3093 1533 3273 1580 tamen
3304 1525 3388 1595 ip-

1775 1633 1894 1672 sum
1923 1618 2166 1688 quamvis
2209 1618 2367 1673 inane
2408 1632 2603 1673 nomen
2631 1627 2685 1672 et
2710 1617 2956 1673 umbram
2985 1616 3270 1689 quamdam
3299 1631 3389 1672 sa-

1775 1712 2009 1767 cerdotis
2031 1712 2270 1783 cogitans
2289 1711 2484 1766 Paulus
2502 1728 2515 1767 :
2530 1711 2835 1767 Nesciebam
2859 1712 3047 1783 fratres
3060 1709 3088 1749 Ι·
3107 1710 3386 1785 (Ibid.,5).

144 1802 180 1855 in
209 1803 353 1858 diebus
380 1804 514 1878 illis,
558 1803 801 1857 morietur
830 1803 981 1858 homo
1007 1804 1132 1869 ille;
1166 1813 1211 1857 et
1249 1804 1413 1858 omnis
1455 1806 1674 1874 papulas
1704 1815 1752 1876 Β
1780 1805 1988 1875 inquit,
2015 1806 2135 1876 quia
2167 1808 2401 1876 pontifex
2429 1814 2502 1860 est
2526 1848 2541 1874 ,
2570 1806 2818 1874 scriptum
2843 1815 2914 1862 est
2934 1809 3069 1863 enim
3094 1848 3109 1870 ,
3143 1806 3380 1879 Principi

144 1910 224 1949 cum
248 1895 482 1960 audierit,
530 1896 759 1961 timebit;
791 1904 836 1951 et
877 1913 977 1951 non
1003 1904 1153 1967 agent
1182 1895 1336 1967 impie
1357 1896 1511 1950 etiam
1541 1912 1674 1951 nunc

144 1984 293 2055 (Deut.
320 2003 445 2050 xvn.
470 1988 539 2043 l2
566 1985 609 2060 ).
636 1988 770 2043 Item
801 1988 868 2043 ad
898 1987 1202 2045 Samuelem
1223 2030 1238 2056 ,
1266 2004 1388 2044 cum
1415 2004 1445 2043 a
1474 1987 1676 2044 Judaeis

146 2090 431 2149 metueretur
453 2124 468 2148 ,
500 2081 642 2137 Deus
671 2080 802 2136 dicit
832 2100 844 2135 :
876 2079 999 2136 Non
1031 2092 1078 2136 te
1105 2090 1399 2152 spreverunt
1426 2125 1440 2149 ,
1479 2082 1570 2137 sed
1594 2097 1673 2136 me

138 2182 372 2239 spreverunt
410 2175 428 2247 (
457 2174 480 2230 l
505 2175 637 2246 Reg.
667 2191 758 2231 vttt
779 2218 792 2242 ,
825 2175 856 2229 7
888 2176 930 2247 ).
982 2175 1047 2230 Et
1081 2176 1338 2233 Dominus
1376 2193 1588 2247 quoque
1618 2177 1671 2232 in

136 2263 367 2339 Erangelio
402 2285 414 2323 :
464 2268 565 2337 Qui
592 2270 736 2323 audit
774 2285 862 2324 vos
884 2313 898 2337 ,
930 2269 1138 2340 inquit,
1171 2287 1251 2324 me
1289 2269 1471 2323 audite
1492 2278 1536 2323 et
1561 2286 1677 2323 eum

136 2359 199 2426 qui
218 2376 282 2414 me
305 2361 470 2416 misit:
495 2372 544 2416 et
572 2363 661 2434 qui
689 2363 850 2434 rejicit
879 2378 998 2427 vos,
1025 2379 1106 2417 me
1134 2363 1299 2432 rejicit
1325 2403 1338 2427 ,
1379 2370 1425 2416 et
1456 2378 1565 2416 eum
1588 2361 1676 2432 qui

140 2467 199 2505 me
218 2456 329 2508 misit
349 2454 473 2529 (Luc
500 2473 557 2523 ιι,
593 2454 707 2530 16).
739 2456 803 2511 Et
836 2471 958 2512 cum
991 2456 1263 2528 leprosum
1295 2456 1679 2522 emundasset;

146 2541 276 2617 Vade,
291 2550 443 2622 inquit
458 2592 472 2615 ,
500 2559 549 2606 et
564 2553 862 2605 demonstra
887 2561 936 2606 te
947 2552 1200 2608 sacerdoti
1214 2550 1233 2625 (
1249 2550 1438 2606 Matth.
1456 2567 1568 2619 vnt,
1587 2551 1620 2605 4
1639 2550 1679 2623 ).

1782 1898 1943 1969 plebis
1972 1910 2072 1953 tua:
2098 1915 2202 1953 non
2232 1899 2505 1955 maledicos
2535 1898 2553 1935 ί
2591 1901 2609 1967 (
2644 1899 2818 1961 Exod.
2848 1916 2958 1955 xm
2987 1941 3004 1965 ,
3038 1899 3111 1956 28
3133 1899 3174 1972 ).

1857 1991 1922 2047 V.
1954 1992 2088 2048 Cum
2120 1992 2235 2048 haec
2265 2003 2406 2048 tanta
2437 2008 2501 2049 ac
2531 1992 2656 2047 talia
2695 2002 2750 2049 et
2788 1993 2955 2048 multa
2994 1992 3097 2048 alia
3138 1992 3389 2065 exempla

1782 2086 2093 2158 praecedant
2115 2128 2130 2149 .
2158 2087 2352 2159 quibus
2379 2086 2729 2144 sacerdotalis
2754 2086 3047 2142 auctoritas
3069 2097 3123 2142 et
3149 2096 3393 2158 potestas

1777 2180 1845 2235 de
1883 2179 2061 2234 divina
2105 2178 2460 2250 dignitatione
2506 2178 2785 2246 firmatur;
2829 2178 3018 2251 quales
3068 2189 3224 2250 putas
3272 2194 3394 2237 esse

1780 2285 1905 2333 eos,
1938 2271 2030 2342 qui
2060 2272 2401 2329 sacerdotum
2431 2273 2646 2339 hostes,
2678 2283 2732 2328 et
2757 2282 2943 2328 contra
2971 2271 3272 2329 Ecclesiam
3302 2288 3395 2329 ca-

1784 2364 2035 2421 tholicam
2080 2366 2346 2433 rebelles,
2380 2381 2480 2422 nec
2506 2367 2893 2436 prtemonentis
2923 2367 3132 2422 Domini
3162 2366 3395 2422 commi-

1785 2460 2036 2523 natione,
2070 2473 2171 2513 nec
2200 2457 2364 2513 futuri
2391 2458 2577 2528 judicii
2621 2460 2825 2514 ultione
2865 2462 3180 2516 terrentur?
3206 2459 3397 2532 Neque

1785 2550 1928 2606 enim
1970 2550 2186 2606 aliunde
2229 2549 2465 2606 haereses
2498 2548 2512 2600 i
2550 2549 2758 2606 obortae
2787 2559 2943 2619 sunt,
2986 2559 3080 2607 aut
3118 2563 3243 2607 nata
3273 2561 3400 2608 sunt

1330 2689 1708 2747 LECTIONES
1735 2688 2152 2747 VARIANTES.

153 2824 485 2944 nauigii?
497 2832 713 2883 aduritur
732 2832 864 2885 Ltun.
889 2830 1037 2883 Ebor.
1065 2832 1171 2884 NG.
1202 2831 1246 2886 1.
1273 2830 1398 2883 Bod.
1419 2832 1465 2882 1.
1490 2829 1680 2880 Adure-

225 2902 275 2937 lil'
294 2902 398 2943 BM.
423 2902 459 2943 1.

206 2945 233 3017 ξ’
256 2951 338 3017 Dei
353 2957 651 3017 pomidebunt
671 2959 718 3009 Ν
725 2957 779 3007 C.
807 2957 854 3007 2.
886 2957 990 3009 Lin.

202 3015 223 3082 ξπ
250 3014 367 3082 {iens
381 3020 619 3082 gehennae
648 3025 791 3072 Voss.
818 3021 868 3070 2.
891 3021 1015 3072 Bod.
1037 3024 1084 3073 3.

192 3074 218 3115 ἀ
245 3074 478 3133 Domitiicze
495 3084 702 3135 ultionis
729 3084 851 3135 Bod.
875 3086 924 3134 5.

193 3142 213 3215 ξ
338 3146 460 3215 bam.
489 3148 603 3215 L_tn._
622 3145 747 3215 liud:
771 3146 817 3215 2:
846 3147 989 3215 A_udit
1009 3150 1074 3215 et
1090 3146 1407 3215 cum‘quime
1421 3145 1552 3215 misit
1576 3143 1686 3215 ζςίρ.

195 3199 213 3240 ί
242 3206 318 3258 Sic
340 3209 464 3259 Lam.
491 3208 620 3261 Bod.
648 3199 696 3274 1,
715 3210 763 3272 2,
782 3212 831 3262 5.
853 3209 998 3261 Ebor.
1033 3211 1171 3261 Voss.
1199 3199 1413 3260 2.'Pem.
1443 3205 1550 3259 Lin.
1576 3199 1687 3260 Νΰ.

1784 2829 1834 2888 1,
1855 2828 1902 2877 2.
1931 2830 2043 2880 ΜΗ.
2071 2826 2206 2891 Spir.
2242 2830 2367 2893 Vet._
2386 2826 2570 2893 innom.
2598 2832 2651 2893 et
2680 2825 2788 2878 alii.
2815 2826 2942 2878 Eum
2962 2829 3046 2893 qui
3068 2842 3168 2880 me.
3208 2828 3273 2881 Et
3289 2842 3399 2881 cum

1791 2901 1963 2955 βοειεὲ
1991 2888 2216 2955 tempore
2243 2891 2494 2955 passionis
2506 2888 2686 2955 Rigalt.

1858 2955 1885 2995 Β
1919 2950 2207 3003 Testiticare
2230 2950 2293 3001 de
2314 2952 2440 3001 malo
2467 2950 2601 3002 Lam.
2629 2950 2775 3004 Ebor.
2811 2954 2922 3005 NG.
2950 2955 2994 3005 1.
3026 2955 3151 3007 Bod.
3178 2956 3226 3006 2.

1848 3014 1880 3054 h
1913 3015 2001 3067 Sic
2023 3018 2163 3080 Pem.
2209 3018 2256 3066 Ν
2263 3016 2316 3066 6.
2346 3016 2391 3076 1,
2420 3015 2466 3066 2.
2501 3020 2638 3067 Voss.
2688 3015 2735 3066 2.
2762 3017 2895 3069 Lam.
2953 3017 3079 3070 Bod.
3125 3021 3172 3080 1,
3218 3020 3265 3070 2.
3295 3018 3399 3071 Lin.

1715 3083 1762 3146 C
1793 3078 2008 3146 Fratres
2031 3077 2183 3146 omitt.
2211 3081 2369 3146 Ouum.

1864 3142 1884 3206 ᾖ
1926 3143 2209 3206 Principem
2235 3141 2394 3206 plebis
2417 3142 2550 3206 Lam.
2578 3141 2722 3206 Ebur.
2752 3139 2860 3193 Litt.
2888 3142 3014 3195 Bod.
3042 3145 3091 3206 1,
3117 3144 3166 3194 2.

1865 3205 1879 3257 i
1929 3202 2131 3256 Exortae
2156 3204 2290 3255 Lam.
2315 3204 2459 3256 Ebor.
2489 3202 2615 3255 Bod.
2649 3204 2699 3255 2.
2725 3206 2836 3259 ΝΟ.
2865 3206 2911 3258 1.

1436 3305 1805 3394 vanionuu
1844 3334 2072 3392 nom.

189 3470 417 3532 iii—Me
441 3477 611 3533 audit.
644 3475 703 3531 In
731 3474 858 3531 edit.
902 3475 1079 3533 Oxon.
1111 3475 1197 3530 hic
1222 3473 1457 3537 additur.
1513 3476 1598 3536 qui
1627 3489 1706 3528 me

130 3550 266 3620 audit,
284 3559 332 3604 et
349 3565 471 3605 mox
490 3561 610 3620 post
625 3548 788 3620 verba
816 3564 897 3602 me
922 3548 1106 3620 rejicit,
1124 3563 1245 3620 cum
1264 3545 1384 3600 aliis
1397 3545 1701 3620 subjicitur,

129 3616 278 3685 quinte
300 3622 461 3690 rejicit
477 3616 504 3689 ,⁷
522 3620 710 3690 reiicit.
728 3618 895 3690 Magis
920 3616 1021 3674 sibi
1054 3619 1333 3674 cohaerere
1358 3618 1472 3690 visa
1495 3628 1577 3672 εει
1603 3618 1707 3690 lec-

130 3692 206 3749 tio.
226 3686 374 3761 quam
393 3709 456 3747 ex
478 3686 663 3747 vetere
690 3707 790 3745 ms.
808 3686 962 3745 Coll).
979 3691 1065 3745 cui
1083 3700 1136 3745 et
1162 3689 1326 3744 Corb.
1348 3688 1509 3754 favet,
1531 3686 1711 3757 expri-

129 3761 313 3818 mimus.
344 3764 654 3821 Consum.
684 3793 756 3803 —
782 3763 936 3833 Angli
979 3763 1058 3816 sic
1097 3761 1243 3833 hunc
1286 3761 1462 3816 locum
1507 3775 1706 3833 posue-

130 3842 230 3888 rant
249 3835 302 3890 in
330 3853 425 3890 sua
453 3837 722 3891 editione:
751 3833 846 3898 Qui
876 3834 1020 3888 audit
1048 3850 1155 3896 vos,
1190 3832 1383 3902 inquit,
1418 3848 1496 3885 me
1525 3832 1708 3897 audit;

129 3905 291 3975 quinte
314 3909 459 3962 audit
489 3918 536 3962 et
565 3923 681 3960 eum
710 3907 797 3975 qui
840 3922 919 3960 me
961 3906 1115 3959 misit.
1161 3905 1354 3959 NeSciu
1393 3915 1570 3958 autem
1617 3904 1705 3975 ubi

132 3973 404 4046 invenerint
427 3980 495 4033 ab
524 3979 630 4032 illis
656 3973 833 4031 addita
853 4026 865 4045 ,
896 3978 980 4046 qui
1004 3992 1082 4029 me
1104 3976 1278 4041 audit,
1306 3991 1426 4046 qum
1454 3990 1625 4044 neque
1651 3974 1707 4027 in

130 4044 392 4119 Evangelia
428 4051 704 4114 leguntur.
739 4044 916 4114 neque
942 4049 992 4102 in
1022 4048 1297 4103 veteribus
1325 4044 1578 4119 Cypriani
1610 4061 1704 4099 eo-

130 4117 310 4176 dicibus
334 4132 393 4179 et
417 4120 767 4178 editionihus.
804 4120 947 4177 Sane
974 4120 1025 4174 in
1053 4119 1290 4173 editione
1319 4117 1527 4172 Erasmi
1575 4127 1629 4170 et
1658 4120 1708 4169 in

131 4190 287 4247 codice
304 4194 613 4250 Sorbonico
632 4193 888 4261 scriptum
918 4200 1035 4246 est:
1065 4189 1168 4255 Qui
1193 4191 1362 4254 audit,
1399 4190 1564 4259 inquit
1587 4229 1597 4247 .
1618 4203 1713 4261 eos

132 4275 195 4336 an
216 4265 384 4331 audit;
416 4276 463 4320 et
488 4265 589 4336 qui,
616 4280 709 4336 vos
741 4260 887 4317 audit
908 4305 922 4328 ,
954 4263 1099 4336 audit
1124 4272 1170 4315 et
1195 4278 1312 4336 eum
1339 4264 1424 4336 qui
1451 4260 1714 4336 me_misit.

131 4326 304 4401 Verum
328 4326 447 4393 hinc
473 4326 631 4391 v'alde
660 4334 870 4389 diversa
901 4326 1026 4389 Sunt
1050 4334 1118 4388 ab
1143 4326 1377 4388 editione
1403 4330 1714 4401 Anglicana.

129 4399 183 4456 in
218 4402 341 4463 libro
364 4407 679 4464 Turonensi
706 4418 758 4462 et
791 4407 842 4461 in
874 4420 979 4460 uno
1005 4420 1125 4459 meo
1151 4405 1406 4473 scriptum
1457 4399 1571 4456 eet:
1621 4401 1723 4469 Qui

130 4475 259 4559 παρίει
278 4494 385 4547 vos,
414 4478 774 4566 inquit‘zaudit
799 4494 879 4561 me
904 4476 1134 4566 a‘uditus,
1160 4486 1202 4530 et
1229 4476 1323 4566 qui;
1339 4474 1724 4566 mg'auditeum
1748 4506 1804 4566 Β

130 4546 308 4618 animo
564 4549 703 4605 Vide
755 4549 1035 4618 epistolam
1074 4563 1199 4602 Lstx
1243 4545 1323 4600 ad
1378 4545 1720 4612 Florentium,

129 4617 339 4693 ubi‘ista
368 4632 703 4693 repetuntur.
734 4617 934 4676 BALuz.

194 4689 299 4766 Qui
320 4688 487 4766 reiicit
512 4691 726 4766 nos._lta
757 4696 918 4766 etiam
946 4691 1001 4745 in
1029 4690 1216 4766 eadem
1245 4689 1470 4766 epistola
1500 4688 1564 4744 ad
1594 4689 1725 4766 Flo-

411 4765 472 4822 ln
514 4764 750 4820 editione
789 4764 1001 4833 vulgata
1035 4762 1257 4833 legitur:
1297 4761 1399 4828 Qui
1423 4777 1510 4816 vos
1536 4761 1730 4833 spernit

141 4837 431 4909 Illyri-nit.
462 4835 802 4909 Erasmusin
845 4832 1023 4909 caput
1044 4832 1424 4909 duodecimum
1436 4832 1730 4909 _Ev_a_nge|ii

138 4904 414 4976 min
443 4909 648 4965 Lucam
679 4907 937 4961 admonet
962 4905 1349 4976 Hieronymum
1381 4904 1576 4959 alicubi
1603 4920 1728 4957 ver-

298 4978 405 5048 Qui
431 4998 526 5037 vos
553 4978 789 5048 reprobat
816 4994 897 5032 me
922 4972 1183 5046 reprobat:
1217 4976 1282 5029 Et
1312 4992 1435 5048 mox
1463 4977 1731 5030 declamat

132 5042 546 5121 impigram”
574 5042 835 5105 adversus
875 5042 1161 5119 episcopos
1190 5047 1526 5121 tyrannidem
1552 5063 1732 5121 exer-

132 5118 305 5177 ωιω
334 5134 395 5181 et
432 5123 645 5179 ventris
683 5121 955 5191 negotium
998 5129 1412 5191 prosequentes.
1448 5118 1734 5191 Additau-

130 5196 265 5255 ιειι
283 5194 412 5251 Scio
437 5204 610 5251 tamen
634 5189 787 5246 etiam
810 5193 961 5246 malis
986 5189 1435 5259 obtemperandum
1457 5232 1471 5254 ,
1500 5207 1561 5243 ne
1588 5189 1733 5243 dissi-

131 5260 563 5334 ἀὶῌξεείωιιιιυ,
595 5266 745 5318 modo
771 5280 835 5317 ne
856 5273 1038 5334 cogant
1067 5262 1135 5315 ad
1171 5263 1504 5334 impietatem.
1534 5261 1732 5334 Bauuz.

427 5337 522 5395 Sic
550 5324 713 5392 etiam
746 5324 1002 5405 scriptum
1033 5344 1117 5389 est
1141 5324 1366 5404 cpistola
1396 5332 1465 5386 65
1487 5374 1499 5389 .
1528 5332 1596 5384 ad
1626 5330 1735 5405 lio-

132 5404 415 5474 Mm.
460 5408 568 5466 Sed
596 5408 650 5463 in
681 5406 783 5463 hac
812 5402 970 5475 quam
1028 5402 1189 5460 nunc'
1210 5406 1540 5475 illustratnus
1566 5402 1737 5472 scrip-

136 5476 443 5537 lmlifnisse
468 5480 653 5534 incilas
679 5478 730 5531 in
762 5474 932 5532 veteri
959 5477 1146 5533 Codice
1175 5474 1454 5531 annotaxit
1496 5474 1548 5528 in
1594 5488 1741 5527 inar-

127 5544 562 5618 giw-wtionis
627 5549 955 5604 Parneliauie
1019 5548 1115 5603 Nic
1138 5549 1270 5603 tlaus
1362 5545 1557 5618 Faber.
1611 5543 1744 5618 _No-

130 5614 257 5691 nitu
272 5616 601 5679 Melius:
634 5619 864 5675 Incilare
904 5630 977 5674 est
1003 5620 1268 5691 increpare
1302 5621 1389 5672 uel
1433 5615 1740 5691 improbare.

129 5686 560 5762 “inﬁtialem
586 5691 831 5758 Nonius,
865 5700 917 5747 ut
957 5691 1010 5747 id
1042 5686 1259 5762 probet,
1304 5689 1652 5762 auctoritates
1678 5703 1746 5743 ex

129 5760 604 5833 Aediﬁcant),
631 5776 685 5820 et
709 5762 935 5819 Lucilio.
964 5760 1182 5820 Poterat
1206 5773 1387 5818 autem
1417 5761 1619 5833 addere
1646 5770 1747 5833 tes-

133 5835 361 5897 timonia
398 5850 475 5899 ex
510 5830 764 5894 Lucretio
801 5846 858 5893 et
900 5835 1107 5894 Plauto.
1153 5835 1467 5895 Leetionem
1506 5847 1536 5889 a
1566 5830 1747 5889 Fabro

1754 4661 1779 4683 κ

1809 3479 2045 3551 notatam
2092 3470 2414 3551 continuare
2457 3470 2670 3551 videtur
2700 3472 2921 3551 Erasini
2961 3475 3157 3551 editio,
3204 3477 3256 3533 in
3307 3493 3410 3551 qua

1810 3543 2068 3614 scripturn
2094 3554 2177 3598 est
2200 3543 2468 3597 insimulas
2495 3560 2590 3613 pro
2610 3546 2798 3601 insitis.
2827 3545 2957 3603 Vide
2977 3543 3228 3605 eumdem
3253 3543 3416 3606 Eras-

1811 3632 1959 3672 mttm
1989 3616 2041 3669 in
2074 3615 2217 3669 hunc
2247 3614 2424 3669 locum
2456 3617 2719 3672 Actorum.
2750 3616 2949 3674 BALUZ.

1888 3687 2181 3766 Principem
2218 3688 2420 3766 populi.
2458 3687 2534 3742 Ita
2565 3697 2773 3766 veteres
2789 3690 3067 3766 editiones
3094 3701 3148 3748 et
3174 3692 3418 3766 plerique

1811 3759 1932 3835 libri
1960 3770 2189 3835 veteres.
2218 3756 2487 3835 Erasmus
2506 3759 2719 3835 scripsit
2744 3760 2906 3835 plebis
2929 3772 3065 3827 tute;
3091 3756 3421 3835 eamque'le-

1811 3831 2045 3886 ctionem
2075 3830 2411 3885 retinuerunt
2443 3830 2708 3886 Manutius
2738 3843 2794 3887 et
2820 3833 3117 3888 Morellius.
3149 3830 3419 3892 Paiuelius

1812 3902 2055 3957 mutavit.
2089 3902 2220 3956 Vide
2265 3901 2548 3967 epiSIolam
2590 3918 2716 3969 va,
2769 3912 2824 3957 et
2857 3905 3144 3959 concilium
3199 3904 3420 3963 Toletao

1813 3988 1940 4028 num
1971 3973 2032 4038 V,
2063 3987 2271 4026 canone
2297 3974 2352 4028 5.
2383 3973 2576 4027 BALL‘Z.

1890 4045 1951 4098 V.
1976 4074 2047 4085 -—-
2065 4043 2249 4115 Neque
2281 4044 2417 4098 enim
2449 4044 2658 4098 aliunde
2684 4044 2875 4099 oborta:
2908 4055 3024 4099 sunt
3051 4046 3285 4109 litereses.
3314 4058 3421 4104 etc.

1818 4116 2039 4171 Similes
2086 4116 2234 4188 locos
2284 4115 2449 4169 habes
2494 4115 2629 4188 Ψΐιοςι
2682 4115 2839 4188 dictis
2868 4116 3126 4188 Epistolis
3155 4118 3225 4170 ad
3247 4117 3422 4188 Roga-

1820 4189 2016 4241 tianum
2063 4187 2359 4255 episcopum
2388 4194 2444 4239 et
2490 4183 2727 4255 Florent.
2760 4183 3076 4255 Pupianunt,
3106 4187 3257 4243 libris
3291 4183 3419 4245 item

1822 4261 1884 4310 de
1909 4256 2116 4312 Unitate
2143 4254 2406 4319 Ecclesite,
2446 4269 2510 4309 ac
2533 4256 2596 4307 de
2620 4254 2745 4309 Zeto
2772 4264 2817 4308 et
2847 4255 3050 4311 Livore.
3082 4258 3148 4311 Et
3167 4259 3211 4313 si
3240 4271 3419 4316 autem

1824 4328 1947 4383 aliis
1991 4328 2095 4381 illis
2123 4326 2257 4399 locis
2288 4327 2355 4379 de
2393 4341 2453 4379 se
2483 4336 2534 4379 et
2566 4326 2834 4399 episcopis
2876 4328 3127 4383 omnibus
3160 4328 3303 4399 loqui
3345 4333 3420 4386 vi-

1827 4400 2042 4461 deatur,
2072 4395 2215 4466 quod
2268 4410 2459 4463 nempe
2490 4411 2680 4451 omnes
2733 4395 2969 4452 hmreses
2997 4399 3205 4453 initium
3234 4395 3419 4458 'suum

1831 4470 2118 4543 habuerint
2147 4484 2211 4522 ex
2235 4476 2561 4543 contemptu_
2578 4468 2979 4543 episcoporum,
3011 4469 3063 4525 id
3094 4480 3198 4536 est,
3218 4486 3281 4526 ex
3307 4473 3424 4543 ipso

1831 4542 2123 4597 schismate
2155 4557 2170 4602 ;
2203 4549 2351 4611 certe
2385 4548 2531 4611 turni,
2549 4539 2653 4595 hoc
2679 4539 2822 4606 loco,
2851 4549 2963 4595 tum
2994 4545 3292 4611 praesertim
3326 4539 3431 4599 ini-

1833 4614 1907 4669 tio
1953 4613 2074 4667 libri
2109 4612 2184 4685 de
2232 4609 2438 4685 unitate
2480 4610 2753 4685 Ecclesiae,
2787 4614 2854 4667 de
2906 4609 3153 4669 Romano
3180 4615 3433 4685 episcopo

1832 4687 1949 4741 solo
1977 4683 2233 4754 loquitttr.
2277 4684 2374 4751 Qui
2408 4684 2489 4739 vel
2522 4684 2710 4739 unicus
2743 4683 2914 4748 locus,
2949 4694 3006 4738 ut
3046 4685 3117 4740 ibi
3147 4683 3325 4755 latius,
3360 4683 3431 4742 ita

1833 4756 2120 4813 conﬁrmat
2165 4755 2407 4826 episcopi
2440 4771 2534 4811 seu
2566 4755 2832 4824 pontiﬁcis
2864 4756 3086 4810 Romani
3123 4758 3431 4826 primatum.

1835 4840 1892 4884 ut
1937 4846 2042 4883 non
2076 4830 2245 4897 possit
2275 4829 2468 4895 magis.
2500 4826 2936 4883 Circumstantiae
2965 4838 3140 4885 textus
3167 4829 3268 4883 hoc
3293 4832 3432 4898 loco,

1834 4917 1954 4972 qum
1978 4910 2205 4971 arguunt
2248 4900 2314 4954 de
2345 4898 2594 4972 Romano
2636 4899 2785 4970 loqui
2816 4908 2868 4954 et
2898 4913 3111 4972 summo
3157 4901 3432 4969 pontilice,

1842 4969 1971 5027 sunt
1998 4969 2262 5041 imprimis
2295 4971 2601 5025 testimonia
2629 4969 2907 5041 pra-missa
2940 4986 3005 5025 ex
3039 4969 3246 5026 Denter.
3280 4971 3370 5028 lib.
3396 4990 3437 5034 ι.

1838 5041 1969 5115 Reg.
2009 5042 2206 5113 anng.
2230 5041 2452 5095 Joannis
2491 5052 2545 5115 et
2590 5043 2735 5115 Actis
2760 5043 3146 5115 Apostolorum,
3177 5058 3297 5114 qua:
3330 5060 3437 5100 non

1839 5113 1944 5169 nisi
1974 5115 2028 5169 in
2078 5129 2318 5168 soinmos
2362 5113 2644 5185 pontiﬁces
2686 5113 2994 5168 Judteorunt
3021 5116 3291 5185 quadrare
3338 5131 3440 5172 nc-

1842 5186 1974 5240 mini
2004 5186 2224 5240 dubium
2248 5192 2351 5252 est,
2381 5194 2541 5257 atque
2566 5183 2705 5239 adeo
2722 5187 2903 5257 aptius
2923 5185 2988 5240 ad
3011 5183 3281 5242 suntmum
3307 5204 3442 5257 pott-

1844 5258 2394 5329 lilicemrliomunum
2447 5254 2777 5329 referuntur.
2813 5256 3040 5329 Deinde,
3070 5258 3210 5329 quod
3253 5254 3443 5329 loquaf

1847 5338 1933 5382 tur
1963 5330 2032 5383 de
2056 5328 2240 5396 judice
2284 5328 2373 5395 qui
2420 5329 2536 5380 vice
2568 5325 2775 5400 _Christi
2821 5325 3268 5396 iungiturfltem,
3297 5325 3443 5400 quod

1846 5401 2100 5469 loquatur
2131 5401 2197 5454 de
2244 5414 2349 5453 uno
2394 5396 2677 5471 siaeerdme
2702 5411 2799 5450 seu
2828 5413 2937 5452 uno
2966 5400 3223 5471 episeopo
3254 5396 3445 5456 iri-Ec-

1847 5472 2010 5525 clesia
2039 5486 2053 5536 ;
2085 5486 2242 5539 quam
2274 5470 2690 5539 appellationem
2748 5478 2856 5539 tum
2887 5484 2955 5522 ex
2984 5470 3209 5537 epistola
3239 5472 3444 5528 Corne-

1848 5543 1906 5597 lii
1938 5538 2321 5611 snpraixuvut,
2355 5553 2463 5593 tum
2493 5554 2560 5593 ex
2590 5539 2712 5593 aliis
2742 5538 2860 5611 ejus
2889 5541 3160 5607 epistolis,
3184 5551 3239 5597 et
3263 5542 3359 5598 lib.
3383 5543 3448 5597 de

1854 5608 2066 5668 Unitate
2108 5610 2357 5666 Ecclesia:
2381 5611 2706 5681 Cyprianum
2737 5608 2867 5662 satis
2887 5620 3100 5681 constat
3128 5627 3235 5667 non
3265 5615 3449 5670 solere

1848 5698 2113 5756 usurpare
2140 5725 2154 5749 ,
2196 5683 2317 5756 nisi
2353 5680 2685 5756 defusume
2737 5680 3009 5756 pontiﬁce.
3043 5680 3194 5756 Facit
3220 5699 3315 5751 pro
3356 5701 3452 5741 eo-

1849 5751 1996 5813 dem'
2019 5756 2160 5827 quod
2214 5753 2389 5810 dicit:
2426 5751 2593 5808 Nemo
2614 5753 2885 5827 adversum
2924 5753 3248 5827 sacerdotum
3289 5756 3451 5811 colle-

1849 5829 1990 5903 gium
2018 5824 2215 5901 aliquid
2259 5837 2480 5884 moveret
2504 5842 2524 5894 ;
2554 5840 2678 5883 nam
2710 5824 2757 5882 si
2787 5824 2856 5884 de
2879 5838 2936 5884 se
2965 5826 3080 5885 solo
3104 5824 3451 5905 loqueretur,
