3782 6280
414 274 525 338 sos
1239 275 1301 343 ετ
1348 320 1353 325 .

1416 268 1852 341 ROMANORUM
1890 268 2313 344 PONTIFICUM
2352 282 2735 345 EPISTOLE.

3553 294 3632 357 8t»

406 393 729 460 schismata,
761 407 918 467 quam
953 404 980 434 ει
1010 394 1137 451 dum
1167 395 1434 452 sacerdoti
1466 398 1560 453 Dei
1594 414 1699 454 non
1731 398 2007 469 obtempc-
2034 401 2089 460 Α
2114 400 2280 455 Plane
2309 402 2547 473 episcopi
2578 416 2683 458 non
2720 400 2790 457 de
2815 397 3086 457 voluntate
3119 399 3213 459 Dei
3248 402 3401 470 ﬁunt;
3427 411 3448 451 ε
3471 407 3544 463 sed
3565 412 3633 479 qui

410 499 581 555 ratur,
608 502 706 544 nec
729 502 865 543 unus
890 486 943 541 in
967 486 1207 543 Ecclesia
1230 488 1297 543 ad
1327 496 1540 560 tempus
1566 490 1843 555 sacerdos,
1866 500 1921 546 et
1948 489 2016 547 ad

413 588 622 650 tempus
646 578 808 649 judex
836 579 951 637 vice
977 578 1176 639 Christi
1205 583 1492 654 cogitatur.
1520 584 1618 639 Cui
1649 585 1693 640 si
1721 585 2015 641 secundum

410 672 715 743 magisteria
745 670 923 728 divina
956 673 1361 746 obtemperaret
1388 675 1695 733 fraternitas
1724 678 1975 735 universa
1997 719 2013 745 ,

405 779 566 821 nemo
586 763 871 821 adversum
894 766 1235 823 sacerdotum
1262 768 1550 840 collegium
1578 769 1869 841 quidquam
1899 785 2017 825 mo-

405 867 587 924 veret;
620 874 781 916 nemo
809 870 931 931 post
956 859 1196 917 divinum
1218 861 1518 933 judicium,
1548 872 1670 934 post
1696 861 1877 934 p0puli
1904 861 2016 918 suf-

403 954 631 1025 fragium
658 953 709 1023 b,
744 965 867 1026 post
894 956 1341 1028 coepiscoporum
1382 962 1739 1025 consensum,
1778 955 2013 1028 judicem

401 1064 467 1105 se
487 1048 595 1119 jam
625 1064 731 1105 non
762 1050 999 1121 episcopi
1030 1050 1125 1105 sed
1169 1050 1263 1107 Dei
1306 1050 1541 1117 faceret;
1584 1065 1748 1108 nemo
1789 1048 2015 1105 discidio

402 1144 623 1202 unitatis
646 1185 661 1211 ,
690 1144 888 1202 Christi
921 1145 1216 1201 Ecclesiam
1244 1144 1546 1211 scinderet;
1579 1159 1738 1201 nemo
1769 1143 1868 1201 sibi
1896 1141 2013 1216 pla-

405 1253 535 1295 cens
578 1254 641 1294 ac
684 1249 898 1295 tumens
941 1255 1184 1294 seorsum
1217 1238 1347 1294 foris
1379 1237 1630 1295 ha'resim
1661 1253 1851 1294 novam
1880 1252 2014 1294 cono

403 1331 587 1395 deret,
618 1330 719 1386 nisi
747 1331 792 1386 si
823 1332 892 1385 ita
926 1340 947 1370 ο
978 1341 1061 1387 eet
1085 1331 1277 1401 aliquis
1305 1329 1582 1402 sacrilegae
1609 1331 1927 1387 temeritatis
1952 1343 2016 1384 ac

402 1425 629 1496 perditas
657 1426 886 1489 mentis,
919 1434 978 1481 ut
1006 1435 1155 1496 putet
1184 1426 1302 1480 sine
1333 1426 1424 1481 Dei
1454 1425 1657 1496 judicio
1689 1425 1805 1483 fieri
1835 1440 2016 1482 sacer-

402 1517 613 1573 dotem:
641 1533 762 1573 cum
794 1518 1052 1573 Dominus
1080 1520 1134 1573 in
1161 1518 1455 1591 Evangelio
1481 1535 1579 1575 suo
1606 1519 1781 1575 dicat:
1826 1518 2017 1590 Nonne

400 1611 502 1666 duo
532 1627 764 1681 passeres
797 1628 911 1666 asse
944 1621 1186 1667 venerunt
1207 1654 1221 1679 ,
1257 1622 1302 1666 et
1330 1619 1505 1667 neuter
1533 1629 1708 1668 eorum
1734 1607 1762 1649 ἀ
1797 1611 1933 1665 cadit
1962 1611 2017 1665 in

396 1718 584 1762 terram
614 1708 723 1761 sine
756 1705 933 1759 Patris
965 1715 988 1744 θ
1020 1705 1323 1761 uoluntate?
1352 1705 1585 1778 (Matth.
1621 1723 1649 1761 x
1670 1748 1684 1773 ,
1713 1701 1851 1778 29.)
1879 1702 2014 1760 Cum

2121 501 2272 547 extra
2300 492 2593 549 Ecclesiam
2623 493 2755 548 ﬁunt
2774 536 2787 554 ,
2815 492 2907 548 sed
2932 493 3024 564 qui
3048 504 3234 551 contra
3258 495 3282 532 ³³
3307 495 3634 567 dispositionem

2120 594 2174 639 ct
2201 584 2537 640 traditionem
2572 584 2852 657 Evangelii
2878 587 3011 641 fiunt
3035 603 3048 639 :
3077 587 3213 643 sicut
3236 588 3347 656 ipse
3371 589 3581 647 Dominus
3598 576 3638 650 iit

2120 675 2400 733 duodecim
2446 677 2729 748 Prophetis
2771 677 2916 749 ponit
2953 687 3009 734 et
3038 677 3191 735 dicit:
3220 680 3523 752 Sibimetipsis
3550 682 3637 739 irt-

2119 785 2232 840 gem
2260 770 2627 825 constituerunt
2646 813 2661 838 ,
2693 780 2739 825 et
2766 786 2869 825 non
2897 787 2986 841 per
3040 787 3121 826 me
3162 771 3182 841 (
3210 772 3325 829 Ose.
3359 790 3470 840 \‘ltt.
3492 774 3567 849 ι).
3595 779 3638 836 Et

2122 860 2316 915 iterum
2334 902 2349 927 ,
2377 860 2656 931 Sacriﬁcia
2676 878 2851 917 eorum
2870 872 3127 935 tamquam
3155 866 3298 934 panis
3326 866 3635 936 luctus,ootnes

2118 953 2204 1024 qui
2235 954 2548 1009 manducant
2576 972 2669 1023 ea,
2700 956 3182 1012 contaminabnntur
3208 958 3348 1028 (οδε.
3397 976 3480 1027 tx,
3503 963 3575 1035 Α).
3595 964 3639 1021 Et

2120 1060 2215 1115 per
2243 1045 2453 1101 Esaiam
2484 1062 2697 1121 quoque
2738 1048 2967 1119 Spiritus
2996 1062 3214 1105 sanctus
3247 1051 3428 1108 clamat
3449 1063 3496 1110 et
3525 1055 3637 1113 dicit:

2128 1137 2219 1193 Va:
2243 1139 2416 1206 vobis,
2445 1141 2543 1210 filii
2590 1139 2907 1208 desertores,
2952 1143 3064 1196 ἠως
3111 1141 3233 1196 dicit
3277 1140 3521 1213 Dominus,
3559 1147 3637 1202 Hs-

2120 1233 2298 1288 buistis
2322 1236 2592 1290 consilium
2619 1252 2721 1290 non
2748 1253 2839 1307 per
2863 1252 2943 1291 me
2974 1236 3025 1305 i,
3061 1244 3109 1291 et
3135 1235 3318 1306 fecistis
3337 1240 3642 1295 consortionem

2120 1343 2223 1382 non
2261 1344 2351 1398 per
2375 1328 2615 1397 spiritum
2645 1345 2834 1398 meum,
2862 1328 3093 1400 adjicere
3116 1336 3312 1398 peccato
3332 1346 3454 1401 super
3473 1342 3641 1402 peccata

2121 1416 2289 1491 (lsai.
2319 1435 2448 1486 xxx,
2479 1417 2571 1492 1).

2196 1512 2283 1570 Vl.
2310 1511 2575 1569 Czcterttm
2606 1512 2763 1589 (dico
2788 1514 2933 1571 enim
2963 1523 3282 1586 provocatus
3300 1514 3346 1584 ιι,
3368 1516 3468 1573 dico
3479 1516 3638 1581 dolens,

2120 1605 2240 1662 dico
2262 1607 2590 1678 compulsus,
2611 1604 2629 1679 )
2657 1607 2873 1679 quando
2900 1608 3189 1679 episcopus
3211 1609 3262 1666 in
3285 1609 3439 1665 locum
3461 1608 3640 1664 defuncti

2122 1698 2483 1765 substituitur,
2514 1701 2731 1771 quando
2758 1701 2944 1772 populi
2975 1702 3210 1759 universi
3236 1702 3457 1772 suffragio
3478 1703 3520 1759 iu
3540 1717 3638 1773 pace

399 1801 490 1856 ille
517 1815 618 1857 nec
647 1800 865 1855 miniata
897 1798 1011 1855 lieri
1040 1800 1159 1856 sine
1191 1799 1466 1855 voluntate
1501 1798 1594 1854 Dei
1627 1799 1804 1865 dicat;
1833 1797 2020 1853 CXiall-
2047 1803 2095 1864 Β
2123 1790 2396 1862 deligitur,
2431 1792 2646 1864 quando
2675 1792 2769 1849 Dei
2792 1792 2994 1851 auxilio
3019 1795 3074 1850 in
3104 1796 3442 1865 persecutione
3466 1793 3640 1864 protegi-

402 1903 517 1947 mat
557 1891 751 1961 aliquis
786 1906 995 1947 summa
1036 1899 1090 1945 et
1120 1906 1344 1962 magna,
1387 1899 1481 1947 aut
1521 1906 1629 1945 non
1672 1890 1877 1946 sciente
1924 1897 2018 1949 aut.

397 1998 505 2037 non
537 1985 878 2053 permittente
909 1985 1049 2048 Deo,
1084 1985 1136 2038 in
1166 1983 1410 2039 Ecclesia
1442 1985 1532 2039 Dei
1562 1984 1675 2039 ﬁeri
1698 2026 1713 2051 ,
1741 1994 1793 2040 el
1825 1998 2012 2040 sacer-

398 2075 554 2131 dotes
579 2116 593 2141 ,
627 2074 679 2129 id
710 2085 829 2142 est,
868 2075 1278 2147 dispensatores
1309 2075 1464 2147 ejus,
1498 2092 1605 2131 non
1636 2074 1705 2131 de
1737 2075 1852 2147 ejus
1882 2090 2012 2131 sen-

399 2169 571 2226 tentia
604 2170 888 2225 ordinari?
918 2170 1029 2226 lloc
1060 2179 1142 2225 est
1173 2169 1333 2229 iidem
1368 2186 1471 2224 non
1513 2168 1711 2226 habere
1741 2184 1846 2243 qua
1878 2168 2013 2223 vivi-

398 2280 517 2319 mus
539 2306 553 2331 ,
588 2264 691 2320 hoc
720 2276 803 2320 est
836 2265 946 2321 Deo
979 2263 1241 2320 honorem
1284 2278 1389 2318 non
1422 2263 1584 2332 dare,
1614 2262 1768 2335 cujus
1796 2269 1926 2319 nutu
1958 2268 2014 2317 et

393 2356 620 2413 arbitrio
640 2359 755 2428 regi
782 2355 800 2394 ί
831 2366 885 2414 et
912 2356 1199 2429 gubernari
1221 2355 1401 2411 omnia
1425 2356 1627 2411 scimus
1647 2364 1700 2410 et
1719 2353 2011 2410 credimus.

2119 1893 2226 1952 tur,
2256 1884 2479 1955 collegis
2504 1886 2756 1943 omnibus
2787 1885 3035 1943 fideliter.
3060 1887 3303 1958 junctus,
3338 1888 3458 1961 plebi
3487 1902 3573 1943 sua:
3597 1884 3634 1941 in

2117 1977 2431 2049 episcopatu
2461 1978 2817 2050 quadriennio
2842 1980 2958 2050 jam
2991 1981 3281 2054 probatus,
3308 1983 3354 2038 in
3379 1982 3524 2053 quiete
3546 1995 3636 2035 ser-

2115 2071 2267 2126 viens
2306 2070 2605 2144 disciplinae
2624 2114 2639 2141 ,
2674 2072 2729 2128 in
2761 2082 3094 2143 tempestate
3121 2073 3412 2146 proscriptus
3433 2071 3635 2144 applicito

2117 2175 2171 2220 et
2201 2162 2424 2236 adjunto
2452 2164 2794 2238 episcopatus
2819 2168 2904 2223 sui
2937 2169 3192 2236 nomine,
3225 2169 3356 2224 toties
3375 2168 3431 2223 ad
3461 2167 3634 2222 leonem

2118 2259 2313 2329 petitus
2338 2258 2391 2313 in
2411 2259 2577 2322 circo,
2596 2260 2650 2315 in
2677 2276 2762 2315 am
2772 2260 3083 2332 phitheatro
3100 2261 3365 2318 Dominica‘.
3379 2257 3630 2332 dignationis

2120 2348 2791 2424 testimoniohonoratus:
2823 2351 2907 2410 his
2936 2353 3070 2425 ipsis
3096 2355 3253 2411 etiam
3276 2353 3438 2411 diebus
3453 2394 3467 2417 ,
3488 2352 3628 2425 quibus

1630 2470 2015 2529 LECTIONES
2051 2465 2469 2527 VARIAN'I‘ES.

466 2592 492 2653 F
526 2591 610 2643 Ita
631 2588 782 2644 nostri
801 2604 915 2644 mss.
938 2603 955 2651 ;
977 2597 1030 2643 at
1050 2588 1171 2642 editi
1195 2589 1350 2651 Quam
1372 2589 1490 2642 inde
1513 2589 1646 2653 quod
1668 2586 1929 2640 sacerdoti.

440 2650 492 2695 οι)
529 2654 703 2718 Pepuli
726 2655 802 2706 sui
841 2656 973 2718 Lam.
1004 2654 1112 2704 NC.
1142 2656 1186 2718 1.
1214 2650 1360 2718 Ebor.

462 2721 485 2748 ο
522 2714 628 2768 Nisi
655 2719 722 2767 ita
747 2720 881 2767 Law.
910 2716 1056 2767 Ebor.
1092 2717 1201 2767 ΝΟ.
1229 2718 1274 2767 1.
1304 2714 1406 2765 Litt.

467 2779 495 2819 d
529 2779 590 2830 Et
614 2794 740 2830 unus
764 2794 828 2830 ex
856 2779 955 2827 illis
980 2792 1077 2829 non
1100 2781 1244 2831 cadet
1263 2778 1369 2830 Lin.
1396 2778 1505 2832 ΝΟ.
1531 2776 1578 2827 2.

470 2847 494 2875 ε
531 2843 690 2894 Patris
715 2844 868 2893 vestri
902 2840 1010 2893 Vir.

470 2902 494 2943 ί
533 2905 752 2956 Arbitrio
774 2907 881 2965 geri
909 2906 1033 2955 Bod.
1062 2903 1109 2955 1.

458 2971 485 3010 8
520 2966 655 3021 Editi
678 2962 844 3031 Fiunt,
870 2970 957 3032 qui
995 2974 1138 3019 extra
1172 2962 1449 3017 Ecclesiam
1491 2963 1647 3028 fiunt,
1673 2962 1763 3015 sed
1799 2964 2005 3014 contra:

2032 2764 2078 2829 C

2181 2668 2205 2685 ιι
2238 2668 2322 2697 ou;
2347 2668 2484 2698 rem.
2518 2668 2639 2698 nua.
2670 2668 2712 2699 ι.
2740 2668 2787 2698 o.
2816 2668 2953 2700 Lam.
2984 2668 3130 2702 Laur.
3157 2668 3324 2717 ηομ.
3349 2668 3439 2704 Lm.

2181 2710 2199 2749 ί
2239 2710 2545 2772 Sittimetipsi
2569 2712 2702 2761 Lam.
2731 2712 2872 2763 Ebor.
2900 2713 3015 2765 ΝΟ.
3044 2715 3089 2771 1,
3115 2714 3159 2764 2.

2181 2774 2194 2824 i
2240 2773 2325 2824 Sic
2347 2771 2481 2823 Bod.’
2502 2775 2545 2832 1,
2573 2774 2619 2823 2.
2650 2776 2784 2825 Lam.
2812 2775 2961 2829 Ebor.
2990 2778 3038 2827 Ν
3046 2776 3101 2826 C.
3126 2778 3170 2829 1.
3198 2779 3342 2832 Oxon.
3363 2775 3565 2831 Consilium
3580 2781 3612 2826 et

2113 2847 2211 2937 ΠΟὲ
2662 2898 2771 2951 dico
2794 2908 3091 2965 provocatus
3120 2888 3243 2957 Vin.

1729 3109 2100 3172 VARIORUM
2137 3110 2373 3172 ΝΟΤᾸΞ.

390 3255 497 3296 non
527 3240 709 3296 statim
737 3237 828 3307 qui
861 3236 939 3292 illi
985 3249 1092 3291 non
1120 3230 1543 3307 obtemperaret.
1574 3229 1774 3303 aliquid
1804 3245 1990 3307 move-

390 3322 475 3368 ret
498 3303 767 3366 adversus"
786 3309 1024 3377 reliquos
1050 3305 1355 3377 episcopos.
1390 3304 1592 3359 Eodem
1637 3314 1885 3374 spectare
1911 3303 1988 3377 ri-

388 3385 565 3450 detur,
615 3380 756 3451 quod
788 3375 927 3451 pag;
950 3378 1219 3451 sequenti,
1251 3376 1320 3432 de
1369 3391 1648 3451 scrgorum
1700 3375 1988 3451 praeposito

387 3446 769 3517 Ιυοιιιιίε,ἰηοχ
790 3446 864 3503 ⁷1).
901 3449 1044 3503 Petri
1075 3464 1236 3517 super
1264 3463 1422 3518 quem
1465 3447 1710 3503 Christus
1749 3446 1986 3501 :edifica-

387 3528 466 3579 vit
520 3523 817 3578 Ecclesium
873 3521 1199 3576 mentionem
1251 3520 1444 3588 injicit.
1503 3519 1707 3574 Eodem
1752 3520 1987 3589 pertinet

388 3594 532 3659 quod
562 3594 621 3649 υ.
654 3593 1014 3664 Hieronymus
1067 3602 1253 3647 contra
1314 3589 1984 3664 Luciferianos;sal_utem

389 3666 647 3723 ECCIesitc
671 3662 904 3733 pendere
929 3664 1057 3718 dicit
1084 3679 1112 3717 a
1144 3662 1341 3718 summi
1372 3662 1670 3717 sacerdmis
1698 3662 1979 3733 dignitate.

389 3738 485 3793 Cui
515 3737 578 3800 si,
614 3736 804 3805 inquit,
837 3752 939 3790 non
969 3751 1145 3789 exsors
1172 3735 1407 3805 qutedam
1434 3743 1477 3788 et
1500 3735 1562 3788 ab
1592 3734 1827 3788 omnibus
1854 3734 1983 3787 emi-

390 3826 513 3863 nens
550 3808 699 3862 detur
730 3816 986 3873 potestas;
1037 3817 1108 3860 tot
1148 3807 1203 3859 in
1249 3805 1492 3859 Ecclesiis
1538 3806 1661 3873 ﬁent
1709 3805 1986 3859 schismata

385 3890 503 3942 anot
553 3880 864 3935 sacerdotes.
911 3878 1254 3947 Experientia
1302 3886 1451 3931 certe
1498 3878 1613 3946 ipsa
1661 3892 1759 3931 nos
1802 3876 1983 3944 docet,

388 3954 626 4008 haereses
653 3953 833 4008 solere
860 3966 926 4005 ex
964 3951 1277 4013 schismate,
1300 3947 1352 4003 id
1385 3956 1489 4014 est,
1520 3948 1862 4016 separatione
1886 3964 1983 4003 vo-

2092 3233 2328 3289 cerdotii.
2374 3233 2579 3291 Bswz.

2163 3304 2292 3386 Sine
2312 3304 2489 3386 Patris
2511 3309 2681 3363 vestri.
2702 3308 2780 3365 lla
2811 3311 3080 3386 scriptum
3106 3312 3211 3370 vidi
3242 3315 3290 3370 in
3315 3313 3494 3386 antiquis
3508 3311 3595 3386 edi-

2092 3374 2328 3458 tionibus
2344 3386 2398 3434 et
2420 3380 2471 3432 in
2504 3395 2695 3436 novem
2724 3374 2971 3458 codicibu
2987 3402 3011 3439 s
3030 3388 3395 3458 manuscriptis.
3408 3374 3597 3458 ﬂanutius

2091 3450 2347 3517 expunxit
2377 3465 2564 3527 vocem
2596 3454 2769 3527 vestri,
2802 3470 2962 3527 quam
3020 3472 3118 3527 ego
3148 3475 3243 3515 non
3273 3450 3421 3514 inveni
3444 3458 3483 3511 iu
3516 3454 3596 3527 aliis

2091 3470 2347 3517 cxpunxu
2377 3470 2564 3506 vocem
2596 3470 2769 3517 vestri,
2842 3470 2962 3511 uam
3020 3472 3118 3527 ego
3148 3475 3243 3515 non
3273 3474 3421 3514 nivea:
3444 3474 3483 3511 ttt
3516 3470 3596 3510 atus

2091 3521 2585 3598 novemveterihus
2620 3470 2930 3598 lihrisfiigo
2962 3537 3146 3584 tamen
3170 3529 3301 3586 illam
3325 3524 3597 3598 retinui,_quia

2088 3592 2578 3671 apu_d__Mattha:um_,
2602 3610 2667 3650 ex
2687 3612 2793 3665 quo
2807 3592 2906 3652 ist'a
2928 3615 3146 3671 sumpta
3164 3612 3292 3665 sunt,
3306 3592 3596 3671 legitur,{lttlt_

2088 3678 2158 3736 ea:_
2180 3664 2287 3718 illis
2306 3679 2419 3736 non
2450 3667 2591 3719 cadit
2613 3662 2767 3736 super
2796 3679 2993 3725 terram
3025 3662 3133 3727 sine
3158 3662 3302 3728 Patre
3323 3662 3470 3726 vEstro.
3489 3662 3597 3736 Quod

2089 3734 2281 3816 etiam“
2302 3735 2529 3816 habetur
2566 3738 2618 3816 in
2658 3734 2867 3796 Graeco.
2909 3740 3179 3816 Caeterum
3208 3744 3255 3816 in
3286 3740 3460 3814 epistola
3483 3734 3596 3816 Litt,

2088 3806 2157 3859 ad
2211 3805 2554 3883 Florentium,
2598 3807 2651 3864 in
2694 3825 2797 3883 qua
2842 3813 3082 3872 refertur
3111 3805 3352 3879 hiclocu's,
3381 3825 3461 3866 rex
3477 3805 3592 3863 miri

2088 3891 2195 3932 non
2227 3879 2473 3934 habetur.
2505 3879 2706 3937 Btth.

2164 3948 2447 4030 Existimat
2476 3952 2685 4030 aliquis.
2720 3952 2859 4011 Citat
2889 3956 3039 4030 hunc
3069 3959 3244 4024 locum,
3270 3950 3347 4030 sed
3370 3947 3587 4030 mutilum.

386 4025 615 4118 Ἆιιιιεὶτίθ
644 4025 712 4107 ab
746 4022 985 4077 Ecclesia
1004 4064 1018 4087 ,
1053 4033 1213 4118 atque
1241 4020 1378 4118 adeo
1406 4018 1473 4075 ab
1502 4019 1760 4074 Ecclesiae
1785 4021 1985 4118 tgopite
2012 4057 2066 4118 Β
2091 4018 2378 4106 Gerochus
2404 4018 2946 4118 Ιίθὶοιὶξςειξτςθηδίε
2978 4031 3036 4087 in
3065 4018 3269 4088 tractatu
3296 4025 3501 4084 adversus
3518 4018 3587 4077 Si-

389 4097 657 4163 Romano,
689 4097 927 4163 inquam,
960 4091 1212 4164 pontifice
1265 4092 1472 4164 initium
1520 4106 1754 4164 sumere.
1785 4091 1986 4146 Exem-

390 4172 475 4238 pla
505 4161 662 4237 hujus
694 4161 775 4221 rei
798 4161 973 4240 apud;
988 4165 1331 4240 Cyprianum
1371 4161 1636 4240 liabesde
1677 4161 1987 4240 Novatianis

388 4233 527 4309 apud
564 4233 787 4309 August.
831 4233 899 4293 de
943 4233 1253 4309 Donatistis.
1292 4234 1562 4309 Unde__ad
1594 4233 1718 4309 hos
1759 4235 1985 4309 epistola

385 4305 504 4367 CLIV
538 4312 601 4366 D.
645 4305 876 4381 August.
911 4327 925 4365 :
960 4307 1140 4376 Neque
1183 4310 1316 4363 enim
1350 4305 1503 4381 nobis
1554 4306 1841 4381 objic‘imus,
1891 4308 1988 4361 nisi

386 4384 674 4438 schismutis
719 4378 933 4449 crimen,
962 4398 1113 4449 quam
1140 4382 1292 4435 etiam
1339 4378 1557 4435 Ita'resin
1588 4378 1722 4433 male
1754 4394 1987 4449 perseve-

382 4456 547 4509 rando
578 4456 790 4522 fecistis,
815 4462 870 4508 et
915 4454 981 4507 ad
1003 4454 1190 4507 Cresc.
1220 4452 1519 4507 Grammat.
1550 4452 1641 4506 lib.
1684 4467 1801 4515 ut,
1828 4467 1877 4506 c.
1907 4451 1937 4504 7
1968 4467 1983 4505 :

386 4526 534 4581 Inter
582 4527 827 4589 schtsma,
863 4525 1054 4594 inquit,
1101 4533 1148 4578 et
1179 4522 1396 4579 narresin
1447 4538 1555 4577 eam
1605 4523 1985 4576 distinctionem

390 4599 554 4668 magis
607 4598 857 4664 approbo,
908 4612 1005 4666 qua
1033 4595 1222 4648 dicitur
1250 4594 1471 4648 schisma
1496 4611 1624 4668 esse
1647 4610 1834 4668 recens
1856 4611 1983 4648 con-

385 4665 715 4742 gregationis
739 4684 803 4721 ea:
827 4665 1001 4724 aliqua
1049 4668 1413 4742 sententiarum
1470 4665 1761 4742 diversitate
1789 4667 1989 4719 dissen-

383 4737 503 4808 sio;
536 4740 742 4794 liceresis
778 4748 949 4792 autem
996 4737 1219 4793 schisma
1245 4737 1576 4789 inveteratum
1604 4753 1623 4808 ξ
1674 4740 1717 4790 Α
1745 4754 1851 4807 quo
1876 4753 1983 4793 non

387 4812 639 4868 dissentit
684 4812 743 4866 ι).
788 4810 1012 4865 Hieron.
1065 4821 1343 4879 exponens
1387 4808 1514 4862 illud
1561 4807 1626 4862 ad
1655 4809 1842 4863 'fit.ttt
1892 4810 1984 4879 qui

384 4897 464 4940 est
491 4902 521 4941 a
562 4885 854 4954 semetipsis
884 4876 1170 4936 damnatus
1215 4899 1228 4933 :
1268 4876 1530 4954 Hatretiri,
1562 4879 1873 4954 inquitLin
1902 4876 1984 4954 se-

384 4958 625 5027 metipsos
678 4949 974 5010 sententiam
1019 4956 1211 5027 ferunt,
1251 4966 1344 5027 suo
1392 4950 1603 5027 arbitrio
1642 4949 1707 5027 de
1749 4949 1982 5027 Ecclesia

384 5023 692 5091 recedentes,
719 5042 833 5098 qute
862 5025 1092 5098 recessit)
1140 5023 1732 5098 proprite__conscientite_
1779 5026 1979 5078 videtur

383 5117 490 5155 esse
517 5091 796 5154 damnatio.
840 5097 906 5151 Et
950 5097 1110 5167 paulo
1141 5091 1282 5162 poet
1312 5110 1325 5147 :
1359 5091 1579 5148 Nullum
1623 5096 1845 5167 scltisnta
1875 5113 1976 5150 non

380 5172 478 5227 sibi
533 5174 761 5242 aliquam
813 5164 1055 5242 conﬁngit
1108 5167 1347 5242 ltwresin,
1378 5174 1432 5219 ut
1462 5176 1597 5242 recte
1642 5166 1704 5220 ab
1748 5164 1978 5242 Ecclesia

380 5238 641 5299 recessisse
671 5238 1098 5296 mtleatur.Plura
1128 5239 1361 5307 reperiet
1382 5238 1652 5308 exempla,
1671 5239 1759 5307 qui
1788 5250 1977 5294 exacte

380 5316 709 5385 singularum
739 5315 1021 5368 lnwetteon
1051 5308 1200 5365 initia
1242 5318 1298 5364 et
1328 5314 1499 5381 prima
1523 5310 1811 5365 seminaria
1847 5326 1970 5381 per-

379 5391 636 5458 speXerit.
672 5387 877 5441 i’AuEL.

450 5459 597 5513 Unus
652 5461 704 5511 in
744 5456 994 5512 Ecclesia.
1024 5454 1081 5509 In
1137 5451 1275 5507 Iihro
1327 5450 1396 5507 de
1434 5450 1653 5509 Unitate
1679 5450 1972 5511 Ecclesite:

371 5527 718 5601 Episcopatus
760 5546 892 5583 unus
944 5537 1053 5601 est,
1103 5525 1249 5601 cuius
1293 5540 1341 5601 a_
1374 5524 1593 5601 singulis
1641 5527 1697 5579 in
1746 5524 1969 5601 solidum

2092 4094 2393 4165 moniacos.
2421 4110 2541 4165 cap.
2572 4094 2895 4156 27.816411.

2167 4163 2434 4221 Habuistis
2462 4156 2753 4225 consilium.
2782 4171 2917 4227 Vide
2941 4183 3098 4230 notas
3122 4167 3375 4231 Frontonis
3390 4156 3583 4221 Ducaild

2092 4237 2351 4366 ἷὲάῖἓρᾚ]
2368 4238 2712 4298 Homiliarunt
2750 4245 2912 4300 sancti
2937 4244 3155 4303 Joannis
3178 4238 3576 4317 Chrysostomiill‘i'

2170 4349 2181 4361 .
2251 4327 2277 4364 Α
2359 4327 2408 4366 z.

2170 4349 2181 4361 .
2206 4327 2408 4366 DALUZ.

2168 4403 2467 4462 Vl.——Dico
2518 4409 2672 4463 enim.
2707 4409 2924 4469 Veteres
2966 4414 3219 4471 editiones
3248 4423 3297 4468 et
3335 4407 3416 4464 tris
3446 4407 3577 4457 sum

2090 4480 2416 4553 exemplaria
2443 4479 2638 4536 habent
2672 4500 2685 4536 :
2714 4480 2967 4538 Craterum
2989 4487 3120 4553 dico,
3151 4486 3257 4539 dico
3271 4482 3573 4553 enisum

2090 4559 2191 4627 tus.
2228 4542 2760 4627 Verunrquindcfim
2815 4567 2993 4613 vetera
3038 4542 3334 4627 exetttplaris
3361 4542 3570 4622 pillei.“

2091 4621 2165 4675 uti
2199 4638 2296 4676 nos
2325 4622 2612 4678 edidimus.
2647 4623 2850 4682 Bawz.

2178 4711 2519 4784 Proscriptus.
2571 4715 2795 4773 Pontius
2841 4717 3094 4777 diaconus
3134 4721 3183 4775 in
3211 4718 3311 4773 Vita
3346 4700 3562 4786 ϐγρείεειεέ

2093 4784 2280 4839 Statim
2298 4787 2513 4856 denique
2536 4805 2627 4865 pro
2642 4790 2826 4846 talibus
2847 4794 3036 4848 meritis
3055 4784 3393 4865 proscriptioni

2089 4868 2390 4913 consecutus
2421 4870 2511 4913 est.
2537 4859 2734 4917 Bswz.
3055 4859 3066 4865 ⁷
3134 4878 3141 4883 ·

2160 4951 2240 5005 Ad
2264 4954 2480 5027 leonem.
2509 4951 2652 5027 Idem
2687 4955 2937 5027 Pontius,
2970 4959 3176 5015 maxime
3203 4969 3303 5027 cum

2084 5038 2220 5100 scrape
2260 5004 2487 5095 repetitis
2509 5004 3186 5100 liiiigniti};$31,352}?
3204 5004 3561 5100 νῗέτιξυιιίᾧιὲἓ

2083 5078 2436 5164 Αιὶυιυεέιιοσ
2476 5114 2491 5150 ε
2537 5078 2598 5154 Si
2617 5078 3185 5170 ’τῄὸὶὲὲῗετιῖέξῆὶιὲὶὲᾖ
3205 5078 3431 5152 se.“
3455 5078 3562 5170 αξξ

2083 5151 2185 5221 non
2210 5151 2439 5222 ascendit
2462 5170 2517 5224 in
2543 5151 2705 5232 arva:
2718 5151 3226 5239 si‘cielumvstetitfsi
3254 5179 3366 5220 terra

2082 5242 2263 5309 rantes.
2293 5240 2335 5293 si
2367 5240 2493 5308 lues,
2512 5228 2687 5297 statim
2699 5240 3014 5299 Christianos
3032 5245 3097 5296 ad
3113 5228 3284 5298 leonem
3306 5228 3557 5309 αιςωσξξςς

2082 5302 2257 5365 mlius
2287 5302 2605 5378 Spartianus
2636 5317 2688 5370 in
2719 5312 3018 5371 Commodo
3048 5312 3290 5369 Antonino
3316 5322 3329 5360 :
3353 5302 3387 5359 3

2078 5354 2383 5460 adleonen'i.
2416 5384 2531 5460 _Qui
2558 5396 2737 5441 autem
2767 5387 3000 5442 damnati
3027 5396 3172 5460 erant
3195 5354 3550 5460 aduleouezat

2079 5456 2346 5526 gabantur
2367 5455 2431 5509 ad
2442 5441 2717 5526 stipitem,
2742 5468 2879 5514 teste
2901 5441 3082 5515 eadem
3110 5441 3445 5526 Tertulliatttti"

2080 5519 2143 5600 ite
2172 5525 2452 5582 Pudicitia.
2488 5519 2983 5600 FlaviusVopiscns
3004 5531 3053 5583 in
3086 5529 3139 5583 D.
3166 5519 3453 5600 Aureliano:3

365 5586 485 5673 pdrs
515 5586 728 5699 miretur.
748 5601 815 5685 Et
844 5586 1151 5699 tttJepis'tola
1170 5586 1252 5650 sn
1279 5596 1343 5678 ad
1357 5586 1720 5681 Ant'onianum
1750 5598 1965 5699 :Act'um
2076 5597 2131 5652 Μ
2133 5600 2391 5699 μεὲζιῖηιε.
2405 5612 2582 5667 postea
2610 5586 2877 5699 sugept'us
2908 5602 2975 5656 ad
3001 5586 3543 5699 stipites:

356 5662 505 5727 suum
554 5675 779 5744 disponit
810 5682 857 5725 et
887 5662 1064 5744 dirigit
1106 5670 1451 5744 unusquisque
1477 5668 1766 5744 episcopus,
1799 5670 1957 5722 ratio-
2074 5680 2168 5725 est.
2205 5668 2338 5744 Vide
2366 5662 2627 5728 Joannem
2674 5662 2980 5729 Tristanum
3008 5688 3035 5725 a
3065 5662 3241 5726 saneto
3273 5662 3411 5744 Λιξξξξ

368 5723 777 5815 ..‘.f.'.'."p'.1;;,:.;.'at
990 5723 1211 5821 Domino
1254 5723 1569 5794 'reddnunis.
1626 5723 1765 5798 Vide
1802 5750 1960 5798 notas
2060 5723 2210 5798 tonio
2240 5723 2421 5815 primo
2439 5723 3181 5803 itaisieniiiibiiiammm
3196 5723 3423 5863 μβιῂἔδ·

368 5825 572 5863 nostras
598 5815 665 5863 ad
696 5815 890 5863 librum
916 5810 1176 5863 Aaobardt
1218 5808 1282 5863 de
1314 5808 1593 5863 Privilenio
1626 5820 1677 5863 et
1712 5813 1827 5863 iure
1869 5829 1954 5863 sa-
3376 5832 3391 5853 ο

362 5808 572 5871 nostras
598 5808 666 5870 ad
696 5810 890 5870 librum
916 5809 1176 5883 Agobardi
1218 5808 1282 5863 de
1314 5808 1593 5883 Privilegio
1626 5820 1677 5868 et
1703 5813 1827 5885 jure
1869 5829 1954 5867 sa-
2240 5808 2256 5815 '
3196 5808 3209 5815 ⁷
3232 5808 3391 5863 ωω.
3560 5886 3587 5935 J
