3730 6270
361 289 470 354 807

367 507 561 569 habes;
588 516 637 560 et
662 522 754 561 nos
780 504 1038 560 credimus
1062 546 1078 573 ,
1110 514 1156 559 et
1186 507 1513 578 cognovimus
1541 505 1781 576 quoniam
1822 516 1876 558 tu
1916 521 1969 559 es

366 599 536 655 Filius
561 597 660 654 Dei
686 599 784 652 vivi
814 595 993 671 (Joan.
1016 615 1090 664 γι,
1112 597 1225 670 69)
1269 619 1282 654 :
1326 598 1633 670 significans
1672 598 1876 654 scilicet
1916 605 1973 652 et

365 690 659 748 ostendens
701 706 831 756 eos,
863 692 955 763 qui
981 690 1249 748 aChristo
1279 693 1635 759 recesserint,
1678 692 1832 762 culpa
1876 704 1971 745 sua

364 782 581 856 perire;
612 782 913 839 Ecclesiam
954 793 1135 840 tamen
1180 800 1301 855 qua:
1340 785 1394 840 in
1437 784 1710 841 Christum
1755 783 1968 850 credat,

366 887 419 935 et
441 894 559 948 qua:
585 879 752 935 semel
778 878 829 934 id
858 878 1001 950 quod
1027 880 1338 951 cognoverit
1363 888 1560 945 teneat,
1586 894 1874 949 numquam
1904 878 1973 934 ab

365 984 432 1027 co
459 970 683 1050 omnino
713 971 995 1029 discedere
1026 970 1087 1039 b;
1118 982 1174 1028 et
1208 988 1303 1030 eos
1342 988 1462 1029 esse
1502 972 1831 1039 Ecclesiam,
1882 970 1974 1041 qui

371 1064 425 1121 in
466 1064 629 1122 domo
675 1064 769 1121 Dei
818 1075 1175 1135 permanent:
1223 1065 1611 1136 plantationem
1659 1080 1789 1121 vero
1817 1064 1972 1135 plan-

368 1168 534 1215 talam
571 1175 600 1213 a
643 1159 755 1215 Deo
780 1157 940 1215 Patre
971 1175 1077 1214 non
1107 1172 1231 1216 esse
1279 1157 1512 1231 (Matth.
1545 1174 1637 1224 xv,
1674 1154 1811 1228 l3),
1837 1169 1975 1227 quos

370 1252 617 1308 videmus
646 1268 754 1308 non
784 1250 1038 1309 frumenti
1069 1250 1365 1307 stabilitate
1404 1250 1660 1317 solidari,
1702 1248 1796 1304 sed
1841 1258 1976 1302 tam-

363 1354 525 1421 quam
554 1348 736 1420 paleas
779 1347 1091 1420 dissipantis
1120 1346 1324 1402 inimici
1353 1347 1547 1416 Spiritu
1580 1343 1863 1411 ventilari,
1907 1342 1977 1398 de

361 1443 559 1515 quibus
626 1451 681 1498 et
732 1440 969 1497 Joannes
1012 1441 1066 1496 in
1108 1439 1348 1511 Epistula
1387 1454 1482 1495 sua
1513 1438 1686 1494 dicit:
1719 1436 1804 1491 Ea:
1834 1437 1977 1492 nobis

364 1537 633 1601 exierunt,
665 1536 753 1591 sed
784 1552 885 1590 non
915 1536 1119 1604 fuerunt
1147 1552 1211 1590 ea:
1239 1534 1416 1601 nobis;
1442 1534 1485 1588 si
1513 1533 1647 1588 enim
1673 1532 1889 1604 fuissent
1915 1547 1977 1586 ea:

363 1633 534 1697 nobis,
562 1631 870 1687 mansissent
895 1629 1159 1686 nobiscum
1182 1630 1228 1701 (l
1248 1628 1407 1686 Joan.
1434 1646 1492 1697 ιι,
1521 1630 1647 1701 I9).
1682 1629 1813 1683 Item
1838 1628 1977 1682 Pau-

365 1725 449 1781 lus
480 1734 664 1781 monet
694 1739 791 1780 nos
814 1766 828 1789 ,
861 1737 981 1778 cum
1011 1723 1138 1778 mali
1165 1723 1232 1779 de
1267 1722 1508 1778 Ecclesia
1537 1731 1766 1792 pereunt
1792 1733 1835 1788 α,
1868 1737 1976 1776 non

1390 287 1828 351 ROMANORUM
1864 288 2285 350 PONTIFICUM
2323 290 2706 351 EPISTOLAS.
3453 313 3523 376 308

365 413 502 469 dens
526 411 634 471 ait:
660 412 896 478 Domine,
926 411 996 465 ad
1019 427 1166 482 quem
1189 411 1460 471 ibimus“?
1484 413 1634 467 verba
1648 412 1976 467 vitwwterna:
2002 414 2053 472 Λ
2080 409 2367 482 quominus
2396 424 2425 464 a
2458 409 2542 463 via
2571 415 2721 464 recta
2747 413 2804 462 et
2828 420 2858 463 a
2886 416 3026 464 certa
3063 410 3227 481 regula
3259 429 3344 471 non
3373 427 3528 482 recedi-

2071 468 2225 569 mus,
2256 502 2473 573 quando
2500 510 2555 557 et
2582 500 2869 572 Apostolus
2895 468 3146 570 instruat:
3184 505 3368 567 dicens:
3397 468 3533 575 Εἶθ-
3630 468 3633 575 ἶ

2073 596 2294 650 minibus
2326 593 2345 633 ί
2398 596 2652 666 placerem
2671 635 2685 658 ,
2733 589 2918 648 Christi
2952 598 3119 650 servus
3152 613 3241 651 non
3274 616 3401 657 essent
3433 607 3533 679 (Gal,

2073 702 2124 755 ι,
2157 688 2285 758 10).
2329 687 2562 743 Interest
2594 696 2771 742 utrum
2800 685 2917 757 quis
2956 686 3183 745 homines
3207 700 3467 765 promereri,
3496 720 3535 763 ιη

2075 781 2244 837 Deum
2276 782 2478 853 cupiat.
2507 780 2562 837 Si
2593 779 2900 836 hominibus
2931 780 3175 850 placetur,
3202 785 3411 846 Dominus
3429 794 3536 854 oden.

2075 874 2253 931 ditur:
2295 876 2339 929 si
2372 890 2501 929 vero
2544 873 2600 928 id
2638 873 2908 965 enitimur.
2930 882 2983 928 et
3022 875 3323 935 elaboramus
3352 893 3399 937 ut
3426 890 3536 956 passi.

2077 986 2198 1026 mus
2230 970 2340 1026 Deo
2371 970 2616 1040 placere,
2649 976 2706 1025 et
2731 968 2970 1025 convicia
3001 979 3055 1025 et
3082 970 3330 1030 maledicta
3362 977 3539 1044 debemus

2080 1064 2310 1119 humana
2339 1075 2709 1120 contemnere.

2149 1156 2242 1213 IX.
2271 1157 2425 1226 Quod
2453 1168 2635 1212 autem
2666 1156 2758 1212 tibi
2785 1155 2853 1212 de
2879 1154 3168 1212 Fortunato
3191 1158 3281 1215 isto
3297 1165 3544 1240 pseudoepis-

2077 1262 2236 1321 copo,
2259 1267 2289 1305 a
2317 1250 2500 1321 paucis
2520 1259 2573 1305 et
2595 1250 2908 1306 inveteratis
2930 1248 3190 1305 haereticis
3209 1256 3440 1327 constituto,
3458 1276 3537 1319 nan

2078 1343 2259 1398 statim
2286 1344 2501 1414 scripsi,
2528 1342 2694 1398 frater
2711 1341 3051 1409 charissime,
3074 1358 3175 1398 non
3194 1358 3251 1399 ea
3266 1361 3332 1402 res
3346 1360 3440 1416 erat,
3454 1370 3539 1424 quin

2079 1437 2133 1492 in
2158 1437 2401 1493 notitiam
2421 1445 2565 1492 tuam
2587 1435 2810 1493 deberet
2833 1452 2931 1506 per
2947 1450 3045 1491 nos
3066 1435 3287 1492 festinato
3300 1442 3431 1498 statim
3443 1448 3545 1515 quasi

2080 1546 2271 1602 magna
2294 1541 2386 1585 aut
2406 1529 2692 1585 metuenda
2716 1526 2977 1597 perferri;
3000 1528 3221 1584 maxime
3238 1532 3406 1601 quando
3417 1546 3455 1590 et
3465 1535 3546 1594 For-

2082 1623 2252 1678 tunati
2285 1638 2479 1679 nomen
2502 1622 2614 1693 jam
2640 1620 2773 1678 satis
2799 1635 3022 1688 nosses,
3049 1622 3137 1693 qui
3158 1632 3232 1678 est
3254 1640 3364 1679 unus
3382 1631 3546 1699 exquin.

2081 1730 2187 1785 que
2214 1715 2546 1787 presbyteris
2569 1714 2681 1785 jam
2711 1712 2922 1794 pridem
2955 1713 3022 1769 de
3051 1713 3271 1770 Ecclesia
3294 1716 3489 1787 profugis,
3510 1734 3544 1780 et

369 1820 608 1883 moveri,
641 1834 743 1875 nec
768 1817 1147 1874 recedentibus
1173 1816 1394 1888 perﬁdis
1424 1816 1582 1872 fidem
1611 1817 1804 1871 minui:
1833 1815 1970 1881 Quid
1999 1826 2048 1886 Β
2078 1807 2345 1864 sententia
2380 1816 2405 1855 8
2435 1807 2884 1877 coepiscoporum
2928 1817 3247 1875 nosuorum,
3272 1810 3487 1867 multorum
3510 1822 3543 1871 tt

364 1915 521 1980 enim,
550 1914 743 1983 inquit,
774 1912 819 1967 si
846 1912 1141 1967 exciderunt
1169 1929 1199 1966 a
1225 1911 1329 1981 ﬁde
1349 1911 1558 1982 quidam
1585 1926 1781 1977 eorum,
1824 1926 1965 1963 nunt-

365 2007 490 2078 qaid
529 2006 808 2076 inﬁdelitas
837 2005 1044 2061 illorum
1085 2005 1238 2075 fidem
1265 2003 1362 2058 Dei
1387 2001 1412 2041 ἀ
1446 2004 1752 2082 ρυασιιαυίιξ
1788 2004 1972 2057 Absit:

364 2112 439 2158 est
487 2102 624 2156 enim
674 2095 815 2155 Deus
865 2117 1020 2156 verax
1044 2141 1058 2167 ,
1112 2100 1275 2154 omnis
1328 2109 1494 2154 autent
1549 2098 1701 2153 homo
1748 2097 1971 2152 mendax

366 2194 557 2268 (llam.
583 2210 638 2248 ιιι
660 2234 674 2260 ,
696 2193 785 2266 4).

434 2289 567 2346 VIII.
588 2288 743 2357 Quod
765 2287 831 2344 ad
855 2302 953 2344 nos
977 2288 1190 2355 attinet,
1209 2288 1557 2343 conscientiae
1582 2296 1778 2343 nostra:
1802 2296 1825 2324 ο
1844 2302 1968 2343 con-

362 2387 538 2448 venit,
565 2383 733 2440 frater
759 2383 1078 2439 charissime
1095 2426 1110 2452 ,
1137 2383 1265 2439 dare
1290 2398 1510 2453 operam
1528 2425 1543 2450 ,
1567 2399 1637 2438 ne
1663 2383 1783 2452 quis
1808 2382 1965 2453 culpa

364 2487 547 2534 nostra
574 2475 642 2531 de
672 2475 913 2531 Ecclesia
943 2484 1148 2546 pereat.
1174 2473 1230 2531 Si
1263 2484 1440 2530 autem
1471 2475 1589 2543 quis
1617 2474 1755 2529 ultro
1783 2483 1837 2529 et
1861 2475 1967 2529 cri-

362 2570 509 2626 mine
547 2585 644 2624 suo
681 2568 944 2641 perierit,
987 2577 1043 2624 et
1081 2566 1454 2638 paenitentiam
1496 2582 1657 2638 agere
1696 2576 1857 2636 atque
1895 2567 1965 2622 ad

361 2660 659 2719 Ecclesiam
693 2662 873 2718 redire
903 2661 1168 2728 noluerit,
1200 2676 1299 2716 nos
1326 2663 1378 2715 in
1407 2660 1494 2715 die
1512 2659 1696 2730 jtnlicii
1727 2661 1964 2730 inculpa-

361 2763 445 2810 tos
484 2753 728 2821 futuros,
762 2754 854 2823 qui
882 2753 1215 2809 consulimus
1246 2753 1497 2819 sanitati,
1532 2752 1657 2807 illos
1689 2751 1740 2806 in
1785 2751 1961 2822 pmnis

360 2861 744 2912 remansuros,
777 2844 868 2917 qui
900 2846 1174 2903 noluerint
1201 2846 1411 2901 consilii
1445 2845 1615 2900 nostri
1648 2844 1964 2901 salubritate

361 2939 562 2995 sanari.
592 2936 702 2995 Nec
730 2952 949 2996 movere
980 2952 1080 2995 nos
1107 2937 1306 2994 debent
1332 2937 1574 2993 convicia
1607 2936 1961 3007 perditorum,

2073 1901 2511 1971 gravissimorum
2527 1901 2764 1955 virorum
2780 1914 2959 1968 nuper
2979 1898 3255 1966 abstentis;
3278 1899 3348 1971 qui
3358 1906 3548 1974 superine

2076 2011 2135 2051 re
2165 1995 2347 2067 priore
2375 2010 2518 2050 anno
2543 1994 2610 2048 ad
2640 2003 2694 2049 te
2723 1994 2935 2049 litteras
2964 1992 3227 2048 fecerunt:
3249 1992 3343 2049 item
3357 1995 3547 2053 Felicissi-

2074 2105 2219 2145 mum
2253 2088 2571 2159 signiferum
2605 2086 2891 2142 seditionis
2917 2089 3550 2160 recogndseeres,quietipse

2070 2187 2123 2241 in
2156 2186 2348 2242 iisdem
2379 2183 2826 2255 coepiscoporum
2870 2192 3178 2237 nostrorum
3205 2181 3393 2237 faetisad
3412 2192 3453 2237 te
3472 2183 3547 2253 prio

2071 2280 2194 2337 dem
2218 2279 2412 2336 litteris
2425 2277 2735 2335 continetur
2752 2294 2771 2332 :
2793 2276 2889 2347 qui
2912 2291 3019 2331 non
3048 2285 3239 2331 tantum
3257 2277 3313 2330 ab
3327 2276 3378 2331 iis
3392 2276 3477 2331 istic
3487 2276 3548 2331 ab

2063 2384 2296 2439 stentus,
2334 2371 2429 2427 sed
2470 2380 2525 2426 et
2560 2370 2657 2426 abs
2688 2379 2743 2426 te
2780 2370 2897 2425 illic
2926 2384 3098 2440 nuper
3121 2370 3185 2424 de
3210 2369 3406 2425 Ecclesia
3427 2370 3544 2439 pulsas

2066 2478 2168 2523 est.
2206 2466 2339 2524 Cum
2369 2466 2487 2522 haec
2524 2464 2578 2521 in
2607 2465 2797 2520 notitia
2830 2476 2923 2519 tua
2950 2478 3075 2521 esse
3108 2463 3412 2529 conﬁderem,
3435 2474 3549 2535 etpro

2071 2573 2223 2619 certo
2246 2562 2453 2617 haerere
2474 2562 2751 2616 memoria:
2780 2569 2838 2616 et
2865 2559 3165 2630 disciplina:
3192 2569 3283 2614 tua:
3304 2560 3473 2614 scirem:
3493 2575 3550 2615 nco

2066 2655 2363 2712 eessarium
2392 2669 2499 2709 non
2522 2653 2703 2724 putavi
2722 2694 2736 2715 ,
2764 2652 3026 2708 celeriter
3046 2662 3101 2708 et
3122 2661 3345 2723 urgenter
3367 2652 3551 2707 heretico-

2064 2766 2184 2805 rum
2210 2749 2302 2804 tibi
2327 2749 2556 2818 ineptias
2577 2747 2930 2817 uuntiandas.
2953 2746 3134 2818 Neque
3151 2747 3278 2802 enim
3298 2747 3352 2800 ad
3369 2746 3547 2802 catholica

2070 2844 2335 2900 Ecclesia:
2366 2847 2706 2926 maiestatem
2738 2846 2952 2918 pariter
2980 2862 3042 2901 ac
3066 2846 3347 2919 dignitatem
3372 2847 3544 2915 pertinet

2070 2937 2265 3008 debet,
2299 2941 2426 3012 quid
2461 2940 2604 3012 apud
2633 2955 2696 2997 se
2724 2939 3105 2997 haereticorum
3134 2952 3185 2998 et
3206 2937 3546 2997 schismaticorul

1613 3075 1999 3134 LECTIONES
2026 3075 2443 3135 VARIANTES.

485 3200 565 3312 illi
582 3192 1491 3311 ἓὲθᾶτεὲῒὲἒτέαὶηαὴέθὲἲδέῗηά
1506 3193 1552 3243 ί-

485 3324 563 3374 De
584 3323 805 3374 Ecclesia
829 3331 1018 3372 exeunt
1041 3321 1174 3371 Lam.
1202 3318 1347 3371 Ebor.
1372 3320 1481 3371 NG.
1510 3321 1556 3369 1.
1582 3317 1709 3371 Bod.
1734 3321 1779 3371 1.

488 3387 633 3439 Coro.
657 3398 745 3437 ms.
773 3385 987 3435 evacuit.
1022 3386 1173 3436 Vetus
1198 3381 1335 3435 Cotb.
1364 3385 1637 3434 evacuabit.

424 3201 447 3227 (ι

422 3258 452 3299 h

423 3327 447 3355 ο

425 3387 453 3427 d

2141 3384 2168 3424 Β
2201 3382 2305 3434 Sed
2328 3389 2381 3434 et
2403 3384 2669 3435 sententiis
2692 3384 2828 3436 Lam.
2852 3383 3010 3435 Ebor.
3034 3387 3082 3437 Ν
3088 3386 3138 3438 C.
3166 3386 3209 3436 1.

1709 3508 2081 3567 νΑιιιοιιυΜ
2120 3509 2356 3567 NOTAE.

358 3634 574 3692 stimem
605 3632 707 3687 ista
735 3631 923 3686 referri
953 3644 1059 3686 non
1087 3644 1245 3700 posse
1268 3628 1335 3684 ad
1383 3629 1608 3684 formam
1638 3630 1947 3686 celebrandi

359 3704 599 3767 eoncilii,
629 3718 752 3759 cum
782 3716 867 3757 res
892 3712 1010 3757 acta
1040 3716 1147 3756 non
1175 3702 1247 3755 sit
1276 3702 1326 3754 in
1353 3702 1608 3767 concilio,
1638 3702 1732 3755 sed
1765 3702 1815 3754 in
1844 3704 1956 3757 col-

358 3776 543 3847 loquio
571 3774 840 3830 familiari.
865 3772 1270 3847 C‘um_Chrislus
1292 3787 1320 3824 a
1345 3770 1624 3847 discipulis
1652 3771 1764 3847 suis
1792 3788 1956 3841 expe-

360 3843 534 3904 tiisset
559 3850 647 3912 qui
677 3853 861 3901 essent
886 3844 955 3901 de
983 3844 1078 3898 illo
1107 3857 1385 3899 sermones
1417 3843 1467 3896 in
1507 3843 1739 3912 populo,
1769 3853 1823 3898 et
1867 3860 1954 3900 re-

358 3934 617 3989 Spousum
641 3917 709 3971 ab
753 3916 856 3971 illis
886 3916 1076 3989 fuisset
1114 3914 1402 3989 nonnullos
1431 3914 1610 3989 dicere
1638 3915 1812 3982 ipsum
1839 3930 1959 3971 esse

358 3984 619 4048 Joannem
654 3989 965 4057 BaptiSIam,
995 3987 1127 4041 alios
1149 4002 1278 4041 vero
1300 3984 1646 4054 llieremiam,
1677 3999 1767 4041 aut
1789 4003 1953 4042 unum

359 4080 426 4120 ex
451 4061 755 4132 Prnpltetis,
786 4058 1011 4132 Petrus,
1027 4074 1165 4113 unus
1184 4072 1282 4129 pro
1302 4058 1557 4132 omnibus
1569 4059 1802 4132 loquens
1826 4074 1956 4132 voce

358 4129 638 4197 Ecclesim,
673 4139 730 4186 ut
754 4131 830 4202 ait
856 4130 1174 4202 Cyprianus,
1209 4130 1489 4202 respondit
1514 4129 1675 4202 illum
1715 4146 1836 4184 esse
1864 4131 1957 4185 Fi-

358 4206 487 4262 lium
518 4206 613 4262 Dei
637 4203 763 4257 vivi.
789 4200 929 4258 Nihil
955 4202 1064 4257 illic
1089 4200 1311 4256 invenio
1339 4201 1480 4271 quod
1512 4201 1711 4256 indicet
1729 4202 1954 4257 formam

358 4276 665 4334 celebrandi
688 4275 900 4330 concilii
935 4286 1044 4328 tum
1071 4274 1250 4328 datam
1271 4286 1410 4327 esse.
1444 4274 1517 4328 Ex
1551 4288 1614 4328 ea
1647 4281 1826 4327 tamen
1868 4290 1957 4328 re-

360 4349 651 4418 sponsione
690 4345 826 4418 facta
872 4364 901 4399 a
934 4346 1050 4418 solo
1088 4344 1258 4418 Petro
1303 4343 1516 4418 Collegit
1561 4344 1958 4399 illustrissimus

359 4416 660 4475 Cartlinalis
691 4417 952 4472 Baronins
975 4416 1247 4471 Chrismm
1266 4416 1608 4483 expressisse
1631 4425 1742 4470 tum
1772 4426 1955 4486 typum

360 4491 669 4573 celebrandi
703 4489 937 4551 concilii,
991 4488 1112 4573 quia
1152 4502 1281 4568 cum
1311 4487 1557 4541 Christus
1609 4487 1960 4573 interrogavit
1985 4514 2039 4573 D
2066 4498 2261 4559 potest.
2287 4489 2485 4544 ΒΑιυῑ.

362 4564 654 4632 discipulos
685 4574 815 4614 suos
839 4573 997 4632 quem
1152 4557 1479 4632 ip_sum_es‘se
1522 4560 1827 4632 crederent,
1861 4559 1960 4614 Pe-

364 4646 477 4690 trus
505 4625 714 4703 primus
742 4625 979 4703 omnium
1008 4626 1145 4703 dixit
1165 4628 1311 4679 illum
1337 4625 1540 4703 Filium
1559 4644 1679 4703 esse
1706 4630 1796 4683 Dei
1834 4632 1956 4703 vivi,

363 4717 418 4763 et
445 4697 525 4762 sic
554 4703 716 4758 talem
749 4700 871 4754 tulit
897 4697 1218 4752 sententiam
1245 4736 1261 4761 ,
1316 4706 1373 4767 et
1419 4698 1544 4767 quid
1595 4701 1661 4752 ah
1707 4701 1959 4757 omnibus

364 4777 691 4834 credendum
722 4779 865 4827 esset
895 4767 1094 4824 erudiit
1131 4776 1293 4835 atque
1323 4765 1580 4835 decrevit,
1612 4784 1674 4823 ac
1702 4771 1824 4826 fidei
1854 4788 1959 4827 ca-

366 4863 563 4905 nouem
594 4855 856 4916 perpetuo
887 4853 1200 4916 mansurum
1231 4839 1528 4916 constituit,
1575 4850 1632 4894 ut
1660 4840 1791 4896 nihil
1823 4859 1958 4912 opus

365 4933 511 4977 esset
537 4909 818 4974 consulere
840 4918 1072 4968 emteros
1094 4909 1383 4979 Apostolus
1411 4926 1473 4965 ac
1495 4926 1684 4981 rogare
1710 4909 1955 4983 quaenam

368 5001 549 5049 essent
576 4989 786 5045 illorum
814 4984 882 5038 de
910 4997 971 5037 ea
1001 4995 1060 5037 re
1084 4984 1368 5037 sententia:
1397 4996 1458 5038 ac
1485 4984 1784 5053 opiniones.
1816 4985 1958 5043 Satis

367 5066 509 5119 enim
535 5062 698 5116 fuisse
720 5056 935 5113 Christo
962 5053 1179 5127 Petrum
1211 5052 1373 5127 fuisse
1404 5052 1636 5110 locutum
1664 5067 1717 5110 et
1737 5056 1862 5127 quid
1889 5059 1957 5114 de

368 5136 473 5191 fide
499 5129 839 5188 sentiendum
862 5135 1005 5181 esset
1028 5125 1234 5179 clavum
1260 5124 1462 5181 ﬁxisse.
1498 5128 1620 5183 llaec
1641 5124 1953 5184 diverticula

366 5216 422 5262 ct
441 5205 751 5264 amfractus,
783 5207 842 5251 ut
865 5197 939 5251 ait
966 5196 1344 5265 Quintilianus,
1374 5197 1627 5270 suffragia
1657 5210 1780 5253 sunt
1809 5200 1955 5254 infir-

366 5276 592 5333 mitatis.
622 5271 919 5341 Explicatio
940 5270 1081 5341 enim
1114 5269 1203 5323 illa
1224 5270 1434 5341 longius
1474 5269 1729 5325 arcessita
1764 5281 1867 5334 est,
1900 5280 1955 5326 et

367 5338 717 5419 paraphrasis'
753 5338 967 5419 Duronii
996 5339 1480 5419 parumﬁrmitatis
1512 5343 1666 5397 habet
1696 5343 1767 5419 iri
1775 5343 1953 5399 verbis

367 5412 748 5487 Evatigeliswe.
781 5413 914 5469 Illud
957 5428 1117 5467 unum
1147 5413 1271 5467 hinc
1296 5413 1473 5487 colligi
1505 5424 1699 5487 potest,
1732 5412 1950 5469 Petrum

365 5485 779 5548 recter'locutum
801 5500 941 5551 esse,
966 5494 1191 5539 cmteros
1207 5485 1493 5555 Apostolus
1515 5486 1643 5539 nihil
1669 5493 1950 5556 propterea

365 5564 568 5619 dixisse
592 5567 646 5614 et
673 5558 1030 5611 taciturnitate
1051 5571 1147 5611 sua
1171 5558 1429 5626 probasse
1449 5572 1568 5627 quae
1588 5573 1617 5610 a
1637 5558 1796 5612 Petro
1815 5557 1952 5613 bene

366 5635 503 5690 dicta
529 5637 701 5687 erant.
728 5628 833 5684 Sed
860 5644 963 5683 non
995 5627 1121 5682 inde
1140 5628 1383 5697 sequitur
1408 5644 1512 5683 non
1539 5629 1775 5697 potuisse
1790 5639 1952 5683 caele-

367 5721 459 5765 ros
486 5702 804 5759 sententiam
836 5715 986 5756 suam
1018 5699 1217 5764 dicere,
1251 5715 1424 5769 neque
1449 5701 1716 5770 episc0pis
1759 5715 1947 5755 eorum

368 5776 764 5833 successoribus
814 5773 1117 5841 ademptam
1147 5784 1269 5841 esse
1310 5770 1614 5841 facultatem
1669 5772 1947 5841 promendi

369 5861 560 5919 sensus
583 5861 708 5909 suos
735 5846 786 5901 in
818 5840 985 5900 causa
1011 5840 1155 5897 fidei.
1188 5840 1371 5913 Itaque
1413 5840 1539 5898 hinc
1569 5840 1715 5898 salva
1745 5853 1825 5900 est
1853 5858 1949 5900 au-

2057 3632 2279 3687 ctoritas
2304 3632 2705 3703 episcoporum,
2739 3647 2936 3689 cumoa
2969 3648 3037 3689 se
3106 3633 3237 3703 quod
3266 3631 3381 3688 solos
3417 3631 3546 3689 Pelns

2058 3704 2269 3760 locutus
2312 3705 2419 3769 sit,
2467 3707 2649 3775 caeteri
2701 3705 2951 3773 Apostoli
3004 3705 3270 3769 tacuerint,
3309 3704 3437 3775 colligi
3470 3716 3542 3758 non

2056 3778 2230 3844 possit
2257 3776 2501 3831 inutilem
2530 3774 2763 3830 futuram
2795 3776 2968 3831 fuisse
2999 3782 3297 3832 sententiam
3315 3785 3535 3844 celerantia

2058 3842 2444 3913 Apostolorum
2470 3857 2525 3901 et
2553 3849 2768 3902 unicam
2799 3848 2963 3917 Papa:
2991 3849 3288 3903 sententiam
3304 3842 3538 3917 sufficcteia

2062 3912 2305 3973 Euelcsia
2340 3920 2432 3973 Dei
2458 3929 2512 3973 et
2541 3920 2685 3973 illius
2713 3912 3222 3975 unius’senlentiam
3245 3916 3453 3989 premere
3470 3912 3540 3968 dc-

2062 3989 2194 4044 bere
2226 3989 2487 4045 adversus
2516 3990 2841 4045 concordem
2873 4006 2941 4045 ac
2984 3985 3357 4045 consentaneatn
3380 3985 3541 4041 aliorum

2058 4061 2437 4131 episcoporum
2458 4061 2674 4117 diverse
2699 4062 3056 4116 sentientium
3082 4061 3375 4131 sententiam.
3395 4052 3539 4126 Alioqui

2060 4129 2265 4187 inutilis
2289 4142 2464 4188 essset
2489 4131 2785 4187 celebratio
2813 4132 3171 4187 conciliorum
3194 4176 3207 4196 ,
3235 4132 3274 4186 si
3299 4129 3427 4184 solius
3442 4140 3541 4198 μμ

2059 4205 2351 4260 auctoritas
2393 4203 2669 4258 sufficeret
2698 4219 2795 4273 pro
2826 4203 3084 4259 finiendis
3124 4198 3438 4259 controversiis
3460 4210 3536 4269 ιιι

2060 4276 2309 4330 oriuntur
2337 4276 2389 4328 in
2423 4276 2662 4330 Ecclesia
2703 4274 2816 4329 Dei.
2863 4273 2985 4330 Non
3020 4278 3090 4330 ita
3122 4283 3367 4331 senserunt
3387 4278 3537 4345 velim,

2062 4348 2151 4416 qui
2181 4345 2532 4401 conciliorum
2578 4346 3003 4402 celebrationem
3038 4354 3274 4416 putarunt
3295 4351 3534 4416 essetnam

2063 4404 2265 4472 sariam
2281 4417 2543 4490 adversus
2563 4416 2798 4473 haereses
2813 4404 3171 4490 emergentes.
3188 4413 3315 4473 Istud
3329 4404 3535 4484 negarim

3423 4980 3473 4987 -τ-

3423 4980 3628 5359 Ξ

3485 5389 3518 5440 ,ἀ

3457 5479 3516 5551 _.

2135 4582 2216 4637 Tu
2233 4600 2284 4638 es
2306 4582 2558 4638 Christus.
2586 4582 2790 4639 Vocem
2818 4583 3075 4651 Christus,
3102 4599 3215 4654 quae
3240 4569 3537 4654 decuti"?

2062 4654 2409 4719 editionibus,
2462 4669 2561 4709 nos
2585 4638 2914 4723 addidimus,
2945 4638 3075 4725 quia
3102 4638 3236 4711 illam
3265 4638 3535 4725 iuvenili!

2061 4728 2265 4797 aliquot
2290 4728 2517 4782 vetustis
2541 4726 2843 4790 codicibus,
2876 4722 2931 4783 et
2958 4722 3083 4798 quia
3114 4722 3512 4798 reperituriq

2061 4791 2215 4853 sexto
2247 4799 2519 4867 Evangelii
2548 4797 2844 4853 secundum
2864 4791 3148 4863 Joannem,
3168 4791 3228 4852 ex
3248 4809 3343 4867 quo
3355 4791 3486 4867 ιοςιιι

2061 4882 2308 4941 sumptus
2354 4862 2456 4934 est,
2491 4881 2544 4924 et
2575 4870 2628 4923 in
2663 4869 2958 4941 Evangelia
2988 4862 3485 4941 secundum

2060 4939 2129 4995 Et
2160 4933 2336 4996 tamen
2367 4933 2522 4997 deest
2549 4942 2709 4995 etiam
2742 4941 2795 4995 in
2815 4933 3052 5012 cpistola
3077 4956 3192 4996 uix
3211 4938 3272 4992 ad
3289 4933 3546 5012 ΓΜ

2133 5030 2447 5089 Mansissent
2474 5032 2762 5088 nobiscum.
2812 5033 2937 5089 Haec
2985 5034 3144 5088 verba
3190 5046 3275 5086 sua
3301 5020 3419 5082 Fecit

2062 5104 2257 5159 vianus
2289 5107 2582 5175 episcopus
2610 5104 3234 5174 Constantinopolitanus
3269 5098 3538 5175 scribﬂﬁ

2058 5188 2310 5231 sanetum
2337 5176 2534 5246 Papam
2569 5176 2809 5231 Leonem
2836 5192 2852 5231 :
2883 5175 3224 5246 Suntquidam
3242 5175 3546 5246 vestem

2055 5248 2443 5319 signiﬁcantes,
2493 5249 2710 5302 interius
2759 5258 2927 5302 autem
2966 5248 3076 5316 lupi
3121 5257 3335 5319 rapaces,
3372 5248 3530 5319 ﬁ:

2057 5310 2315 5389 [rita-ibus
2342 5310 2516 5373 eorum
2544 5319 2784 5373 debemus
2808 5310 3109 5390 agnoscere.
3152 5310 3244 5370 Isti

2055 5375 2291 5444 uidentur
2329 5408 2435 5445 esse
2462 5392 2526 5444 de
2552 5407 2764 5445 numero
2796 5375 2989 5456 nostra,
3023 5389 3111 5444 sed
3147 5403 3237 5441 non
3390 5375 3518 5462 ﬂ

2055 5476 2197 5516 mero
2226 5473 2421 5516 nostra.
2458 5463 2518 5517 Si
2545 5464 2676 5516 enim
2718 5462 2782 5515 de
2810 5477 3021 5515 numero
3063 5470 3224 5515 nostra
3246 5456 3516 5528 [αἰσθαξέ

2056 5531 2250 5587 biscum
2275 5535 2603 5589 mansissent.
2654 5533 2856 5589 Bswz.

2130 5626 2609 5682 lX.—-Fortunato.
2646 5627 2779 5682 Vide
2834 5643 2949 5697 qua:
3006 5639 3103 5698 nos
3149 5621 3211 5698 de
3229 5592 3530 5698 ῥοδῇ

2054 5701 2368 5755 notavimus
2399 5701 2466 5754 ad
2497 5710 2656 5770 caput
2688 5701 2755 5754 10
2782 5685 2902 5756 111ίῇ
2946 5696 3100 5769 primi
3139 5694 3198 5749 de
3220 5685 3536 5770 Cm

2052 5773 2273 5843 cerdotii
2291 5780 2337 5825 et
2366 5773 2588 5843 imperii.
2620 5772 2821 5827 Bawz.
3058 5839 3084 5843 _
3150 5838 3161 5843 _
3300 5770 3373 5843 ,ς

2128 5794 2263 5826 'aom
2291 5794 2337 5825 ει
2366 5794 2588 5843 tmpertt.
2620 5794 2821 5827 DALUZ.
3410 5794 3423 5813 ¹

2128 5842 2207 5898 De
2231 5842 2462 5899 Ecclesia
2510 5845 2762 5917 profugis.
2811 5843 2868 5900 In
2900 5857 2998 5901 ms.
3046 5838 3197 5898 Corb.
3231 5794 3521 5917 M1
