3730 6270
334 245 441 300 8'25

1329 235 1761 295 ROMANORUM
1801 233 2212 292 PONTIFICUM
2252 231 2630 290 EPISTOLE.
3417 255 3496 314 διεδ
3638 243 3639 326 l

337 369 486 427 runt,
516 372 768 416 numerus
796 370 914 412 cum
939 355 1266 428 presbyteris
1286 363 1339 410 et
1361 355 1602 409 diaconis
1637 362 1919 423 compute-
1950 355 2003 415 Α
2027 351 2127 406 Vix
2159 350 2298 421 plebi
2325 350 2643 421 persuadeo,
2689 350 2856 406 immo
2883 361 3174 423 extorqueo,
3224 367 3270 411 ut
3312 365 3408 419 tiles
3427 386 3492 437 ρει.

335 462 444 518 tur,
507 455 682 523 plures
734 461 856 504 tunc
905 449 1195 503 adfuerunt.
1231 449 1434 518 judicio
1483 458 1534 503 et
1607 447 1924 518 cognitioni,

335 562 493 616 quam
521 554 645 599 sunt
675 543 832 597 iidem
859 543 966 607 isti,
995 542 1083 610 qui
1106 558 1225 596 cmn
1251 541 1544 595 Fortunato
1573 555 1710 593 nunc
1744 540 1927 594 viden.

338 649 422 692 tnr
449 653 567 691 esse
598 636 890 705 conjuncti.
924 635 1074 690 Scire
1105 635 1249 690 enim
1292 635 1481 698 debes,
1529 635 1692 689 frater
1719 635 1924 690 charis-

331 731 655 794 ritne,eum,
689 737 1054 798 posteaquam
1108 729 1594 798 psmtdnepiscopus
1645 731 1712 782 ab
1759 729 1927 784 lucre-

332 824 450 877 ticis
479 824 644 876 factus
669 831 768 885 est,
799 822 909 891 jam
935 837 1071 892 pene
1099 823 1165 876 ab
1194 822 1440 876 omnibus
1488 837 1608 876 esse
1630 821 1921 876 desertum.

329 915 646 986 Natnqueii,
673 917 865 985 quibus
902 917 951 968 in
987 917 1316 984 pra-teritum
1347 915 1628 984 prmsﬁgim
1669 917 1927 972 obtende-

328 1011 545 1072 bantttr,
587 1019 641 1063 et
683 1009 948 1063 dabantur
979 1011 1138 1064 verba
1188 1009 1414 1071 fallacia,
1465 1009 1603 1078 quod
1655 1010 1812 1065 simul
1860 1011 1926 1064 ad

328 1105 624 1160 Ecclesiam
653 1105 948 1173 regressnri
979 1107 1319 1167 dicerentur;
1357 1117 1540 1174 postea
1573 1120 1730 1174 qnam
1775 1106 1920 1161 vide'

327 1208 457 1252 runt
498 1198 603 1251 illic
659 1197 1180 1267 psendoepianputn
1251 1196 1465 1258 factum,
1540 1196 1823 1251 frustratos
1874 1208 1927 1252 et

328 1291 582 1359 deceptos
612 1305 668 1343 se
690 1304 812 1344 esse
841 1290 1166 1350 didicerunt.
1199 1301 1251 1343 et
1273 1297 1518 1343 remeant
1552 1289 1808 1358 quotidie,
1849 1299 1928 1343 at-

326 1404 430 1457 qnc
459 1386 522 1440 ad
560 1387 854 1440 Ecclesiam
901 1389 1112 1456 pulsant
1145 1404 1156 1438 :
1192 1387 1344 1439 nobis
1399 1397 1600 1448 tamen,
1651 1400 1680 1438 a
1733 1385 1926 1453 quibus

331 1481 468 1531 ratio
499 1479 724 1532 Domino
752 1478 1020 1532 reddenda
1055 1488 1155 1542 est,
1190 1478 1349 1531 anxie
1394 1476 1820 1543 ponderantibus
1875 1485 1930 1530 et

329 1571 560 1625 sollicite
613 1571 1064 1635 cxaminantilms,
1131 1571 1218 1636 qni
1273 1570 1436 1639 recipi
1492 1580 1542 1624 et
1599 1570 1804 1624 admitti
1863 1570 1929 1624 ad

327 1663 624 1717 Ecclesium
662 1663 912 1718 debeant.
937 1663 1266 1730 Quibusdam
1291 1664 1433 1716 enim
1466 1664 1534 1716 ita
1564 1673 1657 1716 aut
1705 1663 1928 1716 crimina

2037 447 2237 500 tiantur
2257 445 2462 500 admitti
2500 463 2513 500 :
2539 455 2590 499 et
2615 445 2808 512 justior
2847 445 3006 501 factus
3029 455 3107 500 est
3126 446 3410 509 fraternitatis
3429 459 3499 517 do.

2034 539 2116 592 lor
2141 555 2204 592 ex
2233 555 2320 603 eo,
2354 537 2496 608 qttod
2535 555 2669 592 unus
2698 548 2860 608 atque
2873 539 3021 604 alius,
3043 540 3284 597 obnitente
3304 545 3506 616 plebeia:

2029 632 2457 694 contradicente,
2489 647 2607 686 mea
2643 639 2822 685 mmen
2853 629 3089 687 facilitate
3109 639 3329 706 suscepti,
3358 643 3504 712 pejores

2029 726 2348 780 exstiterunt
2363 741 2520 794 qnam
2544 726 2690 794 prius
2715 723 2920 779 fuerant
2937 724 2983 789 ιι,
3012 740 3104 781 nec
3119 726 3255 784 fidem
3271 735 3509 800 paenitentia

2032 833 2250 872 servare
2280 825 2592 888 potuerunt,
2645 817 2770 886 quia
2815 831 2912 872 nec
2961 832 3076 873 cum
3116 835 3227 876 vera
3283 829 3508 894 ptnnitenti:

2035 921 2317 966 venerant.

2105 1006 2245 1060 XVI.
2278 1006 2350 1060 De
2374 1006 2490 1059 istis
2510 1020 2640 1060 vero
2669 1005 2795 1075 quid
2825 1005 3018 1070 dicam,
3050 1008 3131 1076 qui
3158 1023 3280 1064 nunc
3302 1012 3352 1066 ad
3370 1022 3407 1067 te
3424 1031 3506 1073 cum

2038 1098 2376 1152 Felicissimo
2411 1097 2650 1152 omnium
2683 1098 2965 1152 criminum
3000 1113 3090 1152 reo
3117 1101 3434 1173 navigaverunt,
3463 1109 3517 1166 le-

2031 1193 2140 1264 gati
2190 1210 2216 1246 a
2269 1192 2562 1247 Fortunato
2595 1192 3060 1262 psendnepiscopo
3099 1195 3251 1260 missi,
3285 1209 3357 1252 tam
3395 1201 3512 1261 falsas

2033 1286 2097 1338 ad
2129 1295 2180 1340 te
2212 1285 2418 1340 litteras
2437 1285 2751 1347 afferentes,
2783 1300 2944 1355 quam
2971 1297 3050 1339 est
3080 1295 3131 1340 et
3159 1287 3517 1359 ipse,cuiuslitte-

2033 1392 2120 1431 ras
2141 1377 2338 1436 lerunt.
2369 1377 2572 1439 falsus;
2598 1391 2757 1447 quam
2783 1387 2866 1431 est
2885 1377 3002 1446 ejus
3036 1391 3330 1444 peccatorum
3357 1383 3368 1418 ἱ
3393 1388 3522 1441 ιιιυὶὶὶο

2036 1469 2154 1538 plcx
2182 1469 2534 1535 conscientia,
2557 1484 2715 1539 quam
2739 1470 3058 1524 execrabilis
3082 1473 3202 1537 vita,
3223 1488 3350 1541 quam
3373 1478 3516 1547 turpis:

2035 1572 2092 1616 ut
2121 1572 2174 1617 et
2195 1565 2236 1616 si
2261 1563 2312 1617 in
2351 1565 2588 1618 Ecclesia
2613 1575 2818 1628 essent,
2847 1563 2972 1633 ejici
3008 1564 3134 1620 tales
3170 1569 3229 1621 de
3263 1567 3441 1624 Ecclesia
3459 1572 3523 1628 tle-

2037 1657 2316 1712 buissent?
2351 1657 2591 1728 Denique
2630 1658 2754 1728 quia
2785 1658 3170 1712 conscientiam
3204 1674 3329 1714 suam
3369 1676 3522 1730 norunt,

325 1770 422 1810 sua
447 1757 733 1818 obsistunt,
764 1769 848 1810 aut
885 1755 1076 1810 fratres
1107 1766 1132 1792 τι
1165 1756 1433 1809 obstinate
1481 1766 1534 1809 et
1572 1757 1796 1811 firmiter
1844 1773 1928 1810 re-
1962 1766 2007 1825 Β
2038 1767 2138 1806 nec
2172 1751 2184 1801 i
2226 1751 2426 1806 audent
2447 1752 2762 1817 venire,ant
2787 1752 2852 1806 ad
2876 1751 3129 1805 Ecclesia:
3156 1752 3293 1807 limen
3315 1755 3522 1818 accedere;

326 1848 591 1914 nituntur,
619 1857 676 1902 ut
707 1849 866 1918 recipi
896 1848 1117 1901 omnino
1157 1864 1261 1902 non
1313 1848 1520 1917 possint
1559 1847 1585 1884 ι)
1615 1865 1736 1902 cum
1772 1864 1928 1904 scan-

324 1939 447 1993 dalo
477 1951 525 1994 et
559 1941 794 2010 periculo
826 1939 1197 2009 plurimorum.
1251 1939 1437 2009 Neque
1477 1941 1619 1994 enim
1667 1943 1743 1995 sic
1776 1953 1932 2011 puta-

323 2033 466 2086 mina
500 2043 520 2069 ε
549 2033 792 2102 ιιιιιιξιιςιιιι
843 2033 1141 2102 colligenda
1193 2045 1336 2097 stitit,
1367 2043 1423 2088 ut
1471 2050 1588 2103 qua:
1633 2034 1836 2103 integra
1881 2045 1934 2090 et

323 2138 453 2177 sana
506 2135 629 2177 sunt
679 2125 1029 2178 vulnerentur
1088 2143 1102 2180 :
1158 2141 1258 2180 nec
1321 2127 1465 2180 utilis
1510 2135 1602 2182 aut
1656 2129 1936 2183 consultus

319 2227 404 2273 cst
442 2227 645 2288 pastor,
708 2219 795 2288 qni
851 2219 921 2272 ita
981 2219 1254 2273 mox-bitias
1300 2231 1352 2272 et
1383 2218 1408 2254 ἀ
1449 2229 1724 2275 contactus
1800 2238 1934 2278 oves

328 2313 474 2383 gregi
525 2312 806 2380 admiscet,
848 2322 904 2367 ut
941 2329 1154 2383 gregem
1213 2323 1383 2367 totum
1446 2315 1570 2368 ntali
1608 2316 1933 2371 cohmrentis

323 2402 675 2460 afllictatiouc
704 2407 1033 2459 coataiuinet
1065 2416 1108 2458 ο.
1147 2405 1190 2459 Ο
1215 2406 1258 2460 si
1289 2421 1494 2475 posses,
1532 2408 1693 2462 frater
1726 2409 1933 2464 charis-

333 2497 492 2560 sitne,
522 2499 640 2552 istic
671 2499 932 2552 interesse
962 2498 1263 2563 nobiscum,
1289 2514 1408 2553 cum
1433 2502 1577 2568 pravi
1612 2501 1696 2554 isti
1730 2512 1785 2556 et
1812 2518 1932 2570 per—

323 2590 468 2643 versi
504 2588 612 2643 fde
641 2591 930 2645 schismate
962 2593 1336 2646 revertuntur!
1386 2592 1595 2647 videres
1631 2595 1752 2663 quis
1802 2595 1932 2650 mibi

326 2681 480 2736 labor
510 2683 577 2736 sit
620 2683 946 2751 persuadere
979 2686 1288 2752 patientiam
1315 2684 1568 2738 fratribus
1593 2687 1813 2752 n05tris,
1851 2697 1929 2752 ut,

325 2775 491 2828 animi
535 2773 725 2830 dolore
777 2777 972 2846 sopito,
1011 2778 1332 2846 recipiendis
1378 2779 1530 2833 malis
1576 2779 1933 2850 curandisque

327 2867 688 2920 consentiant.
719 2866 961 2937 Namque
996 2878 1050 2922 nt
1075 2869 1309 2939 gaudent
1338 2877 1392 2922 et
1422 2871 1669 2924 lattantttr
1698 2888 1818 2926 cum
1850 2881 1932 2925 to-

324 2962 572 3015 lerabiles
621 2972 675 3016 et
725 2964 899 3016 minus
957 2963 1250 3032 culpabiles
1304 2963 1574 3028 redeunt,
1634 2966 1704 3018 ita
1747 2975 1932 3020 contra

328 3053 567 3108 fremunt
611 3063 665 3108 et
725 3056 1079 3118 reluctantur,
1134 3056 1344 3123 quoties
1404 3057 1828 3113 inemendabiles
1881 3068 1935 3113 et

2039 1846 2132 1900 sed
2165 1845 2296 1900 furis
2326 1861 2422 1915 per
2463 1847 2792 1916 provinciam
2849 1844 3309 1901 circumveniendis
3348 1846 3527 1906 fratribus

2037 1950 2088 1994 et
2121 1939 2422 2008 Spoliandis
2483 1948 2763 2009 pererrant
2793 1955 2808 1991 :
2839 1948 2894 1993 et
2932 1938 3175 1992 omnibus
3198 1938 3290 2007 jam
3307 1942 3406 1995 satis
3426 1942 3521 2006 noti,

2038 2042 2200 2103 atque
2255 2032 2495 2102 undique
2551 2046 2647 2100 pro
2705 2033 2816 2086 suis
2861 2029 3186 2086 facinoribus
3215 2031 3394 2098 exclusi,
3431 2034 3528 2089 illac
3615 2067 3621 2103 ε

2041 2130 2202 2180 etiam
2232 2125 2296 2179 ad
2328 2141 2424 2180 vos
2463 2128 2734 2196 navigant.
2769 2124 2958 2195 Neque
2986 2125 3126 2178 enim
3154 2125 3243 2178 illis
3264 2136 3393 2193 potest
3419 2126 3529 2180 frons
3607 2173 3612 2196 ί

2040 2235 2160 2275 esse
2188 2220 2254 2275 ad
2298 2236 2395 2275 nos
2441 2220 2752 2286 accedendi,
2790 2228 2883 2274 aut
2937 2219 3078 2289 apud
3124 2233 3212 2274 nos
3258 2219 3524 2286 consistendi;

2044 2331 2164 2370 cum
2200 2316 2307 2369 sint
2335 2315 2679 2370 acerbissima
2703 2323 2757 2369 et
2781 2312 3100 2384 gravissima
3130 2313 3341 2371 crimina.
3363 2328 3452 2380 qua
3481 2314 3546 2372 eis;

2039 2423 2065 2460 a
2101 2407 2353 2462 fratribus
2396 2409 2728 2478 ingerantur.
2763 2406 2820 2460 Si
2848 2407 3114 2473 judicium
3165 2416 3368 2460 nostrum
3403 2405 3532 2460 volite-
3583 2413 3590 2478 λ

2040 2501 2146 2554 rint
2169 2500 2424 2569 experiri,
2467 2501 2706 2554 veniant.
2755 2500 3000 2568 Denique
3025 2500 3066 2552 si
3100 2514 3195 2567 qua
3221 2498 3307 2551 illis
3335 2497 3534 2551 excusatio
3575 2509 3580 2560 ρ

2039 2603 2090 2647 et
2119 2593 2364 2647 defensio
2397 2603 2570 2663 potest
2595 2607 2735 2653 esse,
2791 2591 3074 2647 videamus
3101 2606 3244 2658 quem
3281 2591 3530 2645 habenam.

2043 2687 2363 2741 tisfactionis
2394 2703 2504 2740 sum
2527 2702 2766 2748 sensum,
2831 2702 3000 2754 quem
3039 2685 3252 2740 afferant
3293 2681 3540 2753 pmnitentia-

2039 2780 2270 2835 fructum
2306 2799 2318 2834 :
2347 2795 2444 2836 nec
2469 2779 2710 2834 Ecclesia
2752 2779 2873 2833 istic
2921 2778 3168 2848 cuiquam
3194 2775 3216 2812 ¹ί
3256 2777 3532 2838 cluditur,net

2038 2874 2322 2943 episcoints
2360 2869 2377 2908 1
2413 2872 2570 2926 alicui
2603 2871 2897 2942 denegatur
2936 2887 2950 2934 ;
2982 2869 3220 2939 patientia
3245 2879 3287 2924 et
3321 2866 3534 2922 fat-ilitaset
3583 2939 3586 2944 Ι

2039 2969 2348 3023 ltutnanitas
2371 2977 2551 3020 nostra
2579 2968 2927 3021 venientibus
2959 2974 3150 3035 przesto
3175 2974 3266 3020 est.
3290 2963 3402 3031 Opto
3417 2975 3536 3016 omnes

2039 3061 2091 3115 iit
2112 3061 2404 3116 Ecclesiam
2435 3059 2665 3130 regredi,
2690 3068 2816 3127 opto
2836 3059 3127 3112 universos
3143 3055 3466 3110 commilitones
3479 3065 3538 3104 tto-

327 3151 583 3219 proterri,
619 3158 674 3204 et
707 3150 786 3203 vel
817 3150 1095 3204 adulteriis
1128 3151 1212 3204 vel
1241 3150 1520 3205 sacrificiis
1553 3154 1928 3218 contaminati,
1961 3167 2005 3229 ρ
2041 3153 2303 3208 trosintra
2323 3151 2711 3207 Clu'isticastra
2731 3161 2784 3206 et
2801 3151 2890 3205 Dei
2905 3150 3088 3204 Patris
3105 3139 3534 3203 domiciliacondtltii:

331 3252 386 3297 et
414 3253 532 3312 post
565 3241 679 3295 haec
711 3242 887 3297 adhuc
915 3243 1136 3312 insuper
1166 3253 1220 3297 ct
1246 3245 1485 3313 superbi,
1519 3245 1597 3299 sic
1642 3245 1707 3298 ad
1747 3245 1932 3301 Eccle-

333 3338 468 3393 siam
495 3344 758 3402 remeant,
815 3346 872 3390 ιιι
926 3337 1065 3391 bona
1107 3340 1248 3393 intus
1307 3340 1515 3410 ingenia
1567 3349 1932 3410 corrumpant.

2035 3247 2272 3302 Remitto
2302 3246 2502 3310 omnia,
2529 3244 2695 3300 multa
2720 3244 3032 3304 dissimulo.
3064 3241 3232 3296 studio
3252 3249 3294 3293 et
3314 3248 3411 3292 voto
3432 3231 3527 3290 colli-

2036 3341 2226 3411 genda:
2256 3339 2628 3406 fraternitatis,
2643 3337 2803 3394 etiam
2819 3351 2943 3408 quae
2968 3336 3020 3390 iit
3044 3336 3203 3390 Deum
3221 3329 3536 3388 commissam“

1558 3453 1941 3512 LECTIONES
2003 3454 2420 3511 VARIANTES.

405 3571 430 3597 ει
458 3569 553 3615 Aut
575 3567 808 3616 fratribus
832 3567 966 3614 Lam.
994 3566 1118 3616 Bod.
1144 3568 1193 3615 2.
1232 3568 1376 3617 Ebor.
1406 3569 1514 3617 ΝΟ.
1537 3570 1582 3617 1.

405 3627 434 3666 ιτ
461 3630 836 3695 Nonupossunt,
888 3629 986 3678 nisi
1023 3643 1134 3678 cum
1171 3631 1399 3679 seandalo
1427 3633 1558 3680 Lam.
1590 3632 1709 3680 Bod.
1740 3634 1785 3694 1,
1823 3633 1869 3695 ‘2,
1895 3633 1943 3681 3.

341 3691 486 3742 Ebor.
515 3693 622 3741 NG.
659 3694 699 3739 l.

408 3759 428 3783 ε
460 3755 743 3817 Putramina
794 3757 911 3803 Ver.
942 3754 1180 3816 fragmina
1219 3756 1351 3803 Lam.
1399 3757 1516 3806 Ben.
1551 3757 1675 3805 Bod.
1720 3759 1765 3816 l,
1809 3757 1857 3817 “2,
1897 3759 1944 3808 5.

345 3816 756 3929 Ιλίῖἶῖξῗίνέδιεις.
787 3878 1046 3936 Compend.
1081 3893 1169 3930 ms.
1199 3880 1227 3926 Ι
1232 3878 1341 3928 dem
1371 3877 1533 3929 habuit
1576 3887 1617 3930 et
1670 3881 1812 3931 Corb.
1855 3883 1940 3932 sed

344 3941 544 3992 subinde
567 3940 616 3990 in
656 3954 711 3990 eo
735 3937 894 4004 littera
919 3957 939 3988 r
966 3949 1207 4004 expuncta
1231 3949 1315 3993 est.

417 4007 439 4034 θ
467 4004 571 4052 Non
589 4003 816 4053 attendas
837 4003 1092 4052 numerum
1128 4005 1338 4053 illorum.
1361 4004 1535 4054 Melior
1563 4011 1641 4054 est
1667 4008 1797 4054 enim
1817 4020 1943 4055 unus

347 4068 544 4126 timens,
569 4080 712 4128 quam
751 4065 883 4128 mille.
923 4066 1004 4114 lilii
1034 4068 1184 4128 impii,
1223 4069 1351 4117 sicut
1389 4068 1578 4116 locutus
1612 4077 1689 4116 est.
1711 4068 1943 4118 Dominus

350 4143 442 4190 per
469 4127 764 4192 Prophetatn
787 4127 960 4178 dicens
985 4143 994 4175 :
1029 4129 1135 4190 Fili,
1162 4145 1226 4179 ne
1246 4132 1532 4192 jocunderis
1559 4133 1604 4178 in
1632 4130 1743 4180 filiis
1762 4133 1940 4192 impiis,

351 4193 394 4239 si
420 4191 809 4253 multiplicemur
839 4193 954 4252 tibi,
996 4206 1105 4242 cum
1139 4206 1234 4242 non
1268 4191 1418 4242 fuerit
1446 4197 1589 4242 timor
1611 4193 1706 4242 Dei
1742 4195 1790 4242 iu
1823 4191 1944 4257 ipsis

2045 3571 2187 3621 Foss.
2599 3619 2602 3622 .

2115 3630 2134 3668 τ
2162 3633 2400 3682 Subversi
2431 3634 2608 3682 Benev.

2113 3698 2138 3736 κ
2164 3696 2482 3745 Obteudente
2511 3694 2634 3744 Bod.
2661 3695 2708 3742 3.

2111 3757 2138 3795 h
2164 3757 2404 3821 Fuerunt,
2429 3760 2512 3821 qui
2530 3772 2632 3806 nec
2653 3756 2798 3805 fidem
2826 3758 2965 3821 Lam.
2995 3755 3147 3821 liber.
3175 3752 3331 3806 Bodl
3351 3750 3426 3802 tif}.
3439 3747 3475 3802 1.

2118 3821 2134 3888 ᾖ
2168 3820 2332 3888 'l‘estis
2357 3819 2464 3888 ejus
2490 3829 2798 3888 peccatorum
2830 3819 2960 3869 Bod.
2987 3820 3032 3867 ἓ.
3151 3881 3162 3888 _
3232 3887 3238 3888 γ
3293 3875 3314 3888 η

2117 3886 2128 3933 t'
2167 3884 2194 3930 Ι
2199 3875 2421 3946 ιαλιιοςιῇἱ
2443 3875 2555 3946 mss.
2584 3883 2644 3930 At
2670 3879 2808 3946 editi,
2833 3896 2928 3946 nec
2955 3894 3046 3930 nos
3070 3875 3375 3946 θιιάριιῑμὰἱνθι

2117 3948 2141 3984 k
2169 3942 2301 4010 Editi
2337 3944 2604 4010 clauditur:
2632 3943 2994 4010 refragantitms
3025 3957 3168 4010 mssa
3363 3939 3402 3987 in
3425 3945 3548 4010 rectit-

2047 4006 2171 4058 tiorc
2198 4008 2329 4058 Colb.
2354 4020 2447 4056 nec.
2473 4001 2721 4070 episcoiio,
2747 4001 2796 4058 iit
2818 4005 3118 4069 quibusdam
3136 4001 3305 4070 Anglic.
3323 4013 3394 4050 nec
3413 4001 3550 4060 apisci-
3595 4001 3598 4070 ξ

2082 4079 2210 4119 atus.

2049 4084 2482 4197 painlsipiscoiiatus
2509 4134 2686 4182 Benev.
2722 4135 2861 4183 Voss.
2888 4132 2936 4181 2.
2970 4131 3096 4182 Bod.
3123 4133 3169 4181 5.

1646 4299 2010 4356 VARIORUM
2047 4298 2274 4355 ΝΟΤᾹΞ.

429 4417 547 4491 Non
579 4418 792 4486 possint.
825 4415 880 4472 In
901 4433 996 4473 sex
1028 4434 1159 4473 mss.
1187 4420 1398 4491 Anglic.
1431 4419 1520 4491 hic,
1542 4417 1914 4491 adjiciturnisi
1937 4434 1955 4471 :
1986 4431 2034 4491 ι)
2059 4417 2212 4491 libris
2236 4417 2536 4491 veteribus.
2572 4417 2838 4491 Prmterea
2865 4417 3131 4491 lligaltius
3151 4401 3544 4491 adtuoncl§eiihg

353 4489 495 4558 quod
546 4490 690 4543 abest
721 4507 760 4542 τιν
804 4493 1002 4543 nostris
1052 4505 1188 4546 mss.
1220 4490 1339 4543 Mox
1392 4490 1614 4543 totidem
1667 4489 1960 4557 praeferunt

356 4562 614 4630 fragmina
647 4576 745 4628 pro
768 4575 900 4614 voce
923 4565 1212 4630 putamina,
1242 4563 1399 4630 cujus
1427 4561 1546 4613 loco
1590 4575 1720 4613 mss.
1756 4560 1956 4614 Veron.

354 4628 462 4685 duo
484 4631 637 4685 (lolb.
673 4647 880 4684 uer-nun
909 4628 1071 4684 Corb.
1111 4646 1137 4681 a
1171 4629 1341 4698 prima
1380 4646 1540 4684 manu
1567 4631 1824 4685 exhibent
1857 4648 1957 4701 ptt-

355 4703 596 4754 tramina.
637 4703 941 4756 CousTANT.

427 4771 542 4826 XV.
564 4773 767 4826 —Nisi
796 4789 910 4824 cum
939 4770 1410 4825 scandato.Voceni
1441 4772 1560 4835 nisi,
1590 4787 1707 4836 qum
1735 4771 1954 4828 videba—

356 4853 442 4897 tur
471 4844 662 4897 deesse
710 4846 760 4896 in
797 4843 899 4894 huc
927 4843 1060 4904 loco,
1098 4843 1435 4908 reposuimus
1465 4842 1634 4895 secuti
1663 4848 1950 4899 auctorita-

353 4925 460 4968 tem
491 4927 720 4981 quatuor
746 4921 995 4964 Veterum
1025 4915 1436 4981 exemplarium.
1470 4914 1669 4968 BALUZ.

425 4985 746 5038 Putramina.
780 4981 918 5035 Infra
951 4986 999 5036 in
1031 4984 1166 5036 libro
1202 4986 1264 5038 de
1292 4983 1496 5051 Lupsis,
1547 5000 1666 5054 pag.
1701 4985 1824 5049 186,
1851 5003 1949 5054 pu-

346 5055 651 5110 traminihtts
678 5055 977 5122 amputatis.
1005 5057 1266 5121 Quianitl
1296 5057 1385 5109 alii
1411 5061 1666 5122 sentiant,
1689 5073 1788 5127 ego
1819 5071 1946 5126 pttlo

347 5127 486 5180 hanc
510 5128 792 5178 lectionem
826 5140 944 5178 esse
987 5127 1342 5188 retinendam,
1390 5144 1509 5181 cum
1560 5139 1860 5196 reperiatur
1892 5130 1942 5184 in

341 5199 393 5250 in
422 5196 673 5249 omnibus
701 5197 934 5262 antiquis
965 5199 1368 5265 exemplaribus
1395 5209 1446 5251 et
1478 5199 1527 5252 in
1561 5203 1797 5266 antiquis
1825 5200 1941 5253 edi-

340 5270 596 5322 tionilins.
649 5265 704 5321 ln
755 5267 939 5321 codica
980 5270 1220 5324 Lantonii
1270 5270 1479 5340 legitur,
1518 5272 1595 5324 vel
1627 5265 1934 5340 fragmenta,

337 5341 417 5393 vel
453 5340 761 5408 sputamitta.
800 5340 998 5395 BALUz.

409 5408 729 5479 Colligendn.
801 5413 1198 5468 Illustrissith
1253 5414 1539 5482 episcopus
1611 5413 1935 5468 Oxoniensis

333 5484 556 5548 putabat
583 5484 742 5538 scribi
774 5484 972 5538 debere
1009 5485 1323 5554 coltigandu.
1357 5485 1556 5541 Verum
1589 5501 1779 5539 omnes
1810 5486 1931 5540 libri

340 5562 629 5625 veteresrt
657 5571 845 5608 omnes
864 5557 1132 5610 editiones
1163 5558 1822 5625 repugnant.llrinltartus
1848 5573 1933 5624 po-

339 5622 927 5698 sui_t_rollidcndn,forte
945 5643 1037 5694 per
1079 5622 1322 5680 errori-ni
1349 5628 1688 5698 typngtaplti.
1727 5622 1929 5685 BALitz.

411 5691 527 5768 Non
565 5700 812 5752 attendas.
854 5691 1196 5752 Retinnintus
1243 5691 1386 5753 hanc
1411 5691 1751 5768 peric-open,
1799 5702 1923 5768 quia

328 5760 472 5815 illam
509 5763 804 5825 inveniunts
848 5772 898 5824 in
931 5770 1163 5840 antiquis
1190 5760 1515 5826 editionilius
1567 5760 1700 5825 et'in
1731 5760 1917 5826 decem

3350 4581 3416 4616 τηε
3577 4581 3580 4582 ⁷

3434 4959 3458 4970 ιι.
3470 4954 3551 4983 “ﬁli”

3436 5000 3439 5009 Ρ
3461 4996 3463 4998 ’
3486 5004 3487 5009 l
3502 5004 3507 5005 γ
3546 5002 3551 5009 tt

3472 5024 3535 5067 se;

3444 5076 3447 5085 ι
3544 5086 3547 5087 ,

3445 5172 3463 5182 .
3476 5164 3483 5183 ξ
3496 5156 3559 5187 5'er

3434 5195 3456 5235 llr
3480 5206 3481 5209 η
3522 5190 3545 5207 at

3520 5624 3531 5631 κ

3199 5633 3306 5682 θην
3317 5633 3402 5690 Μ,
3415 5633 3432 5638 .,

3209 5633 3640 6122 j

2068 4489 2339 4543 invenisse
2381 4490 2430 4541 in
2477 4503 2582 4542 uno
2629 4479 3218 4558 exemplariveditimiis
3246 4479 3580 4558 Manutiagpjl.

2066 4576 2172 4628 quo
2198 4575 2260 4615 ea
2286 4559 2469 4613 addita
2497 4559 2670 4613 fuerat
2709 4576 2772 4614 ex
2792 4547 3043 4627 'qttodant
3097 4559 3232 4613 libro
3259 4547 3552 4628 veteri-5%:
3575 4567 3580 4628 ἢ

2064 4619 2186 4684 tiien
2220 4647 2336 4684 eam
2363 4646 2465 4684 n0n
2494 4632 2667 4693 posuit
2699 4632 2751 4684 in
2783 4619 3068 4695 contextu,
3103 4629 3192 4684 sed
3220 4619 3580 4695 inter

2063 4704 2257 4757 tiones.
2289 4703 2564 4757 Manucins
2587 4718 2704 4757 eam
2735 4702 3020 4773 rejecerat,
3080 4695 3556 4773 laudatus

2059 4751 3026 4844 g;"‘ti.;;..1';.ts.“iutilius?‘iff'iiié

2060 4847 2441 4931 manuscriptis
2468 4839 2738 4931 omnibus,
2785 4857 2900 4931 Iuni
2927 4845 3072 4914 quod
3119 4841 3244 4931 niihil
3271 4839 3360 4894 hoc

2057 4917 2361 4992 institutum
2394 4916 2571 4992 facere
2594 4918 2826 4992 videtur.
2857 4917 3117 4992 Mittasset
3144 4916 3272 4968 forte

2052 5002 2204 5042 suam
2252 4988 2543 5046 pillllt'iills.
2591 4989 2634 5042 si
2666 4989 2914 5044 scivisset
2957 4989 3103 5042 illam
3127 4995 3324 5058 exstare
3343 4988 3551 5058 iam

2049 5061 2285 5131 antiquis
2319 5059 2594 5115 codicibus
2649 5070 2702 5112 et
2747 5060 2798 5112 in
2854 5075 2918 5114 eo
2957 5072 3119 5131 quem
3176 5056 3295 5131 citat

2049 5127 2459 5207 Priorellinsnon
2506 5131 2755 5199 probavit
2783 5131 2923 5199 quod
2952 5127 3150 5207 factum
3172 5127 3559 5207 .fuetﬂim

2046 5201 2144 5256 tio.
2174 5204 2238 5256 Et
2263 5204 2408 5255 enim
2435 5193 2537 5257 hoc
2559 5193 2897 5267 segmentum
2929 5200 3149 5255 retinuit
3171 5198 3220 5251 in
3243 5193 3545 5270 edition}

2043 5271 2202 5337 Angli
2246 5275 2570 5327 omiserunt.
2605 5265 2874 5328 Caeterum
2919 5271 3180 5327 silendum
3229 5280 3322 5337 non

2040 5333 2340 5420 desiderari
2384 5345 2434 5420 in
2470 5345 2733 5420 tredecim
2765 5345 2916 5399 libris
2939 5343 3233 5420 veteribus:
3253 5333 3515 5420 ﬂagtgg

2111 5415 2251 5470 XVI.
2294 5445 2364 5456 -—
2394 5415 2708 5483 Colligenda:
2739 5415 3086 5487 fraternitatis.
3129 5408 3533 5487 codex-lilia

2039 5489 2310 5554 politauns
2365 5475 2595 5541 unitatis.
2631 5475 2750 5543 Sed'
2769 5489 2870 5541 alia
2903 5487 3056 5541 lectio
3084 5482 3278 5540 melior.
3301 5475 3495 5557 [ιιι-ῃ

2035 5575 2140 5631 non
2173 5569 2290 5613 erat
2321 5559 2660 5628 negligenda.
2695 5558 2894 5614 ΒΑιῠζ.
3365 5627 3402 5631 ,4

2107 5629 2209 5684 Per
2238 5627 2554 5700 praph’etam.
2585 5631 2638 5684 In
2669 5647 2774 5684 uno
2805 5633 2938 5684 libro
2969 5641 3090 5684 meo
3115 5627 3533 5700 νοιαιετρτᾙ

2030 5691 2249 5756 mortem;
2282 5703 2466 5757 Recte.
2492 5701 2624 5756 Nam
2658 5705 2756 5757 iSta
2788 5710 3002 5772 sumpta
3029 5707 3152 5756 sunt

2027 5772 2246 5830 siastici.
2280 5774 2478 5830 BALUZ.
3249 5849 3256 5858 ,
3327 5815 3334 5826 ³
3359 5789 3378 5822 ’⁵
