3730 6270
126 318 225 378 825

818 307 1149 366 EPISTULA
1191 309 1309 367 Xll.
1341 311 1398 369 S.
1433 310 1759 370 CYPRIANI
1795 313 1889 371 AD
1925 311 2327 375 CORNELIUM
2366 317 2619 381 ΡᾹΡᾹΜ.

3236 332 3349 390 826

114 451 211 499 non
220 431 359 505 pleno
370 427 557 501 judicio
571 426 841 499 religionis
856 431 1339 497 examino,delietis
1352 433 1641 506 plusquam
1670 437 1723 499 Α
1748 450 2004 503 na,quam
2018 436 2160 508 quod
2177 446 2200 485 ε
2214 436 2281 492 ad
2303 439 2686 510 protegendum
2702 443 2957 512 prmvalet
2968 443 3146 502 divina
3168 446 3329 504 tutela
3340 484 3357 503 .

107 533 294 601 oportet
310 522 626 580 remittendis
674 537 812 593 pene
852 524 966 594 ipse
1002 525 1256 597 delinqno
1298 546 1311 582 :
1360 529 1656 598 amplector

104 630 320 703 prompta
349 627 399 675 et
440 618 589 688 plena
622 618 907 676 dilectione
934 636 1056 677 cum
1109 624 1422 693 pteuitentia
1475 639 1657 680 rever-

99 727 276 781 tentes,
298 720 550 784 peccatum
573 726 728 767 sunnt
756 713 1118 772 satisfacdone
1145 716 1332 772 humili
1353 726 1404 773 et
1430 716 1655 787 simplici

100 808 403 871 conﬁtentes.

187 901 322 958 XVII.
344 898 392 956 Si
416 897 497 969 qui
522 907 705 954 autem
734 909 882 969 sunt,
909 903 999 973 qui
1029 909 1215 971 putant
1255 916 1315 958 se
1354 901 1422 958 ad
1473 902 1657 958 Eccle-

108 998 238 1058 siant
288 1010 375 1048 non
409 992 663 1062 precibus,
723 995 816 1050 sed
861 997 1017 1051 minis
1063 999 1271 1067 regredi
1315 1012 1512 1067 posse;
1566 1006 1658 1052 aut

114 1089 383 1148 existimant
400 1084 585 1138 aditum
614 1100 673 1141 se
704 1086 806 1142 sibi
834 1101 942 1143 non
972 1088 1451 1144 lamentationibus
1480 1095 1536 1144 et
1572 1104 1659 1143 sa-

117 1179 462 1246 tisfactionibos,
494 1178 589 1235 sed
628 1181 924 1237 terroribus
977 1183 1156 1240 facere
1193 1200 1208 1238 :
1262 1198 1360 1254 pro
1386 1192 1535 1239 certo
1563 1183 1658 1238 ba-

122 1279 271 1340 beant,
293 1282 452 1329 contra
478 1272 610 1327 tales
631 1273 837 1329 elusam
877 1285 1022 1331 stare
1069 1275 1365 1332 Ecclesiam
1417 1276 1651 1342 Domini,

131 1386 202 1428 nec
218 1378 362 1425 castra
384 1364 567 1421 Christi
620 1366 816 1422 invicta
839 1378 894 1423 et
920 1368 1098 1435 fortia,
1131 1377 1186 1425 et
1216 1369 1446 1425 Domino
1474 1377 1659 1425 tuente

135 1467 306 1527 munita,
330 1464 472 1520 minis
500 1462 717 1519 cedere.
752 1463 1018 1521 Sacerdos
1058 1464 1151 1522 Dei
1196 1465 1544 1537 Evangelinnt
1581 1474 1658 1520 te-

140 1577 256 1627 nens,
270 1567 313 1615 et
328 1556 501 1612 Christi
518 1565 787 1628 praecepta
809 1558 1142 1622 custodiens,
1157 1558 1331 1614 occidi
1351 1568 1657 1629 potest,non

144 1665 277 1726 potest
298 1653 429 1707 vinci.
457 1651 704 1722 Suggerit
733 1661 788 1708 et
813 1652 1189 1708 subministrat
1212 1654 1366 1709 nobis
1405 1653 1655 1723 exempla

154 1751 316 1806 virtutis
326 1745 479 1803 aclidei
493 1745 783 1802 Zacharias
797 1756 823 1785 ει
839 1749 1065 1804 antistes
1084 1748 1200 1809 Dei.
1222 1749 1310 1819 qui
1328 1763 1448 1804 cum
1465 1745 1658 1804 terreri

1830 528 2016 585 XVIII.
2052 530 2133 585 An
2157 531 2221 585 ad
2255 531 2376 597 hoc,
2421 532 2586 588 frater
2618 535 2933 594 cbarissime
2964 580 2978 604 ,
3037 538 3355 611 deponenda

1757 630 1839 675 est
1863 621 2140 677 catholicae
2166 622 2421 680 Ecclesiae
2440 624 2692 696 dignitas,
2720 637 2775 683 et
2801 628 2971 699 plebis
3000 631 3143 687 intus
3165 632 3355 702 positae

1758 716 1933 772 ﬁdelis
1953 726 2112 788 atque
2143 719 2448 789 incorrupta
2480 721 2753 793 majestas,
2779 731 2835 777 et
2855 724 3203 780 sacerdotalis
3223 740 3360 797 quov

1758 824 1862 877 que
1889 810 2177 864 auctoritas
2203 826 2265 867 ac
2296 822 2551 881 potestas,
2579 823 2635 869 ut
2660 814 2905 885 judicare
2924 818 3064 874 velle
3094 832 3155 873 se
3181 818 3364 875 dicant

1757 902 1826 957 de
1850 902 2104 958 Ecclesia:
2134 906 2420 973 praeposito
2464 916 2612 962 extra
2660 908 2955 966 Ecclesiam
3004 912 3278 967 constituti
3305 909 3358 980 ιι,

1758 996 1826 1052 de
1873 996 2178 1055 Christiano
2209 999 2472 1066 hanretiei,
2506 1002 2575 1058 de
2604 1018 2736 1059 sano
2789 1006 2979 1072 saucii,
3032 1006 3100 1063 de
3154 1009 3365 1078 integro

1761 1094 2045 1161 vulnerati,
2095 1094 2164 1150 de
2205 1104 2381 1152 stante
2411 1096 2564 1166 lapsi,
2621 1097 2687 1152 de
2722 1098 2903 1167 judice
2928 1100 3029 1166 rei,
3077 1099 3146 1156 de
3186 1114 3367 1157 sacer-

1759 1186 1883 1243 dote
1911 1188 2197 1258 sacrilegi?
2223 1188 2361 1256 Quid
2392 1200 2661 1260 superest,
2696 1206 2855 1261 quam
2887 1201 2946 1246 ut
2987 1192 3224 1248 Ecclesia
3263 1191 3366 1248 Ca-

1762 1277 1945 1347 pitolio
1974 1280 2130 1334 cedat
2178 1291 2232 1334 et
2285 1280 2661 1338 recedentibus
2704 1283 3098 1349 sacerdotibus,
3143 1298 3208 1340 ac
3257 1284 3365 1340 Do-

1762 1370 1891 1425 mini
1920 1371 2091 1427 altare
2132 1375 2542 1431 removentibus
2581 1375 2628 1443 ί,
2676 1376 2728 1431 in
2756 1377 2887 1433 cleri
2938 1379 3108 1434 nostri
3157 1392 3368 1434 sacrum

1760 1466 2228 1537 venerandumque
2266 1483 2577 1524 consessum
2628 1471 2950 1527 simulacbra
3006 1480 3169 1544 atque
3220 1471 3361 1528 idola

1759 1570 1879 1611 cum
1918 1558 2027 1611 aris
2063 1558 2174 1613 suis
2232 1568 2526 1627 transeant,
2571 1571 2626 1616 et
2678 1561 2976 1619 Novatiano
3027 1563 3368 1621 declamandi

1759 1647 2049 1703 adversum
2100 1664 2200 1705 nos
2240 1662 2399 1722 atque.
2442 1652 2752 1722 increpandi
2806 1655 3005 1725 largior
3052 1665 3108 1711 et
3152 1656 3366 1727 plenior

1762 1744 1983 1797 materia
2046 1757 2367 1814 prmstelur;
2428 1747 2472 1801 si
2534 1748 2569 1802 ii
2627 1749 2716 1819 qui
2791 1749 3248 1815 sacriﬁcaverunt,
3309 1758 3365 1805 et

153 1844 279 1901 minis
295 1840 636 1911 empidauone
664 1841 692 1880 b
724 1856 828 1896 ηοη
855 1850 1061 1914 posset,
1095 1842 1148 1896 ῖη
1172 1842 1372 1914 [empto
1423 1843 1513 1898 θεῖ
1562 1858 1656 1899 ορ-
1687 1839 1736 1900 Β
1763 1832 2037 1890 Christum
2068 1839 2284 1906 publice
2314 1851 2669 1909 negaverunt,
2703 1855 2808 1894 non
2836 1850 3039 1896 tantum
3084 1841 3285 1911 rogari,
3315 1849 3371 1895 et

148 1942 363 1999 eisosest;
395 1937 621 1993 clamans
640 1945 697 1993 et
738 1937 1030 1994 identidem
1081 1937 1305 2004 dicens,
1356 1936 1499 2007 quod
1557 1953 1658 1994 nos

139 2046 302 2104 quique
320 2039 478 2085 contra
511 2030 798 2087 haereticos
826 2033 1125 2087 clamamus
1145 2040 1199 2087 et
1218 2031 1445 2085 dicimus
1478 2047 1492 2083 ε
1530 2030 1658 2084 Ηατ

120 2126 226 2178 dicit
249 2123 456 2178 Dominus
487 2135 532 2191 ε,
564 2124 906 2196 dereliquistis
932 2126 1040 2181 vias
1072 2126 1303 2189 Domini,
1328 2136 1374 2179 et
1402 2125 1654 2180 Dominus

110 2217 462 2286 derelinquetttos
489 2215 515 2253 ἀ
547 2216 615 2290 (ll
645 2215 829 2271 Paral.
862 2217 1329 2289 xxtv.ﬂl).Neque
1347 2219 1510 2285 enim,
1534 2220 1657 2290 quia

100 2309 242 2379 pauci
263 2310 498 2365 temerarii
519 2320 573 2365 et
594 2311 844 2379 improbi,
867 2312 1119 2368 caelestes
1143 2322 1166 2349 ο
1190 2322 1245 2366 et
1264 2313 1526 2368 salutares
1545 2311 1660 2367 vias

98 2402 293 2458 Domini
320 2402 681 2474 derelinquunt
698 2403 718 2443 τ
729 2447 744 2469 .
771 2415 826 2461 et
850 2415 1035 2462 sancta
1054 2423 1160 2461 non
1175 2415 1396 2477 agentes
1421 2421 1449 2460 a
1473 2414 1660 2463 sancto

89 2496 278 2565 Spiritu
319 2498 657 2568 deseruntur;
711 2501 834 2559 ideo
891 2512 943 2557 et
984 2518 1085 2559 nos
1122 2501 1318 2558 divinae
1351 2501 1658 2558 traditionis

87 2591 400 2650 immemores
429 2610 547 2650 esse
573 2596 855 2661 debemus,
884 2606 937 2652 ut
966 2597 1168 2668 majora
1196 2586 1335 2653 esse
1361 2597 1655 2652 furentium

81 2684 297 2749 scclera,
313 2703 458 2756 quam
477 2690 817 2745 sacerdotum
842 2691 1039 2761 judicia
1058 2706 1398 2756 censeamus;
1418 2700 1510 2746 aut
1540 2692 1659 2762 plus

82 2790 135 2831 es
159 2776 494 2836 istimemnsad
526 2782 943 2854 impugnandum
973 2799 1133 2856 posse
1162 2783 1392 2840 humana
1423 2784 1663 2839 conami-

1761 1926 1879 1981 sine
1906 1936 2021 1982 acta
2055 1929 2369 1996 pmnitcntia
2401 1930 2636 1996 admitti,
2679 1931 2772 1985 sed
2802 1931 2978 1985 adhuc
3002 1931 3223 2002 insuper
3256 1945 3370 1987 coe-

1762 2024 1938 2091 perint
1960 2023 2181 2077 terroris
2201 2024 2281 2078 Sui
2307 2033 2568 2092 potestate
2594 2024 2902 2080 dominari?

1834 2115 1976 2170 XIX.
2003 2114 2060 2170 Si
2091 2130 2278 2185 pacem
2322 2116 2616 2185 posmlant,
2645 2132 2795 2172 arma
2837 2117 3109 2187 deponant
3138 2134 3151 2171 :
3193 2118 3239 2174 si
3284 2132 3369 2175 sa-

1767 2212 2053 2275 tisfaciunt,
2112 2211 2239 2282 quid
2314 2211 2621 2266 minantur?
2672 2211 2779 2267 Aut
2836 2213 2880 2267 si
2949 2212 3363 2277 comminantur,

1763 2307 1936 2363 sciant
1985 2307 2107 2377 quia
2138 2321 2166 2359 a
2208 2307 2577 2363 sacerdotibus
2611 2307 2702 2363 Dei
2729 2322 2833 2362 non
2875 2306 3151 2363 timentur.
3183 2307 3368 2378 Neque

1764 2401 1906 2454 enim
1935 2408 1991 2455 et
2036 2398 2399 2454 Antichristus
2428 2414 2549 2454 cum
2597 2399 2782 2454 venire
2826 2400 3072 2470 cmperit,
3127 2399 3371 2455 introibit

1765 2495 1817 2548 in
1843 2492 2307 2564 Ecclesiam,quia
2340 2494 2610 2558 minatur;
2650 2504 2740 2547 aut
2788 2494 2956 2548 armis
3001 2494 3119 2564 ejus
3160 2503 3213 2549 et
3254 2494 3368 2550 vio-

1766 2587 1946 2641 lentiae.
1999 2568 2226 2651 ceditur,
2294 2584 2415 2655 quia
2476 2585 2788 2640 resistentes
2836 2594 3238 2655 perempturum
3308 2599 3369 2641 se

1766 2696 1887 2736 esse
1917 2680 2211 2749 profitetur.
2255 2680 2480 2733 Armant
2517 2692 2614 2731 nos
2645 2677 2904 2743 lueretici,
2959 2679 3084 2732 dum
3125 2693 3223 2733 nos
3269 2694 3368 2749 pu-

1767 2787 1881 2833 tant
1909 2791 2001 2832 sua
2029 2772 2446 2830 comminatione
2469 2771 2657 2827 terreri
2689 2787 2703 2825 :
2733 2786 2832 2827 nec
2860 2771 2910 2825 in
2936 2770 2949 2822 i
2981 2785 3111 2842 pace
3146 2785 3244 2826 nos
3271 2769 3366 2826 deo

1270 2898 1657 2958 LECTIONES
1713 2889 2129 2951 VABIANTES.

141 3034 164 3062 ⁸
186 3033 375 3086 Virtutis
404 3038 528 3087 acris
549 3037 806 3087 Zacharias
826 3040 951 3090 Bod.
975 3042 1024 3089 5.

280 3098 711 3169 idationibps_La_m.
736 3101 845 3169 NQ.
872 3103 918 3153 1.
942 3102 1065 3169 Boil.
1095 3102 1141 3169 2,
1170 3104 1218 3169 ᾖ.
1246 3101 1390 3169 Ebur.

138 3160 269 3231 ﬁgit:
286 3160 396 3231 Ded.
422 3160 531 3231 1L2,
550 3164 600 3213 5.
620 3163 758 3231 _L_am.
788 3163 932 3231 liber.
963 3165 1071 3231 NG.
1097 3160 1145 3225 1,
1166 3167 1215 3217 2.
1239 3167 1363 3215 dixit
1404 3165 1562 3228 Impr.

138 3220 164 3260 ά
184 3220 411 3290 gicLam.
436 3225 581 3290 Elter.
612 3224 715 3277 Lin.
745 3226 995 3290 relinquet
1021 3220 1178 3280 Oxon.

140 3290 160 3316 ε
186 3284 410 3337 ὓσιεειρε
431 3287 687 3338 thesauros
714 3290 845 3339 Lam.
875 3284 1018 3341 Ebor.
1048 3290 1171 3342 Bod.
1195 3292 1245 3340 ξ.
1274 3292 1380 3342 NC.
1410 3291 1455 3339 I.

140 3345 161 3383 τ
190 3346 557 3410 Dereliquerttnt
578 3350 702 3401 Bod.
722 3353 771 3402 5.

139 3411 166 3486 ξ
418 3415 556 3486 Voss.
580 3414 628 3464 2.
653 3414 942 3486 LamLEbor.
964 3417 1009 3466 N
1016 3415 1120 3469 0.1.
1142 3415 1191 3465 2.
1210 3427 1353 3479 quam
1365 3413 1647 3486 ςιιιοίιςξηζρ.

141 3469 167 3509 h
194 3470 270 3521 De
287 3474 499 3540 episcOpo
522 3476 743 3529 haeretici
770 3477 911 3530 Corb.
938 3493 1052 3530 mss.
1078 3491 1190 3529 cum
1214 3469 1480 3530 recentiore
1514 3469 1645 3527 Colit.

1745 3039 1788 3083 et
1833 3035 1951 3081 Ver.
1976 3055 2039 3064 —
2061 3025 2321 3078 Constituti
2344 3025 2582 3074 haeretici.
2617 3027 2756 3076 Voss.
2784 3023 2833 3074 ‘2.

1816 3095 1834 3133 i
1867 3092 1943 3142 De
1964 3091 2101 3139 altari
2122 3088 2313 3138 Domini
2337 3084 2459 3137 Fab.

1822 3157 1835 3209 i
1879 3154 1933 3204 In
1960 3154 2134 3202 faciem
2159 3164 2247 3200 nos
2279 3148 2407 3201 Edit.
2448 3150 2605 3202 Oxon.
2638 3161 2702 3199 ea:
2744 3148 2889 3200 codd.
2941 3151 3081 3199 Voss.
3125 3149 3176 3200 2.
3225 3150 3357 3200 Lam.

1754 3220 1897 3270 Ebor.
1928 3215 2054 3268 Bod.
2086 3217 2129 3269 l,
2156 3213 2201 3263 2.
2232 3211 2337 3265 Lin.
2364 3213 2473 3264 ΝΟ.
2519 3215 2562 3270 i,
2590 3213 2640 3262 2.
2673 3210 2797 3263 Tha.
2844 3209 2960 3262 Mic.
3009 3211 3139 3264 Vict.
3186 3215 3360 3263 Vetus-

1753 3281 1846 3335 tior
1879 3295 1968 3332 ms.
1996 3276 2128 3329 Collt.
2156 3290 2266 3326 cum
2288 3273 2401 3326 aliis
2447 3289 2479 3325 a
2524 3273 2747 3325 Pamelio
2776 3272 3062 3338 appellatis,
3117 3277 3172 3338 in_
3210 3273 3357 3325 faeie.

1757 3344 1991 3458 sobolem?
2006 3339 2247 3408 postulant
2273 3340 2323 3389 in
2360 3351 2516 3402 pace:
2543 3337 2673 3403 quod
2693 3344 2738 3389 et
2760 3334 2927 3389 caeteri
2970 3351 2997 3388 e
3020 3334 3198 3389 nostris
3236 3351 3349 3389 mss.

1757 3423 1821 3458 ea:
1839 3423 1873 3458 η
1908 3420 1965 3458 en
1992 3445 2001 3455 .

1757 3405 2001 3461 exhibent.

1328 3582 1688 3642 VARIORUM
1735 3578 1967 3638 NOTAE.
2028 3600 2033 3603 “

138 3716 265 3793 cum
289 3734 394 3774 vero
420 3722 597 3793 pmnit.
626 3721 807 3777 Codex
838 3722 1121 3786 Fuxensis,
1152 3722 1367 3776 necdum
1386 3737 1554 3775 veram
1575 3720 1643 3775 ad

79 3790 637 3856 panitnuiam.'Bst.uz.

136 3859 362 3917 XVII.—
384 3863 559 3919 Occidi
586 3875 767 3929 potest.
801 3863 961 3930 Infra,
995 3864 1147 3933 epist.
1188 3880 1296 3925 LVI,
1329 3881 1380 3933 p.
1408 3863 1472 3918 91
1493 3879 1505 3916 :
1530 3861 1642 3917 Nec

74 3946 318 4007 vereamur
341 3937 520 3998 occidi,
548 3952 672 4006 quos
699 3947 897 3989 constat
930 3937 1136 4007 quando
1182 3937 1460 3991 occidimur
1486 3952 1634 3989 coro-

75 4006 210 4068 nari;
235 4015 286 4059 et
312 4007 531 4073 epistola
563 4023 685 4069 Lvn,
711 4006 954 4076 pag.95:
989 4007 1249 4062 Intellexi:
1276 4009 1459 4060 milites
1489 4007 1639 4060 Chri-

75 4076 133 4149 §ti
153 4077 274 4149 citrei
291 4094 390 4149 non
418 4095 581 4149 posse,
613 4080 743 4133 mori
773 4096 937 4148 posse.
989 4079 1348 4149 Hieronymus
1397 4079 1642 4149 ingcalce

75 4142 181 4199 libri
225 4149 284 4202 de
325 4142 435 4203 Vita
474 4142 665 4204 Male/ti
696 4142 943 4205 monachi
976 4151 1047 4204 ait
1082 4168 1094 4202 :
1131 4142 1405 4202 Ilimtinem
1441 4147 1642 4202 Christo

77 4216 277 4292 deditum
304 4236 448 4289 posse
474 4224 623 4292 mori,
658 4238 757 4276 non
789 4238 933 4292 posse
983 4222 1235 4288 superari.
1280 4221 1642 4292 'l‘crtttllianus

75 4286 121 4368 in
146 4286 475 4368 Apologetico
487 4310 520 4368 _:
555 4286 815 4348 Vincimus
841 4310 955 4347 cum
983 4286 1282 4349 accidimur.
1320 4289 1645 4345 Prudentius

78 4364 127 4410 in
152 4367 365 4419 carmine
395 4364 461 4419 de
487 4364 733 4420 Romano
756 4375 990 4437 martyre
1029 4383 1041 4418 :

220 4475 366 4531 Siros
387 4481 573 4540 sinatis,
602 4482 866 4529 incruente
892 4481 1115 4528 vivimus.

213 4543 279 4593 At
294 4544 335 4593 si
352 4550 560 4593 eruente
582 4544 857 4606 puniamur,
888 4544 1144 4592 vincimus.

72 4646 308 4720 Solpitius
360 4649 594 4705 Severus
644 4650 695 4702 in
745 4647 968 4714 epistola
1018 4647 1086 4702 ad
1140 4646 1414 4700 Eusebium
1456 4644 1645 4720 scribit

72 4717 248 4788 iustos,
276 4720 336 4775 id
385 4731 468 4776 est
521 4729 807 4792 martyres,
850 4721 1027 4792 omnia
1071 4727 1341 4792 tormenta
1377 4717 1644 4792 patientes

78 4802 273 4861 seraper
298 4792 520 4847 invictos
539 4835 554 4858 ,
585 4789 735 4845 tanto
764 4789 954 4845 fortius
982 4790 1175 4845 vicisse
1204 4800 1406 4859 quanto
1431 4789 1645 4861 gravius

78 4858 413 4929 pertulissent.
471 4863 614 4919 [dent
673 4861 763 4915 lib.
798 4877 831 4915 Il
875 4862 1125 4916 Historiae
1167 4858 1348 4915 sactae
1392 4878 1405 4911 :
1464 4858 1646 4928 Neque

72 4934 255 5007 majore
288 4950 523 5007 umquam
561 4934 819 5007 triumpho
859 4935 1069 5007 uicimus
1107 4949 1260 5003 quam
1311 4949 1428 4986 cum
1476 4932 1647 5007 decem

329 5002 579 5077 stragibus
622 5005 755 5077 vinci
792 5021 893 5058 non
926 5002 1556 5077 potuimus.Agoliardtts
1589 5002 1641 5055 in

62 5074 213 5145 libro
228 5074 476 5133 adversus
504 5077 672 5145 legent
698 5074 1038 5139 Gundebadi,
1059 5091 1178 5144 cap.
1204 5076 1237 5131 9
1262 5093 1276 5131 :
1295 5075 1511 5140 Quando
1533 5082 1643 5128 erat

64 5144 521 5215 Mﬁmcontcntio
547 5148 611 5200 de
626 5148 834 5201 veritate
854 5147 1133 5217 religionis,
1157 5163 1270 5200 cum
1296 5148 1387 5200 alii
1410 5155 1643 5213 putarent

60 5216 318 5291 colendam
362 5236 452 5291 pro
501 5219 605 5272 Deo
653 5216 1263 5291 creaturamquamlibet,
1296 5219 1386 5271 alii
1418 5217 1642 5291 dicerent

60 5292 230 5343 solum
254 5287 531 5345 Creatorem
581 5289 870 5352 colendum,
911 5287 991 5342 illi
1045 5294 1248 5356 fuerunt
1298 5291 1509 5342 victores
1557 5287 1644 5357 qui

59 5361 225 5430 occisi
263 5373 389 5421 sunt.
423 5376 520 5416 nan
565 5362 653 5428 qui
699 5361 1012 5414 occiderunt.
1049 5360 1253 5416 Seneca
1302 5376 1421 5430 cap.
1450 5360 1543 5420 27,
1576 5359 1643 5413 de

62 5429 199 5485 Vita
220 5432 366 5487 Beata
393 5449 406 5488 τ
440 5433 660 5499 Assilite,
698 5433 847 5497 facile
866 5434 1124 5502 impetum.
1154 5429 1387 5486 Ferentio
1409 5446 1504 5502 quos
1530 5430 1644 5502 uin-

58 5519 209 5575 (“Mf
254 5503 387 5561 Idem
428 5505 479 5557 in
526 5504 898 5557 consolatione
941 5501 1008 5558 ad
1046 5503 1321 5575 Polybium
1358 5501 1651 5575 :Intelligjt

59 5572 285 5630 (redime
312 5592 486 5647 posse,
524 5576 654 5629 vinci
683 5591 783 5629 non
832 5590 997 5644 posse.
1033 5571 1165 5630 Vide
1192 5575 1480 5699 ἰωὴ-πέδης.
1514 5571 1645 5627 465.

1381 5660 1537 5699 ALUZ.

1381 5660 1537 5699 ALUZ.

140 5714 434 5773 Idemidem.
467 5716 522 5772 In
548 5718 739 5772 codice
778 5717 947 5772 sancti
976 5716 1252 5771 Michaelis
1278 5719 1537 5786 scriptum
1561 5723 1647 5769 est

60 5787 355 5857 antiquitus
376 5804 538 5857 supra
567 5791 789 5855 lineam,
812 5788 868 5842 id
892 5798 963 5842 est
984 5789 1237 5843 similiter.
1266 5787 1539 5844 Lubeutcr
1568 5786 1646 5840 in-

59 5858 277 5917 terdum
298 5868 495 5920 ειηηοιο
524 5861 624 5917 ista
657 5860 906 5927 levicula,
935 5860 1057 5930 quia
1088 5874 1151 5915 ex
1190 5859 1255 5913 iis
1311 5869 1403 5915 aut
1457 5857 1648 5914 simili-

1746 3716 1847 3772 bus
1876 3713 2110 3769 fontibus
2137 3712 2240 3767 orti
2271 3720 2395 3768 sunt
2420 3711 2663 3783 plerique
2690 3726 2906 3768 errores
2932 3711 3020 3781 qui
3050 3721 3266 3769 exstant
3289 3713 3341 3767 in

1747 3787 2026 3841 codicibus
2052 3801 2273 3852 operum
2302 3785 2471 3839 sancti
2499 3784 2751 3856 Cypriani
2778 3794 2827 3839 et
2852 3785 3080 3838 aliorum
3106 3793 3351 3840 veterum

1748 3860 2094 3921 scriptorum.
2136 3857 2335 3911 Bswz.

1819 3928 2004 3984 XVIII.
2036 3959 2105 3968 —
2128 3929 2415 3982 Auctoritas
2448 3942 2507 3979 ac
2538 3934 2780 3995 potestas.
2813 3925 2928 3978 [lno
2957 3933 3226 3990 postrema
3258 3940 3354 3979 v0-

1746 4001 1934 4054 calntla
1992 4001 2184 4053 desunt
2224 4001 2274 4052 in
2323 4014 2429 4051 uno
2455 3994 2641 4050 codice
2686 3996 2855 4065 regio.
2884 3994 3149 4048 Fortassis
3197 3995 3356 4064 igitur

1750 4072 1891 4126 istud
1934 4070 2277 4126 referendum
2329 4079 2411 4122 est
2461 4071 2922 4140 intrr‘synonynia
2951 4066 3147 4136 quibus
3176 4067 3351 4121 abun-

1750 4142 1879 4196 dant
1906 4158 2066 4209 oprra
2108 4141 2274 4193 sancti
2303 4139 2573 4209 Martyris.
2611 4138 2806 4209 linum.

1824 4213 1901 4266 De
1939 4207 2251 4265 Christiano.
2288 4207 2466 4262 Codex
2511 4207 2857 4269 Veronensis,
2897 4207 2959 4260 de
2990 4207 3251 4276 episcopo.
3279 4207 3351 4262 lla

1750 4285 1909 4337 etiam
1946 4282 2233 4336 Fuxensis.
2252 4279 2362 4333 Vox
2387 4280 2665 4332 christiano
2693 4294 2797 4331 non
2833 4277 3058 4331 habetur
3090 4279 3140 4330 in
3165 4278 3352 4332 codice

1753 4356 1899 4415 regio
1930 4369 2104 4418 neque
2136 4353 2187 4404 in
2217 4350 2462 4404 Thuauo.
2502 4350 2555 4403 In
2599 4348 3099 4418 Gratianopolitatto
3130 4359 3215 4404 est
3257 4365 3346 4405 ca-

1752 4426 1961 4479 tholico.
1995 4423 2190 4477 BALUZ.

1827 4495 2063 4551 Ecclesia
2091 4494 2333 4555 capitolia
2355 4490 2523 4546 cedat.
2545 4491 2905 4561 Hieronymus
2932 4490 2982 4543 iu
3012 4489 3227 4561 dialogo
3253 4490 3351 4546 ad-

1670 4544 1725 4604 Ῑ)
1753 4584 1942 4622 versus
1972 4544 2340 4620 Ltteifei‘iattos
2367 4563 2502 4619 dixit
2531 4561 2733 4617 :Honto
2747 4550 2860 4634 3am
2887 4561 3094 4616 eductas
3116 4544 3189 4617 inu
3204 4563 3351 4632 capi-

1747 4640 1891 4694 tolio.
1919 4639 2114 4693 BALUZ.

1819 4710 2147 4780 Congeslttm.
2165 4709 2276 4779 Ego
2298 4721 2402 4762 non
2426 4706 2614 4780 dubito
2632 4706 2757 4777 quin
2772 4704 2943 4780 lectio
2966 4707 3200 4778 vulgata,
3228 4720 3353 4776 qua:

1752 4781 1912 4836 habet
1932 4778 2250 4845 consessum,
2302 4780 2471 4834 multo
2515 4778 2706 4833 melior
2733 4778 2977 4832 videatur
3026 4793 3185 4847 quam
3223 4779 3347 4831 ista.

1751 4853 1951 4908 Verum
1987 4868 2107 4907 cum
2142 4854 2375 4922 antiquae
2424 4851 2691 4906 editiones
2739 4858 2793 4905 et
2839 4850 3139 4904 octodecim
3168 4857 3349 4922 vetera

1752 4924 2083 4994 exemplaria
2134 4919 2366 4977 habeant
2412 4935 2675 4984 nostram,
2735 4935 2860 4994 non
2894 4922 3097 4988 absque
3143 4919 3351 4974 ratione

1753 5013 1869 5051 eam
1900 4992 2149 5066 prmfero.
2175 4994 2355 5049 Facile
2374 5003 2552 5066 autem
2577 4994 2687 5047 ﬁeri
2720 4992 2889 5060 potuit
2917 5001 2973 5066 ut
2993 5007 3052 5066 ea
3077 5006 3205 5066 vox,
3232 5009 3352 5066 qua:

1748 5062 1914 5122 aliato
1960 5068 2405 5137 signiﬁcationem
2466 5064 2626 5119 habet
2672 5065 2895 5137 inpura
2941 5062 3223 5137 latinitate.
3254 5062 3349 5116 dc-

1750 5138 1960 5194 flexerit
2000 5133 2138 5208 apud
2175 5138 2349 5199 Afros,
2386 5147 2438 5189 ut
2477 5138 2642 5190 multa
2688 5135 2797 5208 alia
2818 5133 3344 5208 vocalmla._Primtts

1752 5212 2007 5267 Erasmus
2036 5204 2213 5281 posuit
2242 5225 2555 5275 concessum,
2589 5207 2834 5261 fortassis
2885 5221 2955 5259 ex
3013 5204 3347 5330 cgnjectura.

3080 5292 3238 5330 ALUZ.

3080 5292 3238 5330 ALUZ.

1822 5352 2385 5407 XIX—Antichristns
2416 5351 2659 5405 minatur.
2677 5348 2823 5403 Multi
2848 5348 3011 5402 multa
3031 5356 3087 5402 et
3108 5347 3258 5401 varia
3284 5347 3352 5402 dc

1758 5426 2087 5478 Antichristo
2109 5423 2378 5477 dixerunt.
2397 5423 2551 5492 Saepe
2577 5421 2838 5477 creditum
2874 5429 2956 5474 est
2986 5420 3133 5492 illum
3152 5418 3355 5492 adven-

1756 5505 1889 5561 tare,
1916 5498 2080 5549 inuno
2112 5504 2292 5547 natum
2322 5510 2463 5549 esse.
2485 5490 2681 5557 Fuere,
2704 5496 2776 5547 uti
2805 5494 3036 5546 divinius
3063 5490 3127 5544 ad
3153 5490 3350 5561 librum

1750 5567 2014 5621 Lactantii
2044 5566 2105 5617 tle
2135 5565 2384 5618 Mortibus
2408 5576 2807 5633 pei‘secutorum,
2832 5564 3227 5631 quicrederettl.
3245 5560 3350 5615 Ne-

1755 5654 1940 5693 ronem
1986 5656 2087 5688 non
2116 5650 2235 5689 esse
2260 5648 2554 5699 mortuum,
2582 5637 2675 5689 sed
2706 5635 2880 5687 adhuc
2907 5636 3108 5699 vivere,
3139 5641 3193 5686 et
3218 5647 3350 5686 vcn-

1753 5718 1930 5764 turnm
1959 5718 2082 5761 ante
2108 5708 2289 5761 smeuli
2323 5707 2502 5771 linem,
2526 5706 2768 5771 etipsnm
2796 5704 2908 5760 fore
2934 5704 3343 5759 Anticltristnm.

1754 5781 1887 5848 Vide
1915 5779 2253 5835 Catechesim
2274 5779 2341 5833 I5
2362 5779 2547 5848 Cyrilli
2585 5778 3078 5847 Ilierosolytnitani.
3104 5775 3309 5848 B_ALUZ.

1783 5843 1798 5858 ⁸
1823 5852 2235 5921 Percmptnrum.
2254 5851 2367 5907 Duo
2392 5843 2514 5906 libri
2544 5859 2776 5918 veteres,
2795 5843 3342 5918 perditurnmﬁswz.
