3782 6280
387 277 494 371 8359

399 623 453 669 et
476 628 572 683 pro
602 611 1008 682 archiepiscopo,
1072 609 1351 665 substituit
1396 610 1670 679 episcopo:
1725 609 1818 664 sed
1870 624 1991 664 cum

395 702 596 759 nullius
626 703 823 758 veteris
843 702 1046 757 codicis
1073 704 1397 758 auctoritate
1424 703 1817 758 correctionem
1839 717 1990 758 Suam

397 793 693 860 fulciverit,
741 804 925 850 manet
976 795 1091 865 ipsa
1143 796 1534 867 suppositionis
1604 806 1752 851 nota.
1810 795 1993 868 Neque

392 891 564 961 magis
589 890 781 945 eodem
808 904 924 944 arvo
954 889 1207 945 usitatum
1231 898 1314 945 est
1341 888 1516 945 Missa:
1542 905 1759 954 nomen.
1779 892 1854 946 uti
1880 892 1991 960 jam

395 984 450 1039 in
482 982 853 1055 supposititias
880 982 958 1036 Pii
1006 982 1266 1053 epistolas
1309 994 1391 1038 est
1442 983 1812 1039 observatum.
1860 984 1994 1051 Quis

393 1076 555 1132 etiam
616 1084 742 1131 ante
786 1075 1243 1146 persecutionem,
1294 1091 1398 1146 qua
1442 1076 1648 1132 interiit
1684 1077 1989 1141 Cornelius,

394 1166 587 1231 Missas
616 1167 817 1237 publice
853 1182 1014 1238 agere
1061 1166 1385 1223 Christianis
1436 1168 1652 1223 licuisse
1693 1168 1995 1239 largiatur?

394 1261 510 1319 Iloc
541 1271 718 1318 tamen
750 1272 969 1330 sonant,
1000 1278 1119 1332 quae
1148 1263 1200 1317 in
1229 1262 1468 1319 subnexa
1492 1245 1721 1334 cpistola
1749 1263 1989 1318 Cornelii

391 1358 610 1414 nomine
636 1358 966 1413 scribuntur.
992 1358 1261 1413 Praeterea
1294 1358 1592 1413 secundum
1622 1358 1926 1417 Johannem
1959 1374 1990 1413 a

387 1451 561 1508 Boseo
590 1450 899 1508 Florentius
926 1450 1175 1521 Lupicini
1221 1452 1479 1508 decessor
1516 1471 1535 1504 ι
1565 1463 1806 1522 tempora
1855 1452 1992 1509 Gor-

383 1543 549 1610 diani,
582 1544 839 1617 Philippi,
866 1545 1009 1600 Decii
1041 1542 1179 1601 Galli
1209 1555 1264 1599 et
1300 1543 1577 1599 Volusiani
1605 1544 1935 1600 decucurrit.
1964 1562 1983 1598 ι

383 1641 455 1697 At
475 1640 568 1713 qui
584 1639 911 1697 Volusianus
958 1648 1166 1696 tantum
1192 1654 1339 1695 anno
1358 1638 1467 1695 252
1494 1648 1620 1694 ante
1642 1638 1761 1708 julii
1789 1639 1991 1693 mensis

389 1733 598 1789 exitum
628 1744 844 1791 creatus
896 1741 981 1788 est
1025 1731 1319 1802 Augustus,
1372 1740 1427 1787 et
1477 1730 1759 1786 Cornelius
1812 1730 1992 1785 medio

379 1839 569 1882 mense
593 1827 904 1896 septembre
944 1824 1071 1879 anni
1102 1824 1345 1895 ejusdem
1377 1822 1595 1879 vivendi
1625 1824 1787 1878 linem
1840 1821 1988 1888 fecit,

380 1933 502 1974 cum
527 1918 807 1990 aliquanto
828 1929 984 1974 antea
1007 1917 1454 1987 comprehensus,
1483 1918 1650 1974 Deum
1682 1916 1987 1983 confessus,

384 2025 449 2066 ac
474 2011 746 2080 relegatus
773 2010 1001 2078 fuisset;
1049 2012 1187 2066 adeo
1215 2021 1271 2065 ut
1294 2011 1564 2082 Cypriano
1592 2010 1987 2065 confessionem

385 2104 504 2173 ejus
536 2104 763 2171 rescire,
795 2112 850 2159 et
867 2104 1246 2175 gratulatorias
1273 2103 1454 2171 deilla
1476 2103 1684 2158 litteras
1712 2102 1780 2157 ad
1812 2104 1986 2173 ipsum

381 2197 626 2253 scribere
658 2198 893 2254 licuerit.
923 2197 1280 2266 Quandonam
1313 2198 1475 2268 igitur
1506 2196 1670 2252 scribi
1721 2197 1839 2252 hmc
1869 2197 1987 2268 epi-

378 2292 514 2348 stola
539 2293 747 2363 potuit?
770 2303 861 2348 aut
883 2309 981 2349 cur
1003 2292 1289 2349 Cornelius
1316 2293 1452 2349 nihil
1482 2294 1533 2347 in
1566 2308 1627 2348 ea
1649 2293 1713 2347 de
1743 2307 1991 2362 compre-

381 2385 647 2443 hensione
673 2397 728 2443 et
748 2386 1096 2444 confessione
1121 2403 1236 2455 sua,
1261 2388 1394 2443 nihil
1420 2387 1488 2444 de
1514 2387 1717 2444 recenti
1745 2385 1988 2458 Lupicini

379 2473 727 2533 ordinatione
755 2476 1033 2548 loquitur?

974 2632 1309 2693 EPISTOLA
1349 2634 1391 2689 I.

449 2785 745 2830 CORNELIUS
770 2783 1053 2827 EPISCOPUS
1101 2785 1296 2825 FRATRI
1345 2783 1589 2826 LUPICINO
1634 2784 1913 2825 VIENNENSI

788 2857 794 2864 ’
830 2879 1236 2922 Διιοιιιειηδοοειο
1275 2873 1301 2900 ει
1342 2879 1605 2920 saw'rsu.

454 2999 626 3067 Scias,
655 2999 819 3055 frater
847 2998 1161 3055 beatissime
1181 2996 1233 3062 1),
1253 3012 1436 3053 aream
1464 2997 1799 3053 Dominicam
1832 3006 1993 3055 vento

390 3093 782 3166 persecutionis
805 3094 1069 3150 acerrime
1107 3092 1461 3158 commoveri,
1511 3101 1565 3148 et
1592 3092 1783 3148 edictis
1813 3093 1985 3163 impe-

382 3199 622 3246 ratorum
660 3187 996 3245 Christianos
1036 3184 1237 3255 ubique
1284 3184 1569 3241 tormentis
1598 3186 1763 3240 variis
1815 3184 1982 3242 afﬁci.

384 3282 522 3337 Nam
549 3283 603 3337 in
627 3281 760 3337 urbe
777 3280 946 3334 Roma
974 3276 1291 3348 praefectusc
1315 3277 1382 3333 ad
1406 3278 1508 3334 hoc
1528 3278 1856 3334 constitutus
1883 3289 1984 3335 est.

386 3374 542 3430 Unde
597 3386 773 3442 neque
822 3372 1051 3441 publice,
1108 3387 1283 3443 neque
1329 3371 1380 3427 in
1444 3373 1645 3445 cryptis
1690 3373 1989 3429 notioribus

383 3465 576 3520 Missas
632 3479 793 3533 agere
844 3463 1168 3521 Christianis
1222 3463 1366 3521 licet.
1424 3464 1759 3521 Exhortetur
1810 3467 1990 3538 itaque

387 3557 636 3615 Charitas
666 3570 844 3615 vestra
894 3574 1086 3615 omnes
1136 3560 1423 3617 credentes
1456 3561 1511 3617 in
1568 3559 1867 3630 Christum,
1922 3578 1989 3619 ne

385 3650 613 3709 timeant
643 3665 739 3706 eos
764 3651 854 3721 qui
887 3651 1145 3708 occidunt
1173 3669 1392 3723 corpus,
1423 3654 1516 3709 sed
1547 3656 1725 3723 potius
1747 3671 1871 3711 eum
1900 3654 1989 3725 qui

387 3742 555 3799 habet
582 3759 781 3814 corpus
796 3752 851 3800 et
878 3744 1114 3801 animam
1135 3755 1457 3816 potestatem
1476 3746 1736 3817 perdendi
1757 3747 1776 3820 (
1800 3746 1986 3802 Matth.

386 3853 465 3906 Χ,
520 3834 656 3909 28).
737 3836 856 3893 lam
909 3838 1093 3909 plures
1150 3839 1377 3893 fratrum
1433 3839 1694 3909 martyrio
1745 3841 1989 3896 coronati

385 3943 528 3992 sunt.
581 3934 689 3992 Ora
741 3945 798 3991 ut
848 3934 1193 4006 perficiamus
1234 3951 1452 3992 cursum
1486 3946 1732 3991 nostrum
1766 3938 1920 3993 nobis
1950 3955 1981 3994 a

386 4028 615 4085 Domino
644 4028 966 4085 revelatum.
994 4028 1147 4095 Vale,
1194 4028 1361 4085 frater
1384 4029 1436 4085 in
1461 4030 1707 4099 Domino,
1730 4039 1784 4086 et
1816 4033 1992 4087 saluta

382 4137 573 4180 clunes
593 4122 684 4193 qui
717 4138 813 4180 nos
839 4130 1023 4179 amant
1049 4123 1101 4177 in
1142 4120 1378 4179 Christo.

971 4280 1309 4339 EPISTOLA
1347 4280 1411 4337 II.

742 4458 991 4502 CORNELII
1018 4459 1167 4500 ΡΔΡιε
1198 4460 1265 4500 Δί)
1297 4459 1620 4502 CYPRIANUII.

454 4602 521 4658 In
544 4604 820 4662 novissima
848 4605 1102 4679 Cypriani
1119 4605 1343 4663 editione
1365 4605 1549 4678 Steph.
1574 4605 1781 4662 Baluzii
1811 4606 1981 4662 studio

1597 4772 1979 4834 LECTIONES

448 4930 473 4996 ξι
498 4929 742 4996 Ερίεεορο
767 4933 949 4983 Barea.

442 4989 472 5031 b
497 4989 760 5047 carissime
783 4997 971 5048 Baron.
1004 5054 1011 5063 ,

1727 5387 2367 5444 -οὓθεῶιεβιΦοᾶ-ο·

1135 304 1483 366 APPENDIX
1521 304 1753 362 PRIMA.
1797 302 2160 364 EPISTOLIE
2199 299 2542 361 CORNELIO
2582 300 3009 361 ADSCRIPTrE.
3498 312 3568 370 ω

389 431 566 496 cinus,
622 432 807 484 contra
856 438 1063 481 morem
1114 424 1275 496 hujus
1319 424 1523 492 saeculi,
1566 422 1986 493 archiepiscopus
2016 426 2064 485 Λ
2094 420 2350 474 adornata
2397 419 2622 489 primunt
2649 434 2713 473 ea:
2761 435 2888 472 mss.
2931 414 3237 487 Bahierianq
3276 417 3575 493 arma,”

294 538 303 546 ’
390 519 713 593 appellatur.
746 518 796 572 Id
820 517 1036 588 quidem
1092 516 1355 572 Baronius
1396 515 1690 572 emendare
1736 516 1947 571 curavit
1975 557 1990 582 ,

2021 1506 2069 1566 B

2024 4223 2080 4284 D
2106 4245 2212 4302 que
2243 4230 2541 4296 doctorem,
2572 4239 2628 4285 ut
2652 4229 2780 4286 dum
2805 4241 2959 4299 putas
2981 4226 3199 4284 haeresis
3226 4223 3462 4294 Baptism:
3492 4224 3605 4302 ινιτ

2088 4418 2298 4486 audias,
2327 4432 2448 4489 qua:
2487 4416 2642 4473 doles
2685 4421 2872 4471 contra
2915 4409 3228 4483 Apostolum
3267 4402 3589 4489 acilia

2085 4526 2254 4582 gnare
2278 4509 2583 4567 dicentem:
2623 4507 2768 4565 Unus
2792 4503 2953 4572 Deus,
2982 4518 3079 4559 una
3107 4500 3251 4571 ﬁdes,
3278 4500 3449 4565 unm!

2085 4620 2222 4660 mum
2232 4644 2245 4657 .

2044 4770 2463 4831 VARIANTES.

3668 283 3720 621 l

3640 2212 3719 2305 '4

3717 2390 3720 2421 l

3644 2305 3719 2587 Ι

3188 4443 3602 4623 sanas;

3400 5032 3559 5225 ,Ξ

3192 5344 3221 5371 ·
3372 5232 3557 5483 .εέ

3258 5642 3273 5651 -
3352 5520 3453 5651 '35
3560 5586 3575 5623 ³

3220 5796 3403 5907 ιη’

2098 513 2310 584 prodiit.
2348 511 2543 566 Mirum
2570 520 2643 566 est
2670 527 2783 566 eam
2831 510 2895 564 ab
2923 510 3121 564 erudito
3144 511 3243 565 viro
3279 513 3345 565 vel
3370 523 3413 567 ut
3435 514 3580 575 dubia

2098 607 2318 678 proponi
2344 607 2588 677 potuisse,
2619 622 2734 658 cum
2766 605 2967 659 nullum
3007 604 3111 659 veri
3139 605 3436 661 characterem
3458 590 3595 678 μηδ’

2100 702 2252 770 (erat.
2284 698 2510 772 Indigna
2530 710 2604 753 est
2620 699 2876 765 amicitia,
2907 713 3022 769 qua:
3050 695 3271 753 Cornelio
3285 698 3582 771 cumﬁyprim

2094 792 2163 846 ad
2193 801 2406 846 mortem
2430 807 2587 858 usque
2616 791 2734 861 fuit.
2766 789 2949 860 Neque
2976 791 3144 844 minus
3169 800 3345 861 pugnat
3365 808 3458 846 cum
3478 795 3583 850 histo-

2093 884 2202 938 rica
2239 884 2467 946 veritate,
2500 898 2566 936 ea:
2593 899 2696 952 qua
2721 883 3123 937 controversiam
3152 883 3211 937 de
3232 881 3458 953 Baptism
3474 889 3585 945 lim-

2097 978 2313 1032 ticorum
2349 986 2549 1031 tantum
2597 986 2712 1045 post
2743 976 2968 1031 Cornelii
2997 987 3204 1031 mortem
3238 978 3355 1033 inter
3378 974 3589 1037 Bouiania

2097 1070 2391 1141 pontiﬁcem
2440 1082 2488 1124 et
2535 1066 2994 1141 Carthaginensem
3044 1078 3215 1123 natam
3255 1086 3368 1138 esse,
3410 1083 3524 1142 atque
3550 1092 3587 1130 es

2094 1163 2327 1233 epistola:
2352 1163 2592 1218 secundae
2617 1162 2868 1233 Cypriani
2895 1163 2966 1216 ad
2996 1163 3305 1234 Stephanum
3321 1181 3471 1234 papam
3491 1184 3590 1239 occs-

2096 1255 2239 1308 sione
2264 1255 2424 1325 fuisse
2444 1255 2739 1320 excitatam,
2762 1253 2843 1308 vel
2867 1270 2931 1309 ea:
2945 1252 3267 1327 Cyprianicw
3280 1256 3405 1328 hujus
3423 1260 3591 1329 epistola

2094 1349 2312 1403 lectione
2340 1348 2517 1419 liquet.
2554 1348 2653 1405 Ubi
2677 1348 2840 1420 igitur.
2863 1348 3115 1417 Ruﬁnus,
3139 1349 3226 1404 lib.
3246 1350 3595 1418 vn,c.2,contrtl-

2095 1443 2312 1496 versiam
2340 1441 2403 1496 de
2418 1439 2684 1514 Baptismo
2721 1442 3084 1497 haereticorum
3105 1442 3193 1498 sub
3238 1444 3425 1499 Cornelii
3445 1446 3603 1519 ροηιὶβτ

2097 1547 2214 1592 catu
2245 1540 2456 1609 coepisse
2481 1540 2680 1605 scribit,
2726 1549 2907 1593 contra
2931 1549 3219 1610 temporum
3242 1548 3485 1594 accuratam
3503 1543 3594 1605 noti-

2094 1632 2238 1700 tiam,
2269 1631 2407 1702 quod
2436 1632 2660 1687 insolens
2708 1633 2756 1687 ei
2800 1649 2902 1687 non
2950 1643 3046 1699 est,
3086 1649 3288 1703 peccare
3319 1633 3513 1689 dicendus
3527 1618 3623 1691 est.

2096 1723 2236 1779 Eum
2257 1741 2374 1779 vero
2403 1725 2511 1779 illic
2533 1725 2587 1780 id
2609 1727 2748 1797 quod
2773 1725 3029 1794 Stephani
3057 1735 3156 1790 est,
3193 1725 3405 1781 Cornelio
3426 1712 3619 1795 tribue;

2094 1818 2207 1872 sola
2257 1818 2524 1872 verborum
2575 1819 2720 1874 illius
2785 1819 3033 1875 relatione
3086 1820 3309 1874 omnibus
3348 1820 3490 1890 palam
3520 1819 3589 1889 ﬁn.

2091 1910 2355 1982 Cumque,
2389 1913 2575 1983 inquit,
2623 1912 2677 1967 id
2706 1928 2737 1968 a
2765 1910 3037 1985 Cypriane
3088 1921 3145 1969 et
3160 1913 3355 1969 caeteris
3379 1927 3490 1983 pene
3510 1927 3589 1967 ota-

2096 2009 2258 2063 nibus
2286 2024 2382 2077 per
2404 2010 2640 2065 Africam
2671 2010 3046 2065 sacerdotibus
3092 2018 3331 2087 oportere
3353 2009 3444 2064 ﬁeri
3461 2008 3533 2075 (id
3549 2015 3598 2062 at

2094 2102 2357 2156 haereticos
2415 2100 2774 2174 rebaptizari)
2828 2100 3247 2168 decerneretur;
3301 2097 3525 2157 Cornelius
3558 2104 3602 2153 et

2092 2197 2273 2251 caueri
2292 2211 2481 2251 omnes
2499 2212 2595 2267 per
2612 2196 2820 2252 Italiam
2841 2197 3164 2254 sacerdotes
3181 2194 3444 2268 bujusmodi
3455 2195 3598 2253 decre-

2095 2297 2231 2352 tum,
2269 2296 2523 2343 manente
2552 2288 2867 2357 concordia,
2898 2289 3223 2357 refutarunt,
3255 2298 3505 2346 statuentes
3532 2300 3600 2342 sn-

2100 2379 2323 2450 tiquitus
2339 2395 2368 2434 a
2403 2380 2646 2450 patrihus
2668 2395 2833 2452 super
2850 2380 3220 2437 hoctraditam
3238 2376 3597 2452 regulamddrere

2102 2474 2345 2530 servari:
2376 2490 2495 2545 qua:
2521 2475 2853 2540 continebat,
2886 2486 3010 2547 post
3038 2476 3381 2548 ahjectiouem
3417 2470 3531 2544 puri
3560 2480 3599 2527 et

2094 2568 2498 2624 confessionem
2529 2569 2664 2625 recti
2696 2568 2985 2640 dogmatis,
3018 2571 3137 2624 sola
3157 2585 3249 2626 eos
3272 2581 3437 2624 manus
3475 2566 3596 2637 impo-

2093 2664 2292 2720 sitione
2329 2663 2652 2735 purgandos.
2698 2663 2787 2718 lbi
2829 2666 2965 2719 enim
2994 2665 3039 2720 si
3083 2664 3300 2721 Cornelii
3339 2666 3437 2719 loco
3464 2658 3596 2721 substi-

2092 2768 2267 2813 tuatur
2295 2757 2615 2829 Stephanus,
2654 2775 2770 2814 cum
2813 2760 3084 2832 Cypriani,
3117 2762 3397 2832 Augustini,
3422 2757 3595 2816 alieru-

2090 2870 2187 2927 que
2212 2854 2539 2925 Scriptorum
2565 2855 2716 2910 dictis
2748 2855 2970 2927 Rufinus
2999 2874 3211 2930 prorsus
3237 2852 3526 2913 ωπον-Μ.

2169 3009 2486 3067 Dilectionis
2534 3019 2639 3068 tua:
2691 3028 2801 3068 non
2843 3012 3189 3070 delectabilia
3236 3023 3292 3070 et
3324 3019 3479 3071 contra
3506 3005 3594 3064 mi

2095 3104 2339 3175 regulam
2361 3103 2562 3175 scripta
2581 3106 2819 3177 suscepi,
2844 3107 2895 3161 in
2917 3107 3115 3178 quibus
3132 3122 3349 3165 nauseas
3365 3100 3593 3176 ωωμιτῑ,

2093 3208 2149 3255 et
2177 3215 2385 3255 venena
2413 3214 2727 3256 sermonum
2753 3200 3014 3258 adversus
3044 3202 3353 3258 catholicam
3374 3202 3593 3272 perlatum

2093 3294 2281 3350 orbem
2305 3292 2553 3349 diﬂusam
2583 3294 2885 3351 Ecclesium
2915 3295 3266 3352 horribilibus
3291 3287 3590 3360 stem

2093 3389 2312 3444 zizaniis
2359 3404 2466 3445 non
2499 3388 2735 3444 laudavi.
2788 3390 2922 3459 Quae
2955 3400 3077 3459 peto
3122 3386 3365 3445 velociter
3396 3378 3523 3441 toll!
3544 3390 3595 3433 ιε

2095 3482 2450 3553 prtedamnes.
2478 3481 2631 3551 Quod
2668 3482 2816 3553 prius
2835 3482 3053 3554 quidem
3086 3493 3141 3539 te
3166 3482 3334 3538 facere
3361 3470 3597 3550 om

2092 3591 2253 3646 quam
2281 3577 2333 3631 in
2359 3575 2563 3633 mundo
2599 3575 2796 3633 lethale
2825 3576 2973 3633 virus
2998 3577 3304 3648 adSpcrsum
3346 3562 3597 3642 iam

2093 3675 2147 3722 et
2175 3669 2539 3724 innocentium
2563 3669 2899 3726 interliceret
2927 3680 3158 3726 mentes.
3184 3668 3294 3725 Non
3315 3661 3599 3736 agodi‘gllm

2092 3771 2176 3817 est
2203 3761 2562 3832 rebaptizare.
2584 3762 2726 3834 Ergo
2737 3762 2954 3820 eradica
2994 3772 3050 3819 et
3076 3762 3294 3827 extrica,
3322 3750 3600 3814 utdisinm

2094 3851 2397 3908 ﬂoruleutis
2424 3853 2766 3911 sermonibus
2807 3863 2967 3925 atque
3014 3854 3187 3927 dignis
3211 3842 3602 3922 perpauci-iorem

2094 3946 2381 4016 epistolam
2433 3946 2614 4015 priora
2668 3948 2893 4019 scripta,
2946 3962 3066 4018 quae
3125 3950 3289 4001 contra
3329 3931 3602 3994 catholicam

2098 4040 2259 4095 tidem
2297 4055 2516 4097 servare
2545 4048 2874 4097 censuerunt
2900 4040 3171 4111 genimina
3195 4035 3476 4106 viperarum-
3507 4021 3604 4079 N00

2096 4133 2241 4189 enim
2269 4137 2427 4190 decet
2454 4145 2615 4190 tanta:
2642 4135 2790 4191 urbis
2817 4134 3107 4191 antistitem
3137 4122 3602 4190 excellentissimum-

2099 4324 2492 4390 damnandum,
2513 4338 2700 4380 verum
2720 4321 2992 4393 Baptisma
3004 4314 3333 4377 sermonibus
3350 4293 3601 4389 W‘

2163 4935 2187 4995 ιῗ
2211 4932 2484 4995 Imperator
2509 4932 2689 4984 Baron.

2163 4993 2192 5035 (ι
2211 4993 2406 5047 Audeas
2427 5008 2538 5060 qua:
2560 4995 2700 5049 vides
2716 4993 2850 5057 forte.
