  <div class='ocr_page' id='page_1' title='image "/cluster/home/n/w/nwhite01/storage/ocr_20150623/3/uva.x000669812/473.png"; bbox 0 0 3782 6280; ppageno 0'>
   <div class='ocr_carea' id='block_1_1' title="bbox 323 357 433 414">
    <p class='ocr_par' dir='ltr' id='par_1_1' title="bbox 323 357 433 414">
     <span class='ocr_line' id='line_1_1' title="bbox 323 357 433 414; baseline -0.009 0"><span class='ocrx_word' id='word_1_1' title='bbox 323 357 433 414; x_wconf 76' lang='grc'><strong>845</strong></span> 
     </span>
    </p>
   </div>
   <div class='ocr_carea' id='block_1_2' title="bbox 1619 350 3569 421">
    <p class='ocr_par' dir='ltr' id='par_1_2' title="bbox 1619 350 3569 421">
     <span class='ocr_line' id='line_1_2' title="bbox 1619 350 3569 421; baseline 0.004 -8"><span class='ocrx_word' id='word_1_2' title='bbox 1619 353 1966 414; x_wconf 81' lang='lat' dir='ltr'><strong>APPENDIX</strong></span> <span class='ocrx_word' id='word_1_3' title='bbox 2004 350 2342 416; x_wconf 72' lang='lat' dir='ltr'><strong>SECUNDA.</strong></span> <span class='ocrx_word' id='word_1_4' title='bbox 3486 359 3569 421; x_wconf 63' lang='lat' dir='ltr'><strong>8M</strong></span> 
     </span>
    </p>
   </div>
   <div class='ocr_carea' id='block_1_3' title="bbox 323 467 3570 546">
    <p class='ocr_par' dir='ltr' id='par_1_3' title="bbox 323 467 3570 546">
     <span class='ocr_line' id='line_1_3' title="bbox 323 467 3570 546; baseline 0.003 -21"><span class='ocrx_word' id='word_1_5' title='bbox 323 468 597 535; x_wconf 80' lang='lat' dir='ltr'><strong>aemulum,</strong></span> <span class='ocrx_word' id='word_1_6' title='bbox 637 468 725 539; x_wconf 90' lang='lat' dir='ltr'><strong>qui</strong></span> <span class='ocrx_word' id='word_1_7' title='bbox 770 474 918 524; x_wconf 76' lang='lat' dir='ltr'><strong>extra</strong></span> <span class='ocrx_word' id='word_1_8' title='bbox 942 467 1241 524; x_wconf 87' lang='lat' dir='ltr'><strong>Ecclesiam</strong></span> <span class='ocrx_word' id='word_1_9' title='bbox 1262 469 1919 539; x_wconf 87' lang='lat' dir='ltr'><strong>ordinavitNovatianum,</strong></span> <span class='ocrx_word' id='word_1_10' title='bbox 1950 476 2001 538; x_wconf 80' lang='grc' dir='ltr'><strong>Α</strong></span> <span class='ocrx_word' id='word_1_11' title='bbox 2028 484 2143 529; x_wconf 88' lang='lat' dir='ltr'><strong>ante</strong></span> <span class='ocrx_word' id='word_1_12' title='bbox 2194 475 2409 542; x_wconf 84' lang='lat' dir='ltr'><strong>ianuam</strong></span> <span class='ocrx_word' id='word_1_13' title='bbox 2459 473 2651 527; x_wconf 73' lang='lat' dir='ltr'><strong>assistit</strong></span> <span class='ocrx_word' id='word_1_14' title='bbox 2699 470 2923 546; x_wconf 75' lang='lat' dir='ltr'><strong>(Iacob.</strong></span> <span class='ocrx_word' id='word_1_15' title='bbox 2951 474 3061 543; x_wconf 88' lang='lat' dir='ltr'><strong>v),</strong></span> <span class='ocrx_word' id='word_1_16' title='bbox 3107 486 3332 530; x_wconf 84' lang='lat' dir='ltr'><strong>coronas</strong></span> <span class='ocrx_word' id='word_1_17' title='bbox 3371 474 3570 535; x_wconf 78' lang='lat' dir='ltr'><strong>hilariter</strong></span> 
     </span>
    </p>
   </div>
   <div class='ocr_carea' id='block_1_4' title="bbox 322 559 1921 635">
    <p class='ocr_par' dir='ltr' id='par_1_4' title="bbox 322 559 1921 635">
     <span class='ocr_line' id='line_1_4' title="bbox 322 559 1921 635; baseline 0.003 -19"><span class='ocrx_word' id='word_1_18' title='bbox 322 571 377 616; x_wconf 89' lang='lat' dir='ltr'><strong>et</strong></span> <span class='ocrx_word' id='word_1_19' title='bbox 407 562 455 615; x_wconf 89' lang='lat' dir='ltr'><strong>in</strong></span> <span class='ocrx_word' id='word_1_20' title='bbox 489 562 663 615; x_wconf 83' lang='lat' dir='ltr'><strong>Africa</strong></span> <span class='ocrx_word' id='word_1_21' title='bbox 718 559 1071 616; x_wconf 82' lang='lat' dir='ltr'><strong>NiCostratum</strong></span> <span class='ocrx_word' id='word_1_22' title='bbox 1101 605 1115 629; x_wconf 93' lang='lat'><strong>,</strong></span> <span class='ocrx_word' id='word_1_23' title='bbox 1150 573 1403 635; x_wconf 85' lang='lat' dir='ltr'><strong>utrosque</strong></span> <span class='ocrx_word' id='word_1_24' title='bbox 1447 564 1749 633; x_wconf 67' lang='lat' dir='ltr'><strong>hzcreticos,</strong></span> <span class='ocrx_word' id='word_1_25' title='bbox 1783 567 1921 621; x_wconf 72' lang='lat' dir='ltr'><strong>sicut</strong></span> 
     </span>
    </p>
   </div>
   <div class='ocr_carea' id='block_1_5' title="bbox 319 651 1917 727">
    <p class='ocr_par' dir='ltr' id='par_1_5' title="bbox 319 651 1917 727">
     <span class='ocr_line' id='line_1_5' title="bbox 319 651 1917 727; baseline 0.003 -19"><span class='ocrx_word' id='word_1_26' title='bbox 319 654 410 709; x_wconf 89' lang='lat' dir='ltr'><strong>ille</strong></span> <span class='ocrx_word' id='word_1_27' title='bbox 438 663 569 707; x_wconf 88' lang='lat' dir='ltr'><strong>erat.</strong></span> <span class='ocrx_word' id='word_1_28' title='bbox 605 651 701 707; x_wconf 82' lang='lat' dir='ltr'><strong>Hic</strong></span> <span class='ocrx_word' id='word_1_29' title='bbox 730 668 860 708; x_wconf 88' lang='lat' dir='ltr'><strong>vero</strong></span> <span class='ocrx_word' id='word_1_30' title='bbox 879 654 1157 710; x_wconf 72' lang='lat' dir='ltr'><strong>CDllaltbus</strong></span> <span class='ocrx_word' id='word_1_31' title='bbox 1182 657 1376 726; x_wconf 79' lang='lat' dir='ltr'><strong>quibus</strong></span> <span class='ocrx_word' id='word_1_32' title='bbox 1424 666 1734 727; x_wconf 88' lang='lat' dir='ltr'><strong>potuerunt,</strong></span> <span class='ocrx_word' id='word_1_33' title='bbox 1775 660 1917 713; x_wconf 87' lang='lat' dir='ltr'><strong>mul-</strong></span> 
     </span>
    </p>
   </div>
   <div class='ocr_carea' id='block_1_6' title="bbox 316 746 1916 806">
    <p class='ocr_par' dir='ltr' id='par_1_6' title="bbox 316 746 1916 806">
     <span class='ocr_line' id='line_1_6' title="bbox 316 746 1916 806; baseline 0.002 -6"><span class='ocrx_word' id='word_1_34' title='bbox 316 756 401 802; x_wconf 83' lang='lat' dir='ltr'><strong>tos</strong></span> <span class='ocrx_word' id='word_1_35' title='bbox 426 762 455 800; x_wconf 89' lang='lat' dir='ltr'><strong>a</strong></span> <span class='ocrx_word' id='word_1_36' title='bbox 478 755 621 800; x_wconf 89' lang='lat' dir='ltr'><strong>recta</strong></span> <span class='ocrx_word' id='word_1_37' title='bbox 653 755 707 801; x_wconf 86' lang='lat' dir='ltr'><strong>et</strong></span> <span class='ocrx_word' id='word_1_38' title='bbox 745 746 1005 802; x_wconf 87' lang='lat' dir='ltr'><strong>catholica</strong></span> <span class='ocrx_word' id='word_1_39' title='bbox 1037 746 1143 804; x_wconf 74' lang='lat' dir='ltr'><strong>ﬁde</strong></span> <span class='ocrx_word' id='word_1_40' title='bbox 1168 747 1455 805; x_wconf 72' lang='lat' dir='ltr'><strong>suadentes</strong></span> <span class='ocrx_word' id='word_1_41' title='bbox 1490 749 1741 806; x_wconf 79' lang='lat' dir='ltr'><strong>recedere</strong></span> <span class='ocrx_word' id='word_1_42' title='bbox 1772 748 1916 804; x_wconf 80' lang='lat' dir='ltr'><strong>fece-</strong></span> 
     </span>
    </p>
   </div>
   <div class='ocr_carea' id='block_1_7' title="bbox 314 839 1914 909">
    <p class='ocr_par' dir='ltr' id='par_1_7' title="bbox 314 839 1914 909">
     <span class='ocr_line' id='line_1_7' title="bbox 314 839 1914 909; baseline 0.001 -16"><span class='ocrx_word' id='word_1_43' title='bbox 314 848 462 902; x_wconf 84' lang='lat' dir='ltr'><strong>runt,</strong></span> <span class='ocrx_word' id='word_1_44' title='bbox 485 848 538 894; x_wconf 88' lang='lat' dir='ltr'><strong>et</strong></span> <span class='ocrx_word' id='word_1_45' title='bbox 567 848 686 908; x_wconf 89' lang='lat' dir='ltr'><strong>post</strong></span> <span class='ocrx_word' id='word_1_46' title='bbox 715 839 840 894; x_wconf 91' lang='lat' dir='ltr'><strong>sein</strong></span> <span class='ocrx_word' id='word_1_47' title='bbox 858 854 1167 909; x_wconf 81' lang='lat' dir='ltr'><strong>perversam</strong></span> <span class='ocrx_word' id='word_1_48' title='bbox 1193 849 1249 895; x_wconf 90' lang='lat' dir='ltr'><strong>et</strong></span> <span class='ocrx_word' id='word_1_49' title='bbox 1277 842 1386 896; x_wconf 84' lang='lat' dir='ltr'><strong>Deo</strong></span> <span class='ocrx_word' id='word_1_50' title='bbox 1416 841 1670 896; x_wconf 89' lang='lat' dir='ltr'><strong>odihilem</strong></span> <span class='ocrx_word' id='word_1_51' title='bbox 1712 840 1914 895; x_wconf 88' lang='lat' dir='ltr'><strong>doctri-</strong></span> 
     </span>
    </p>
   </div>
   <div class='ocr_carea' id='block_1_8' title="bbox 308 932 1915 1001">
    <p class='ocr_par' dir='ltr' id='par_1_8' title="bbox 308 932 1915 1001">
     <span class='ocr_line' id='line_1_8' title="bbox 308 932 1915 1001; baseline 0.001 -15"><span class='ocrx_word' id='word_1_52' title='bbox 308 946 436 986; x_wconf 89' lang='lat' dir='ltr'><strong>nam</strong></span> <span class='ocrx_word' id='word_1_53' title='bbox 504 945 759 986; x_wconf 85' lang='lat' dir='ltr'><strong>corruere</strong></span> <span class='ocrx_word' id='word_1_54' title='bbox 831 942 1234 1001; x_wconf 74' lang='lat' dir='ltr'><strong>persuaserunt.</strong></span> <span class='ocrx_word' id='word_1_55' title='bbox 1298 932 1406 990; x_wconf 87' lang='lat' dir='ltr'><strong>Sed</strong></span> <span class='ocrx_word' id='word_1_56' title='bbox 1482 935 1620 990; x_wconf 90' lang='lat' dir='ltr'><strong>sicut</strong></span> <span class='ocrx_word' id='word_1_57' title='bbox 1691 934 1915 990; x_wconf 88' lang='lat' dir='ltr'><strong>istorum</strong></span> 
     </span>
    </p>
   </div>
   <div class='ocr_carea' id='block_1_9' title="bbox 310 1022 1914 1094">
    <p class='ocr_par' dir='ltr' id='par_1_9' title="bbox 310 1022 1914 1094">
     <span class='ocr_line' id='line_1_9' title="bbox 310 1022 1914 1094; baseline -0.001 -15"><span class='ocrx_word' id='word_1_58' title='bbox 310 1022 848 1094; x_wconf 75' lang='lat' dir='ltr'><strong>tergiversationibus</strong></span> <span class='ocrx_word' id='word_1_59' title='bbox 897 1023 1059 1077; x_wconf 84' lang='lat' dir='ltr'><strong>nimis</strong></span> <span class='ocrx_word' id='word_1_60' title='bbox 1124 1039 1311 1080; x_wconf 87' lang='lat' dir='ltr'><strong>sumus</strong></span> <span class='ocrx_word' id='word_1_61' title='bbox 1349 1023 1689 1089; x_wconf 74' lang='lat' dir='ltr'><strong>contristati,</strong></span> <span class='ocrx_word' id='word_1_62' title='bbox 1745 1035 1800 1079; x_wconf 85' lang='lat' dir='ltr'><strong>et</strong></span> <span class='ocrx_word' id='word_1_63' title='bbox 1846 1023 1914 1079; x_wconf 89' lang='lat' dir='ltr'><strong>de</strong></span> 
     </span>
    </p>
   </div>
   <div class='ocr_carea' id='block_1_10' title="bbox 314 1118 1910 1190">
    <p class='ocr_par' dir='ltr' id='par_1_10' title="bbox 314 1118 1910 1190">
     <span class='ocr_line' id='line_1_10' title="bbox 314 1118 1910 1190; baseline 0 -16"><span class='ocrx_word' id='word_1_64' title='bbox 314 1134 503 1175; x_wconf 88' lang='lat' dir='ltr'><strong>eorum</strong></span> <span class='ocrx_word' id='word_1_65' title='bbox 528 1118 833 1190; x_wconf 86' lang='lat' dir='ltr'><strong>perditione</strong></span> <span class='ocrx_word' id='word_1_66' title='bbox 857 1119 1098 1186; x_wconf 90' lang='lat' dir='ltr'><strong>contriti,</strong></span> <span class='ocrx_word' id='word_1_67' title='bbox 1127 1119 1206 1175; x_wconf 92' lang='lat' dir='ltr'><strong>sic</strong></span> <span class='ocrx_word' id='word_1_68' title='bbox 1258 1118 1325 1175; x_wconf 91' lang='lat' dir='ltr'><strong>de</strong></span> <span class='ocrx_word' id='word_1_69' title='bbox 1359 1120 1590 1174; x_wconf 90' lang='lat' dir='ltr'><strong>aliorum</strong></span> <span class='ocrx_word' id='word_1_70' title='bbox 1621 1134 1910 1174; x_wconf 88' lang='lat' dir='ltr'><strong>conversa-</strong></span> 
     </span>
    </p>
   </div>
   <div class='ocr_carea' id='block_1_11' title="bbox 310 1211 1912 1278">
    <p class='ocr_par' dir='ltr' id='par_1_11' title="bbox 310 1211 1912 1278">
     <span class='ocr_line' id='line_1_11' title="bbox 310 1211 1912 1278; baseline 0.002 -12"><span class='ocrx_word' id='word_1_71' title='bbox 310 1213 497 1277; x_wconf 84' lang='lat' dir='ltr'><strong>tione,</strong></span> <span class='ocrx_word' id='word_1_72' title='bbox 547 1211 773 1267; x_wconf 90' lang='lat' dir='ltr'><strong>Domiuo</strong></span> <span class='ocrx_word' id='word_1_73' title='bbox 816 1212 1143 1278; x_wconf 81' lang='lat' dir='ltr'><strong>auxiliante,</strong></span> <span class='ocrx_word' id='word_1_74' title='bbox 1205 1227 1390 1267; x_wconf 88' lang='lat' dir='ltr'><strong>sumus</strong></span> <span class='ocrx_word' id='word_1_75' title='bbox 1438 1213 1713 1268; x_wconf 74' lang='lat' dir='ltr'><strong>lzetiticati.</strong></span> <span class='ocrx_word' id='word_1_76' title='bbox 1772 1213 1912 1269; x_wconf 86' lang='lat' dir='ltr'><strong>Deus</strong></span> 
     </span>
    </p>
   </div>
   <div class='ocr_carea' id='block_1_12' title="bbox 307 1305 1912 1377">
    <p class='ocr_par' dir='ltr' id='par_1_12' title="bbox 307 1305 1912 1377">
     <span class='ocr_line' id='line_1_12' title="bbox 307 1305 1912 1377; baseline -0.001 -16"><span class='ocrx_word' id='word_1_77' title='bbox 307 1314 489 1361; x_wconf 87' lang='lat' dir='ltr'><strong>autem</strong></span> <span class='ocrx_word' id='word_1_78' title='bbox 519 1306 879 1377; x_wconf 86' lang='lat' dir='ltr'><strong>omnipotens,</strong></span> <span class='ocrx_word' id='word_1_79' title='bbox 913 1305 1003 1376; x_wconf 88' lang='lat' dir='ltr'><strong>qui</strong></span> <span class='ocrx_word' id='word_1_80' title='bbox 1047 1306 1287 1362; x_wconf 86' lang='lat' dir='ltr'><strong>tristibus</strong></span> <span class='ocrx_word' id='word_1_81' title='bbox 1309 1307 1498 1361; x_wconf 83' lang='lat' dir='ltr'><strong>miscet</strong></span> <span class='ocrx_word' id='word_1_82' title='bbox 1523 1306 1642 1360; x_wconf 74' lang='lat' dir='ltr'><strong>lana</strong></span> <span class='ocrx_word' id='word_1_83' title='bbox 1666 1348 1680 1372; x_wconf 94' lang='lat'><strong>,</strong></span> <span class='ocrx_word' id='word_1_84' title='bbox 1714 1305 1912 1375; x_wconf 86' lang='lat' dir='ltr'><strong>oppido</strong></span> 
     </span>
    </p>
   </div>
   <div class='ocr_carea' id='block_1_13' title="bbox 306 1397 1910 1469">
    <p class='ocr_par' dir='ltr' id='par_1_13' title="bbox 306 1397 1910 1469">
     <span class='ocr_line' id='line_1_13' title="bbox 306 1397 1910 1469; baseline -0.001 -15"><span class='ocrx_word' id='word_1_85' title='bbox 306 1413 411 1454; x_wconf 87' lang='lat' dir='ltr'><strong>nos</strong></span> <span class='ocrx_word' id='word_1_86' title='bbox 436 1398 747 1465; x_wconf 72' lang='lat' dir='ltr'><strong>laetiticavit,</strong></span> <span class='ocrx_word' id='word_1_87' title='bbox 777 1398 917 1469; x_wconf 86' lang='lat' dir='ltr'><strong>quod</strong></span> <span class='ocrx_word' id='word_1_88' title='bbox 943 1397 1157 1469; x_wconf 89' lang='lat' dir='ltr'><strong>quidam</strong></span> <span class='ocrx_word' id='word_1_89' title='bbox 1189 1398 1553 1463; x_wconf 86' lang='lat' dir='ltr'><strong>confessores,</strong></span> <span class='ocrx_word' id='word_1_90' title='bbox 1587 1399 1678 1468; x_wconf 85' lang='lat' dir='ltr'><strong>qui</strong></span> <span class='ocrx_word' id='word_1_91' title='bbox 1707 1398 1910 1453; x_wconf 89' lang='lat' dir='ltr'><strong>dudum</strong></span> 
     </span>
    </p>
   </div>
   <div class='ocr_carea' id='block_1_14' title="bbox 303 1488 1913 1564">
    <p class='ocr_par' dir='ltr' id='par_1_14' title="bbox 303 1488 1913 1564">
     <span class='ocr_line' id='line_1_14' title="bbox 303 1488 1913 1564; baseline 0.001 -17"><span class='ocrx_word' id='word_1_92' title='bbox 303 1488 523 1559; x_wconf 67' lang='lat' dir='ltr'><strong>fuerunt</strong></span> <span class='ocrx_word' id='word_1_93' title='bbox 539 1491 743 1557; x_wconf 83' lang='lat' dir='ltr'><strong>ﬁdeles,</strong></span> <span class='ocrx_word' id='word_1_94' title='bbox 763 1507 791 1545; x_wconf 87' lang='lat' dir='ltr'><strong>a</strong></span> <span class='ocrx_word' id='word_1_95' title='bbox 807 1492 963 1548; x_wconf 85' lang='lat' dir='ltr'><strong>nobis</strong></span> <span class='ocrx_word' id='word_1_96' title='bbox 978 1500 1032 1547; x_wconf 86' lang='lat' dir='ltr'><strong>et</strong></span> <span class='ocrx_word' id='word_1_97' title='bbox 1048 1506 1076 1545; x_wconf 83' lang='lat' dir='ltr'><strong>a</strong></span> <span class='ocrx_word' id='word_1_98' title='bbox 1098 1503 1245 1548; x_wconf 87' lang='lat' dir='ltr'><strong>recta</strong></span> <span class='ocrx_word' id='word_1_99' title='bbox 1271 1492 1395 1556; x_wconf 84' lang='lat' dir='ltr'><strong>lide,</strong></span> <span class='ocrx_word' id='word_1_100' title='bbox 1420 1491 1636 1547; x_wconf 84' lang='lat' dir='ltr'><strong>diabolo</strong></span> <span class='ocrx_word' id='word_1_101' title='bbox 1655 1493 1913 1564; x_wconf 81' lang='lat' dir='ltr'><strong>instigan-</strong></span> 
     </span>
    </p>
   </div>
   <div class='ocr_carea' id='block_1_15' title="bbox 301 1583 1912 1656">
    <p class='ocr_par' dir='ltr' id='par_1_15' title="bbox 301 1583 1912 1656">
     <span class='ocr_line' id='line_1_15' title="bbox 301 1583 1912 1656; baseline 0.001 -17"><span class='ocrx_word' id='word_1_102' title='bbox 301 1595 379 1651; x_wconf 86' lang='lat' dir='ltr'><strong>te,</strong></span> <span class='ocrx_word' id='word_1_103' title='bbox 408 1599 467 1639; x_wconf 86' lang='lat' dir='ltr'><strong>se</strong></span> <span class='ocrx_word' id='word_1_104' title='bbox 493 1592 828 1655; x_wconf 85' lang='lat' dir='ltr'><strong>separantes,</strong></span> <span class='ocrx_word' id='word_1_105' title='bbox 860 1600 984 1640; x_wconf 91' lang='lat' dir='ltr'><strong>cum</strong></span> <span class='ocrx_word' id='word_1_106' title='bbox 1027 1583 1258 1640; x_wconf 74' lang='lat' dir='ltr'><strong>Maximo</strong></span> <span class='ocrx_word' id='word_1_107' title='bbox 1290 1585 1605 1656; x_wconf 85' lang='lat' dir='ltr'><strong>presbytero</strong></span> <span class='ocrx_word' id='word_1_108' title='bbox 1628 1585 1695 1639; x_wconf 89' lang='lat' dir='ltr'><strong>ad</strong></span> <span class='ocrx_word' id='word_1_109' title='bbox 1723 1584 1912 1640; x_wconf 83' lang='lat' dir='ltr'><strong>Eccle-</strong></span> 
     </span>
    </p>
   </div>
   <div class='ocr_carea' id='block_1_16' title="bbox 299 1676 1913 1743">
    <p class='ocr_par' dir='ltr' id='par_1_16' title="bbox 299 1676 1913 1743">
     <span class='ocr_line' id='line_1_16' title="bbox 299 1676 1913 1743; baseline 0.001 -10"><span class='ocrx_word' id='word_1_110' title='bbox 299 1676 437 1733; x_wconf 86' lang='lat' dir='ltr'><strong>siam</strong></span> <span class='ocrx_word' id='word_1_111' title='bbox 487 1676 805 1733; x_wconf 75' lang='lat' dir='ltr'><strong>catholicam</strong></span> <span class='ocrx_word' id='word_1_112' title='bbox 848 1686 905 1733; x_wconf 89' lang='lat' dir='ltr'><strong>et</strong></span> <span class='ocrx_word' id='word_1_113' title='bbox 948 1677 1108 1733; x_wconf 82' lang='lat' dir='ltr'><strong>fidem</strong></span> <span class='ocrx_word' id='word_1_114' title='bbox 1154 1687 1359 1733; x_wconf 88' lang='lat' dir='ltr'><strong>rectam</strong></span> <span class='ocrx_word' id='word_1_115' title='bbox 1410 1685 1537 1733; x_wconf 86' lang='lat' dir='ltr'><strong>sunt</strong></span> <span class='ocrx_word' id='word_1_116' title='bbox 1582 1677 1807 1743; x_wconf 79' lang='lat' dir='ltr'><strong>reversi,</strong></span> <span class='ocrx_word' id='word_1_117' title='bbox 1855 1685 1913 1734; x_wconf 89' lang='lat' dir='ltr'><strong>et</strong></span> 
     </span>
    </p>
   </div>
   <div class='ocr_carea' id='block_1_17' title="bbox 296 1768 1905 1841">
    <p class='ocr_par' dir='ltr' id='par_1_17' title="bbox 296 1768 1905 1841">
     <span class='ocr_line' id='line_1_17' title="bbox 296 1768 1905 1841; baseline 0 -16"><span class='ocrx_word' id='word_1_118' title='bbox 296 1768 495 1834; x_wconf 84' lang='lat' dir='ltr'><strong>denuo.</strong></span> <span class='ocrx_word' id='word_1_119' title='bbox 522 1772 660 1827; x_wconf 88' lang='lat' dir='ltr'><strong>sicut</strong></span> <span class='ocrx_word' id='word_1_120' title='bbox 702 1772 850 1841; x_wconf 85' lang='lat' dir='ltr'><strong>prius</strong></span> <span class='ocrx_word' id='word_1_121' title='bbox 883 1780 929 1837; x_wconf 71' lang='grc'><strong>⁸,</strong></span> <span class='ocrx_word' id='word_1_122' title='bbox 974 1772 1099 1827; x_wconf 87' lang='lat' dir='ltr'><strong>facti</strong></span> <span class='ocrx_word' id='word_1_123' title='bbox 1133 1781 1260 1827; x_wconf 89' lang='lat' dir='ltr'><strong>sunt</strong></span> <span class='ocrx_word' id='word_1_124' title='bbox 1304 1771 1647 1828; x_wconf 71' lang='lat' dir='ltr'><strong>confessos-es</strong></span> <span class='ocrx_word' id='word_1_125' title='bbox 1698 1772 1905 1827; x_wconf 80' lang='lat' dir='ltr'><strong>ﬁdeles.</strong></span> 
     </span>
    </p>
   </div>
   <div class='ocr_carea' id='block_1_18' title="bbox 2023 565 3572 636">
    <p class='ocr_par' dir='ltr' id='par_1_18' title="bbox 2023 565 3572 636">
     <span class='ocr_line' id='line_1_18' title="bbox 2023 565 3572 636; baseline 0.005 -17"><span class='ocrx_word' id='word_1_126' title='bbox 2023 567 2344 636; x_wconf 87' lang='lat' dir='ltr'><strong>promittens</strong></span> <span class='ocrx_word' id='word_1_127' title='bbox 2379 566 2462 621; x_wconf 90' lang='lat' dir='ltr'><strong>his</strong></span> <span class='ocrx_word' id='word_1_128' title='bbox 2488 566 2576 636; x_wconf 88' lang='lat' dir='ltr'><strong>qui</strong></span> <span class='ocrx_word' id='word_1_129' title='bbox 2608 580 2705 635; x_wconf 89' lang='lat' dir='ltr'><strong>pro</strong></span> <span class='ocrx_word' id='word_1_130' title='bbox 2742 580 2809 620; x_wconf 91' lang='lat' dir='ltr'><strong>eo</strong></span> <span class='ocrx_word' id='word_1_131' title='bbox 2843 565 3178 635; x_wconf 83' lang='lat' dir='ltr'><strong>passionibus</strong></span> <span class='ocrx_word' id='word_1_132' title='bbox 3215 566 3572 626; x_wconf 88' lang='lat' dir='ltr'><strong>submittuntur.</strong></span> 
     </span>
    </p>
   </div>
   <div class='ocr_carea' id='block_1_19' title="bbox 2024 656 3579 727">
    <p class='ocr_par' dir='ltr' id='par_1_19' title="bbox 2024 656 3579 727">
     <span class='ocr_line' id='line_1_19' title="bbox 2024 656 3579 727; baseline 0.004 -18"><span class='ocrx_word' id='word_1_133' title='bbox 2024 657 2175 723; x_wconf 77' lang='lat' dir='ltr'><strong>Quod</strong></span> <span class='ocrx_word' id='word_1_134' title='bbox 2211 659 2254 712; x_wconf 86' lang='lat' dir='ltr'><strong>si</strong></span> <span class='ocrx_word' id='word_1_135' title='bbox 2280 657 2588 713; x_wconf 70' lang='lat' dir='ltr'><strong>subtraxerit</strong></span> <span class='ocrx_word' id='word_1_136' title='bbox 2621 672 2678 712; x_wconf 90' lang='lat' dir='ltr'><strong>se</strong></span> <span class='ocrx_word' id='word_1_137' title='bbox 2703 656 2840 725; x_wconf 80' lang='lat' dir='ltr'><strong>quis.</strong></span> <span class='ocrx_word' id='word_1_138' title='bbox 2871 666 2974 713; x_wconf 68' lang='lat' dir='ltr'><strong>non</strong></span> <span class='ocrx_word' id='word_1_139' title='bbox 3020 657 3234 727; x_wconf 85' lang='lat' dir='ltr'><strong>placebit</strong></span> <span class='ocrx_word' id='word_1_140' title='bbox 3277 659 3451 713; x_wconf 69' lang='lat' dir='ltr'><strong>animi:</strong></span> <span class='ocrx_word' id='word_1_141' title='bbox 3479 678 3579 716; x_wconf 73' lang='lat' dir='ltr'><strong>mea</strong></span> 
     </span>
    </p>
   </div>
   <div class='ocr_carea' id='block_1_20' title="bbox 2022 742 3580 824">
    <p class='ocr_par' dir='ltr' id='par_1_20' title="bbox 2022 742 3580 824">
     <span class='ocr_line' id='line_1_20' title="bbox 2022 742 3580 824; baseline 0.003 -20"><span class='ocrx_word' id='word_1_142' title='bbox 2022 742 2180 824; x_wconf 79' lang='lat' dir='ltr'><strong>(Heb.</strong></span> <span class='ocrx_word' id='word_1_143' title='bbox 2215 750 2297 819; x_wconf 73' lang='grc' dir='ltr'><strong>ι).</strong></span> <span class='ocrx_word' id='word_1_144' title='bbox 2328 749 2422 805; x_wconf 84' lang='lat' dir='ltr'><strong>sed</strong></span> <span class='ocrx_word' id='word_1_145' title='bbox 2438 748 2596 804; x_wconf 86' lang='lat' dir='ltr'><strong>cadet</strong></span> <span class='ocrx_word' id='word_1_146' title='bbox 2642 749 2712 805; x_wconf 90' lang='lat' dir='ltr'><strong>de</strong></span> <span class='ocrx_word' id='word_1_147' title='bbox 2740 750 3098 820; x_wconf 78' lang='lat' dir='ltr'><strong>promissione</strong></span> <span class='ocrx_word' id='word_1_148' title='bbox 3130 760 3342 821; x_wconf 85' lang='lat' dir='ltr'><strong>propter</strong></span> <span class='ocrx_word' id='word_1_149' title='bbox 3377 753 3580 822; x_wconf 75' lang='lat' dir='ltr'><strong>negatio-</strong></span> 
     </span>
    </p>
   </div>
   <div class='ocr_carea' id='block_1_21' title="bbox 2019 843 3581 918">
    <p class='ocr_par' dir='ltr' id='par_1_21' title="bbox 2019 843 3581 918">
     <span class='ocr_line' id='line_1_21' title="bbox 2019 843 3581 918; baseline 0.002 -21"><span class='ocrx_word' id='word_1_150' title='bbox 2019 859 2165 899; x_wconf 88' lang='lat' dir='ltr'><strong>nem.</strong></span> <span class='ocrx_word' id='word_1_151' title='bbox 2214 843 2325 899; x_wconf 87' lang='lat' dir='ltr'><strong>Nos</strong></span> <span class='ocrx_word' id='word_1_152' title='bbox 2369 856 2539 899; x_wconf 88' lang='lat' dir='ltr'><strong>autem</strong></span> <span class='ocrx_word' id='word_1_153' title='bbox 2566 861 2670 899; x_wconf 84' lang='lat' dir='ltr'><strong>non</strong></span> <span class='ocrx_word' id='word_1_154' title='bbox 2706 861 2882 899; x_wconf 86' lang='lat' dir='ltr'><strong>sumus</strong></span> <span class='ocrx_word' id='word_1_155' title='bbox 2910 844 3268 900; x_wconf 86' lang='lat' dir='ltr'><strong>subtractionis</strong></span> <span class='ocrx_word' id='word_1_156' title='bbox 3305 846 3398 915; x_wconf 80' lang='lat' dir='ltr'><strong>lilii</strong></span> <span class='ocrx_word' id='word_1_157' title='bbox 3424 849 3469 901; x_wconf 86' lang='lat' dir='ltr'><strong>in</strong></span> <span class='ocrx_word' id='word_1_158' title='bbox 3491 865 3581 918; x_wconf 81' lang='lat' dir='ltr'><strong>per-</strong></span> 
     </span>
    </p>
   </div>
   <div class='ocr_carea' id='block_1_22' title="bbox 2020 938 3583 1012">
    <p class='ocr_par' dir='ltr' id='par_1_22' title="bbox 2020 938 3583 1012">
     <span class='ocr_line' id='line_1_22' title="bbox 2020 938 3583 1012; baseline 0.004 -21"><span class='ocrx_word' id='word_1_159' title='bbox 2020 938 2283 1007; x_wconf 80' lang='lat' dir='ltr'><strong>ditionem,</strong></span> <span class='ocrx_word' id='word_1_160' title='bbox 2338 939 2427 992; x_wconf 85' lang='lat' dir='ltr'><strong>sed</strong></span> <span class='ocrx_word' id='word_1_161' title='bbox 2467 939 2589 1007; x_wconf 78' lang='lat' dir='ltr'><strong>ﬁdei</strong></span> <span class='ocrx_word' id='word_1_162' title='bbox 2639 940 2695 994; x_wconf 79' lang='lat' dir='ltr'><strong>in</strong></span> <span class='ocrx_word' id='word_1_163' title='bbox 2742 940 3130 1012; x_wconf 80' lang='lat' dir='ltr'><strong>acquisitionem</strong></span> <span class='ocrx_word' id='word_1_164' title='bbox 3166 942 3366 997; x_wconf 71' lang='lat' dir='ltr'><strong>enim.</strong></span> <span class='ocrx_word' id='word_1_165' title='bbox 3397 941 3583 1012; x_wconf 76' lang='lat' dir='ltr'><strong>Propter</strong></span> 
     </span>
    </p>
   </div>
   <div class='ocr_carea' id='block_1_23' title="bbox 2017 1026 3584 1102">
    <p class='ocr_par' dir='ltr' id='par_1_23' title="bbox 2017 1026 3584 1102">
     <span class='ocr_line' id='line_1_23' title="bbox 2017 1026 3584 1102; baseline 0.006 -20"><span class='ocrx_word' id='word_1_166' title='bbox 2017 1030 2156 1102; x_wconf 82' lang='lat' dir='ltr'><strong>quod</strong></span> <span class='ocrx_word' id='word_1_167' title='bbox 2193 1032 2437 1085; x_wconf 83' lang='lat' dir='ltr'><strong>assumite</strong></span> <span class='ocrx_word' id='word_1_168' title='bbox 2486 1026 2516 1068; x_wconf 71' lang='grc' dir='ltr'><strong>ι)</strong></span> <span class='ocrx_word' id='word_1_169' title='bbox 2558 1044 2875 1086; x_wconf 85' lang='lat' dir='ltr'><strong>armaturam</strong></span> <span class='ocrx_word' id='word_1_170' title='bbox 2914 1031 3040 1098; x_wconf 88' lang='lat' dir='ltr'><strong>Del,</strong></span> <span class='ocrx_word' id='word_1_171' title='bbox 3074 1043 3128 1087; x_wconf 87' lang='lat' dir='ltr'><strong>ut</strong></span> <span class='ocrx_word' id='word_1_172' title='bbox 3158 1036 3358 1101; x_wconf 85' lang='lat' dir='ltr'><strong>possitis</strong></span> <span class='ocrx_word' id='word_1_173' title='bbox 3390 1037 3584 1093; x_wconf 72' lang='lat' dir='ltr'><strong>resistere</strong></span> 
     </span>
    </p>
   </div>
   <div class='ocr_carea' id='block_1_24' title="bbox 2016 1122 3585 1191">
    <p class='ocr_par' dir='ltr' id='par_1_24' title="bbox 2016 1122 3585 1191">
     <span class='ocr_line' id='line_1_24' title="bbox 2016 1122 3585 1191; baseline 0.006 -15"><span class='ocrx_word' id='word_1_174' title='bbox 2016 1122 2069 1177; x_wconf 84' lang='lat' dir='ltr'><strong>in</strong></span> <span class='ocrx_word' id='word_1_175' title='bbox 2097 1123 2179 1177; x_wconf 89' lang='lat' dir='ltr'><strong>die</strong></span> <span class='ocrx_word' id='word_1_176' title='bbox 2205 1123 2361 1191; x_wconf 89' lang='lat' dir='ltr'><strong>malo,</strong></span> <span class='ocrx_word' id='word_1_177' title='bbox 2393 1124 2636 1178; x_wconf 88' lang='lat' dir='ltr'><strong>adversus</strong></span> <span class='ocrx_word' id='word_1_178' title='bbox 2671 1136 2692 1163; x_wconf 80' lang='grc' dir='ltr'><strong>ο</strong></span> <span class='ocrx_word' id='word_1_179' title='bbox 2735 1141 2908 1179; x_wconf 87' lang='lat' dir='ltr'><strong>omnes</strong></span> <span class='ocrx_word' id='word_1_180' title='bbox 2936 1127 3171 1181; x_wconf 86' lang='lat' dir='ltr'><strong>inimicos</strong></span> <span class='ocrx_word' id='word_1_181' title='bbox 3199 1138 3381 1183; x_wconf 83' lang='lat' dir='ltr'><strong>sanctte</strong></span> <span class='ocrx_word' id='word_1_182' title='bbox 3397 1131 3585 1186; x_wconf 83' lang='lat' dir='ltr'><strong>ecclesia:</strong></span> 
     </span>
    </p>
   </div>
   <div class='ocr_carea' id='block_1_25' title="bbox 2015 1217 3575 1289">
    <p class='ocr_par' dir='ltr' id='par_1_25' title="bbox 2015 1217 3575 1289">
     <span class='ocr_line' id='line_1_25' title="bbox 2015 1217 3575 1289; baseline 0.004 -19"><span class='ocrx_word' id='word_1_183' title='bbox 2015 1225 2063 1270; x_wconf 81' lang='lat' dir='ltr'><strong>et</strong></span> <span class='ocrx_word' id='word_1_184' title='bbox 2101 1225 2307 1283; x_wconf 84' lang='lat' dir='ltr'><strong>vestros,</strong></span> <span class='ocrx_word' id='word_1_185' title='bbox 2342 1226 2389 1270; x_wconf 88' lang='lat' dir='ltr'><strong>et</strong></span> <span class='ocrx_word' id='word_1_186' title='bbox 2439 1217 2638 1272; x_wconf 81' lang='lat' dir='ltr'><strong>induite</strong></span> <span class='ocrx_word' id='word_1_187' title='bbox 2674 1233 2762 1272; x_wconf 89' lang='lat' dir='ltr'><strong>vos</strong></span> <span class='ocrx_word' id='word_1_188' title='bbox 2801 1219 3013 1272; x_wconf 86' lang='lat' dir='ltr'><strong>loricam</strong></span> <span class='ocrx_word' id='word_1_189' title='bbox 3042 1220 3290 1289; x_wconf 80' lang='lat' dir='ltr'><strong>justitite,</strong></span> <span class='ocrx_word' id='word_1_190' title='bbox 3329 1230 3371 1274; x_wconf 89' lang='lat' dir='ltr'><strong>et</strong></span> <span class='ocrx_word' id='word_1_191' title='bbox 3398 1224 3575 1277; x_wconf 85' lang='lat' dir='ltr'><strong>calceati</strong></span> 
     </span>
    </p>
   </div>
   <div class='ocr_carea' id='block_1_26' title="bbox 2018 1309 3569 1387">
    <p class='ocr_par' dir='ltr' id='par_1_26' title="bbox 2018 1309 3569 1387">
     <span class='ocr_line' id='line_1_26' title="bbox 2018 1309 3569 1387; baseline 0.006 -24"><span class='ocrx_word' id='word_1_192' title='bbox 2018 1309 2169 1379; x_wconf 81' lang='lat' dir='ltr'><strong>pedes</strong></span> <span class='ocrx_word' id='word_1_193' title='bbox 2221 1310 2275 1363; x_wconf 84' lang='lat' dir='ltr'><strong>in</strong></span> <span class='ocrx_word' id='word_1_194' title='bbox 2332 1314 2709 1382; x_wconf 78' lang='lat' dir='ltr'><strong>prteparatione</strong></span> <span class='ocrx_word' id='word_1_195' title='bbox 2745 1312 3017 1387; x_wconf 77' lang='lat' dir='ltr'><strong>Evangelii</strong></span> <span class='ocrx_word' id='word_1_196' title='bbox 3071 1317 3240 1385; x_wconf 86' lang='lat' dir='ltr'><strong>pacis,</strong></span> <span class='ocrx_word' id='word_1_197' title='bbox 3290 1316 3341 1370; x_wconf 86' lang='lat' dir='ltr'><strong>in</strong></span> <span class='ocrx_word' id='word_1_198' title='bbox 3380 1320 3569 1375; x_wconf 85' lang='lat' dir='ltr'><strong>omnibus</strong></span> 
     </span>
    </p>
   </div>
   <div class='ocr_carea' id='block_1_27' title="bbox 2014 1403 3577 1479">
    <p class='ocr_par' dir='ltr' id='par_1_27' title="bbox 2014 1403 3577 1479">
     <span class='ocr_line' id='line_1_27' title="bbox 2014 1403 3577 1479; baseline 0.005 -24"><span class='ocrx_word' id='word_1_199' title='bbox 2014 1411 2326 1456; x_wconf 82' lang='lat' dir='ltr'><strong>assumeutes</strong></span> <span class='ocrx_word' id='word_1_200' title='bbox 2372 1412 2572 1456; x_wconf 83' lang='lat' dir='ltr'><strong>scutum</strong></span> <span class='ocrx_word' id='word_1_201' title='bbox 2608 1403 2749 1470; x_wconf 76' lang='lat' dir='ltr'><strong>ﬁdei,</strong></span> <span class='ocrx_word' id='word_1_202' title='bbox 2804 1406 2858 1458; x_wconf 88' lang='lat' dir='ltr'><strong>in</strong></span> <span class='ocrx_word' id='word_1_203' title='bbox 2882 1420 2980 1474; x_wconf 86' lang='lat' dir='ltr'><strong>quo</strong></span> <span class='ocrx_word' id='word_1_204' title='bbox 3012 1406 3223 1475; x_wconf 88' lang='lat' dir='ltr'><strong>possitis</strong></span> <span class='ocrx_word' id='word_1_205' title='bbox 3250 1409 3410 1463; x_wconf 87' lang='lat' dir='ltr'><strong>omnia</strong></span> <span class='ocrx_word' id='word_1_206' title='bbox 3430 1410 3577 1479; x_wconf 84' lang='lat' dir='ltr'><strong>jacula</strong></span> 
     </span>
    </p>
   </div>
   <div class='ocr_carea' id='block_1_28' title="bbox 2017 1492 3586 1571">
    <p class='ocr_par' dir='ltr' id='par_1_28' title="bbox 2017 1492 3586 1571">
     <span class='ocr_line' id='line_1_28' title="bbox 2017 1492 3586 1571; baseline 0.007 -25"><span class='ocrx_word' id='word_1_207' title='bbox 2017 1495 2314 1565; x_wconf 83' lang='lat' dir='ltr'><strong>nequissimi</strong></span> <span class='ocrx_word' id='word_1_208' title='bbox 2379 1492 2408 1532; x_wconf 76' lang='grc' dir='ltr'><strong>ἀ</strong></span> <span class='ocrx_word' id='word_1_209' title='bbox 2460 1496 2623 1567; x_wconf 80' lang='lat' dir='ltr'><strong>ignita</strong></span> <span class='ocrx_word' id='word_1_210' title='bbox 2666 1498 3008 1569; x_wconf 68' lang='lat' dir='ltr'><strong>exstinguere.</strong></span> <span class='ocrx_word' id='word_1_211' title='bbox 3066 1497 3139 1552; x_wconf 80' lang='lat' dir='ltr'><strong>Et</strong></span> <span class='ocrx_word' id='word_1_212' title='bbox 3188 1499 3381 1571; x_wconf 75' lang='lat' dir='ltr'><strong>galeam</strong></span> <span class='ocrx_word' id='word_1_213' title='bbox 3439 1503 3586 1558; x_wconf 72' lang='lat' dir='ltr'><strong>salutis</strong></span> 
     </span>
    </p>
   </div>
   <div class='ocr_carea' id='block_1_29' title="bbox 2016 1586 3583 1661">
    <p class='ocr_par' dir='ltr' id='par_1_29' title="bbox 2016 1586 3583 1661">
     <span class='ocr_line' id='line_1_29' title="bbox 2016 1586 3583 1661; baseline 0.006 -23"><span class='ocrx_word' id='word_1_214' title='bbox 2016 1586 2262 1639; x_wconf 87' lang='lat' dir='ltr'><strong>assumite</strong></span> <span class='ocrx_word' id='word_1_215' title='bbox 2293 1596 2338 1654; x_wconf 75' lang='grc' dir='ltr'><strong>θ,</strong></span> <span class='ocrx_word' id='word_1_216' title='bbox 2372 1596 2421 1641; x_wconf 85' lang='lat' dir='ltr'><strong>et</strong></span> <span class='ocrx_word' id='word_1_217' title='bbox 2463 1586 2697 1659; x_wconf 75' lang='lat' dir='ltr'><strong>gladium</strong></span> <span class='ocrx_word' id='word_1_218' title='bbox 2728 1587 2961 1658; x_wconf 75' lang='lat' dir='ltr'><strong>Spiritus</strong></span> <span class='ocrx_word' id='word_1_219' title='bbox 3002 1590 3148 1661; x_wconf 80' lang='lat' dir='ltr'><strong>quod</strong></span> <span class='ocrx_word' id='word_1_220' title='bbox 3171 1600 3247 1646; x_wconf 79' lang='lat' dir='ltr'><strong>est</strong></span> <span class='ocrx_word' id='word_1_221' title='bbox 3285 1592 3471 1647; x_wconf 63' lang='lat' dir='ltr'><strong>verbm</strong></span> <span class='ocrx_word' id='word_1_222' title='bbox 3492 1592 3583 1659; x_wconf 81' lang='lat' dir='ltr'><strong>Dei,</strong></span> 
     </span>
    </p>
   </div>
   <div class='ocr_carea' id='block_1_30' title="bbox 2016 1681 3574 1758">
    <p class='ocr_par' dir='ltr' id='par_1_30' title="bbox 2016 1681 3574 1758">
     <span class='ocr_line' id='line_1_30' title="bbox 2016 1681 3574 1758; baseline 0.006 -27"><span class='ocrx_word' id='word_1_223' title='bbox 2016 1694 2107 1746; x_wconf 87' lang='lat' dir='ltr'><strong>per</strong></span> <span class='ocrx_word' id='word_1_224' title='bbox 2147 1693 2348 1732; x_wconf 89' lang='lat' dir='ltr'><strong>omnem</strong></span> <span class='ocrx_word' id='word_1_225' title='bbox 2400 1681 2682 1734; x_wconf 86' lang='lat' dir='ltr'><strong>orationem</strong></span> <span class='ocrx_word' id='word_1_226' title='bbox 2726 1691 2791 1745; x_wconf 36' lang='lat' dir='ltr'><strong>et.</strong></span> <span class='ocrx_word' id='word_1_227' title='bbox 2823 1681 3225 1736; x_wconf 83' lang='lat' dir='ltr'><strong>obsecrationem</strong></span> <span class='ocrx_word' id='word_1_228' title='bbox 3276 1683 3574 1758; x_wconf 72' lang='lat' dir='ltr'><strong>(Eph.,v1),</strong></span> 
     </span>
    </p>
   </div>
   <div class='ocr_carea' id='block_1_31' title="bbox 2015 1768 3577 1846">
    <p class='ocr_par' dir='ltr' id='par_1_31' title="bbox 2015 1768 3577 1846">
     <span class='ocr_line' id='line_1_31' title="bbox 2015 1768 3577 1846; baseline 0.007 -23"><span class='ocrx_word' id='word_1_229' title='bbox 2015 1768 2241 1825; x_wconf 86' lang='lat' dir='ltr'><strong>radicati</strong></span> <span class='ocrx_word' id='word_1_230' title='bbox 2271 1779 2326 1825; x_wconf 89' lang='lat' dir='ltr'><strong>et</strong></span> <span class='ocrx_word' id='word_1_231' title='bbox 2352 1771 2555 1825; x_wconf 78' lang='lat' dir='ltr'><strong>fundati</strong></span> <span class='ocrx_word' id='word_1_232' title='bbox 2575 1772 2629 1826; x_wconf 89' lang='lat' dir='ltr'><strong>in</strong></span> <span class='ocrx_word' id='word_1_233' title='bbox 2653 1774 2847 1828; x_wconf 84' lang='lat' dir='ltr'><strong>solatio</strong></span> <span class='ocrx_word' id='word_1_234' title='bbox 2871 1773 3102 1829; x_wconf 76' lang='lat' dir='ltr'><strong>fratrum</strong></span> <span class='ocrx_word' id='word_1_235' title='bbox 3131 1788 3231 1846; x_wconf 90' lang='lat' dir='ltr'><strong>pro</strong></span> <span class='ocrx_word' id='word_1_236' title='bbox 3251 1776 3450 1832; x_wconf 80' lang='lat' dir='ltr'><strong>Christo</strong></span> <span class='ocrx_word' id='word_1_237' title='bbox 3471 1777 3577 1835; x_wconf 78' lang='lat' dir='ltr'><strong>Jesu</strong></span> 
     </span>
    </p>
   </div>
   <div class='ocr_carea' id='block_1_32' title="bbox 298 1860 3590 1945">
    <p class='ocr_par' dir='ltr' id='par_1_32' title="bbox 298 1860 3590 1945">
     <span class='ocr_line' id='line_1_32' title="bbox 298 1860 3590 1945; baseline 0 -27"><span class='ocrx_word' id='word_1_238' title='bbox 298 1863 659 1936; x_wconf 81' lang='lat' dir='ltr'><strong>Quapropter,</strong></span> <span class='ocrx_word' id='word_1_239' title='bbox 703 1864 1031 1931; x_wconf 84' lang='lat' dir='ltr'><strong>cbarissimi,</strong></span> <span class='ocrx_word' id='word_1_240' title='bbox 1077 1866 1358 1921; x_wconf 85' lang='lat' dir='ltr'><strong>hortamur</strong></span> <span class='ocrx_word' id='word_1_241' title='bbox 1410 1881 1506 1921; x_wconf 89' lang='lat' dir='ltr'><strong>vos</strong></span> <span class='ocrx_word' id='word_1_242' title='bbox 1552 1875 1607 1921; x_wconf 88' lang='lat' dir='ltr'><strong>et</strong></span> <span class='ocrx_word' id='word_1_243' title='bbox 1648 1865 1911 1936; x_wconf 87' lang='lat' dir='ltr'><strong>depreca-</strong></span> <span class='ocrx_word' id='word_1_244' title='bbox 1941 1885 1991 1945; x_wconf 80' lang='grc' dir='ltr'>Β</span> <span class='ocrx_word' id='word_1_245' title='bbox 2020 1860 2244 1917; x_wconf 90' lang='lat' dir='ltr'><strong>domino</strong></span> <span class='ocrx_word' id='word_1_246' title='bbox 2265 1871 2472 1918; x_wconf 89' lang='lat' dir='ltr'><strong>nostro.</strong></span> <span class='ocrx_word' id='word_1_247' title='bbox 2493 1863 2601 1919; x_wconf 88' lang='lat' dir='ltr'><strong>Sed</strong></span> <span class='ocrx_word' id='word_1_248' title='bbox 2629 1875 2675 1919; x_wconf 88' lang='lat' dir='ltr'><strong>et</strong></span> <span class='ocrx_word' id='word_1_249' title='bbox 2701 1882 2856 1932; x_wconf 79' lang='lat' dir='ltr'><strong>nunc,</strong></span> <span class='ocrx_word' id='word_1_250' title='bbox 2881 1867 3102 1936; x_wconf 75' lang='lat' dir='ltr'><strong>fratres,</strong></span> <span class='ocrx_word' id='word_1_251' title='bbox 3127 1871 3590 1927; x_wconf 61' lang='lat' dir='ltr'><strong>commendamus“;</strong></span> 
     </span>
    </p>
   </div>
   <div class='ocr_carea' id='block_1_33' title="bbox 297 1958 1907 2029">
    <p class='ocr_par' dir='ltr' id='par_1_33' title="bbox 297 1958 1907 2029">
     <span class='ocr_line' id='line_1_33' title="bbox 297 1958 1907 2029; baseline 0.001 -16"><span class='ocrx_word' id='word_1_252' title='bbox 297 1973 419 2013; x_wconf 88' lang='lat' dir='ltr'><strong>mur</strong></span> <span class='ocrx_word' id='word_1_253' title='bbox 461 1973 556 2028; x_wconf 87' lang='lat' dir='ltr'><strong>per</strong></span> <span class='ocrx_word' id='word_1_254' title='bbox 603 1958 888 2013; x_wconf 86' lang='lat' dir='ltr'><strong>Dominum</strong></span> <span class='ocrx_word' id='word_1_255' title='bbox 936 1966 1180 2012; x_wconf 87' lang='lat' dir='ltr'><strong>nostrum</strong></span> <span class='ocrx_word' id='word_1_256' title='bbox 1214 1958 1397 2013; x_wconf 83' lang='lat' dir='ltr'><strong>Jesum</strong></span> <span class='ocrx_word' id='word_1_257' title='bbox 1437 1958 1733 2024; x_wconf 80' lang='lat' dir='ltr'><strong>Christum,</strong></span> <span class='ocrx_word' id='word_1_258' title='bbox 1765 1972 1907 2029; x_wconf 63' lang='lat' dir='ltr'><strong>prec-</strong></span> 
     </span>
    </p>
   </div>
   <div class='ocr_carea' id='block_1_34' title="bbox 298 2047 1909 2120">
    <p class='ocr_par' dir='ltr' id='par_1_34' title="bbox 298 2047 1909 2120">
     <span class='ocr_line' id='line_1_34' title="bbox 298 2047 1909 2120; baseline 0.001 -16"><span class='ocrx_word' id='word_1_259' title='bbox 298 2047 472 2104; x_wconf 90' lang='lat' dir='ltr'><strong>dictos</strong></span> <span class='ocrx_word' id='word_1_260' title='bbox 499 2048 779 2104; x_wconf 68' lang='lat' dir='ltr'><strong>haereticos</strong></span> <span class='ocrx_word' id='word_1_261' title='bbox 804 2061 859 2104; x_wconf 90' lang='lat' dir='ltr'><strong>et</strong></span> <span class='ocrx_word' id='word_1_262' title='bbox 877 2065 1064 2104; x_wconf 87' lang='lat' dir='ltr'><strong>omnes</strong></span> <span class='ocrx_word' id='word_1_263' title='bbox 1091 2064 1227 2120; x_wconf 88' lang='lat' dir='ltr'><strong>quos</strong></span> <span class='ocrx_word' id='word_1_264' title='bbox 1252 2066 1280 2103; x_wconf 90' lang='lat' dir='ltr'><strong>a</strong></span> <span class='ocrx_word' id='word_1_265' title='bbox 1300 2059 1445 2105; x_wconf 86' lang='lat' dir='ltr'><strong>recta</strong></span> <span class='ocrx_word' id='word_1_266' title='bbox 1464 2050 1568 2105; x_wconf 83' lang='lat' dir='ltr'><strong>ﬁde</strong></span> <span class='ocrx_word' id='word_1_267' title='bbox 1582 2058 1637 2106; x_wconf 89' lang='lat' dir='ltr'><strong>et</strong></span> <span class='ocrx_word' id='word_1_268' title='bbox 1661 2050 1909 2107; x_wconf 89' lang='lat' dir='ltr'><strong>doctrina</strong></span> 
     </span>
    </p>
   </div>
   <div class='ocr_carea' id='block_1_35' title="bbox 295 2144 1901 2215">
    <p class='ocr_par' dir='ltr' id='par_1_35' title="bbox 295 2144 1901 2215">
     <span class='ocr_line' id='line_1_35' title="bbox 295 2144 1901 2215; baseline 0.001 -17"><span class='ocrx_word' id='word_1_269' title='bbox 295 2153 606 2214; x_wconf 83' lang='lat' dir='ltr'><strong>apostatare</strong></span> <span class='ocrx_word' id='word_1_270' title='bbox 660 2144 1059 2215; x_wconf 76' lang='lat' dir='ltr'><strong>cognoveritis,</strong></span> <span class='ocrx_word' id='word_1_271' title='bbox 1121 2144 1588 2200; x_wconf 81' lang='lat' dir='ltr'><strong>exhortationibus</strong></span> <span class='ocrx_word' id='word_1_272' title='bbox 1637 2155 1692 2200; x_wconf 86' lang='lat' dir='ltr'><strong>ct</strong></span> <span class='ocrx_word' id='word_1_273' title='bbox 1743 2145 1901 2200; x_wconf 88' lang='lat' dir='ltr'><strong>bouis</strong></span> 
     </span>
    </p>
   </div>
   <div class='ocr_carea' id='block_1_36' title="bbox 289 2238 1910 2311">
    <p class='ocr_par' dir='ltr' id='par_1_36' title="bbox 289 2238 1910 2311">
     <span class='ocr_line' id='line_1_36' title="bbox 289 2238 1910 2311; baseline -0.001 -15"><span class='ocrx_word' id='word_1_274' title='bbox 289 2239 490 2311; x_wconf 81' lang='lat' dir='ltr'><strong>studiis</strong></span> <span class='ocrx_word' id='word_1_275' title='bbox 512 2239 708 2294; x_wconf 83' lang='lat' dir='ltr'><strong>vestris</strong></span> <span class='ocrx_word' id='word_1_276' title='bbox 751 2238 819 2293; x_wconf 87' lang='lat' dir='ltr'><strong>ad</strong></span> <span class='ocrx_word' id='word_1_277' title='bbox 858 2239 1181 2294; x_wconf 77' lang='lat' dir='ltr'><strong>catholicam</strong></span> <span class='ocrx_word' id='word_1_278' title='bbox 1206 2238 1367 2295; x_wconf 77' lang='lat' dir='ltr'><strong>fiderit</strong></span> <span class='ocrx_word' id='word_1_279' title='bbox 1387 2248 1443 2295; x_wconf 89' lang='lat' dir='ltr'><strong>et</strong></span> <span class='ocrx_word' id='word_1_280' title='bbox 1471 2248 1673 2294; x_wconf 87' lang='lat' dir='ltr'><strong>rectam</strong></span> <span class='ocrx_word' id='word_1_281' title='bbox 1705 2239 1910 2295; x_wconf 88' lang='lat' dir='ltr'><strong>doctri-</strong></span> 
     </span>
    </p>
   </div>
   <div class='ocr_carea' id='block_1_37' title="bbox 294 2331 1911 2397">
    <p class='ocr_par' dir='ltr' id='par_1_37' title="bbox 294 2331 1911 2397">
     <span class='ocr_line' id='line_1_37' title="bbox 294 2331 1911 2397; baseline 0.001 -10"><span class='ocrx_word' id='word_1_282' title='bbox 294 2347 422 2387; x_wconf 88' lang='lat' dir='ltr'><strong>nam</strong></span> <span class='ocrx_word' id='word_1_283' title='bbox 473 2339 794 2387; x_wconf 85' lang='lat' dir='ltr'><strong>convertere</strong></span> <span class='ocrx_word' id='word_1_284' title='bbox 850 2331 1198 2397; x_wconf 87' lang='lat' dir='ltr'><strong>contendite,</strong></span> <span class='ocrx_word' id='word_1_285' title='bbox 1253 2339 1308 2387; x_wconf 90' lang='lat' dir='ltr'><strong>et</strong></span> <span class='ocrx_word' id='word_1_286' title='bbox 1376 2332 1427 2386; x_wconf 91' lang='lat' dir='ltr'><strong>in</strong></span> <span class='ocrx_word' id='word_1_287' title='bbox 1487 2332 1582 2387; x_wconf 88' lang='lat' dir='ltr'><strong>Dei</strong></span> <span class='ocrx_word' id='word_1_288' title='bbox 1635 2331 1911 2388; x_wconf 86' lang='lat' dir='ltr'><strong>voluntate</strong></span> 
     </span>
    </p>
   </div>
   <div class='ocr_carea' id='block_1_38' title="bbox 290 2423 1909 2497">
    <p class='ocr_par' dir='ltr' id='par_1_38' title="bbox 290 2423 1909 2497">
     <span class='ocr_line' id='line_1_38' title="bbox 290 2423 1909 2497; baseline -0.001 -16"><span class='ocrx_word' id='word_1_289' title='bbox 290 2434 588 2497; x_wconf 76' lang='lat' dir='ltr'><strong>persistere</strong></span> <span class='ocrx_word' id='word_1_290' title='bbox 614 2425 858 2481; x_wconf 86' lang='lat' dir='ltr'><strong>suadete.</strong></span> <span class='ocrx_word' id='word_1_291' title='bbox 887 2425 955 2480; x_wconf 87' lang='lat' dir='ltr'><strong>Et</strong></span> <span class='ocrx_word' id='word_1_292' title='bbox 982 2440 1089 2479; x_wconf 93' lang='lat' dir='ltr'><strong>non</strong></span> <span class='ocrx_word' id='word_1_293' title='bbox 1115 2425 1286 2480; x_wconf 90' lang='lat' dir='ltr'><strong>solum</strong></span> <span class='ocrx_word' id='word_1_294' title='bbox 1315 2423 1433 2491; x_wconf 85' lang='lat' dir='ltr'><strong>bos,</strong></span> <span class='ocrx_word' id='word_1_295' title='bbox 1469 2424 1567 2480; x_wconf 88' lang='lat' dir='ltr'><strong>sed</strong></span> <span class='ocrx_word' id='word_1_296' title='bbox 1597 2440 1787 2479; x_wconf 86' lang='lat' dir='ltr'><strong>omnes</strong></span> <span class='ocrx_word' id='word_1_297' title='bbox 1818 2425 1909 2494; x_wconf 89' lang='lat' dir='ltr'><strong>qui</strong></span> 
     </span>
    </p>
   </div>
   <div class='ocr_carea' id='block_1_39' title="bbox 290 2518 1906 2587">
    <p class='ocr_par' dir='ltr' id='par_1_39' title="bbox 290 2518 1906 2587">
     <span class='ocr_line' id='line_1_39' title="bbox 290 2518 1906 2587; baseline -0.003 -11"><span class='ocrx_word' id='word_1_298' title='bbox 290 2520 531 2576; x_wconf 79' lang='lat' dir='ltr'><strong>nandum</strong></span> <span class='ocrx_word' id='word_1_299' title='bbox 571 2519 732 2575; x_wconf 88' lang='lat' dir='ltr'><strong>tidem</strong></span> <span class='ocrx_word' id='word_1_300' title='bbox 780 2528 984 2575; x_wconf 88' lang='lat' dir='ltr'><strong>rectam</strong></span> <span class='ocrx_word' id='word_1_301' title='bbox 1030 2528 1419 2587; x_wconf 87' lang='lat' dir='ltr'><strong>perceperunt,</strong></span> <span class='ocrx_word' id='word_1_302' title='bbox 1460 2518 1528 2573; x_wconf 83' lang='lat' dir='ltr'><strong>ad</strong></span> <span class='ocrx_word' id='word_1_303' title='bbox 1574 2518 1906 2573; x_wconf 85' lang='lat' dir='ltr'><strong>catholicam</strong></span> 
     </span>
    </p>
   </div>
   <div class='ocr_carea' id='block_1_40' title="bbox 291 2613 1911 2685">
    <p class='ocr_par' dir='ltr' id='par_1_40' title="bbox 291 2613 1911 2685">
     <span class='ocr_line' id='line_1_40' title="bbox 291 2613 1911 2685; baseline 0 -17"><span class='ocrx_word' id='word_1_304' title='bbox 291 2613 455 2670; x_wconf 83' lang='lat' dir='ltr'><strong>ﬁdem</strong></span> <span class='ocrx_word' id='word_1_305' title='bbox 516 2615 812 2685; x_wconf 85' lang='lat' dir='ltr'><strong>perducere</strong></span> <span class='ocrx_word' id='word_1_306' title='bbox 864 2614 1138 2670; x_wconf 80' lang='lat' dir='ltr'><strong>festinate.</strong></span> <span class='ocrx_word' id='word_1_307' title='bbox 1192 2615 1329 2682; x_wconf 82' lang='lat' dir='ltr'><strong>Quia</strong></span> <span class='ocrx_word' id='word_1_308' title='bbox 1361 2630 1521 2681; x_wconf 86' lang='lat' dir='ltr'><strong>neque</strong></span> <span class='ocrx_word' id='word_1_309' title='bbox 1558 2631 1715 2682; x_wconf 67' lang='lat' dir='ltr'><strong>mors,</strong></span> <span class='ocrx_word' id='word_1_310' title='bbox 1750 2629 1911 2684; x_wconf 83' lang='lat' dir='ltr'><strong>neque</strong></span> 
     </span>
    </p>
   </div>
   <div class='ocr_carea' id='block_1_41' title="bbox 291 2708 1904 2782">
    <p class='ocr_par' dir='ltr' id='par_1_41' title="bbox 291 2708 1904 2782">
     <span class='ocr_line' id='line_1_41' title="bbox 291 2708 1904 2782; baseline -0.001 -19"><span class='ocrx_word' id='word_1_311' title='bbox 291 2711 417 2777; x_wconf 82' lang='lat' dir='ltr'><strong>vita,</strong></span> <span class='ocrx_word' id='word_1_312' title='bbox 448 2726 607 2781; x_wconf 82' lang='lat' dir='ltr'><strong>neque</strong></span> <span class='ocrx_word' id='word_1_313' title='bbox 640 2711 845 2782; x_wconf 85' lang='lat' dir='ltr'><strong>angeli,</strong></span> <span class='ocrx_word' id='word_1_314' title='bbox 872 2724 1035 2781; x_wconf 83' lang='lat' dir='ltr'><strong>neque</strong></span> <span class='ocrx_word' id='word_1_315' title='bbox 1065 2708 1411 2779; x_wconf 80' lang='lat' dir='ltr'><strong>principatus,</strong></span> <span class='ocrx_word' id='word_1_316' title='bbox 1442 2723 1604 2779; x_wconf 86' lang='lat' dir='ltr'><strong>neque</strong></span> <span class='ocrx_word' id='word_1_317' title='bbox 1627 2709 1904 2772; x_wconf 82' lang='lat' dir='ltr'><strong>instantia,</strong></span> 
     </span>
    </p>
   </div>
   <div class='ocr_carea' id='block_1_42' title="bbox 294 2802 1909 2876">
    <p class='ocr_par' dir='ltr' id='par_1_42' title="bbox 294 2802 1909 2876">
     <span class='ocr_line' id='line_1_42' title="bbox 294 2802 1909 2876; baseline -0.001 -19"><span class='ocrx_word' id='word_1_318' title='bbox 294 2818 454 2875; x_wconf 74' lang='lat' dir='ltr'><strong>neque</strong></span> <span class='ocrx_word' id='word_1_319' title='bbox 502 2807 697 2876; x_wconf 78' lang='lat' dir='ltr'><strong>futura,</strong></span> <span class='ocrx_word' id='word_1_320' title='bbox 744 2819 904 2875; x_wconf 82' lang='lat' dir='ltr'><strong>neque</strong></span> <span class='ocrx_word' id='word_1_321' title='bbox 950 2802 1218 2874; x_wconf 80' lang='lat' dir='ltr'><strong>fortitudo,</strong></span> <span class='ocrx_word' id='word_1_322' title='bbox 1251 2818 1411 2875; x_wconf 85' lang='lat' dir='ltr'><strong>neque</strong></span> <span class='ocrx_word' id='word_1_323' title='bbox 1439 2803 1693 2870; x_wconf 87' lang='lat' dir='ltr'><strong>altitudo,</strong></span> <span class='ocrx_word' id='word_1_324' title='bbox 1749 2818 1909 2874; x_wconf 80' lang='lat' dir='ltr'><strong>neque</strong></span> 
     </span>
    </p>
   </div>
   <div class='ocr_carea' id='block_1_43' title="bbox 294 2892 1907 2967">
    <p class='ocr_par' dir='ltr' id='par_1_43' title="bbox 294 2892 1907 2967">
     <span class='ocr_line' id='line_1_43' title="bbox 294 2892 1907 2967; baseline -0.001 -18"><span class='ocrx_word' id='word_1_325' title='bbox 294 2899 646 2967; x_wconf 79' lang='lat' dir='ltr'><strong>profundum,</strong></span> <span class='ocrx_word' id='word_1_326' title='bbox 690 2912 852 2964; x_wconf 86' lang='lat' dir='ltr'><strong>neque</strong></span> <span class='ocrx_word' id='word_1_327' title='bbox 883 2905 1120 2950; x_wconf 81' lang='lat' dir='ltr'><strong>creatura</strong></span> <span class='ocrx_word' id='word_1_328' title='bbox 1172 2895 1280 2949; x_wconf 87' lang='lat' dir='ltr'><strong>alia</strong></span> <span class='ocrx_word' id='word_1_329' title='bbox 1308 2935 1323 2962; x_wconf 91' lang='lat'><strong>,</strong></span> <span class='ocrx_word' id='word_1_330' title='bbox 1373 2894 1623 2965; x_wconf 80' lang='lat' dir='ltr'><strong>Magistro</strong></span> <span class='ocrx_word' id='word_1_331' title='bbox 1652 2892 1907 2950; x_wconf 87' lang='lat' dir='ltr'><strong>Gentium</strong></span> 
     </span>
    </p>
   </div>
   <div class='ocr_carea' id='block_1_44' title="bbox 300 2984 1907 3058">
    <p class='ocr_par' dir='ltr' id='par_1_44' title="bbox 300 2984 1907 3058">
     <span class='ocr_line' id='line_1_44' title="bbox 300 2984 1907 3058; baseline -0.001 -17"><span class='ocrx_word' id='word_1_332' title='bbox 300 2987 563 3055; x_wconf 88' lang='lat' dir='ltr'><strong>docente,</strong></span> <span class='ocrx_word' id='word_1_333' title='bbox 638 2989 821 3058; x_wconf 83' lang='lat' dir='ltr'><strong>poterit</strong></span> <span class='ocrx_word' id='word_1_334' title='bbox 870 3004 963 3042; x_wconf 80' lang='lat' dir='ltr'><strong>nos</strong></span> <span class='ocrx_word' id='word_1_335' title='bbox 1016 3001 1259 3056; x_wconf 80' lang='lat' dir='ltr'><strong>separare</strong></span> <span class='ocrx_word' id='word_1_336' title='bbox 1311 3002 1343 3039; x_wconf 90' lang='lat' dir='ltr'><strong>a</strong></span> <span class='ocrx_word' id='word_1_337' title='bbox 1391 2987 1643 3041; x_wconf 80' lang='lat' dir='ltr'><strong>charitate</strong></span> <span class='ocrx_word' id='word_1_338' title='bbox 1696 2984 1907 3040; x_wconf 85' lang='lat' dir='ltr'><strong>Domini</strong></span> 
     </span>
    </p>
   </div>
   <div class='ocr_carea' id='block_1_45' title="bbox 292 3079 1904 3154">
    <p class='ocr_par' dir='ltr' id='par_1_45' title="bbox 292 3079 1904 3154">
     <span class='ocr_line' id='line_1_45' title="bbox 292 3079 1904 3154; baseline 0 -21"><span class='ocrx_word' id='word_1_339' title='bbox 292 3081 457 3136; x_wconf 78' lang='lat' dir='ltr'><strong>nostri</strong></span> <span class='ocrx_word' id='word_1_340' title='bbox 501 3079 631 3136; x_wconf 76' lang='lat' dir='ltr'><strong>Iesu</strong></span> <span class='ocrx_word' id='word_1_341' title='bbox 667 3080 858 3136; x_wconf 79' lang='lat' dir='ltr'><strong>Christi</strong></span> <span class='ocrx_word' id='word_1_342' title='bbox 887 3080 1065 3154; x_wconf 83' lang='lat' dir='ltr'><strong>(Rom.</strong></span> <span class='ocrx_word' id='word_1_343' title='bbox 1100 3081 1214 3149; x_wconf 81' lang='lat' dir='ltr'><strong>vni)</strong></span> <span class='ocrx_word' id='word_1_344' title='bbox 1238 3120 1252 3144; x_wconf 97' lang='lat'><strong>,</strong></span> <span class='ocrx_word' id='word_1_345' title='bbox 1283 3088 1359 3146; x_wconf 90' lang='lat' dir='ltr'><strong>et,</strong></span> <span class='ocrx_word' id='word_1_346' title='bbox 1388 3094 1509 3151; x_wconf 71' lang='lat' dir='ltr'><strong>qua:</strong></span> <span class='ocrx_word' id='word_1_347' title='bbox 1564 3079 1615 3133; x_wconf 91' lang='lat' dir='ltr'><strong>in</strong></span> <span class='ocrx_word' id='word_1_348' title='bbox 1644 3081 1762 3148; x_wconf 90' lang='lat' dir='ltr'><strong>ipso</strong></span> <span class='ocrx_word' id='word_1_349' title='bbox 1789 3087 1904 3147; x_wconf 88' lang='lat' dir='ltr'><strong>est,</strong></span> 
     </span>
    </p>
   </div>
   <div class='ocr_carea' id='block_1_46' title="bbox 288 3170 1898 3243">
    <p class='ocr_par' dir='ltr' id='par_1_46' title="bbox 288 3170 1898 3243">
     <span class='ocr_line' id='line_1_46' title="bbox 288 3170 1898 3243; baseline -0.004 -13"><span class='ocrx_word' id='word_1_350' title='bbox 288 3189 323 3229; x_wconf 68' lang='grc' dir='ltr'><strong>τι</strong></span> <span class='ocrx_word' id='word_1_351' title='bbox 371 3189 517 3229; x_wconf 83' lang='lat' dir='ltr'><strong>recta</strong></span> <span class='ocrx_word' id='word_1_352' title='bbox 561 3173 685 3229; x_wconf 80' lang='lat' dir='ltr'><strong>ﬁde.</strong></span> <span class='ocrx_word' id='word_1_353' title='bbox 744 3174 918 3228; x_wconf 82' lang='lat' dir='ltr'><strong>Nolite</strong></span> <span class='ocrx_word' id='word_1_354' title='bbox 962 3173 1144 3243; x_wconf 77' lang='lat' dir='ltr'><strong>itaque</strong></span> <span class='ocrx_word' id='word_1_355' title='bbox 1197 3171 1448 3225; x_wconf 86' lang='lat' dir='ltr'><strong>amittere</strong></span> <span class='ocrx_word' id='word_1_356' title='bbox 1506 3170 1898 3226; x_wconf 77' lang='lat' dir='ltr'><strong>conﬁdentiam</strong></span> 
     </span>
    </p>
   </div>
   <div class='ocr_carea' id='block_1_47' title="bbox 291 3264 1981 3357">
    <p class='ocr_par' dir='ltr' id='par_1_47' title="bbox 291 3264 1981 3357">
     <span class='ocr_line' id='line_1_47' title="bbox 291 3264 1981 3357; baseline 0 -36"><span class='ocrx_word' id='word_1_357' title='bbox 291 3277 532 3324; x_wconf 84' lang='lat' dir='ltr'><strong>vestram</strong></span> <span class='ocrx_word' id='word_1_358' title='bbox 568 3307 583 3333; x_wconf 96' lang='lat'><strong>,</strong></span> <span class='ocrx_word' id='word_1_359' title='bbox 636 3283 754 3338; x_wconf 85' lang='lat' dir='ltr'><strong>que</strong></span> <span class='ocrx_word' id='word_1_360' title='bbox 820 3282 1067 3336; x_wconf 79' lang='lat' dir='ltr'><strong>magnam</strong></span> <span class='ocrx_word' id='word_1_361' title='bbox 1151 3264 1305 3320; x_wconf 87' lang='lat' dir='ltr'><strong>habet</strong></span> <span class='ocrx_word' id='word_1_362' title='bbox 1386 3267 1981 3357; x_wconf 74' lang='lat' dir='ltr'><strong>retnuner.ttionem.C</strong></span> 
     </span>
    </p>
   </div>
   <div class='ocr_carea' id='block_1_48' title="bbox 291 3357 1899 3417">
    <p class='ocr_par' dir='ltr' id='par_1_48' title="bbox 291 3357 1899 3417">
     <span class='ocr_line' id='line_1_48' title="bbox 291 3357 1899 3417; baseline 0 -3"><span class='ocrx_word' id='word_1_363' title='bbox 291 3360 556 3417; x_wconf 83' lang='lat' dir='ltr'><strong>Patientia</strong></span> <span class='ocrx_word' id='word_1_364' title='bbox 586 3361 729 3413; x_wconf 90' lang='lat' dir='ltr'><strong>enim</strong></span> <span class='ocrx_word' id='word_1_365' title='bbox 759 3359 912 3413; x_wconf 85' lang='lat' dir='ltr'><strong>nobis</strong></span> <span class='ocrx_word' id='word_1_366' title='bbox 941 3359 1242 3413; x_wconf 79' lang='lat' dir='ltr'><strong>necessaria</strong></span> <span class='ocrx_word' id='word_1_367' title='bbox 1270 3357 1448 3413; x_wconf 85' lang='lat' dir='ltr'><strong>estad</strong></span> <span class='ocrx_word' id='word_1_368' title='bbox 1477 3358 1899 3414; x_wconf 86' lang='lat' dir='ltr'><strong>colluctationes</strong></span> 
     </span>
    </p>
   </div>
   <div class='ocr_carea' id='block_1_49' title="bbox 292 3451 1907 3522">
    <p class='ocr_par' dir='ltr' id='par_1_49' title="bbox 292 3451 1907 3522">
     <span class='ocr_line' id='line_1_49' title="bbox 292 3451 1907 3522; baseline 0.001 -15"><span class='ocrx_word' id='word_1_369' title='bbox 292 3453 747 3513; x_wconf 82' lang='lat' dir='ltr'><strong>adversariorum,</strong></span> <span class='ocrx_word' id='word_1_370' title='bbox 791 3457 1056 3520; x_wconf 80' lang='lat' dir='ltr'><strong>quatenus</strong></span> <span class='ocrx_word' id='word_1_371' title='bbox 1100 3451 1259 3505; x_wconf 83' lang='lat' dir='ltr'><strong>fidem</strong></span> <span class='ocrx_word' id='word_1_372' title='bbox 1300 3452 1678 3507; x_wconf 87' lang='lat' dir='ltr'><strong>intemeratam</strong></span> <span class='ocrx_word' id='word_1_373' title='bbox 1732 3466 1907 3522; x_wconf 82' lang='lat' dir='ltr'><strong>usque</strong></span> 
     </span>
    </p>
   </div>
   <div class='ocr_carea' id='block_1_50' title="bbox 294 3546 1901 3616">
    <p class='ocr_par' dir='ltr' id='par_1_50' title="bbox 294 3546 1901 3616">
     <span class='ocr_line' id='line_1_50' title="bbox 294 3546 1901 3616; baseline -0.004 -11"><span class='ocrx_word' id='word_1_374' title='bbox 294 3549 353 3605; x_wconf 85' lang='lat' dir='ltr'><strong>in</strong></span> <span class='ocrx_word' id='word_1_375' title='bbox 380 3549 542 3602; x_wconf 83' lang='lat' dir='ltr'><strong>tinem</strong></span> <span class='ocrx_word' id='word_1_376' title='bbox 573 3556 980 3612; x_wconf 84' lang='lat' dir='ltr'><strong>conservantes,</strong></span> <span class='ocrx_word' id='word_1_377' title='bbox 1013 3546 1489 3614; x_wconf 81' lang='lat' dir='ltr'><strong>rcpromissioncm</strong></span> <span class='ocrx_word' id='word_1_378' title='bbox 1518 3547 1901 3616; x_wconf 84' lang='lat' dir='ltr'><strong>percipiamus,</strong></span> 
     </span>
    </p>
   </div>
   <div class='ocr_carea' id='block_1_51' title="bbox 296 3636 1901 3711">
    <p class='ocr_par' dir='ltr' id='par_1_51' title="bbox 296 3636 1901 3711">
     <span class='ocr_line' id='line_1_51' title="bbox 296 3636 1901 3711; baseline -0.001 -18"><span class='ocrx_word' id='word_1_379' title='bbox 296 3655 462 3711; x_wconf 87' lang='lat' dir='ltr'><strong>quam</strong></span> <span class='ocrx_word' id='word_1_380' title='bbox 492 3637 803 3707; x_wconf 87' lang='lat' dir='ltr'><strong>repromisit</strong></span> <span class='ocrx_word' id='word_1_381' title='bbox 832 3636 918 3691; x_wconf 85' lang='lat' dir='ltr'><strong>his</strong></span> <span class='ocrx_word' id='word_1_382' title='bbox 947 3639 1036 3708; x_wconf 85' lang='lat' dir='ltr'><strong>qui</strong></span> <span class='ocrx_word' id='word_1_383' title='bbox 1067 3637 1303 3705; x_wconf 78' lang='lat' dir='ltr'><strong>legitime</strong></span> <span class='ocrx_word' id='word_1_384' title='bbox 1329 3645 1540 3692; x_wconf 89' lang='lat' dir='ltr'><strong>certare</strong></span> <span class='ocrx_word' id='word_1_385' title='bbox 1586 3646 1901 3706; x_wconf 85' lang='lat' dir='ltr'><strong>properant.</strong></span> 
     </span>
    </p>
   </div>
   <div class='ocr_carea' id='block_1_52' title="bbox 298 3730 1900 3801">
    <p class='ocr_par' dir='ltr' id='par_1_52' title="bbox 298 3730 1900 3801">
     <span class='ocr_line' id='line_1_52' title="bbox 298 3730 1900 3801; baseline -0.004 -14"><span class='ocrx_word' id='word_1_386' title='bbox 298 3734 481 3787; x_wconf 84' lang='lat' dir='ltr'><strong>Adhuc</strong></span> <span class='ocrx_word' id='word_1_387' title='bbox 534 3732 669 3786; x_wconf 87' lang='lat' dir='ltr'><strong>enim</strong></span> <span class='ocrx_word' id='word_1_388' title='bbox 712 3730 967 3784; x_wconf 89' lang='lat' dir='ltr'><strong>modicum</strong></span> <span class='ocrx_word' id='word_1_389' title='bbox 1003 3731 1402 3799; x_wconf 83' lang='lat' dir='ltr'><strong>aliquantulum,</strong></span> <span class='ocrx_word' id='word_1_390' title='bbox 1431 3731 1518 3801; x_wconf 88' lang='lat' dir='ltr'><strong>qui</strong></span> <span class='ocrx_word' id='word_1_391' title='bbox 1542 3744 1781 3783; x_wconf 82' lang='lat' dir='ltr'><strong>venturus</strong></span> <span class='ocrx_word' id='word_1_392' title='bbox 1807 3740 1900 3794; x_wconf 87' lang='lat' dir='ltr'><strong>est,</strong></span> 
     </span>
    </p>
   </div>
   <div class='ocr_carea' id='block_1_53' title="bbox 298 3820 1907 3896">
    <p class='ocr_par' dir='ltr' id='par_1_53' title="bbox 298 3820 1907 3896">
     <span class='ocr_line' id='line_1_53' title="bbox 298 3820 1907 3896; baseline -0.003 -15"><span class='ocrx_word' id='word_1_393' title='bbox 298 3830 480 3893; x_wconf 83' lang='lat' dir='ltr'><strong>veniet,</strong></span> <span class='ocrx_word' id='word_1_394' title='bbox 524 3834 571 3881; x_wconf 83' lang='lat' dir='ltr'><strong>et</strong></span> <span class='ocrx_word' id='word_1_395' title='bbox 616 3841 718 3879; x_wconf 81' lang='lat' dir='ltr'><strong>non</strong></span> <span class='ocrx_word' id='word_1_396' title='bbox 762 3823 981 3879; x_wconf 83' lang='lat' dir='ltr'><strong>tardabit</strong></span> <span class='ocrx_word' id='word_1_397' title='bbox 1019 3822 1200 3896; x_wconf 77' lang='lat' dir='ltr'><strong>(Abac.</strong></span> <span class='ocrx_word' id='word_1_398' title='bbox 1239 3821 1316 3895; x_wconf 84' lang='lat' dir='ltr'><strong>tt).</strong></span> <span class='ocrx_word' id='word_1_399' title='bbox 1378 3820 1510 3877; x_wconf 81' lang='lat' dir='ltr'><strong>Ecce</strong></span> <span class='ocrx_word' id='word_1_400' title='bbox 1563 3823 1697 3878; x_wconf 87' lang='lat' dir='ltr'><strong>enim</strong></span> <span class='ocrx_word' id='word_1_401' title='bbox 1739 3821 1907 3894; x_wconf 81' lang='lat' dir='ltr'><strong>judea:</strong></span> 
     </span>
    </p>
   </div>
   <div class='ocr_carea' id='block_1_54' title="bbox 2017 1953 3585 2034">
    <p class='ocr_par' dir='ltr' id='par_1_54' title="bbox 2017 1953 3585 2034">
     <span class='ocr_line' id='line_1_54' title="bbox 2017 1953 3585 2034; baseline 0.008 -26"><span class='ocrx_word' id='word_1_402' title='bbox 2017 1953 2263 2020; x_wconf 87' lang='lat' dir='ltr'><strong>Domino,</strong></span> <span class='ocrx_word' id='word_1_403' title='bbox 2305 1968 2352 2011; x_wconf 90' lang='lat' dir='ltr'><strong>et</strong></span> <span class='ocrx_word' id='word_1_404' title='bbox 2388 1956 2408 1994; x_wconf 74' lang='grc' dir='ltr'><em>τ</em></span> <span class='ocrx_word' id='word_1_405' title='bbox 2446 1974 2620 2016; x_wconf 84' lang='lat' dir='ltr'><strong>omnes</strong></span> <span class='ocrx_word' id='word_1_406' title='bbox 2647 1960 2795 2014; x_wconf 87' lang='lat' dir='ltr'><strong>verbo</strong></span> <span class='ocrx_word' id='word_1_407' title='bbox 2826 1962 3008 2031; x_wconf 78' lang='lat' dir='ltr'><strong>gratite</strong></span> <span class='ocrx_word' id='word_1_408' title='bbox 3042 1962 3181 2031; x_wconf 75' lang='lat' dir='ltr'><strong>ejus,</strong></span> <span class='ocrx_word' id='word_1_409' title='bbox 3216 1964 3299 2032; x_wconf 75' lang='lat' dir='ltr'><strong>qui</strong></span> <span class='ocrx_word' id='word_1_410' title='bbox 3328 1974 3468 2031; x_wconf 70' lang='lat' dir='ltr'><strong>petes!</strong></span> <span class='ocrx_word' id='word_1_411' title='bbox 3490 1980 3585 2034; x_wconf 84' lang='lat' dir='ltr'><strong>per-</strong></span> 
     </span>
    </p>
   </div>
   <div class='ocr_carea' id='block_1_55' title="bbox 2016 2048 3576 2117">
    <p class='ocr_par' dir='ltr' id='par_1_55' title="bbox 2016 2048 3576 2117">
     <span class='ocr_line' id='line_1_55' title="bbox 2016 2048 3576 2117; baseline 0.009 -17"><span class='ocrx_word' id='word_1_412' title='bbox 2016 2048 2192 2117; x_wconf 78' lang='lat' dir='ltr'><strong>licere,</strong></span> <span class='ocrx_word' id='word_1_413' title='bbox 2223 2059 2270 2101; x_wconf 89' lang='lat' dir='ltr'><strong>et</strong></span> <span class='ocrx_word' id='word_1_414' title='bbox 2309 2049 2437 2103; x_wconf 88' lang='lat' dir='ltr'><strong>dare</strong></span> <span class='ocrx_word' id='word_1_415' title='bbox 2468 2050 2816 2106; x_wconf 81' lang='lat' dir='ltr'><strong>hccreditatem</strong></span> <span class='ocrx_word' id='word_1_416' title='bbox 2850 2052 2991 2109; x_wconf 88' lang='lat' dir='ltr'><strong>nobis</strong></span> <span class='ocrx_word' id='word_1_417' title='bbox 3023 2071 3148 2109; x_wconf 87' lang='lat' dir='ltr'><strong>cum</strong></span> <span class='ocrx_word' id='word_1_418' title='bbox 3177 2056 3394 2112; x_wconf 84' lang='lat' dir='ltr'><strong>omnibus</strong></span> <span class='ocrx_word' id='word_1_419' title='bbox 3423 2060 3576 2114; x_wconf 73' lang='lat' dir='ltr'><strong>sanctis</strong></span> 
     </span>
    </p>
   </div>
   <div class='ocr_carea' id='block_1_56' title="bbox 2023 2140 3588 2219">
    <p class='ocr_par' dir='ltr' id='par_1_56' title="bbox 2023 2140 3588 2219">
     <span class='ocr_line' id='line_1_56' title="bbox 2023 2140 3588 2219; baseline 0.01 -27"><span class='ocrx_word' id='word_1_420' title='bbox 2023 2141 2163 2209; x_wconf 77' lang='lat' dir='ltr'><strong>(Act.</strong></span> <span class='ocrx_word' id='word_1_421' title='bbox 2194 2140 2311 2213; x_wconf 79' lang='lat' dir='ltr'><strong>xx).</strong></span> <span class='ocrx_word' id='word_1_422' title='bbox 2340 2141 2464 2212; x_wconf 87' lang='lat' dir='ltr'><strong>Ipse</strong></span> <span class='ocrx_word' id='word_1_423' title='bbox 2502 2153 2670 2199; x_wconf 88' lang='lat' dir='ltr'><strong>autem</strong></span> <span class='ocrx_word' id='word_1_424' title='bbox 2696 2143 2836 2200; x_wconf 88' lang='lat' dir='ltr'><strong>Deus</strong></span> <span class='ocrx_word' id='word_1_425' title='bbox 2855 2148 2998 2219; x_wconf 88' lang='lat' dir='ltr'><strong>pacis</strong></span> <span class='ocrx_word' id='word_1_426' title='bbox 3027 2157 3078 2202; x_wconf 84' lang='lat' dir='ltr'><strong>et</strong></span> <span class='ocrx_word' id='word_1_427' title='bbox 3115 2159 3140 2195; x_wconf 73' lang='grc' dir='ltr'><strong>Β</strong></span> <span class='ocrx_word' id='word_1_428' title='bbox 3182 2149 3500 2207; x_wconf 80' lang='lat' dir='ltr'><strong>consolationis</strong></span> <span class='ocrx_word' id='word_1_429' title='bbox 3519 2151 3588 2207; x_wconf 80' lang='lat' dir='ltr'><strong>det</strong></span> 
     </span>
    </p>
   </div>
   <div class='ocr_carea' id='block_1_57' title="bbox 2014 2235 3593 2315">
    <p class='ocr_par' dir='ltr' id='par_1_57' title="bbox 2014 2235 3593 2315">
     <span class='ocr_line' id='line_1_57' title="bbox 2014 2235 3593 2315; baseline 0.008 -28"><span class='ocrx_word' id='word_1_430' title='bbox 2014 2235 2152 2288; x_wconf 84' lang='lat' dir='ltr'><strong>vobis</strong></span> <span class='ocrx_word' id='word_1_431' title='bbox 2181 2236 2408 2303; x_wconf 82' lang='lat' dir='ltr'><strong>idipsunt</strong></span> <span class='ocrx_word' id='word_1_432' title='bbox 2428 2253 2608 2309; x_wconf 86' lang='lat' dir='ltr'><strong>sapere</strong></span> <span class='ocrx_word' id='word_1_433' title='bbox 2660 2238 2711 2292; x_wconf 87' lang='lat' dir='ltr'><strong>in</strong></span> <span class='ocrx_word' id='word_1_434' title='bbox 2741 2238 3042 2294; x_wconf 87' lang='lat' dir='ltr'><strong>alterutrum</strong></span> <span class='ocrx_word' id='word_1_435' title='bbox 3084 2240 3276 2315; x_wconf 79' lang='lat' dir='ltr'><strong>(Rom.</strong></span> <span class='ocrx_word' id='word_1_436' title='bbox 3308 2244 3409 2313; x_wconf 75' lang='lat' dir='ltr'><strong>xv),</strong></span> <span class='ocrx_word' id='word_1_437' title='bbox 3435 2254 3484 2298; x_wconf 83' lang='lat' dir='ltr'><strong>ut</strong></span> <span class='ocrx_word' id='word_1_438' title='bbox 3516 2258 3593 2299; x_wconf 83' lang='lat' dir='ltr'><strong>vo-</strong></span> 
     </span>
    </p>
   </div>
   <div class='ocr_carea' id='block_1_58' title="bbox 2014 2327 3581 2403">
    <p class='ocr_par' dir='ltr' id='par_1_58' title="bbox 2014 2327 3581 2403">
     <span class='ocr_line' id='line_1_58' title="bbox 2014 2327 3581 2403; baseline 0.007 -23"><span class='ocrx_word' id='word_1_439' title='bbox 2014 2327 2099 2381; x_wconf 83' lang='lat' dir='ltr'><strong>bis</strong></span> <span class='ocrx_word' id='word_1_440' title='bbox 2130 2328 2358 2383; x_wconf 85' lang='lat' dir='ltr'><strong>invicem</strong></span> <span class='ocrx_word' id='word_1_441' title='bbox 2389 2332 2743 2397; x_wconf 87' lang='lat' dir='ltr'><strong>succurratis,</strong></span> <span class='ocrx_word' id='word_1_442' title='bbox 2772 2342 2826 2387; x_wconf 92' lang='lat' dir='ltr'><strong>et</strong></span> <span class='ocrx_word' id='word_1_443' title='bbox 2856 2348 2961 2389; x_wconf 89' lang='lat' dir='ltr'><strong>non</strong></span> <span class='ocrx_word' id='word_1_444' title='bbox 2987 2336 3119 2389; x_wconf 86' lang='lat' dir='ltr'><strong>sitis</strong></span> <span class='ocrx_word' id='word_1_445' title='bbox 3141 2336 3329 2403; x_wconf 90' lang='lat' dir='ltr'><strong>divisi,</strong></span> <span class='ocrx_word' id='word_1_446' title='bbox 3352 2346 3400 2391; x_wconf 83' lang='lat' dir='ltr'><strong>ut</strong></span> <span class='ocrx_word' id='word_1_447' title='bbox 3425 2337 3581 2391; x_wconf 83' lang='lat' dir='ltr'><strong>unani-</strong></span> 
     </span>
    </p>
   </div>
   <div class='ocr_carea' id='block_1_59' title="bbox 2015 2424 3585 2496">
    <p class='ocr_par' dir='ltr' id='par_1_59' title="bbox 2015 2424 3585 2496">
     <span class='ocr_line' id='line_1_59' title="bbox 2015 2424 3585 2496; baseline 0.008 -23"><span class='ocrx_word' id='word_1_448' title='bbox 2015 2436 2142 2481; x_wconf 83' lang='lat' dir='ltr'><strong>mes,</strong></span> <span class='ocrx_word' id='word_1_449' title='bbox 2174 2438 2275 2474; x_wconf 88' lang='lat' dir='ltr'><strong>uno</strong></span> <span class='ocrx_word' id='word_1_450' title='bbox 2316 2438 2403 2475; x_wconf 91' lang='lat' dir='ltr'><strong>ore</strong></span> <span class='ocrx_word' id='word_1_451' title='bbox 2438 2432 2484 2477; x_wconf 90' lang='lat' dir='ltr'><strong>et</strong></span> <span class='ocrx_word' id='word_1_452' title='bbox 2527 2440 2629 2478; x_wconf 87' lang='lat' dir='ltr'><strong>uno</strong></span> <span class='ocrx_word' id='word_1_453' title='bbox 2668 2424 2823 2479; x_wconf 89' lang='lat' dir='ltr'><strong>corde</strong></span> <span class='ocrx_word' id='word_1_454' title='bbox 2852 2425 3215 2496; x_wconf 83' lang='lat' dir='ltr'><strong>honoriﬁcetis</strong></span> <span class='ocrx_word' id='word_1_455' title='bbox 3241 2446 3379 2496; x_wconf 88' lang='lat' dir='ltr'><strong>eum,</strong></span> <span class='ocrx_word' id='word_1_456' title='bbox 3406 2430 3451 2485; x_wconf 89' lang='lat' dir='ltr'><strong>in</strong></span> <span class='ocrx_word' id='word_1_457' title='bbox 3484 2443 3585 2484; x_wconf 85' lang='lat' dir='ltr'><strong>con-</strong></span> 
     </span>
    </p>
   </div>
   <div class='ocr_carea' id='block_1_60' title="bbox 2014 2510 3585 2593">
    <p class='ocr_par' dir='ltr' id='par_1_60' title="bbox 2014 2510 3585 2593">
     <span class='ocr_line' id='line_1_60' title="bbox 2014 2510 3585 2593; baseline 0.008 -28"><span class='ocrx_word' id='word_1_458' title='bbox 2014 2510 2254 2566; x_wconf 87' lang='lat' dir='ltr'><strong>cordiam</strong></span> <span class='ocrx_word' id='word_1_459' title='bbox 2286 2521 2340 2568; x_wconf 89' lang='lat' dir='ltr'><strong>et</strong></span> <span class='ocrx_word' id='word_1_460' title='bbox 2380 2514 2808 2571; x_wconf 87' lang='lat' dir='ltr'><strong>consolationem</strong></span> <span class='ocrx_word' id='word_1_461' title='bbox 2851 2516 3109 2586; x_wconf 80' lang='lat' dir='ltr'><strong>fratrum,</strong></span> <span class='ocrx_word' id='word_1_462' title='bbox 3143 2521 3231 2591; x_wconf 84' lang='lat' dir='ltr'><strong>qui</strong></span> <span class='ocrx_word' id='word_1_463' title='bbox 3263 2532 3413 2593; x_wconf 83' lang='lat' dir='ltr'><strong>potest</strong></span> <span class='ocrx_word' id='word_1_464' title='bbox 3434 2522 3585 2591; x_wconf 71' lang='lat' dir='ltr'><strong>conﬁr-</strong></span> 
     </span>
    </p>
   </div>
   <div class='ocr_carea' id='block_1_61' title="bbox 2013 2607 3584 2681">
    <p class='ocr_par' dir='ltr' id='par_1_61' title="bbox 2013 2607 3584 2681">
     <span class='ocr_line' id='line_1_61' title="bbox 2013 2607 3584 2681; baseline 0.006 -25"><span class='ocrx_word' id='word_1_465' title='bbox 2013 2618 2155 2657; x_wconf 87' lang='lat' dir='ltr'><strong>mare</strong></span> <span class='ocrx_word' id='word_1_466' title='bbox 2183 2622 2267 2659; x_wconf 87' lang='lat' dir='ltr'><strong>vos</strong></span> <span class='ocrx_word' id='word_1_467' title='bbox 2294 2607 2577 2661; x_wconf 87' lang='lat' dir='ltr'><strong>secundum</strong></span> <span class='ocrx_word' id='word_1_468' title='bbox 2604 2610 2925 2680; x_wconf 83' lang='lat' dir='ltr'><strong>evangelium</strong></span> <span class='ocrx_word' id='word_1_469' title='bbox 2947 2611 3083 2681; x_wconf 84' lang='lat' dir='ltr'><strong>ejus,</strong></span> <span class='ocrx_word' id='word_1_470' title='bbox 3114 2614 3266 2677; x_wconf 74' lang='lat' dir='ltr'><strong>iuxta</strong></span> <span class='ocrx_word' id='word_1_471' title='bbox 3286 2615 3584 2669; x_wconf 75' lang='lat' dir='ltr'><strong>reuelationem</strong></span> 
     </span>
    </p>
   </div>
   <div class='ocr_carea' id='block_1_62' title="bbox 2014 2702 3582 2782">
    <p class='ocr_par' dir='ltr' id='par_1_62' title="bbox 2014 2702 3582 2782">
     <span class='ocr_line' id='line_1_62' title="bbox 2014 2702 3582 2782; baseline 0.007 -28"><span class='ocrx_word' id='word_1_472' title='bbox 2014 2702 2191 2755; x_wconf 78' lang='lat' dir='ltr'><strong>ceterni</strong></span> <span class='ocrx_word' id='word_1_473' title='bbox 2208 2703 2454 2772; x_wconf 81' lang='lat' dir='ltr'><strong>mysterii,</strong></span> <span class='ocrx_word' id='word_1_474' title='bbox 2472 2703 2780 2774; x_wconf 84' lang='lat' dir='ltr'><strong>temporibus</strong></span> <span class='ocrx_word' id='word_1_475' title='bbox 2796 2703 2987 2759; x_wconf 86' lang='lat' dir='ltr'><strong>scilicet</strong></span> <span class='ocrx_word' id='word_1_476' title='bbox 3006 2708 3275 2778; x_wconf 85' lang='lat' dir='ltr'><strong>perpetuis</strong></span> <span class='ocrx_word' id='word_1_477' title='bbox 3292 2707 3452 2782; x_wconf 77' lang='lat' dir='ltr'><strong>(Rom.</strong></span> <span class='ocrx_word' id='word_1_478' title='bbox 3470 2708 3582 2777; x_wconf 74' lang='lat' dir='ltr'><strong>nt),</strong></span> 
     </span>
    </p>
   </div>
   <div class='ocr_carea' id='block_1_63' title="bbox 2013 2794 3638 2872">
    <p class='ocr_par' dir='ltr' id='par_1_63' title="bbox 2013 2794 3638 2872">
     <span class='ocr_line' id='line_1_63' title="bbox 2013 2794 3638 2872; baseline 0.005 -26"><span class='ocrx_word' id='word_1_479' title='bbox 2013 2794 2209 2864; x_wconf 89' lang='lat' dir='ltr'><strong>quibus</strong></span> <span class='ocrx_word' id='word_1_480' title='bbox 2240 2796 2390 2851; x_wconf 86' lang='lat' dir='ltr'><strong>vobis</strong></span> <span class='ocrx_word' id='word_1_481' title='bbox 2448 2795 2753 2851; x_wconf 82' lang='lat' dir='ltr'><strong>futurorum</strong></span> <span class='ocrx_word' id='word_1_482' title='bbox 2808 2797 3143 2866; x_wconf 81' lang='lat' dir='ltr'><strong>gaudiorum</strong></span> <span class='ocrx_word' id='word_1_483' title='bbox 3190 2800 3444 2872; x_wconf 76' lang='lat' dir='ltr'><strong>largienda</strong></span> <span class='ocrx_word' id='word_1_484' title='bbox 3487 2808 3585 2859; x_wconf 78' lang='lat' dir='ltr'><strong>sunt</strong></span> <span class='ocrx_word' id='word_1_485' title='bbox 3630 2799 3638 2812; x_wconf 90' lang='lat'>&#39;</span> 
     </span>
    </p>
   </div>
   <div class='ocr_carea' id='block_1_64' title="bbox 2015 2888 3583 2962">
    <p class='ocr_par' dir='ltr' id='par_1_64' title="bbox 2015 2888 3583 2962">
     <span class='ocr_line' id='line_1_64' title="bbox 2015 2888 3583 2962; baseline 0.003 -20"><span class='ocrx_word' id='word_1_486' title='bbox 2015 2903 2262 2944; x_wconf 89' lang='lat' dir='ltr'><strong>munera.</strong></span> <span class='ocrx_word' id='word_1_487' title='bbox 2296 2888 2648 2960; x_wconf 87' lang='lat' dir='ltr'><strong>Summopere</strong></span> <span class='ocrx_word' id='word_1_488' title='bbox 2673 2888 2927 2945; x_wconf 88' lang='lat' dir='ltr'><strong>consider</strong></span> <span class='ocrx_word' id='word_1_489' title='bbox 2967 2906 3027 2947; x_wconf 88' lang='lat' dir='ltr'><strong>re</strong></span> <span class='ocrx_word' id='word_1_490' title='bbox 3047 2892 3224 2949; x_wconf 85' lang='lat' dir='ltr'><strong>etiam</strong></span> <span class='ocrx_word' id='word_1_491' title='bbox 3252 2891 3462 2959; x_wconf 85' lang='lat' dir='ltr'><strong>debetis,</strong></span> <span class='ocrx_word' id='word_1_492' title='bbox 3478 2890 3583 2962; x_wconf 80' lang='lat' dir='ltr'><strong>quod</strong></span> 
     </span>
    </p>
   </div>
   <div class='ocr_carea' id='block_1_65' title="bbox 2016 2978 3585 3057">
    <p class='ocr_par' dir='ltr' id='par_1_65' title="bbox 2016 2978 3585 3057">
     <span class='ocr_line' id='line_1_65' title="bbox 2016 2978 3585 3057; baseline 0.003 -20"><span class='ocrx_word' id='word_1_493' title='bbox 2016 2983 2091 3038; x_wconf 91' lang='lat' dir='ltr'><strong>illi</strong></span> <span class='ocrx_word' id='word_1_494' title='bbox 2144 2984 2233 3055; x_wconf 88' lang='lat' dir='ltr'><strong>qui</strong></span> <span class='ocrx_word' id='word_1_495' title='bbox 2299 2978 2558 3039; x_wconf 74' lang='lat' dir='ltr'><strong>fratribus</strong></span> <span class='ocrx_word' id='word_1_496' title='bbox 2610 2982 2872 3053; x_wconf 87' lang='lat' dir='ltr'><strong>invident,</strong></span> <span class='ocrx_word' id='word_1_497' title='bbox 2914 3000 3126 3057; x_wconf 85' lang='lat' dir='ltr'><strong>eosque</strong></span> <span class='ocrx_word' id='word_1_498' title='bbox 3181 2987 3423 3043; x_wconf 85' lang='lat' dir='ltr'><strong>damnare</strong></span> <span class='ocrx_word' id='word_1_499' title='bbox 3460 2995 3585 3056; x_wconf 73' lang='lat' dir='ltr'><strong>atque</strong></span> 
     </span>
    </p>
   </div>
   <div class='ocr_carea' id='block_1_66' title="bbox 2017 3072 3579 3157">
    <p class='ocr_par' dir='ltr' id='par_1_66' title="bbox 2017 3072 3579 3157">
     <span class='ocr_line' id='line_1_66' title="bbox 2017 3072 3579 3157; baseline 0.001 -27"><span class='ocrx_word' id='word_1_500' title='bbox 2017 3072 2245 3146; x_wconf 87' lang='lat' dir='ltr'><strong>perdere</strong></span> <span class='ocrx_word' id='word_1_501' title='bbox 2295 3077 2551 3146; x_wconf 87' lang='lat' dir='ltr'><strong>cupiunt,</strong></span> <span class='ocrx_word' id='word_1_502' title='bbox 2599 3092 2693 3146; x_wconf 89' lang='lat' dir='ltr'><strong>per</strong></span> <span class='ocrx_word' id='word_1_503' title='bbox 2732 3072 2841 3132; x_wconf 71' lang='lat' dir='ltr'><strong>sell</strong></span> <span class='ocrx_word' id='word_1_504' title='bbox 2883 3092 2978 3132; x_wconf 90' lang='lat' dir='ltr'><strong>sua</strong></span> <span class='ocrx_word' id='word_1_505' title='bbox 3032 3078 3294 3150; x_wconf 76' lang='lat' dir='ltr'><strong>dogmata</strong></span> <span class='ocrx_word' id='word_1_506' title='bbox 3340 3079 3579 3157; x_wconf 73' lang='lat' dir='ltr'><strong>destruunt.</strong></span> 
     </span>
    </p>
   </div>
   <div class='ocr_carea' id='block_1_67' title="bbox 2022 3168 3568 3239">
    <p class='ocr_par' dir='ltr' id='par_1_67' title="bbox 2022 3168 3568 3239">
     <span class='ocr_line' id='line_1_67' title="bbox 2022 3168 3568 3239; baseline 0.003 -18"><span class='ocrx_word' id='word_1_507' title='bbox 2022 3168 2161 3222; x_wconf 88' lang='lat' dir='ltr'><strong>Dicit</strong></span> <span class='ocrx_word' id='word_1_508' title='bbox 2182 3170 2325 3223; x_wconf 88' lang='lat' dir='ltr'><strong>enim</strong></span> <span class='ocrx_word' id='word_1_509' title='bbox 2355 3169 2611 3223; x_wconf 90' lang='lat' dir='ltr'><strong>Dominus</strong></span> <span class='ocrx_word' id='word_1_510' title='bbox 2636 3188 2647 3223; x_wconf 87' lang='lat'><strong>:</strong></span> <span class='ocrx_word' id='word_1_511' title='bbox 2670 3168 2833 3223; x_wconf 84' lang='lat' dir='ltr'><strong>Omne</strong></span> <span class='ocrx_word' id='word_1_512' title='bbox 2858 3187 3069 3239; x_wconf 85' lang='lat' dir='ltr'><strong>regnum</strong></span> <span class='ocrx_word' id='word_1_513' title='bbox 3096 3173 3157 3227; x_wconf 82' lang='lat' dir='ltr'><strong>in</strong></span> <span class='ocrx_word' id='word_1_514' title='bbox 3180 3190 3235 3228; x_wconf 83' lang='lat' dir='ltr'><strong>se</strong></span> <span class='ocrx_word' id='word_1_515' title='bbox 3272 3173 3459 3229; x_wconf 72' lang='lat' dir='ltr'><strong>divisum</strong></span> <span class='ocrx_word' id='word_1_516' title='bbox 3489 3185 3568 3225; x_wconf 77' lang='lat' dir='ltr'><strong>seu</strong></span> 
     </span>
    </p>
   </div>
   <div class='ocr_carea' id='block_1_68' title="bbox 2013 3259 3563 3326">
    <p class='ocr_par' dir='ltr' id='par_1_68' title="bbox 2013 3259 3563 3326">
     <span class='ocr_line' id='line_1_68' title="bbox 2013 3259 3563 3326; baseline 0.001 -12"><span class='ocrx_word' id='word_1_517' title='bbox 2013 3260 2205 3325; x_wconf 86' lang='lat' dir='ltr'><strong>stabit;</strong></span> <span class='ocrx_word' id='word_1_518' title='bbox 2233 3267 2287 3314; x_wconf 90' lang='lat' dir='ltr'><strong>ct</strong></span> <span class='ocrx_word' id='word_1_519' title='bbox 2324 3260 2500 3315; x_wconf 90' lang='lat' dir='ltr'><strong>omnis</strong></span> <span class='ocrx_word' id='word_1_520' title='bbox 2527 3259 2749 3315; x_wconf 87' lang='lat' dir='ltr'><strong>scientia</strong></span> <span class='ocrx_word' id='word_1_521' title='bbox 2790 3269 2845 3317; x_wconf 86' lang='lat' dir='ltr'><strong>et</strong></span> <span class='ocrx_word' id='word_1_522' title='bbox 2897 3262 2980 3317; x_wconf 83' lang='lat' dir='ltr'><strong>lex</strong></span> <span class='ocrx_word' id='word_1_523' title='bbox 3026 3263 3323 3321; x_wconf 85' lang='lat' dir='ltr'><strong>adversum</strong></span> <span class='ocrx_word' id='word_1_524' title='bbox 3351 3261 3563 3326; x_wconf 80' lang='lat' dir='ltr'><strong>seditisa,</strong></span> 
     </span>
    </p>
   </div>
   <div class='ocr_carea' id='block_1_69' title="bbox 2019 3354 3577 3425">
    <p class='ocr_par' dir='ltr' id='par_1_69' title="bbox 2019 3354 3577 3425">
     <span class='ocr_line' id='line_1_69' title="bbox 2019 3354 3577 3425; baseline -0.001 -15"><span class='ocrx_word' id='word_1_525' title='bbox 2019 3370 2131 3410; x_wconf 92' lang='lat' dir='ltr'><strong>non</strong></span> <span class='ocrx_word' id='word_1_526' title='bbox 2177 3354 2364 3410; x_wconf 86' lang='lat' dir='ltr'><strong>stabit.</strong></span> <span class='ocrx_word' id='word_1_527' title='bbox 2416 3354 2649 3425; x_wconf 85' lang='lat' dir='ltr'><strong>Ideoque</strong></span> <span class='ocrx_word' id='word_1_528' title='bbox 2697 3368 2922 3410; x_wconf 88' lang='lat' dir='ltr'><strong>necesse</strong></span> <span class='ocrx_word' id='word_1_529' title='bbox 2968 3366 3094 3422; x_wconf 89' lang='lat' dir='ltr'><strong>est,</strong></span> <span class='ocrx_word' id='word_1_530' title='bbox 3129 3368 3195 3412; x_wconf 92' lang='lat' dir='ltr'><strong>ut</strong></span> <span class='ocrx_word' id='word_1_531' title='bbox 3241 3354 3577 3414; x_wconf 65' lang='lat' dir='ltr'><strong>concorditlitet</strong></span> 
     </span>
    </p>
   </div>
   <div class='ocr_carea' id='block_1_70' title="bbox 2018 3442 3587 3519">
    <p class='ocr_par' dir='ltr' id='par_1_70' title="bbox 2018 3442 3587 3519">
     <span class='ocr_line' id='line_1_70' title="bbox 2018 3442 3587 3519; baseline -0.001 -17"><span class='ocrx_word' id='word_1_532' title='bbox 2018 3444 2270 3503; x_wconf 87' lang='lat' dir='ltr'><strong>salubres</strong></span> <span class='ocrx_word' id='word_1_533' title='bbox 2300 3447 2609 3517; x_wconf 85' lang='lat' dir='ltr'><strong>suscipiatis</strong></span> <span class='ocrx_word' id='word_1_534' title='bbox 2638 3444 2903 3515; x_wconf 89' lang='lat' dir='ltr'><strong>hortatus,</strong></span> <span class='ocrx_word' id='word_1_535' title='bbox 2937 3442 3071 3503; x_wconf 89' lang='lat' dir='ltr'><strong>nihil</strong></span> <span class='ocrx_word' id='word_1_536' title='bbox 3106 3464 3219 3519; x_wconf 79' lang='lat' dir='ltr'><strong>per</strong></span> <span class='ocrx_word' id='word_1_537' title='bbox 3252 3448 3587 3508; x_wconf 65' lang='lat' dir='ltr'><strong>«intentionem</strong></span> 
     </span>
    </p>
   </div>
   <div class='ocr_carea' id='block_1_71' title="bbox 2012 3538 3575 3611">
    <p class='ocr_par' dir='ltr' id='par_1_71' title="bbox 2012 3538 3575 3611">
     <span class='ocr_line' id='line_1_71' title="bbox 2012 3538 3575 3611; baseline 0.002 -19"><span class='ocrx_word' id='word_1_538' title='bbox 2012 3550 2253 3611; x_wconf 80' lang='lat' dir='ltr'><strong>agentes,</strong></span> <span class='ocrx_word' id='word_1_539' title='bbox 2289 3538 2384 3595; x_wconf 88' lang='lat' dir='ltr'><strong>sed</strong></span> <span class='ocrx_word' id='word_1_540' title='bbox 2423 3538 2489 3594; x_wconf 89' lang='lat' dir='ltr'><strong>ad</strong></span> <span class='ocrx_word' id='word_1_541' title='bbox 2513 3556 2673 3595; x_wconf 71' lang='lat' dir='ltr'><strong>mutue</strong></span> <span class='ocrx_word' id='word_1_542' title='bbox 2701 3540 2940 3595; x_wconf 89' lang='lat' dir='ltr'><strong>studium</strong></span> <span class='ocrx_word' id='word_1_543' title='bbox 2995 3541 3309 3600; x_wconf 82' lang='lat' dir='ltr'><strong>devotiOuis</strong></span> <span class='ocrx_word' id='word_1_544' title='bbox 3331 3543 3575 3605; x_wconf 79' lang='lat' dir='ltr'><strong>unanimes,</strong></span> 
     </span>
    </p>
   </div>
   <div class='ocr_carea' id='block_1_72' title="bbox 2010 3634 3587 3711">
    <p class='ocr_par' dir='ltr' id='par_1_72' title="bbox 2010 3634 3587 3711">
     <span class='ocr_line' id='line_1_72' title="bbox 2010 3634 3587 3711; baseline -0.002 -20"><span class='ocrx_word' id='word_1_545' title='bbox 2010 3635 2207 3691; x_wconf 87' lang='lat' dir='ltr'><strong>divinis</strong></span> <span class='ocrx_word' id='word_1_546' title='bbox 2237 3644 2291 3689; x_wconf 91' lang='lat' dir='ltr'><strong>et</strong></span> <span class='ocrx_word' id='word_1_547' title='bbox 2319 3635 2625 3704; x_wconf 89' lang='lat' dir='ltr'><strong>apostolicis</strong></span> <span class='ocrx_word' id='word_1_548' title='bbox 2676 3635 3156 3692; x_wconf 74' lang='lat' dir='ltr'><strong>consdtutionibus</strong></span> <span class='ocrx_word' id='word_1_549' title='bbox 3226 3637 3447 3711; x_wconf 77' lang='lat' dir='ltr'><strong>parcatis.</strong></span> <span class='ocrx_word' id='word_1_550' title='bbox 3482 3634 3587 3690; x_wconf 73' lang='lat' dir='ltr'><strong>Data</strong></span> 
     </span>
    </p>
   </div>
   <div class='ocr_carea' id='block_1_73' title="bbox 2013 3724 3586 3798">
    <p class='ocr_par' dir='ltr' id='par_1_73' title="bbox 2013 3724 3586 3798">
     <span class='ocr_line' id='line_1_73' title="bbox 2013 3724 3586 3798; baseline -0.001 -15"><span class='ocrx_word' id='word_1_551' title='bbox 2013 3724 2291 3798; x_wconf 84' lang='lat' dir='ltr'><strong>septimoi</strong></span> <span class='ocrx_word' id='word_1_552' title='bbox 2326 3726 2443 3780; x_wconf 91' lang='lat' dir='ltr'><strong>idus</strong></span> <span class='ocrx_word' id='word_1_553' title='bbox 2501 3724 2862 3797; x_wconf 84' lang='lat' dir='ltr'><strong>septembris,</strong></span> <span class='ocrx_word' id='word_1_554' title='bbox 2914 3726 3081 3787; x_wconf 90' lang='lat' dir='ltr'><strong>Decio</strong></span> <span class='ocrx_word' id='word_1_555' title='bbox 3123 3741 3185 3790; x_wconf 81' lang='lat' dir='ltr'><strong>et</strong></span> <span class='ocrx_word' id='word_1_556' title='bbox 3239 3730 3446 3789; x_wconf 79' lang='lat' dir='ltr'><strong>Maximo</strong></span> <span class='ocrx_word' id='word_1_557' title='bbox 3481 3724 3586 3783; x_wconf 77' lang='lat' dir='ltr'><strong>viris</strong></span> 
     </span>
    </p>
   </div>
   <div class='ocr_carea' id='block_1_74' title="bbox 2016 3819 2696 3877">
    <p class='ocr_par' dir='ltr' id='par_1_74' title="bbox 2016 3819 2696 3877">
     <span class='ocr_line' id='line_1_74' title="bbox 2016 3819 2696 3877; baseline 0.004 -3"><span class='ocrx_word' id='word_1_558' title='bbox 2016 3819 2332 3874; x_wconf 74' lang='lat' dir='ltr'><strong>clarissimis</strong></span> <span class='ocrx_word' id='word_1_559' title='bbox 2363 3819 2696 3877; x_wconf 90' lang='lat' dir='ltr'><strong>consulibus.</strong></span> 
     </span>
    </p>
   </div>
   <div class='ocr_carea' id='block_1_75' title="bbox 1542 3928 2402 3995">
    <p class='ocr_par' dir='ltr' id='par_1_75' title="bbox 1542 3928 2402 3995">
     <span class='ocr_line' id='line_1_75' title="bbox 1542 3928 2402 3995; baseline -0.007 -2"><span class='ocrx_word' id='word_1_560' title='bbox 1542 3928 1923 3995; x_wconf 85' lang='lat' dir='ltr'><strong>LECTIONES</strong></span> <span class='ocrx_word' id='word_1_561' title='bbox 1988 3933 2402 3992; x_wconf 81' lang='lat' dir='ltr'><strong>VARIANTES.</strong></span> 
     </span>
    </p>
   </div>
   <div class='ocr_carea' id='block_1_76' title="bbox 371 4037 1901 4103">
    <p class='ocr_par' dir='ltr' id='par_1_76' title="bbox 371 4037 1901 4103">
     <span class='ocr_line' id='line_1_76' title="bbox 371 4037 1901 4103; baseline -0.001 -14"><span class='ocrx_word' id='word_1_562' title='bbox 371 4037 830 4103; x_wconf 24' lang='lat' dir='ltr'><strong>FFueruntALabb.</strong></span> <span class='ocrx_word' id='word_1_563' title='bbox 930 4100 939 4103; x_wconf 26' lang='grc' dir='ltr'><strong><em>Α</em></strong></span> <span class='ocrx_word' id='word_1_564' title='bbox 1038 4100 1060 4103; x_wconf 21' lang='grc' dir='ltr'><em>ᾼ</em></span> <span class='ocrx_word' id='word_1_565' title='bbox 1179 4099 1200 4103; x_wconf 91' lang='lat'><strong>_</strong></span> <span class='ocrx_word' id='word_1_566' title='bbox 1498 4097 1541 4103; x_wconf 92' lang='lat'><strong>__</strong></span> <span class='ocrx_word' id='word_1_567' title='bbox 1628 4093 1692 4103; x_wconf 39' lang='grc' dir='ltr'><strong>ι,</strong></span> <span class='ocrx_word' id='word_1_568' title='bbox 1811 4093 1822 4103; x_wconf 36' lang='grc'><strong><em>⁸</em></strong></span> <span class='ocrx_word' id='word_1_569' title='bbox 1892 4095 1901 4101; x_wconf 88' lang='lat'><em>_</em></span> 
     </span>
    </p>
   </div>
   <div class='ocr_carea' id='block_1_77' title="bbox 365 4093 1920 4166">
    <p class='ocr_par' dir='ltr' id='par_1_77' title="bbox 365 4093 1920 4166">
     <span class='ocr_line' id='line_1_77' title="bbox 365 4093 1920 4166; baseline -0.006 -14"><span class='ocrx_word' id='word_1_570' title='bbox 365 4097 396 4138; x_wconf 74' lang='grc' dir='ltr'><strong>ι)</strong></span> <span class='ocrx_word' id='word_1_571' title='bbox 433 4104 528 4166; x_wconf 68' lang='lat' dir='ltr'><strong>Ms.</strong></span> <span class='ocrx_word' id='word_1_572' title='bbox 574 4098 777 4166; x_wconf 82' lang='lat' dir='ltr'><strong>Collegii</strong></span> <span class='ocrx_word' id='word_1_573' title='bbox 813 4100 978 4151; x_wconf 84' lang='lat' dir='ltr'><strong>Paris.</strong></span> <span class='ocrx_word' id='word_1_574' title='bbox 1024 4100 1137 4150; x_wconf 86' lang='lat' dir='ltr'><strong>Sac.</strong></span> <span class='ocrx_word' id='word_1_575' title='bbox 1164 4099 1290 4147; x_wconf 78' lang='lat' dir='ltr'><strong>Iesu</strong></span> <span class='ocrx_word' id='word_1_576' title='bbox 1328 4102 1445 4149; x_wconf 82' lang='lat' dir='ltr'><strong>teste</strong></span> <span class='ocrx_word' id='word_1_577' title='bbox 1492 4093 1755 4147; x_wconf 79' lang='lat' dir='ltr'><strong>Hardus&#39;no</strong></span> <span class='ocrx_word' id='word_1_578' title='bbox 1804 4093 1920 4159; x_wconf 86' lang='lat' dir='ltr'><strong>legit</strong></span> 
     </span>
    </p>
   </div>
   <div class='ocr_carea' id='block_1_78' title="bbox 307 4163 1178 4278">
    <p class='ocr_par' dir='ltr' id='par_1_78' title="bbox 307 4163 1178 4278">
     <span class='ocr_line' id='line_1_78' title="bbox 307 4163 726 4216; baseline -0.01 0"><span class='ocrx_word' id='word_1_579' title='bbox 307 4163 455 4216; x_wconf 81' lang='lat' dir='ltr'><strong>Arma</strong></span> <span class='ocrx_word' id='word_1_580' title='bbox 482 4164 596 4215; x_wconf 91' lang='lat' dir='ltr'><strong>Dei.</strong></span> <span class='ocrx_word' id='word_1_581' title='bbox 708 4163 726 4166; x_wconf 83' lang='grc'><em>”</em></span> 
     </span>
     <span class='ocr_line' id='line_1_79' title="bbox 373 4223 1178 4278; baseline -0.007 -1"><span class='ocrx_word' id='word_1_582' title='bbox 373 4229 398 4258; x_wconf 88' lang='lat'><strong><em>°</em></strong></span> <span class='ocrx_word' id='word_1_583' title='bbox 437 4226 521 4277; x_wconf 90' lang='lat' dir='ltr'><strong>Id.</strong></span> <span class='ocrx_word' id='word_1_584' title='bbox 549 4240 642 4278; x_wconf 84' lang='lat' dir='ltr'><strong>ms.</strong></span> <span class='ocrx_word' id='word_1_585' title='bbox 670 4223 921 4276; x_wconf 76' lang='lat' dir='ltr'><strong>Adversus</strong></span> <span class='ocrx_word' id='word_1_586' title='bbox 941 4224 1178 4275; x_wconf 82' lang='lat' dir='ltr'><strong>inimicos.</strong></span> 
     </span>
    </p>
   </div>
   <div class='ocr_carea' id='block_1_79' title="bbox 371 4287 837 4353">
    <p class='ocr_par' dir='ltr' id='par_1_79' title="bbox 371 4287 837 4353">
     <span class='ocr_line' id='line_1_80' title="bbox 371 4287 837 4353; baseline -0.002 -14"><span class='ocrx_word' id='word_1_587' title='bbox 371 4288 401 4329; x_wconf 74' lang='grc' dir='ltr'>εἰ</span> <span class='ocrx_word' id='word_1_588' title='bbox 435 4288 519 4341; x_wconf 87' lang='lat' dir='ltr'><strong>1d.</strong></span> <span class='ocrx_word' id='word_1_589' title='bbox 546 4301 637 4341; x_wconf 85' lang='lat' dir='ltr'><strong>ms.</strong></span> <span class='ocrx_word' id='word_1_590' title='bbox 665 4287 837 4353; x_wconf 80' lang='lat' dir='ltr'><strong>Ignea.</strong></span> 
     </span>
    </p>
   </div>
   <div class='ocr_carea' id='block_1_80' title="bbox 2089 4024 2627 4092">
    <p class='ocr_par' dir='ltr' id='par_1_80' title="bbox 2089 4024 2627 4092">
     <span class='ocr_line' id='line_1_81' title="bbox 2089 4024 2627 4092; baseline 0 -14"><span class='ocrx_word' id='word_1_591' title='bbox 2089 4031 2113 4092; x_wconf 66' lang='grc' dir='ltr'><strong>(ξ</strong></span> <span class='ocrx_word' id='word_1_592' title='bbox 2154 4027 2240 4079; x_wconf 85' lang='lat' dir='ltr'><strong>Id.</strong></span> <span class='ocrx_word' id='word_1_593' title='bbox 2268 4042 2357 4080; x_wconf 87' lang='lat' dir='ltr'><strong>ms.</strong></span> <span class='ocrx_word' id='word_1_594' title='bbox 2385 4024 2627 4092; x_wconf 78' lang='lat' dir='ltr'><strong>Accipite.</strong></span> 
     </span>
    </p>
   </div>
   <div class='ocr_carea' id='block_1_81' title="bbox 2094 4090 2924 4146">
    <p class='ocr_par' dir='ltr' id='par_1_81' title="bbox 2094 4090 2924 4146">
     <span class='ocr_line' id='line_1_82' title="bbox 2094 4090 2924 4146; baseline 0.005 -6"><span class='ocrx_word' id='word_1_595' title='bbox 2094 4090 2115 4128; x_wconf 68' lang='grc' dir='ltr'><strong>ί</strong></span> <span class='ocrx_word' id='word_1_596' title='bbox 2160 4092 2225 4141; x_wconf 87' lang='lat' dir='ltr'><strong>In</strong></span> <span class='ocrx_word' id='word_1_597' title='bbox 2250 4092 2420 4143; x_wconf 78' lang='lat' dir='ltr'><strong>eodem</strong></span> <span class='ocrx_word' id='word_1_598' title='bbox 2445 4090 2535 4144; x_wconf 60' lang='lat' dir='ltr'><strong>nts&#39;.</strong></span> <span class='ocrx_word' id='word_1_599' title='bbox 2562 4093 2701 4144; x_wconf 82' lang='lat' dir='ltr'><strong>abest</strong></span> <span class='ocrx_word' id='word_1_600' title='bbox 2721 4092 2924 4146; x_wconf 80' lang='lat' dir='ltr'><strong>Omnes.</strong></span> 
     </span>
    </p>
   </div>
   <div class='ocr_carea' id='block_1_82' title="bbox 2097 4153 2669 4206">
    <p class='ocr_par' dir='ltr' id='par_1_82' title="bbox 2097 4153 2669 4206">
     <span class='ocr_line' id='line_1_83' title="bbox 2097 4153 2669 4206; baseline 0.005 -4"><span class='ocrx_word' id='word_1_601' title='bbox 2097 4156 2122 4195; x_wconf 69' lang='grc' dir='ltr'><em>ε</em></span> <span class='ocrx_word' id='word_1_602' title='bbox 2162 4153 2246 4203; x_wconf 88' lang='lat' dir='ltr'><strong>Id.</strong></span> <span class='ocrx_word' id='word_1_603' title='bbox 2272 4167 2361 4206; x_wconf 82' lang='lat' dir='ltr'><strong>ms.</strong></span> <span class='ocrx_word' id='word_1_604' title='bbox 2390 4153 2669 4206; x_wconf 87' lang='lat' dir='ltr'><strong>Solationis.</strong></span> 
     </span>
    </p>
   </div>
   <div class='ocr_carea' id='block_1_83' title="bbox 2091 4214 2577 4269">
    <p class='ocr_par' dir='ltr' id='par_1_83' title="bbox 2091 4214 2577 4269">
     <span class='ocr_line' id='line_1_84' title="bbox 2091 4214 2577 4269; baseline -0.01 1"><span class='ocrx_word' id='word_1_605' title='bbox 2091 4214 2122 4255; x_wconf 74' lang='grc' dir='ltr'>ιι</span> <span class='ocrx_word' id='word_1_606' title='bbox 2158 4218 2243 4269; x_wconf 81' lang='lat' dir='ltr'><strong>Id.</strong></span> <span class='ocrx_word' id='word_1_607' title='bbox 2266 4230 2354 4268; x_wconf 80' lang='lat' dir='ltr'><strong>ms.</strong></span> <span class='ocrx_word' id='word_1_608' title='bbox 2383 4216 2479 4265; x_wconf 87' lang='lat' dir='ltr'><strong>Pro</strong></span> <span class='ocrx_word' id='word_1_609' title='bbox 2502 4230 2577 4267; x_wconf 88' lang='lat' dir='ltr'><strong>se.</strong></span> 
     </span>
    </p>
   </div>
   <div class='ocr_carea' id='block_1_84' title="bbox 2100 4277 2518 4330">
    <p class='ocr_par' dir='ltr' id='par_1_84' title="bbox 2100 4277 2518 4330">
     <span class='ocr_line' id='line_1_85' title="bbox 2100 4277 2518 4330; baseline 0.002 -1"><span class='ocrx_word' id='word_1_610' title='bbox 2100 4279 2118 4317; x_wconf 69' lang='grc' dir='ltr'>ί</span> <span class='ocrx_word' id='word_1_611' title='bbox 2160 4278 2347 4329; x_wconf 85' lang='lat' dir='ltr'><strong>Octavo</strong></span> <span class='ocrx_word' id='word_1_612' title='bbox 2372 4277 2518 4330; x_wconf 86' lang='lat' dir='ltr'><strong>Labb.</strong></span> 
     </span>
    </p>
   </div>
   <div class='ocr_carea' id='block_1_85' title="bbox 1671 4358 2299 4421">
    <p class='ocr_par' dir='ltr' id='par_1_85' title="bbox 1671 4358 2299 4421">
     <span class='ocr_line' id='line_1_86' title="bbox 1671 4358 2299 4421; baseline -0.006 -2"><span class='ocrx_word' id='word_1_613' title='bbox 1671 4358 2033 4421; x_wconf 68' lang='lat' dir='ltr'><strong>VARIORUM</strong></span> <span class='ocrx_word' id='word_1_614' title='bbox 2071 4359 2299 4417; x_wconf 73' lang='lat' dir='ltr'><strong>NOTAE.</strong></span> 
     </span>
    </p>
   </div>
   <div class='ocr_carea' id='block_1_86' title="bbox 302 4478 1913 4552">
    <p class='ocr_par' dir='ltr' id='par_1_86' title="bbox 302 4478 1913 4552">
     <span class='ocr_line' id='line_1_87' title="bbox 302 4478 1913 4552; baseline -0.008 -5"><span class='ocrx_word' id='word_1_615' title='bbox 302 4489 527 4547; x_wconf 84' lang='lat' dir='ltr'><strong>bitionis</strong></span> <span class='ocrx_word' id='word_1_616' title='bbox 553 4488 871 4552; x_wconf 89' lang='lat' dir='ltr'><strong>animatum,</strong></span> <span class='ocrx_word' id='word_1_617' title='bbox 895 4487 1073 4542; x_wconf 87' lang='lat' dir='ltr'><strong>acrius</strong></span> <span class='ocrx_word' id='word_1_618' title='bbox 1124 4486 1176 4540; x_wconf 91' lang='lat' dir='ltr'><strong>in</strong></span> <span class='ocrx_word' id='word_1_619' title='bbox 1208 4499 1331 4540; x_wconf 84' lang='lat' dir='ltr'><strong>eum</strong></span> <span class='ocrx_word' id='word_1_620' title='bbox 1387 4478 1640 4551; x_wconf 87' lang='lat' dir='ltr'><strong>impellit,</strong></span> <span class='ocrx_word' id='word_1_621' title='bbox 1671 4494 1738 4538; x_wconf 86' lang='lat' dir='ltr'><strong>eo</strong></span> <span class='ocrx_word' id='word_1_622' title='bbox 1768 4480 1913 4549; x_wconf 90' lang='lat' dir='ltr'><strong>quod</strong></span> 
     </span>
    </p>
   </div>
   <div class='ocr_carea' id='block_1_87' title="bbox 2024 4477 3579 4563">
    <p class='ocr_par' dir='ltr' id='par_1_87' title="bbox 2024 4477 3579 4563">
     <span class='ocr_line' id='line_1_88' title="bbox 2024 4477 3579 4563; baseline 0.004 -30"><span class='ocrx_word' id='word_1_623' title='bbox 2024 4479 2226 4562; x_wconf 79' lang='lat' dir='ltr'><strong>multos</strong></span> <span class='ocrx_word' id='word_1_624' title='bbox 2261 4477 2614 4563; x_wconf 66' lang='lat' dir='ltr'><strong>confessores</strong></span> <span class='ocrx_word' id='word_1_625' title='bbox 2653 4479 2848 4563; x_wconf 49' lang='lat' dir='ltr'><strong>gloria</strong></span> <span class='ocrx_word' id='word_1_626' title='bbox 2874 4483 3192 4563; x_wconf 53' lang='lat' dir='ltr'><strong>praeder-os,</strong></span> <span class='ocrx_word' id='word_1_627' title='bbox 3218 4483 3579 4563; x_wconf 52' lang='lat' dir='ltr'><strong>“enim</strong></span> 
     </span>
    </p>
   </div>
   <div class='ocr_carea' id='block_1_88' title="bbox 311 4549 3576 4624">
    <p class='ocr_par' dir='ltr' id='par_1_88' title="bbox 311 4549 3576 4624">
     <span class='ocr_line' id='line_1_89' title="bbox 311 4549 3576 4624; baseline -0.002 -6"><span class='ocrx_word' id='word_1_628' title='bbox 311 4562 615 4624; x_wconf 79' lang='lat' dir='ltr'><strong>Comelins,</strong></span> <span class='ocrx_word' id='word_1_629' title='bbox 650 4549 875 4614; x_wconf 77' lang='lat' dir='ltr'><strong>fratrum</strong></span> <span class='ocrx_word' id='word_1_630' title='bbox 907 4571 1127 4611; x_wconf 86' lang='lat' dir='ltr'><strong>suorum</strong></span> <span class='ocrx_word' id='word_1_631' title='bbox 1158 4555 1413 4620; x_wconf 89' lang='lat' dir='ltr'><strong>consilio,</strong></span> <span class='ocrx_word' id='word_1_632' title='bbox 1448 4549 1776 4623; x_wconf 64' lang='lat' dir='ltr'><strong>paenitentes</strong></span> <span class='ocrx_word' id='word_1_633' title='bbox 1804 4552 1925 4624; x_wconf 84' lang='lat' dir='ltr'><strong>lap—</strong></span> <span class='ocrx_word' id='word_1_634' title='bbox 1948 4552 2001 4613; x_wconf 91' lang='lat' dir='ltr'><strong>D</strong></span> <span class='ocrx_word' id='word_1_635' title='bbox 2029 4552 2082 4605; x_wconf 93' lang='lat' dir='ltr'><strong>in</strong></span> <span class='ocrx_word' id='word_1_636' title='bbox 2115 4549 2388 4624; x_wconf 76' lang='lat' dir='ltr'><strong>eumdem</strong></span> <span class='ocrx_word' id='word_1_637' title='bbox 2418 4549 2730 4614; x_wconf 85' lang='lat' dir='ltr'><strong>concitavit.</strong></span> <span class='ocrx_word' id='word_1_638' title='bbox 2758 4553 2851 4621; x_wconf 85' lang='lat' dir='ltr'><strong>qui</strong></span> <span class='ocrx_word' id='word_1_639' title='bbox 2878 4549 3257 4611; x_wconf 27' lang='lat' dir='ltr'><strong>‘Novatianum</strong></span> <span class='ocrx_word' id='word_1_640' title='bbox 3292 4549 3576 4611; x_wconf 67' lang='lat' dir='ltr'><strong>clande</strong></span> 
     </span>
    </p>
   </div>
   <div class='ocr_carea' id='block_1_89' title="bbox 306 4622 1924 4697">
    <p class='ocr_par' dir='ltr' id='par_1_89' title="bbox 306 4622 1924 4697">
     <span class='ocr_line' id='line_1_90' title="bbox 306 4622 1924 4697; baseline -0.006 -10"><span class='ocrx_word' id='word_1_641' title='bbox 306 4650 399 4688; x_wconf 87' lang='lat' dir='ltr'><strong>sos</strong></span> <span class='ocrx_word' id='word_1_642' title='bbox 456 4635 509 4686; x_wconf 92' lang='lat' dir='ltr'><strong>in</strong></span> <span class='ocrx_word' id='word_1_643' title='bbox 559 4622 856 4685; x_wconf 70' lang='lat' dir='ltr'><strong>Ecclesium</strong></span> <span class='ocrx_word' id='word_1_644' title='bbox 911 4629 1217 4697; x_wconf 88' lang='lat' dir='ltr'><strong>reciperet:</strong></span> <span class='ocrx_word' id='word_1_645' title='bbox 1251 4642 1375 4680; x_wconf 90' lang='lat' dir='ltr'><strong>cum</strong></span> <span class='ocrx_word' id='word_1_646' title='bbox 1429 4622 1606 4679; x_wconf 83' lang='lat' dir='ltr'><strong>tamen</strong></span> <span class='ocrx_word' id='word_1_647' title='bbox 1657 4625 1708 4677; x_wconf 91' lang='lat' dir='ltr'><strong>in</strong></span> <span class='ocrx_word' id='word_1_648' title='bbox 1746 4622 1924 4678; x_wconf 80' lang='lat' dir='ltr'><strong>Africa</strong></span> 
     </span>
    </p>
   </div>
   <div class='ocr_carea' id='block_1_90' title="bbox 308 4696 1923 4776">
    <p class='ocr_par' dir='ltr' id='par_1_90' title="bbox 308 4696 1923 4776">
     <span class='ocr_line' id='line_1_91' title="bbox 308 4696 1923 4776; baseline -0.004 -19"><span class='ocrx_word' id='word_1_649' title='bbox 308 4703 618 4776; x_wconf 83' lang='lat' dir='ltr'><strong>Cypri:tuo_</strong></span> <span class='ocrx_word' id='word_1_650' title='bbox 653 4696 1037 4776; x_wconf 52' lang='lat' dir='ltr'><strong>Sacrosanctte</strong></span> <span class='ocrx_word' id='word_1_651' title='bbox 1081 4698 1340 4753; x_wconf 71' lang='lat' dir='ltr'><strong>Ecclesia:</strong></span> <span class='ocrx_word' id='word_1_652' title='bbox 1402 4696 1842 4776; x_wconf 59' lang='lat' dir='ltr'><strong>ooutnrnnionetp</strong></span> <span class='ocrx_word' id='word_1_653' title='bbox 1893 4712 1923 4751; x_wconf 86' lang='lat' dir='ltr'><strong>a</strong></span> 
     </span>
    </p>
   </div>
   <div class='ocr_carea' id='block_1_91' title="bbox 312 4765 1920 4843">
    <p class='ocr_par' dir='ltr' id='par_1_91' title="bbox 312 4765 1920 4843">
     <span class='ocr_line' id='line_1_92' title="bbox 312 4765 1920 4843; baseline -0.006 -12"><span class='ocrx_word' id='word_1_654' title='bbox 312 4765 480 4843; x_wconf 63' lang='lat' dir='ltr'><strong>lapsis</strong></span> <span class='ocrx_word' id='word_1_655' title='bbox 517 4772 761 4842; x_wconf 86' lang='lat' dir='ltr'><strong>petitam,</strong></span> <span class='ocrx_word' id='word_1_656' title='bbox 805 4772 895 4827; x_wconf 88' lang='lat' dir='ltr'><strong>ille</strong></span> <span class='ocrx_word' id='word_1_657' title='bbox 925 4770 991 4823; x_wconf 89' lang='lat' dir='ltr'><strong>ad</strong></span> <span class='ocrx_word' id='word_1_658' title='bbox 1041 4778 1275 4843; x_wconf 76' lang='lat' dir='ltr'><strong>certum</strong></span> <span class='ocrx_word' id='word_1_659' title='bbox 1304 4778 1515 4833; x_wconf 83' lang='lat' dir='ltr'><strong>tempus</strong></span> <span class='ocrx_word' id='word_1_660' title='bbox 1562 4765 1920 4843; x_wconf 64' lang='lat' dir='ltr'><strong>tliﬂerepdam</strong></span> 
     </span>
    </p>
   </div>
   <div class='ocr_carea' id='block_1_92' title="bbox 311 4836 1921 4915">
    <p class='ocr_par' dir='ltr' id='par_1_92' title="bbox 311 4836 1921 4915">
     <span class='ocr_line' id='line_1_93' title="bbox 311 4836 1921 4915; baseline -0.007 -13"><span class='ocrx_word' id='word_1_661' title='bbox 311 4836 435 4902; x_wconf 64' lang='lat' dir='ltr'><strong>esse</strong></span> <span class='ocrx_word' id='word_1_662' title='bbox 453 4836 845 4915; x_wconf 75' lang='lat' dir='ltr'><strong>respondisset.</strong></span> <span class='ocrx_word' id='word_1_663' title='bbox 877 4843 1034 4896; x_wconf 88' lang='lat' dir='ltr'><strong>Plura</strong></span> <span class='ocrx_word' id='word_1_664' title='bbox 1069 4840 1309 4915; x_wconf 63' lang='lat' dir='ltr'><strong>inmotis</strong></span> <span class='ocrx_word' id='word_1_665' title='bbox 1349 4837 1718 4915; x_wconf 68' lang='lat' dir='ltr'><strong>sequentibus.</strong></span> <span class='ocrx_word' id='word_1_666' title='bbox 1755 4836 1921 4891; x_wconf 89' lang='lat' dir='ltr'><strong>Baro-</strong></span> 
     </span>
    </p>
   </div>
   <div class='ocr_carea' id='block_1_93' title="bbox 309 4907 1919 4984">
    <p class='ocr_par' dir='ltr' id='par_1_93' title="bbox 309 4907 1919 4984">
     <span class='ocr_line' id='line_1_94' title="bbox 309 4907 1919 4984; baseline -0.006 -12"><span class='ocrx_word' id='word_1_667' title='bbox 309 4918 453 4984; x_wconf 62' lang='lat' dir='ltr'><strong>nius,</strong></span> <span class='ocrx_word' id='word_1_668' title='bbox 484 4907 626 4971; x_wconf 56' lang='lat' dir='ltr'><strong>au&#39;no</strong></span> <span class='ocrx_word' id='word_1_669' title='bbox 654 4914 785 4977; x_wconf 64' lang='lat' dir='ltr'><strong>251s,</strong></span> <span class='ocrx_word' id='word_1_670' title='bbox 821 4929 1048 4968; x_wconf 87' lang='lat' dir='ltr'><strong>numero</strong></span> <span class='ocrx_word' id='word_1_671' title='bbox 1090 4911 1181 4969; x_wconf 69' lang='lat'><strong>32.</strong></span> <span class='ocrx_word' id='word_1_672' title='bbox 1215 4925 1383 4976; x_wconf 87' lang='lat' dir='ltr'><strong>usque</strong></span> <span class='ocrx_word' id='word_1_673' title='bbox 1422 4907 1487 4984; x_wconf 76' lang='lat' dir='ltr'><strong>ad</strong></span> <span class='ocrx_word' id='word_1_674' title='bbox 1537 4907 1627 4972; x_wconf 67' lang='grc' dir='ltr'><strong>ιι,</strong></span> <span class='ocrx_word' id='word_1_675' title='bbox 1660 4909 1787 4984; x_wconf 80' lang='lat' dir='ltr'><strong>item</strong></span> <span class='ocrx_word' id='word_1_676' title='bbox 1818 4925 1919 4964; x_wconf 84' lang='lat' dir='ltr'><strong>un-</strong></span> 
     </span>
    </p>
   </div>
   <div class='ocr_carea' id='block_1_94' title="bbox 310 4980 1775 5053">
    <p class='ocr_par' dir='ltr' id='par_1_94' title="bbox 310 4980 1775 5053">
     <span class='ocr_line' id='line_1_95' title="bbox 310 4980 1775 5053; baseline -0.008 -9"><span class='ocrx_word' id='word_1_677' title='bbox 310 4980 461 5044; x_wconf 81' lang='lat' dir='ltr'><strong>mero</strong></span> <span class='ocrx_word' id='word_1_678' title='bbox 492 4989 560 5045; x_wconf 81' lang='lat'><strong>59</strong></span> <span class='ocrx_word' id='word_1_679' title='bbox 589 4998 643 5041; x_wconf 78' lang='lat' dir='ltr'><strong>at</strong></span> <span class='ocrx_word' id='word_1_680' title='bbox 668 4986 986 5053; x_wconf 55' lang='lat' dir='ltr'><strong>quihusdam</strong></span> <span class='ocrx_word' id='word_1_681' title='bbox 1019 4984 1389 5053; x_wconf 80' lang='lat' dir='ltr'><strong>sequentibus.</strong></span> <span class='ocrx_word' id='word_1_682' title='bbox 1420 4982 1618 5036; x_wconf 73' lang='lat' dir='ltr'><strong>Seven.</strong></span> <span class='ocrx_word' id='word_1_683' title='bbox 1659 4980 1775 5053; x_wconf 60' lang='lat' dir='ltr'><strong>lita.</strong></span> 
     </span>
    </p>
   </div>
   <div class='ocr_carea' id='block_1_95' title="bbox 383 5050 1921 5127">
    <p class='ocr_par' dir='ltr' id='par_1_95' title="bbox 383 5050 1921 5127">
     <span class='ocr_line' id='line_1_96' title="bbox 383 5050 1921 5127; baseline -0.004 -16"><span class='ocrx_word' id='word_1_684' title='bbox 383 5062 482 5127; x_wconf 72' lang='grc' dir='ltr'><strong>ριιί</strong></span> <span class='ocrx_word' id='word_1_685' title='bbox 511 5070 655 5114; x_wconf 77' lang='lat' dir='ltr'><strong>extra</strong></span> <span class='ocrx_word' id='word_1_686' title='bbox 679 5050 959 5113; x_wconf 72' lang='lat' dir='ltr'><strong>Ecclesium</strong></span> <span class='ocrx_word' id='word_1_687' title='bbox 993 5050 1245 5109; x_wconf 79' lang='lat' dir='ltr'><strong>ordinavit</strong></span> <span class='ocrx_word' id='word_1_688' title='bbox 1285 5052 1654 5127; x_wconf 76' lang='lat' dir='ltr'><strong>Novatianum.</strong></span> <span class='ocrx_word' id='word_1_689' title='bbox 1684 5050 1921 5127; x_wconf 74' lang='lat' dir='ltr'><strong>Novatus</strong></span> 
     </span>
    </p>
   </div>
   <div class='ocr_carea' id='block_1_96' title="bbox 306 5123 1920 5200">
    <p class='ocr_par' dir='ltr' id='par_1_96' title="bbox 306 5123 1920 5200">
     <span class='ocr_line' id='line_1_97' title="bbox 306 5123 1920 5200; baseline -0.004 -17"><span class='ocrx_word' id='word_1_690' title='bbox 306 5123 579 5200; x_wconf 51' lang='lat' dir='ltr'><strong>qui&#39;semt-l</strong></span> <span class='ocrx_word' id='word_1_691' title='bbox 603 5131 655 5185; x_wconf 91' lang='lat' dir='ltr'><strong>iu</strong></span> <span class='ocrx_word' id='word_1_692' title='bbox 681 5131 858 5186; x_wconf 78' lang='lat' dir='ltr'><strong>Africa</strong></span> <span class='ocrx_word' id='word_1_693' title='bbox 885 5143 977 5195; x_wconf 86' lang='lat' dir='ltr'><strong>per</strong></span> <span class='ocrx_word' id='word_1_694' title='bbox 1002 5143 1125 5200; x_wconf 83' lang='lat' dir='ltr'><strong>suos</strong></span> <span class='ocrx_word' id='word_1_695' title='bbox 1145 5125 1454 5200; x_wconf 84' lang='lat' dir='ltr'><strong>cathedram</strong></span> <span class='ocrx_word' id='word_1_696' title='bbox 1486 5134 1688 5200; x_wconf 63' lang='lat' dir='ltr'><strong>rontra</strong></span> <span class='ocrx_word' id='word_1_697' title='bbox 1733 5123 1920 5200; x_wconf 85' lang='lat' dir='ltr'><strong>cathe-</strong></span> 
     </span>
    </p>
   </div>
   <div class='ocr_carea' id='block_1_97' title="bbox 308 5195 1916 5261">
    <p class='ocr_par' dir='ltr' id='par_1_97' title="bbox 308 5195 1916 5261">
     <span class='ocr_line' id='line_1_98' title="bbox 308 5195 1916 5261; baseline -0.003 -5"><span class='ocrx_word' id='word_1_698' title='bbox 308 5195 461 5256; x_wconf 84' lang='lat' dir='ltr'><strong>dram</strong></span> <span class='ocrx_word' id='word_1_699' title='bbox 488 5204 607 5257; x_wconf 88' lang='lat' dir='ltr'><strong>diro</strong></span> <span class='ocrx_word' id='word_1_700' title='bbox 647 5201 936 5257; x_wconf 78' lang='lat' dir='ltr'><strong>schismate</strong></span> <span class='ocrx_word' id='word_1_701' title='bbox 974 5198 1287 5261; x_wconf 76' lang='lat' dir='ltr'><strong>Collocarat,</strong></span> <span class='ocrx_word' id='word_1_702' title='bbox 1327 5206 1382 5249; x_wconf 90' lang='lat' dir='ltr'><strong>ut</strong></span> <span class='ocrx_word' id='word_1_703' title='bbox 1422 5195 1653 5250; x_wconf 75' lang='lat' dir='ltr'><strong>infelicia</strong></span> <span class='ocrx_word' id='word_1_704' title='bbox 1678 5198 1916 5255; x_wconf 68' lang='lat' dir='ltr'><strong>germina</strong></span> 
     </span>
    </p>
   </div>
   <div class='ocr_carea' id='block_1_98' title="bbox 305 5266 1918 5344">
    <p class='ocr_par' dir='ltr' id='par_1_98' title="bbox 305 5266 1918 5344">
     <span class='ocr_line' id='line_1_99' title="bbox 305 5266 1918 5344; baseline -0.007 -15"><span class='ocrx_word' id='word_1_705' title='bbox 305 5279 422 5344; x_wconf 78' lang='lat' dir='ltr'><strong>ipse</strong></span> <span class='ocrx_word' id='word_1_706' title='bbox 438 5290 559 5330; x_wconf 90' lang='lat' dir='ltr'><strong>cum</strong></span> <span class='ocrx_word' id='word_1_707' title='bbox 590 5272 923 5329; x_wconf 69' lang='lat' dir='ltr'><strong>Felicissimo</strong></span> <span class='ocrx_word' id='word_1_708' title='bbox 953 5286 1057 5326; x_wconf 87' lang='lat' dir='ltr'><strong>uno</strong></span> <span class='ocrx_word' id='word_1_709' title='bbox 1088 5285 1147 5323; x_wconf 88' lang='lat' dir='ltr'><strong>ac</strong></span> <span class='ocrx_word' id='word_1_710' title='bbox 1181 5271 1352 5337; x_wconf 89' lang='lat' dir='ltr'><strong>primo</strong></span> <span class='ocrx_word' id='word_1_711' title='bbox 1382 5266 1780 5344; x_wconf 59' lang='lat' dir='ltr'><strong>totinfelicinm</strong></span> <span class='ocrx_word' id='word_1_712' title='bbox 1828 5284 1918 5321; x_wconf 81' lang='lat' dir='ltr'><strong>ca-</strong></span> 
     </span>
    </p>
   </div>
   <div class='ocr_carea' id='block_1_99' title="bbox 305 5332 1916 5410">
    <p class='ocr_par' dir='ltr' id='par_1_99' title="bbox 305 5332 1916 5410">
     <span class='ocr_line' id='line_1_100' title="bbox 305 5332 1916 5410; baseline -0.005 -11"><span class='ocrx_word' id='word_1_713' title='bbox 305 5332 460 5400; x_wconf 72' lang='grc' dir='ltr'><strong>εὐιιιη</strong></span> <span class='ocrx_word' id='word_1_714' title='bbox 481 5357 720 5403; x_wconf 65' lang='grc' dir='ltr'><strong>ξυμ-101⁸8,</strong></span> <span class='ocrx_word' id='word_1_715' title='bbox 743 5346 793 5398; x_wconf 83' lang='lat' dir='ltr'><strong>in</strong></span> <span class='ocrx_word' id='word_1_716' title='bbox 814 5332 1225 5398; x_wconf 74' lang='lat' dir='ltr'><strong>transmarinam</strong></span> <span class='ocrx_word' id='word_1_717' title='bbox 1250 5356 1462 5410; x_wconf 83' lang='lat' dir='ltr'><strong>quoque</strong></span> <span class='ocrx_word' id='word_1_718' title='bbox 1476 5332 1770 5395; x_wconf 73' lang='lat' dir='ltr'><strong>Ecclesium</strong></span> <span class='ocrx_word' id='word_1_719' title='bbox 1793 5354 1916 5407; x_wconf 84' lang='lat' dir='ltr'><strong>pro-</strong></span> 
     </span>
    </p>
   </div>
   <div class='ocr_carea' id='block_1_100' title="bbox 310 5411 1917 5487">
    <p class='ocr_par' dir='ltr' id='par_1_100' title="bbox 310 5411 1917 5487">
     <span class='ocr_line' id='line_1_101' title="bbox 310 5411 1917 5487; baseline -0.001 -21"><span class='ocrx_word' id='word_1_720' title='bbox 310 5428 550 5487; x_wconf 72' lang='lat' dir='ltr'><strong>pagnrct,</strong></span> <span class='ocrx_word' id='word_1_721' title='bbox 571 5417 796 5471; x_wconf 70' lang='lat' dir='ltr'><strong>Ruinam</strong></span> <span class='ocrx_word' id='word_1_722' title='bbox 822 5430 880 5471; x_wconf 89' lang='lat' dir='ltr'><strong>se</strong></span> <span class='ocrx_word' id='word_1_723' title='bbox 906 5414 1154 5487; x_wconf 84' lang='lat' dir='ltr'><strong>contulit,</strong></span> <span class='ocrx_word' id='word_1_724' title='bbox 1190 5423 1375 5466; x_wconf 84' lang='lat' dir='ltr'><strong>nactus</strong></span> <span class='ocrx_word' id='word_1_725' title='bbox 1402 5412 1743 5487; x_wconf 62' lang='lat' dir='ltr'><strong>occasionem</strong></span> <span class='ocrx_word' id='word_1_726' title='bbox 1773 5411 1917 5487; x_wconf 71' lang='lat' dir='ltr'><strong>sedis</strong></span> 
     </span>
    </p>
   </div>
   <div class='ocr_carea' id='block_1_101' title="bbox 298 5483 1913 5558">
    <p class='ocr_par' dir='ltr' id='par_1_101' title="bbox 298 5483 1913 5558">
     <span class='ocr_line' id='line_1_102' title="bbox 298 5483 1913 5558; baseline -0.004 -15"><span class='ocrx_word' id='word_1_727' title='bbox 298 5483 565 5555; x_wconf 65' lang='lat' dir='ltr'><strong>vacantis,</strong></span> <span class='ocrx_word' id='word_1_728' title='bbox 594 5504 687 5558; x_wconf 88' lang='lat' dir='ltr'><strong>per</strong></span> <span class='ocrx_word' id='word_1_729' title='bbox 716 5487 960 5541; x_wconf 80' lang='lat' dir='ltr'><strong>fraudem</strong></span> <span class='ocrx_word' id='word_1_730' title='bbox 1001 5484 1292 5558; x_wconf 70' lang='lat' dir='ltr'><strong>multorum</strong></span> <span class='ocrx_word' id='word_1_731' title='bbox 1346 5483 1556 5558; x_wconf 79' lang='lat' dir='ltr'><strong>animos</strong></span> <span class='ocrx_word' id='word_1_732' title='bbox 1586 5483 1691 5558; x_wconf 80' lang='lat' dir='ltr'><strong>sibi</strong></span> <span class='ocrx_word' id='word_1_733' title='bbox 1728 5483 1913 5558; x_wconf 76' lang='lat' dir='ltr'><strong>conci-</strong></span> 
     </span>
    </p>
   </div>
   <div class='ocr_carea' id='block_1_102' title="bbox 298 5554 1911 5624">
    <p class='ocr_par' dir='ltr' id='par_1_102' title="bbox 298 5554 1911 5624">
     <span class='ocr_line' id='line_1_103' title="bbox 298 5554 1911 5624; baseline -0.001 -13"><span class='ocrx_word' id='word_1_734' title='bbox 298 5559 466 5624; x_wconf 74' lang='lat' dir='ltr'><strong>liavit,</strong></span> <span class='ocrx_word' id='word_1_735' title='bbox 491 5554 757 5616; x_wconf 77' lang='lat' dir='ltr'><strong>meorum</strong></span> <span class='ocrx_word' id='word_1_736' title='bbox 785 5560 987 5619; x_wconf 82' lang='lat' dir='ltr'><strong>favore,</strong></span> <span class='ocrx_word' id='word_1_737' title='bbox 1021 5555 1106 5611; x_wconf 78' lang='lat' dir='ltr'><strong>vel</strong></span> <span class='ocrx_word' id='word_1_738' title='bbox 1135 5556 1269 5621; x_wconf 79' lang='lat' dir='ltr'><strong>ipso,</strong></span> <span class='ocrx_word' id='word_1_739' title='bbox 1294 5554 1375 5609; x_wconf 87' lang='lat' dir='ltr'><strong>vel</strong></span> <span class='ocrx_word' id='word_1_740' title='bbox 1404 5556 1591 5610; x_wconf 83' lang='lat' dir='ltr'><strong>saltem</strong></span> <span class='ocrx_word' id='word_1_741' title='bbox 1624 5554 1817 5623; x_wconf 85' lang='lat' dir='ltr'><strong>aliquis</strong></span> <span class='ocrx_word' id='word_1_742' title='bbox 1840 5570 1911 5609; x_wconf 80' lang='lat' dir='ltr'><strong>ex</strong></span> 
     </span>
    </p>
   </div>
   <div class='ocr_carea' id='block_1_103' title="bbox 297 5625 1911 5696">
    <p class='ocr_par' dir='ltr' id='par_1_103' title="bbox 297 5625 1911 5696">
     <span class='ocr_line' id='line_1_104' title="bbox 297 5625 1911 5696; baseline -0.001 -13"><span class='ocrx_word' id='word_1_743' title='bbox 297 5630 400 5685; x_wconf 83' lang='lat' dir='ltr'><strong>sibi</strong></span> <span class='ocrx_word' id='word_1_744' title='bbox 431 5633 736 5686; x_wconf 82' lang='lat' dir='ltr'><strong>faventibus</strong></span> <span class='ocrx_word' id='word_1_745' title='bbox 760 5631 811 5685; x_wconf 88' lang='lat' dir='ltr'><strong>in</strong></span> <span class='ocrx_word' id='word_1_746' title='bbox 844 5631 972 5684; x_wconf 71' lang='lat' dir='ltr'><strong>sede</strong></span> <span class='ocrx_word' id='word_1_747' title='bbox 1007 5626 1278 5696; x_wconf 78' lang='lat' dir='ltr'><strong>pontificia</strong></span> <span class='ocrx_word' id='word_1_748' title='bbox 1305 5626 1623 5689; x_wconf 82' lang='lat' dir='ltr'><strong>collocetur,</strong></span> <span class='ocrx_word' id='word_1_749' title='bbox 1654 5633 1815 5695; x_wconf 78' lang='lat' dir='ltr'><strong>atque</strong></span> <span class='ocrx_word' id='word_1_750' title='bbox 1843 5625 1911 5682; x_wconf 81' lang='lat' dir='ltr'><strong>ita</strong></span> 
     </span>
    </p>
   </div>
   <div class='ocr_carea' id='block_1_104' title="bbox 297 5697 1909 5771">
    <p class='ocr_par' dir='ltr' id='par_1_104' title="bbox 297 5697 1909 5771">
     <span class='ocr_line' id='line_1_105' title="bbox 297 5697 1909 5771; baseline -0.001 -19"><span class='ocrx_word' id='word_1_751' title='bbox 297 5704 465 5757; x_wconf 83' lang='lat' dir='ltr'><strong>semel</strong></span> <span class='ocrx_word' id='word_1_752' title='bbox 492 5702 783 5757; x_wconf 83' lang='lat' dir='ltr'><strong>conﬂatum</strong></span> <span class='ocrx_word' id='word_1_753' title='bbox 835 5702 1067 5757; x_wconf 88' lang='lat' dir='ltr'><strong>schisma</strong></span> <span class='ocrx_word' id='word_1_754' title='bbox 1100 5708 1287 5771; x_wconf 79' lang='lat' dir='ltr'><strong>contra</strong></span> <span class='ocrx_word' id='word_1_755' title='bbox 1337 5697 1663 5771; x_wconf 55' lang='lat' dir='ltr'><strong>qurianum</strong></span> <span class='ocrx_word' id='word_1_756' title='bbox 1710 5697 1909 5771; x_wconf 75' lang='lat' dir='ltr'><strong>rectius</strong></span> 
     </span>
    </p>
   </div>
   <div class='ocr_carea' id='block_1_105' title="bbox 297 5766 1909 5845">
    <p class='ocr_par' dir='ltr' id='par_1_105' title="bbox 297 5766 1909 5845">
     <span class='ocr_line' id='line_1_106' title="bbox 297 5766 1909 5845; baseline 0.002 -25"><span class='ocrx_word' id='word_1_757' title='bbox 297 5772 584 5845; x_wconf 62' lang='lat' dir='ltr'><strong>stolidelttt‘.</strong></span> <span class='ocrx_word' id='word_1_758' title='bbox 616 5772 721 5845; x_wconf 73' lang='lat' dir='ltr'><strong>Sed</strong></span> <span class='ocrx_word' id='word_1_759' title='bbox 752 5786 898 5836; x_wconf 88' lang='lat' dir='ltr'><strong>cum,</strong></span> <span class='ocrx_word' id='word_1_760' title='bbox 928 5772 1042 5826; x_wconf 88' lang='lat' dir='ltr'><strong>Deo</strong></span> <span class='ocrx_word' id='word_1_761' title='bbox 1077 5770 1321 5845; x_wconf 67' lang='lat' dir='ltr'><strong>volente,</strong></span> <span class='ocrx_word' id='word_1_762' title='bbox 1340 5766 1624 5845; x_wconf 74' lang='lat' dir='ltr'><strong>cornelius</strong></span> <span class='ocrx_word' id='word_1_763' title='bbox 1653 5767 1909 5845; x_wconf 75' lang='lat' dir='ltr'><strong>opinione</strong></span> 
     </span>
    </p>
   </div>
   <div class='ocr_carea' id='block_1_106' title="bbox 296 5838 1903 5908">
    <p class='ocr_par' dir='ltr' id='par_1_106' title="bbox 296 5838 1903 5908">
     <span class='ocr_line' id='line_1_107' title="bbox 296 5838 1903 5908; baseline 0.005 -22"><span class='ocrx_word' id='word_1_764' title='bbox 296 5838 453 5892; x_wconf 87' lang='lat' dir='ltr'><strong>citius</strong></span> <span class='ocrx_word' id='word_1_765' title='bbox 490 5840 732 5908; x_wconf 82' lang='lat' dir='ltr'><strong>pontifex</strong></span> <span class='ocrx_word' id='word_1_766' title='bbox 784 5852 1101 5901; x_wconf 82' lang='lat' dir='ltr'><strong>crearetur,</strong></span> <span class='ocrx_word' id='word_1_767' title='bbox 1155 5854 1248 5908; x_wconf 84' lang='lat' dir='ltr'><strong>per</strong></span> <span class='ocrx_word' id='word_1_768' title='bbox 1300 5838 1539 5895; x_wconf 85' lang='lat' dir='ltr'><strong>fraudem</strong></span> <span class='ocrx_word' id='word_1_769' title='bbox 1592 5855 1655 5894; x_wconf 84' lang='lat' dir='ltr'><strong>ac</strong></span> <span class='ocrx_word' id='word_1_770' title='bbox 1700 5838 1903 5908; x_wconf 90' lang='lat' dir='ltr'><strong>dolum,</strong></span> 
     </span>
    </p>
   </div>
   <div class='ocr_carea' id='block_1_107' title="bbox 298 5907 1905 5979">
    <p class='ocr_par' dir='ltr' id='par_1_107' title="bbox 298 5907 1905 5979">
     <span class='ocr_line' id='line_1_108' title="bbox 298 5907 1905 5979; baseline 0.005 -22"><span class='ocrx_word' id='word_1_771' title='bbox 298 5907 552 5971; x_wconf 73' lang='lat' dir='ltr'><strong>gravibus</strong></span> <span class='ocrx_word' id='word_1_772' title='bbox 598 5910 881 5963; x_wconf 88' lang='lat' dir='ltr'><strong>calumniis</strong></span> <span class='ocrx_word' id='word_1_773' title='bbox 934 5910 989 5962; x_wconf 90' lang='lat' dir='ltr'><strong>in</strong></span> <span class='ocrx_word' id='word_1_774' title='bbox 1043 5907 1355 5962; x_wconf 84' lang='lat' dir='ltr'><strong>Cornelium</strong></span> <span class='ocrx_word' id='word_1_775' title='bbox 1405 5910 1648 5978; x_wconf 86' lang='lat' dir='ltr'><strong>sparsis,</strong></span> <span class='ocrx_word' id='word_1_776' title='bbox 1706 5920 1905 5979; x_wconf 82' lang='lat' dir='ltr'><strong>praeter</strong></span> 
     </span>
    </p>
   </div>
   <div class='ocr_carea' id='block_1_108' title="bbox 2030 4621 3532 4696">
    <p class='ocr_par' dir='ltr' id='par_1_108' title="bbox 2030 4621 3532 4696">
     <span class='ocr_line' id='line_1_109' title="bbox 2030 4621 3532 4696; baseline 0.005 -20"><span class='ocrx_word' id='word_1_777' title='bbox 2030 4622 2339 4696; x_wconf 71' lang='lat' dir='ltr'><strong>pontificem</strong></span> <span class='ocrx_word' id='word_1_778' title='bbox 2372 4621 2673 4696; x_wconf 75' lang='lat' dir='ltr'><strong>Romanum</strong></span> <span class='ocrx_word' id='word_1_779' title='bbox 2700 4624 2931 4678; x_wconf 72' lang='lat' dir='ltr'><strong>electum</strong></span> <span class='ocrx_word' id='word_1_780' title='bbox 2958 4627 3293 4687; x_wconf 77' lang='lat' dir='ltr'><strong>onlinarnnt.</strong></span> <span class='ocrx_word' id='word_1_781' title='bbox 3316 4636 3366 4682; x_wconf 81' lang='lat' dir='ltr'><strong>et</strong></span> <span class='ocrx_word' id='word_1_782' title='bbox 3389 4626 3532 4696; x_wconf 59' lang='grc' dir='ltr'><strong>ρήηυ</strong></span> 
     </span>
    </p>
   </div>
   <div class='ocr_carea' id='block_1_109' title="bbox 2029 4694 3574 4769">
    <p class='ocr_par' dir='ltr' id='par_1_109' title="bbox 2029 4694 3574 4769">
     <span class='ocr_line' id='line_1_110' title="bbox 2029 4694 3574 4769; baseline 0.003 -21"><span class='ocrx_word' id='word_1_783' title='bbox 2029 4694 2267 4769; x_wconf 66' lang='lat' dir='ltr'><strong>schisma</strong></span> <span class='ocrx_word' id='word_1_784' title='bbox 2300 4694 2556 4769; x_wconf 42' lang='lat' dir='ltr'><strong>[hactesite</strong></span> <span class='ocrx_word' id='word_1_785' title='bbox 2584 4695 2843 4769; x_wconf 66' lang='lat' dir='ltr'><strong>Romanae</strong></span> <span class='ocrx_word' id='word_1_786' title='bbox 2860 4697 3183 4753; x_wconf 71' lang='lat' dir='ltr'><strong>eonﬁaan</strong></span> <span class='ocrx_word' id='word_1_787' title='bbox 3200 4700 3301 4755; x_wconf 77' lang='lat' dir='ltr'><strong>Res</strong></span> <span class='ocrx_word' id='word_1_788' title='bbox 3326 4694 3456 4769; x_wconf 72' lang='lat' dir='ltr'><strong>gesti</strong></span> <span class='ocrx_word' id='word_1_789' title='bbox 3474 4694 3574 4769; x_wconf 63' lang='lat' dir='ltr'><strong>des:</strong></span> 
     </span>
    </p>
   </div>
   <div class='ocr_carea' id='block_1_110' title="bbox 2027 4760 3572 4836">
    <p class='ocr_par' dir='ltr' id='par_1_110' title="bbox 2027 4760 3572 4836">
     <span class='ocr_line' id='line_1_111' title="bbox 2027 4760 3572 4836; baseline 0.001 -17"><span class='ocrx_word' id='word_1_790' title='bbox 2027 4767 2254 4819; x_wconf 84' lang='lat' dir='ltr'><strong>crihitur</strong></span> <span class='ocrx_word' id='word_1_791' title='bbox 2276 4764 2592 4836; x_wconf 64' lang='lat' dir='ltr'><strong>aCypriano</strong></span> <span class='ocrx_word' id='word_1_792' title='bbox 2622 4768 2783 4834; x_wconf 83' lang='lat' dir='ltr'><strong>epist.</strong></span> <span class='ocrx_word' id='word_1_793' title='bbox 2820 4784 2941 4824; x_wconf 78' lang='lat' dir='ltr'><strong>xux</strong></span> <span class='ocrx_word' id='word_1_794' title='bbox 2968 4771 3039 4823; x_wconf 68' lang='lat' dir='ltr'><strong>ad</strong></span> <span class='ocrx_word' id='word_1_795' title='bbox 3056 4760 3359 4834; x_wconf 50' lang='lat' dir='ltr'><strong>Cornelium:</strong></span> <span class='ocrx_word' id='word_1_796' title='bbox 3374 4774 3419 4823; x_wconf 77' lang='lat' dir='ltr'><strong>et</strong></span> <span class='ocrx_word' id='word_1_797' title='bbox 3438 4760 3572 4821; x_wconf 72' lang='lat' dir='ltr'><strong>sud</strong></span> 
     </span>
    </p>
   </div>
   <div class='ocr_carea' id='block_1_111' title="bbox 2026 4837 3570 4898">
    <p class='ocr_par' dir='ltr' id='par_1_111' title="bbox 2026 4837 3570 4898">
     <span class='ocr_line' id='line_1_112' title="bbox 2026 4837 3570 4898; baseline 0.001 -9"><span class='ocrx_word' id='word_1_798' title='bbox 2026 4837 2399 4898; x_wconf 77' lang='lat' dir='ltr'><strong>Antoniana-in,</strong></span> <span class='ocrx_word' id='word_1_799' title='bbox 2430 4839 2730 4893; x_wconf 79' lang='lat' dir='ltr'><strong>secundum</strong></span> <span class='ocrx_word' id='word_1_800' title='bbox 2761 4839 3056 4897; x_wconf 84' lang='lat' dir='ltr'><strong>editionem</strong></span> <span class='ocrx_word' id='word_1_801' title='bbox 3102 4842 3300 4898; x_wconf 79' lang='lat' dir='ltr'><strong>Pamel.</strong></span> <span class='ocrx_word' id='word_1_802' title='bbox 3326 4838 3570 4897; x_wconf 59' lang='lat' dir='ltr'><strong>«constt!</strong></span> 
     </span>
    </p>
   </div>
   <div class='ocr_carea' id='block_1_112' title="bbox 2025 4907 3570 4977">
    <p class='ocr_par' dir='ltr' id='par_1_112' title="bbox 2025 4907 3570 4977">
     <span class='ocr_line' id='line_1_113' title="bbox 2025 4907 3570 4977; baseline 0.002 -14"><span class='ocrx_word' id='word_1_803' title='bbox 2025 4923 2090 4963; x_wconf 77' lang='lat' dir='ltr'><strong>ex</strong></span> <span class='ocrx_word' id='word_1_804' title='bbox 2124 4909 2349 4975; x_wconf 80' lang='lat' dir='ltr'><strong>epismla</strong></span> <span class='ocrx_word' id='word_1_805' title='bbox 2380 4907 2619 4964; x_wconf 79' lang='lat' dir='ltr'><strong>Cornelii</strong></span> <span class='ocrx_word' id='word_1_806' title='bbox 2660 4912 2729 4963; x_wconf 85' lang='lat' dir='ltr'><strong>ad</strong></span> <span class='ocrx_word' id='word_1_807' title='bbox 2758 4909 2979 4965; x_wconf 83' lang='lat' dir='ltr'><strong>Fabium</strong></span> <span class='ocrx_word' id='word_1_808' title='bbox 3025 4914 3400 4976; x_wconf 65' lang='lat' dir='ltr'><strong>Antiochenam,</strong></span> <span class='ocrx_word' id='word_1_809' title='bbox 3442 4912 3570 4977; x_wconf 59' lang='lat' dir='ltr'><strong>qui.</strong></span> 
     </span>
    </p>
   </div>
   <div class='ocr_carea' id='block_1_113' title="bbox 2031 4980 3573 5049">
    <p class='ocr_par' dir='ltr' id='par_1_113' title="bbox 2031 4980 3573 5049">
     <span class='ocr_line' id='line_1_114' title="bbox 2031 4980 3573 5049; baseline 0.001 -15"><span class='ocrx_word' id='word_1_810' title='bbox 2031 4995 2096 5034; x_wconf 84' lang='lat' dir='ltr'><strong>ex</strong></span> <span class='ocrx_word' id='word_1_811' title='bbox 2126 4980 2357 5034; x_wconf 83' lang='lat' dir='ltr'><strong>Eusebio</strong></span> <span class='ocrx_word' id='word_1_812' title='bbox 2392 4981 2788 5049; x_wconf 76' lang='lat' dir='ltr'><strong>nttticprirnnm</strong></span> <span class='ocrx_word' id='word_1_813' title='bbox 2837 4983 2891 5037; x_wconf 92' lang='lat' dir='ltr'><strong>in</strong></span> <span class='ocrx_word' id='word_1_814' title='bbox 2936 4983 3041 5039; x_wconf 89' lang='lat' dir='ltr'><strong>hoc</strong></span> <span class='ocrx_word' id='word_1_815' title='bbox 3090 4995 3235 5041; x_wconf 80' lang='lat' dir='ltr'><strong>tonio</strong></span> <span class='ocrx_word' id='word_1_816' title='bbox 3280 4980 3573 5039; x_wconf 51' lang='lat' dir='ltr'><strong>conciliant</strong></span> 
     </span>
    </p>
   </div>
   <div class='ocr_carea' id='block_1_114' title="bbox 2024 5050 3583 5123">
    <p class='ocr_par' dir='ltr' id='par_1_114' title="bbox 2024 5050 3583 5123">
     <span class='ocr_line' id='line_1_115' title="bbox 2024 5050 3583 5123; baseline 0.005 -20"><span class='ocrx_word' id='word_1_817' title='bbox 2024 5050 2257 5123; x_wconf 83' lang='lat' dir='ltr'><strong>imprimi</strong></span> <span class='ocrx_word' id='word_1_818' title='bbox 2288 5052 2615 5107; x_wconf 80' lang='lat' dir='ltr'><strong>curavimus.</strong></span> <span class='ocrx_word' id='word_1_819' title='bbox 2676 5054 2869 5108; x_wconf 80' lang='lat' dir='ltr'><strong>Barou.</strong></span> <span class='ocrx_word' id='word_1_820' title='bbox 2911 5056 3173 5123; x_wconf 73' lang='lat' dir='ltr'><strong>praedicto</strong></span> <span class='ocrx_word' id='word_1_821' title='bbox 3216 5069 3361 5114; x_wconf 67' lang='lat' dir='ltr'><strong>anno</strong></span> <span class='ocrx_word' id='word_1_822' title='bbox 3396 5054 3583 5106; x_wconf 60' lang='lat' dir='ltr'><strong>nm</strong></span> 
     </span>
    </p>
   </div>
   <div class='ocr_carea' id='block_1_115' title="bbox 2024 5121 2971 5190">
    <p class='ocr_par' dir='ltr' id='par_1_115' title="bbox 2024 5121 2971 5190">
     <span class='ocr_line' id='line_1_116' title="bbox 2024 5121 2971 5190; baseline 0.003 -13"><span class='ocrx_word' id='word_1_823' title='bbox 2024 5121 2094 5177; x_wconf 77' lang='lat'><strong>65</strong></span> <span class='ocrx_word' id='word_1_824' title='bbox 2121 5133 2173 5175; x_wconf 72' lang='grc' dir='ltr'><strong>«ιι</strong></span> <span class='ocrx_word' id='word_1_825' title='bbox 2206 5124 2574 5190; x_wconf 60' lang='grc' dir='ltr'><strong>δειιυθηιίὴυε.</strong></span> <span class='ocrx_word' id='word_1_826' title='bbox 2619 5124 2819 5180; x_wconf 72' lang='lat' dir='ltr'><strong>Seven.</strong></span> <span class='ocrx_word' id='word_1_827' title='bbox 2854 5121 2971 5181; x_wconf 74' lang='lat' dir='ltr'><strong>But.</strong></span> 
     </span>
    </p>
   </div>
   <div class='ocr_carea' id='block_1_116' title="bbox 2099 5190 3587 5269">
    <p class='ocr_par' dir='ltr' id='par_1_116' title="bbox 2099 5190 3587 5269">
     <span class='ocr_line' id='line_1_117' title="bbox 2099 5190 3587 5269; baseline 0.006 -21"><span class='ocrx_word' id='word_1_828' title='bbox 2099 5194 2300 5269; x_wconf 69' lang='lat' dir='ltr'><strong>Multos</strong></span> <span class='ocrx_word' id='word_1_829' title='bbox 2358 5210 2388 5247; x_wconf 82' lang='lat' dir='ltr'><strong>tt</strong></span> <span class='ocrx_word' id='word_1_830' title='bbox 2430 5206 2570 5249; x_wconf 79' lang='lat' dir='ltr'><strong>recto</strong></span> <span class='ocrx_word' id='word_1_831' title='bbox 2616 5198 2720 5269; x_wconf 72' lang='lat' dir='ltr'><strong>ﬁde</strong></span> <span class='ocrx_word' id='word_1_832' title='bbox 2775 5199 3013 5254; x_wconf 75' lang='lat' dir='ltr'><strong>recedere</strong></span> <span class='ocrx_word' id='word_1_833' title='bbox 3063 5190 3587 5269; x_wconf 36' lang='lat' dir='ltr'><strong>[eccm-HW</strong></span> 
     </span>
    </p>
   </div>
   <div class='ocr_carea' id='block_1_117' title="bbox 2021 5259 3580 5335">
    <p class='ocr_par' dir='ltr' id='par_1_117' title="bbox 2021 5259 3580 5335">
     <span class='ocr_line' id='line_1_118' title="bbox 2021 5259 3580 5335; baseline 0.007 -18"><span class='ocrx_word' id='word_1_834' title='bbox 2021 5265 2247 5321; x_wconf 80' lang='lat' dir='ltr'><strong>clericos</strong></span> <span class='ocrx_word' id='word_1_835' title='bbox 2293 5268 2344 5320; x_wconf 82' lang='lat' dir='ltr'><strong>in</strong></span> <span class='ocrx_word' id='word_1_836' title='bbox 2396 5282 2584 5321; x_wconf 79' lang='lat' dir='ltr'><strong>errore</strong></span> <span class='ocrx_word' id='word_1_837' title='bbox 2612 5259 2790 5322; x_wconf 76' lang='lat' dir='ltr'><strong>adhuc</strong></span> <span class='ocrx_word' id='word_1_838' title='bbox 2818 5259 3074 5327; x_wconf 67' lang='lat' dir='ltr'><strong>detentus</strong></span> <span class='ocrx_word' id='word_1_839' title='bbox 3104 5270 3299 5335; x_wconf 69' lang='lat' dir='ltr'><strong>hosce.</strong></span> <span class='ocrx_word' id='word_1_840' title='bbox 3328 5259 3580 5335; x_wconf 57' lang='grc' dir='ltr'><strong>⁵³1ίέηῇ</strong></span> 
     </span>
    </p>
   </div>
   <div class='ocr_carea' id='block_1_118' title="bbox 2021 5328 3580 5404">
    <p class='ocr_par' dir='ltr' id='par_1_118' title="bbox 2021 5328 3580 5404">
     <span class='ocr_line' id='line_1_119' title="bbox 2021 5328 3580 5404; baseline 0.004 -13"><span class='ocrx_word' id='word_1_841' title='bbox 2021 5336 2412 5401; x_wconf 79' lang='lat' dir='ltr'><strong>Nicostratum,</strong></span> <span class='ocrx_word' id='word_1_842' title='bbox 2461 5338 2762 5404; x_wconf 80' lang='lat' dir='ltr'><strong>Urbanum,</strong></span> <span class='ocrx_word' id='word_1_843' title='bbox 2794 5340 3100 5404; x_wconf 73' lang='lat' dir='ltr'><strong>Sidonium,</strong></span> <span class='ocrx_word' id='word_1_844' title='bbox 3136 5328 3433 5400; x_wconf 51' lang='lat' dir='ltr'><strong>laet-Hm.</strong></span> <span class='ocrx_word' id='word_1_845' title='bbox 3458 5328 3580 5404; x_wconf 64' lang='lat'><strong>9&quot;?“</strong></span> 
     </span>
    </p>
   </div>
   <div class='ocr_carea' id='block_1_119' title="bbox 2018 5392 3575 5487">
    <p class='ocr_par' dir='ltr' id='par_1_119' title="bbox 2018 5392 3575 5487">
     <span class='ocr_line' id='line_1_120' title="bbox 2018 5392 3575 5487; baseline 0.001 -24"><span class='ocrx_word' id='word_1_846' title='bbox 2018 5411 2223 5473; x_wconf 86' lang='lat' dir='ltr'><strong>rinum,</strong></span> <span class='ocrx_word' id='word_1_847' title='bbox 2274 5417 2329 5463; x_wconf 78' lang='lat' dir='ltr'><strong>et</strong></span> <span class='ocrx_word' id='word_1_848' title='bbox 2367 5392 2502 5487; x_wconf 80' lang='lat' dir='ltr'><strong>alios</strong></span> <span class='ocrx_word' id='word_1_849' title='bbox 2533 5392 2559 5476; x_wconf 17' lang='grc' dir='ltr'><strong>,ν</strong></span> <span class='ocrx_word' id='word_1_850' title='bbox 2584 5392 3273 5487; x_wconf 43' lang='lat' dir='ltr'><strong>“nomine</strong></span> <span class='ocrx_word' id='word_1_851' title='bbox 3296 5392 3575 5487; x_wconf 23' lang='lat'><strong>9509.71.07.13</strong></span> 
     </span>
    </p>
   </div>
   <div class='ocr_carea' id='block_1_120' title="bbox 2018 5474 3564 5557">
    <p class='ocr_par' dir='ltr' id='par_1_120' title="bbox 2018 5474 3564 5557">
     <span class='ocr_line' id='line_1_121' title="bbox 2018 5474 3564 5557; baseline 0.006 -22"><span class='ocrx_word' id='word_1_852' title='bbox 2018 5494 2172 5535; x_wconf 86' lang='lat' dir='ltr'><strong>suam</strong></span> <span class='ocrx_word' id='word_1_853' title='bbox 2204 5474 2541 5557; x_wconf 70' lang='lat' dir='ltr'><strong>sententiam</strong></span> <span class='ocrx_word' id='word_1_854' title='bbox 2577 5498 2672 5551; x_wconf 83' lang='lat' dir='ltr'><strong>per</strong></span> <span class='ocrx_word' id='word_1_855' title='bbox 2703 5483 2859 5557; x_wconf 82' lang='lat' dir='ltr'><strong>dolos</strong></span> <span class='ocrx_word' id='word_1_856' title='bbox 2908 5474 2971 5557; x_wconf 69' lang='lat' dir='ltr'><strong>ac</strong></span> <span class='ocrx_word' id='word_1_857' title='bbox 2996 5474 3215 5541; x_wconf 69' lang='lat' dir='ltr'><strong>frandes</strong></span> <span class='ocrx_word' id='word_1_858' title='bbox 3258 5474 3564 5557; x_wconf 55' lang='lat' dir='ltr'><strong>Nam</strong></span> 
     </span>
    </p>
   </div>
   <div class='ocr_carea' id='block_1_121' title="bbox 2018 5553 3298 5622">
    <p class='ocr_par' dir='ltr' id='par_1_121' title="bbox 2018 5553 3298 5622">
     <span class='ocr_line' id='line_1_122' title="bbox 2018 5553 3298 5622; baseline 0.006 -16"><span class='ocrx_word' id='word_1_859' title='bbox 2018 5561 2076 5606; x_wconf 91' lang='lat' dir='ltr'><strong>ut</strong></span> <span class='ocrx_word' id='word_1_860' title='bbox 2104 5563 2250 5615; x_wconf 77' lang='lat' dir='ltr'><strong>patet</strong></span> <span class='ocrx_word' id='word_1_861' title='bbox 2276 5568 2343 5607; x_wconf 84' lang='lat' dir='ltr'><strong>ex</strong></span> <span class='ocrx_word' id='word_1_862' title='bbox 2373 5553 2626 5619; x_wconf 70' lang='lat' dir='ltr'><strong>praedicta</strong></span> <span class='ocrx_word' id='word_1_863' title='bbox 2656 5556 2908 5622; x_wconf 85' lang='lat' dir='ltr'><strong>epistola.</strong></span> <span class='ocrx_word' id='word_1_864' title='bbox 2950 5556 3132 5613; x_wconf 65' lang='lat' dir='ltr'><strong>Seven</strong></span> <span class='ocrx_word' id='word_1_865' title='bbox 3181 5553 3298 5615; x_wconf 68' lang='lat' dir='ltr'><strong>But.</strong></span> 
     </span>
    </p>
   </div>
   <div class='ocr_carea' id='block_1_122' title="bbox 2090 5614 3559 5697">
    <p class='ocr_par' dir='ltr' id='par_1_122' title="bbox 2090 5614 3559 5697">
     <span class='ocr_line' id='line_1_123' title="bbox 2090 5614 3559 5697; baseline 0.01 -22"><span class='ocrx_word' id='word_1_866' title='bbox 2090 5614 2464 5697; x_wconf 56' lang='lat' dir='ltr'><strong>Nicostratum.</strong></span> <span class='ocrx_word' id='word_1_867' title='bbox 2504 5624 2579 5681; x_wconf 84' lang='lat' dir='ltr'><strong>De</strong></span> <span class='ocrx_word' id='word_1_868' title='bbox 2609 5614 2856 5697; x_wconf 76' lang='lat' dir='ltr'><strong>eoCypr.</strong></span> <span class='ocrx_word' id='word_1_869' title='bbox 2882 5627 2983 5694; x_wconf 80' lang='lat' dir='ltr'><strong>Ep.</strong></span> <span class='ocrx_word' id='word_1_870' title='bbox 3014 5643 3176 5685; x_wconf 70' lang='lat' dir='ltr'><strong>XI.th</strong></span> <span class='ocrx_word' id='word_1_871' title='bbox 3201 5639 3253 5686; x_wconf 81' lang='lat' dir='ltr'><strong>et</strong></span> 
     </span>
    </p>
   </div>
   <div class='ocr_carea' id='block_1_123' title="bbox 2090 5695 3231 5771">
    <p class='ocr_par' dir='ltr' id='par_1_123' title="bbox 2090 5695 3231 5771">
     <span class='ocr_line' id='line_1_124' title="bbox 2090 5695 3231 5771; baseline 0.009 -24"><span class='ocrx_word' id='word_1_872' title='bbox 2090 5695 2223 5771; x_wconf 80' lang='lat' dir='ltr'><strong>Quia</strong></span> <span class='ocrx_word' id='word_1_873' title='bbox 2236 5712 2563 5771; x_wconf 78' lang='lat' dir='ltr'><strong>nequemors.</strong></span> <span class='ocrx_word' id='word_1_874' title='bbox 2582 5695 3075 5771; x_wconf 24' lang='lat' dir='ltr'><strong>ﬂxcet’sequentia</strong></span> <span class='ocrx_word' id='word_1_875' title='bbox 3088 5712 3231 5771; x_wconf 61' lang='grc' dir='ltr'><strong>εει).</strong></span> 
     </span>
    </p>
   </div>
   <div class='ocr_carea' id='block_1_124' title="bbox 2014 5768 3146 5837">
    <p class='ocr_par' dir='ltr' id='par_1_124' title="bbox 2014 5768 3146 5837">
     <span class='ocr_line' id='line_1_125' title="bbox 2014 5768 3146 5837; baseline 0.005 -15"><span class='ocrx_word' id='word_1_876' title='bbox 2014 5775 2163 5837; x_wconf 71' lang='lat' dir='ltr'><strong>cator</strong></span> <span class='ocrx_word' id='word_1_877' title='bbox 2193 5768 2244 5819; x_wconf 91' lang='lat' dir='ltr'><strong>in</strong></span> <span class='ocrx_word' id='word_1_878' title='bbox 2276 5769 2438 5822; x_wconf 86' lang='lat' dir='ltr'><strong>variis</strong></span> <span class='ocrx_word' id='word_1_879' title='bbox 2458 5768 2768 5837; x_wconf 79' lang='lat' dir='ltr'><strong>pontiﬁcum</strong></span> <span class='ocrx_word' id='word_1_880' title='bbox 2802 5785 3146 5828; x_wconf 86' lang='lat' dir='ltr'><strong>romanorum</strong></span> 
     </span>
    </p>
   </div>
   <div class='ocr_carea' id='block_1_125' title="bbox 2088 5835 3047 5912">
    <p class='ocr_par' dir='ltr' id='par_1_125' title="bbox 2088 5835 3047 5912">
     <span class='ocr_line' id='line_1_126' title="bbox 2088 5835 3047 5912; baseline 0.007 -22"><span class='ocrx_word' id='word_1_881' title='bbox 2088 5835 2331 5912; x_wconf 68' lang='lat' dir='ltr'><strong>Decio.___A</strong></span> <span class='ocrx_word' id='word_1_882' title='bbox 2342 5835 2587 5912; x_wconf 56' lang='lat' dir='ltr'><strong>nnojlio</strong></span> <span class='ocrx_word' id='word_1_883' title='bbox 2613 5848 2708 5897; x_wconf 70' lang='lat' dir='ltr'><strong>aut</strong></span> <span class='ocrx_word' id='word_1_884' title='bbox 2724 5856 2841 5912; x_wconf 75' lang='lat' dir='ltr'><strong>seq.</strong></span> <span class='ocrx_word' id='word_1_885' title='bbox 2881 5841 3047 5899; x_wconf 72' lang='lat' dir='ltr'><strong>Lm.</strong></span> 
     </span>
    </p>
   </div>
   <div class='ocr_carea' id='block_1_126' title="bbox 2085 5901 3483 5975">
    <p class='ocr_par' dir='ltr' id='par_1_126' title="bbox 2085 5901 3483 5975">
     <span class='ocr_line' id='line_1_127' title="bbox 2085 5901 3483 5975; baseline 0.011 -14"><span class='ocrx_word' id='word_1_886' title='bbox 2085 5906 2408 5967; x_wconf 79' lang='lat' dir='ltr'><strong>Consulibus.</strong></span> <span class='ocrx_word' id='word_1_887' title='bbox 2441 5910 2559 5968; x_wconf 91' lang='lat' dir='ltr'><strong>Non</strong></span> <span class='ocrx_word' id='word_1_888' title='bbox 2598 5920 2723 5970; x_wconf 81' lang='lat' dir='ltr'><strong>sunt</strong></span> <span class='ocrx_word' id='word_1_889' title='bbox 2748 5901 2981 5973; x_wconf 64' lang='lat' dir='ltr'><strong>its&#39;lastis</strong></span> <span class='ocrx_word' id='word_1_890' title='bbox 2996 5913 3055 5973; x_wconf 77' lang='lat' dir='ltr'><strong>hi</strong></span> <span class='ocrx_word' id='word_1_891' title='bbox 3077 5911 3322 5975; x_wconf 64' lang='lat' dir='ltr'><strong>metu.</strong></span> <span class='ocrx_word' id='word_1_892' title='bbox 3348 5901 3483 5965; x_wconf 56' lang='grc' dir='ltr'>ω</span> 
     </span>
    </p>
   </div>
  </div>
