3782 6280
192 420 273 489 sis
780 358 785 361 ⁸
1390 396 2114 490 ΑΡΡΕΝυιΧεεεουΝυΑ.

685 532 1013 597 EPISTOLA
1044 530 1107 593 ll.

369 736 428 777 AD
454 726 619 775 BUI‘UI
650 722 675 754 ⁸
701 730 1061 774 ςοεριεοονυκ
1090 728 1453 773 οιιιιεκτλιεη.

180 906 499 965 multarunt.
526 928 593 942 --
622 899 709 955 Ne
753 899 1037 955 sacerdotes
1069 899 1315 967 Domini,
1350 898 1482 954 sicut
1510 897 1694 970 vulgus

237 1002 335 1056 solet
375 998 537 1068 facere,
581 1004 894 1067 praesumant
936 997 1122 1067 jurare
1163 995 1246 1049 uel
1295 993 1690 1069 compellantur.

239 1093 279 1148 l.
305 1091 354 1148 Si
381 1098 734 1147 sacramentum
759 1089 822 1145 ab
852 1090 1104 1161 episcopis
1147 1088 1260 1157 ﬁeri
1305 1088 1500 1143 debeat.
1530 1088 1586 1143 2.
1617 1087 1696 1143 De

231 1183 360 1238 ustis
376 1183 737 1253 episcoporum,
769 1191 816 1235 et
842 1188 895 1237 ut
922 1180 1171 1253 quidquid
1193 1180 1435 1236 adversus
1463 1179 1694 1236 absentes

221 1277 371 1348 agitur,
396 1290 604 1332 uacuum
630 1276 902 1332 habeatur.

168 1492 391 1538 CORNELIUS
427 1492 704 1538 EPISCOPUS
746 1494 887 1537 auro
910 1477 940 1519 ι»
972 1496 1292 1539 COEPtSCOPO
1335 1493 1357 1522 ο
1400 1498 1452 1537 IN
1494 1493 1692 1538 noutuo

755 1588 1026 1631 SALUTEM.

210 1728 348 1801 Erigit
366 1728 582 1786 dilectio
607 1737 719 1793 tua,
746 1727 916 1784 frater
941 1728 1293 1817 charissima,
1325 1737 1383 1785 ut
1411 1743 1477 1786 ex
1505 1738 1693 1785 aucto—

158 1822 270 1878 ritate
310 1821 452 1879 Sedis
502 1823 823 1894 apostolica
872 1822 978 1879 tuis
1031 1822 1357 1879 deberemus
1427 1820 1691 1879 consulti-

3296 423 3404 480 846

1720 536 1774 599 Α
1800 533 2083 605 prohibet,
2118 532 2172 590 id
2200 541 2304 602 est,
2356 548 2461 589 non
2493 498 2695 591 debere
2737 535 2942 608 jurare.
2987 535 3116 592 Ηυρο
3158 504 3405 607 Apostoli

1801 630 2031 684 maxime
2061 640 2268 695 omnes,
2295 627 2411 684 haec
2432 629 2601 684 sancti
2626 628 2725 683 viri
2751 626 3176 699 praedecessores
3204 632 3399 701 nostri,

1743 762 1753 769 .
1798 720 1889 789 qui
1921 718 2048 775 huic
2071 728 2272 775 sancta:
2305 719 2594 776 universali
2631 720 2939 791 apostolica:
2982 719 3237 779 Ecclesiae
3262 739 3404 794 pra:-

1798 810 2015 868 l‘uerunt
2058 822 2183 867 ante
2234 828 2365 880 nos,
2420 814 2539 869 lucc
2584 812 2869 885 Propheta:
2901 824 2956 869 et
2985 814 3175 886 reliqui
3232 817 3404 872 sancti

1799 902 2081 970 doctores,
2114 922 2230 976 per
2257 905 2565 960 universum
2604 906 2861 960 mundum
2892 906 3120 978 dispersi
3165 907 3233 963 ad
3264 924 3402 979 pra:—

1798 993 2123 1063 dicandum,
2177 995 2484 1067 juramenta
2538 997 2655 1052 ﬁeri
2720 1006 2923 1052 vetant.
3002 996 3241 1066 Quorum
3300 1016 3400 1055 nos

1802 1088 2048 1158 exempla
2075 1087 2095 1125 τ
2127 1088 2173 1144 si
2203 1091 2527 1160 coeperimus
2553 1106 2890 1157 enumerare.
2925 1102 3017 1146 aut
3041 1092 3092 1146 in
3142 1092 3396 1149 sebedula

1798 1177 1902 1235 hac
1929 1180 2169 1236 inserere
2191 1223 2205 1248 ,
2255 1191 2381 1237 ante
2430 1181 2645 1237 deﬁciet
2678 1181 2808 1236 hora
2850 1182 2990 1250 diei,
3023 1201 3181 1256 quam
3209 1201 3399 1242 eorum

1797 1275 2045 1345 exempla
2077 1274 2145 1330 de
2176 1273 2278 1330 hac
2305 1291 2465 1330 causa
2498 1273 2783 1347 prohibita.
2808 1275 2939 1345 Qure
2972 1292 3068 1332 nos
3090 1289 3398 1348 sequentes,

1798 1376 2106 1422 sanctorum
2129 1367 2535 1465 Apostolorum,
2559 1384 2856 1440 eorumque
2886 1384 3256 1426 successorum
3277 1373 3399 1443 jura

1797 1457 2114 1527 ﬁrmamus,
2155 1457 2210 1515 e't
2244 1471 2582 1516 sacramenta
2613 1462 2825 1517 incauta
2877 1461 2992 1517 ﬁeri
3032 1461 3401 1533 prohibemus.

1796 1548 1953 1606 Unde
1996 1562 2051 1606 et
2119 1553 2237 1625 ipse
2296 1553 2556 1609 Dominus
2604 1553 2657 1608 in
2716 1553 2910 1610 tabulis
2951 1554 3211 1624 lapideis,
3271 1571 3405 1625 quas

1795 1642 1931 1700 Mosi
1958 1642 2143 1711 dedit,
2173 1645 2388 1716 propria
2422 1662 2581 1701 manu
2621 1645 2865 1717 scripsit,
2896 1645 3084 1702 dicens
3113 1662 3126 1698 :
3170 1645 3300 1702 Vide
3340 1666 3406 1704 ne

1796 1752 2030 1793 assumas
2056 1754 2239 1793 nomen
2269 1738 2479 1793 Domini
2510 1738 2586 1793 tui
2608 1738 2661 1793 in
2685 1755 2873 1794 vanum
2896 1756 2915 1794 :
2946 1738 3146 1814 (Exod.
3179 1742 3300 1811 xx).
3331 1736 3404 1796 Et

1798 1831 2026 1902 reliqua.
2060 1831 2170 1887 Nos
2192 1844 2398 1901 autem,
2426 1841 2482 1886 ut
2503 1833 2662 1904 paulo
2700 1834 2952 1903 superius
2974 1832 3398 1904 praelibavimus,

158 1914 226 1971 bit!
242 1918 563 1989 respondere.
581 1916 888 1986 Quodlicet
906 1931 1011 1971 non
1036 1918 1269 1990 prolixe,
1293 1916 1390 1973 sed
1413 1916 1691 1973 succincte
1718 1938 1767 2000 Β
1795 1933 2197 1980 sacramentum
2256 1934 2281 1972 ε
2333 1925 2601 1995 episcopis
2648 1926 2920 1981 nescimus
2973 1925 3250 1990 oblatum,
3303 1940 3405 1980 nec

158 2008 660 2078 agentestinaremus,
702 2019 923 2082 propter
940 2009 1198 2082 quasdam
1223 2010 1679 2081 importunitates,

158 2114 239 2169 qua
255 2104 427 2159 nostris
451 2103 912 2176 praegredientibus
942 2104 1177 2175 peccatis
1197 2146 1212 2173 ,
1265 2104 1318 2158 in
1349 2118 1449 2159 nos
1493 2118 1683 2173 super-

157 2208 322 2263 venere,
374 2199 473 2252 tuis
501 2209 681 2252 tamen
708 2212 806 2267 per
854 2196 1064 2268 reliqua
1105 2204 1415 2253 sanctorum
1462 2195 1681 2251 Patrum

154 2284 336 2343 instituta
361 2288 551 2345 studiis
573 2292 890 2362 perquirere
913 2290 1074 2346 latius
1099 2298 1155 2359 et
1209 2290 1535 2357 investigare
1557 2304 1681 2359 pero

153 2381 371 2437 mittimus.
397 2380 513 2439 Non
547 2383 693 2439 enim
722 2391 901 2454 potest
930 2398 1087 2439 mens
1113 2381 1317 2447 attrita,
1345 2389 1401 2436 et
1427 2381 1683 2437 oneribus

154 2482 272 2541 atque
291 2475 768 2546 importunitatibus
804 2488 1062 2548 gravata,
1111 2485 1318 2532 tantum
1347 2474 1474 2529 boui
1528 2489 1683 2545 pera-

154 2579 273 2633 gere,
306 2579 542 2640 quantum
575 2570 841 2626 delectata
892 2581 947 2627 et
992 2569 1436 2641 oppressionibus
1480 2568 1677 2623 soluta.

153 2654 242 2711 Non
263 2674 367 2731 ergo
388 2662 483 2718 ista
513 2662 584 2718 ob
610 2661 664 2717 id
691 2660 1050 2734 praatullmus,
1098 2670 1157 2718 ut
1184 2661 1302 2717 haec
1323 2670 1379 2717 et
1405 2659 1528 2725 alia,
1561 2674 1681 2731 quae

157 2757 393 2811 necesstria
427 2755 541 2813 fore
588 2758 1037 2828 cognoverimus,
1091 2764 1196 2811 tua:
1236 2753 1513 2810 sanctitati
1550 2754 1683 2809 veli-

163 2855 259 2899 mus
275 2845 527 2918 deamat-cz
561 2849 660 2906 sed
689 2850 833 2921 quod
866 2849 953 2907 hic
977 2848 1156 2906 minus
1182 2847 1485 2915 invenitur,
1520 2847 1683 2904 latius

160 2941 445 3009 perquirunt.
1460 2945 1473 2960 ⁸

205 3030 240 3086 lo
277 3032 652 3094 Boot-amentum
710 3042 891 3094 autem
921 3036 1183 3093 hactenus
1236 3032 1266 3091 α
1320 3037 1548 3090 summis
1597 3046 1683 3090 sa-

150 3129 390 3189 cerdotibus
438 3135 523 3189 vel
577 3131 676 3188 Dei
708 3128 740 3169 ⁸
778 3131 1044 3187 ministris
1081 3128 1247 3201 exigi,
1279 3128 1383 3183 nisi
1430 3140 1528 3198 pro
1575 3125 1685 3181 ﬁde

149 3235 281 3294 recta,
312 3229 525 3283 minime
566 3225 955 3297 cognovimus,
1002 3238 1102 3279 nec
1147 3231 1170 3258 θ
1225 3229 1555 3293 spontaneos
1598 3218 1684 3288 ju-

1797 2031 2053 2087 ttmquam
2083 2016 2198 2071 ﬁeri
2222 2015 2384 2071 debet
2414 2035 2427 2068 :
2460 2017 2742 2087 quoniam,
2775 2027 2832 2071 ut
2857 2032 3019 2087 supra
3050 2023 3404 2071 memoratum

1787 2117 1894 2177 est,
1948 2119 2280 2181 prmceptum
2328 2118 2413 2165 est
2439 2125 2468 2163 a
2493 2108 2723 2164 Domino
2750 2126 2854 2163 non
2873 2108 3193 2180 jurandum,
3245 2124 3408 2180 neque

1793 2218 1885 2272 per
1911 2202 2095 2256 caelum
2115 2245 2128 2264 ,
2174 2202 2298 2273 quia
2347 2201 2563 2255 thronus
2590 2200 2688 2255 Dei
2711 2211 2786 2256 est
2814 2218 2833 2255 :
2865 2218 3027 2273 neque
3054 2218 3145 2274 per
3169 2210 3363 2256 terram
3381 2241 3400 2268 ,

1787 2294 1911 2363 quia
1933 2293 2211 2348 scabellum
2239 2301 2313 2348 est
2341 2292 2529 2363 pedum
2554 2294 2665 2364 ejus
2692 2310 2711 2347 :
2739 2309 2901 2364 neque
2926 2309 3015 2363 per
3045 2301 3198 2362 caput
3220 2309 3403 2359 suum,

1783 2389 1905 2459 quia
1932 2388 2108 2443 nullus
2139 2397 2303 2457 potest
2345 2404 2503 2442 unum
2544 2387 2797 2458 capillum
2843 2402 3018 2441 creare
3070 2385 3090 2461 (
3120 2385 3311 2441 Matth.
3342 2403 3397 2452 v;

1791 2479 1978 2535 Jacob.
2013 2481 2098 2553 v).
2129 2480 2516 2552 Unusquisque
2545 2480 2690 2535 enim
2720 2480 2860 2535 sicut
2888 2491 3013 2537 ante
3042 2480 3210 2537 altare
3230 2493 3402 2549 stans,

1787 2572 1886 2628 Dei
1916 2573 2166 2628 timorem
2212 2572 2374 2628 habet
2409 2588 2517 2641 prae
2571 2572 2782 2640 oculis,
2829 2581 2884 2627 et
2936 2574 3206 2643 propriam
3264 2591 3398 2630 con-

1787 2666 2342 2721 scientiammundam
2372 2674 2552 2721 servat
2586 2665 2728 2733 Deo,
2765 2664 2907 2736 quod
2939 2665 2993 2721 in
3024 2668 3283 2722 memoria
3312 2682 3398 2723 rc-

1788 2759 1956 2826 tinet,
2014 2758 2323 2813 nullatenus
2357 2757 2521 2813 habet
2567 2757 2966 2824 intermittere,
3014 2759 3300 2828 quoniam,
3336 2775 3393 2814 os

1792 2850 1929 2923 quod
1960 2851 2221 2917 ntentitur,
2271 2851 2457 2904 occidit
2496 2850 2726 2903 animam
2773 2848 2927 2922 (Sap.
2958 2850 3020 2920 ι).
3066 2849 3133 2904 Et
3164 2853 3394 2920 Aposto-

1786 2945 1872 3001 lus
1898 2945 2006 2999 ait:
2034 2942 2329 3015 Loquimini
2357 2943 2617 2998 veritatem
2647 2941 2995 3010 unusquisque
3013 2959 3129 2995 cum
3159 2944 3394 3014 proximo

1790 3052 1918 3103 suo,
1967 3037 2209 3108 quoniam
2258 3053 2435 3090 sumus
2485 3035 2699 3089 invicem
2748 3033 2975 3087 membra
3023 3031 3242 3107 (Ephes.
3298 3031 3397 3107 tv).

1792 3127 1861 3184 Et
1887 3128 2014 3183 alibi
2048 3143 2060 3180 :
2094 3125 2274 3182 Nolite
2298 3127 2499 3181 mentiri
2518 3124 2973 3198 invicem(Caloss.
3006 3124 3110 3198 nt).

1864 3222 2133 3278 lla-csum
2174 3233 2445 3291 praecepta
2483 3220 2802 3289 Salvatoris,
2832 3219 2951 3276 haec
2975 3220 3396 3291 Prophetarum,

146 3334 259 3377 rasse
298 3323 605 3395 reperimus.
655 3320 1012 3388 SummOpere
1062 3330 1193 3386 ergo
1246 3321 1467 3371 sanctus
1518 3311 1683 3366 Jaco-
1713 3335 1760 3399 C
1793 3316 1912 3372 haec
1960 3326 2272 3372 sanctorum
2319 3316 2541 3371 Patrum
2582 3316 2845 3370 instituta.
2898 3315 3033 3382 Quir.
3087 3316 3133 3370 si
3185 3317 3307 3386 quis
3345 3316 3403 3371 in

145 3410 221 3469 bus
252 3419 501 3488 apostolus
564 3414 862 3487 prohibens
926 3417 1362 3474 sacramentum,
1411 3405 1687 3475 loquitur,

142 3505 281 3567 dicens
326 3531 339 3569 :
378 3514 509 3568 Ante
561 3510 766 3576 omnia,
834 3510 1020 3579 fratres
1076 3503 1208 3571 mei,
1261 3500 1419 3556 nolite
1468 3499 1688 3569 jurare,

143 3613 260 3669 ηεσκε
292 3624 372 3675 per
422 3606 634 3672 etclam,
689 3617 848 3671 neque
899 3615 990 3671 per
1050 3606 1271 3663 terram,
1328 3607 1489 3663 neque
1543 3589 1691 3644 aliud

136 3696 426 3768 qudcumque
478 3699 853 3769 jurantentunt.
907 3693 990 3746 Sit
1052 3699 1222 3744 autem
1276 3702 1438 3742 sermo
1483 3692 1645 3740 uester
1674 3725 1687 3750 ,

138 3794 220 3856 ια,
257 3802 340 3858 ut,
379 3790 527 3858 Non,
576 3796 809 3844 nonut
858 3802 962 3840 non
1017 3784 1113 3840 sub
1152 3782 1413 3854 judicium
1474 3777 1688 3833 decida-

137 3877 183 3930 tis
226 3874 433 3951 (Iacob.
468 3883 561 3953 v).
622 3881 692 3937 Et
716 3880 972 3935 Dominus
1000 3878 1057 3931 in
1090 3874 1425 3946 Evangelia:
1456 3871 1690 3927 Audistis

136 3971 224 4038 quia
244 3976 420 4033 dictant
458 3986 530 4033 est
557 3975 784 4045 antiquis
808 3988 825 4029 :
854 3971 973 4027 Non
999 3970 1285 4045 peierabis,
1304 3967 1487 4031 reddes
1517 3978 1688 4023 autem

136 4059 306 4123 Domino
329 4073 623 4138 iuramenta
658 4076 772 4123 tua.
811 4063 926 4136 Ego
957 4073 1127 4118 autem
1158 4064 1275 4117 dico
1299 4061 1438 4115 vobis
1468 4076 1569 4114 non
1587 4061 1686 4131 ju-

135 4167 222 4211 rarc
239 4164 451 4226 omnino,
488 4176 648 4232 neque
676 4175 767 4230 per
792 4160 1009 4222 calatis,
1034 4156 1157 4226 quia
1182 4155 1397 4209 thronus
1426 4151 1524 4205 Dei
1560 4161 1637 4205 est
1668 4166 1689 4205 :

136 4261 256 4318 neque
278 4272 359 4324 per
400 4264 621 4319 terram,
657 4251 780 4321 quia
830 4248 1106 4303 scabellum
1156 4254 1233 4300 est
1282 4244 1472 4315 pedum
1526 4243 1636 4312 ejus
1666 4256 1686 4294 :

133 4353 257 4413 Mtte
275 4366 356 4420 per
382 4347 832 4419 Hierosolymam,
863 4344 985 4413 quia
1006 4343 1188 4397 civitas
1206 4338 1381 4411 magni
1406 4337 1540 4408 regis
1567 4346 1683 4389 est:

128 4450 539 4515 πψμρηρω
561 4440 1021 4511 unum,
1046 4436 1173 4508 quia
1195 4452 1300 4490 non
1330 4441 1475 4505 palos
1520 4444 1684 4484 unum

131 4532 337 4601 “Palam
377 4538 548 4594 album
594 4540 764 4609 facere
807 4545 897 4589 aut
937 4534 1161 4604 nigrum.
1206 4528 1287 4586 Sit
1318 4538 1489 4582 autem
1516 4540 1684 4579 sermo

128 4635 281 4683 tester.
305 4627 421 4699 Est,
467 4642 570 4697 est,
599 4629 649 4683 Ν
657 4645 724 4684 an
743 4670 758 4693 ,
792 4644 894 4682 non
918 4624 1091 4697 :quod
1112 4632 1280 4677 autem
1307 4621 1387 4675 his
1407 4618 1682 4673 abundan-

131 4714 210 4770 εἰη
231 4728 331 4790 cst,
359 4724 541 4779 amato
571 4732 677 4791 est,
710 4720 924 4795 (Matth.
961 4718 1042 4790 v).
1074 4717 1128 4773 ld
1167 4725 1279 4781 est,
1329 4715 1398 4769 ab
1433 4714 1685 4783 exigente

1794 3424 1992 3464 vanum
2044 3409 2282 3478 duxerit,
2329 3409 2503 3464 hostis
2544 3417 2627 3465 est
2648 3410 2843 3465 anima:
2886 3423 3034 3465 sua):
3064 3409 3189 3481 quia
3241 3425 3402 3467 nemo

1794 3513 1983 3558 contra
2015 3503 2337 3573 PrOphetas,
2369 3518 2532 3558 nemo
2557 3512 2746 3558 contra
2786 3503 3196 3576 Apostolorum,
3240 3520 3400 3561 nemo

1793 3611 1985 3653 contra
2055 3597 2408 3669 Evangelittm
2460 3598 2590 3653 facit
2646 3598 2848 3668 aliquid
2899 3600 3102 3672 absque
3156 3602 3397 3672 periculo

1798 3688 2011 3762 (Cone.
2055 3687 2232 3745 Cart/t.
2276 3706 2316 3744 1.
2362 3690 2645 3761 cap.15).
2706 3690 2772 3745 Ει
2815 3706 3155 3763 summopere
3208 3693 3403 3763 praevi-

1800 3780 2040 3836 dendum
2063 3790 2167 3846 est,
2210 3797 2278 3837 ne
2307 3793 2581 3853 pasmrem
2608 3798 2764 3837 suum
2795 3796 2946 3851 oves,
2995 3799 3115 3855 quae
3152 3785 3202 3840 ei
3246 3802 3400 3842 com-

1794 3874 1978 3929 missae
2012 3873 2259 3941 fuerant,
2315 3874 2721 3944 reprehendere
2771 3874 2913 3940 (nisi
2952 3891 2984 3930 a
3044 3876 3149 3929 ﬁde
3181 3879 3399 3934 exorbi~

1793 3967 2013 4041 tarerit)
2071 3983 2246 4039 neque
2282 3984 2543 4025 accusare
2572 3975 2936 4039 praesumant:
2967 3970 3220 4039 quoniam
3265 3972 3402 4029 tales

1792 4061 2168 4115 accusationes
2223 4060 2329 4115 vim
2386 4076 2495 4115 non
2550 4061 2767 4127 habent,
2825 4075 3001 4130 neque
3062 4061 3144 4116 eis
3198 4077 3397 4119 nocere

1792 4164 2038 4227 possunt.
2073 4154 2247 4210 Unum
2287 4169 2404 4209 vero
2426 4196 2440 4218 ,
2472 4154 2780 4219 charissimi,
2830 4163 2889 4208 ut
2936 4154 3009 4208 ait
3038 4153 3228 4210 beatus
3269 4171 3400 4225 apo-

1791 4248 1963 4303 stolus
2010 4247 2223 4310 Petrus,
2259 4246 2379 4299 Non
2423 4248 2578 4300 lateat
2631 4264 2739 4310 vos,
2770 4247 2893 4316 quia
2947 4264 3080 4302 unus
3106 4248 3213 4301 dies
3257 4251 3401 4319 apud
3462 4284 3469 4288 -

1792 4337 2076 4392 Dominum
2121 4338 2252 4391 sicut
2283 4336 2423 4390 mille
2465 4337 2606 4403 anni,
2639 4345 2689 4390 et
2738 4336 2880 4389 mille
2930 4339 3051 4392 anni
3106 4339 3236 4393 sicut
3266 4356 3400 4396 unus

1791 4430 1923 4483 dies.
1957 4426 2079 4481 Non
2122 4427 2296 4481 tardat
2339 4425 2585 4479 Dominus
2639 4426 2903 4496 promissis
2938 4425 2986 4492 ιι,
3017 4427 3109 4481 sed
3156 4431 3405 4498 patienter

1791 4522 1898 4594 agit
1926 4528 2132 4592 propter
2156 4535 2264 4583 vos,
2297 4519 2475 4573 nolens
2505 4517 2704 4590 aliquos
2746 4518 2929 4588 perire,
2981 4520 3069 4574 sed
3115 4536 3287 4575 omnes
3329 4523 3400 4577 ad
3448 4586 3454 4594 .

1792 4612 2141 4686 paenitentiam
2186 4612 2387 4666 reverti.
2435 4609 2681 4665 Adveniet
2728 4620 2898 4665 autem
2937 4612 3044 4667 dies
3083 4612 3293 4668 Domini
3343 4627 3400 4671 ut

1796 4708 1905 4777 fur,
1934 4705 1988 4759 in
2012 4721 2113 4774 qua
2132 4703 2246 4760 caeli
2268 4720 2452 4775 magno
2473 4704 2666 4776 impetu
2693 4704 2975 4771 transient,
3008 4705 3255 4761 elementa
3280 4724 3415 4764 vero

136 4816 179 4863 ει
204 4825 233 4869 ι
254 4788 478 4887 infame.
508 4788 671 4886 Haec”
700 4788 864 4873 {ram
893 4788 1247 4880 Chai-1551mm
1281 4811 1398 4881 ipse
1424 4807 1688 4863 Dominus
1711 4788 1769 4853 D
1797 4802 1972 4856 calore
2038 4799 2299 4856 solventur
2358 4798 2441 4873 (II
2496 4799 2639 4856 Petri
2698 4816 2757 4857 nt
2786 4797 2827 4871 ).
2888 4798 3022 4857 Cum
3079 4802 3193 4859 haec
3242 4802 3406 4873 igitur

1300 4921 1595 5026 LECiTION
1604 4965 1687 5022 ES
1752 4957 2173 5019 VARIANTES.

176 5227 202 5257 ⁸
230 5228 447 5257 ο..ὲ..Α-ᾼ
496 5244 508 5257 Δ
524 5238 557 5257 l!

178 5228 631 5353 :MMM.
811 5299 824 5312 ο
913 5300 923 5311 .
1315 5298 1326 5309 ι
1402 5295 1412 5306 .
1538 5296 1547 5306 .
1589 5296 1600 5306 ο

181 5353 205 5383 .
240 5356 295 5383 .-
330 5362 385 5383 _..
423 5295 1621 5383 __Graius,s_u.ﬂ:_ra.Yﬂsleq2£“'8'-

232 5356 296 5409 ιι
325 5362 400 5417 cit.
419 5374 564 5420 ms.et
584 5365 716 5432 apud
740 5363 1027 5417 Gratiarum
1048 5360 1153 5413 Nec
1170 5356 1475 5425 sponte'eos.

1863 5093 1885 5131 τ
1923 5094 2024 5159 Dios
2048 5102 2332 5145 sanctorum
2357 5106 2635 5159 sequentes
2657 5098 2816 5156 Alias.
3399 5080 3427 5105 ⁸

1865 5159 1893 5199 Β
1931 5157 2031 5207 Nos
2055 5164 2417 5206 sacramentum
2436 5155 2601 5212 'Alias.

1860 5220 1895 5257 h
1926 5219 2127 5293 siqnis.
2166 5231 2219 5284 q.
2256 5216 2361 5271 alia
2383 5218 2649 5285 Promissi,
2674 5230 2729 5277 ut
2756 5230 2803 5279 ct
2823 5227 3000 5281 Grieca
3020 5228 3216 5295 vulgata
3236 5230 3410 5287 Latina

1799 5281 2199 5334 Promisswnem.

1410 5481 1777 5546 VABIORUM
1813 5481 2054 5539 NOTIE.

220 5604 505 5673 Moritate
527 5618 680 5674 sedis.
713 5616 875 5687 Greg.
912 5610 1079 5685 Epist.
1108 5611 1199 5680 32,
1232 5610 1327 5665 lib.
1354 5624 1450 5663 xu.

163 5810 176 5821 ,
192 5739 672 5821 Ῐο-Βςσαηιεηιιιηι
685 5760 853 5806 autem
870 5743 1373 5821 hactenus.Quando
1389 5742 1457 5796 ab
1471 5742 1687 5821 episco:

132 5812 503 5896 Diactﬁiiquis
517 5824 1107 5896 clericisjuramentum
1122 5818 1266 5874 licito
1284 5812 1691 5896 praeswtur,vel

137 5890 382 5958 διῖκδωσ,
404 5890 518 5956 itide
542 5890 848 5955 canonistas
876 5892 932 5948 2.
966 5906 1061 5961 qu.
1083 5890 1139 5960 4,
1161 5903 1284 5947 can.
1318 5893 1694 5943 sacramentum

1803 5601 2048 5654 hactenus
2074 5639 2088 5659 .
2121 5595 2188 5651 de
2212 5610 2319 5667 quo
2344 5595 2552 5667 prolixe
2582 5594 2957 5684 Covarrpvias,
2990 5606 3189 5684 aliique
3211 5613 3414 5684 plures.

1874 5738 2371 5816 Pammjnstituta.
2400 5739 2500 5807 Ep.
2552 5740 2621 5816 ad
2650 5670 3146 5804 Οεεαῗιξῗκάθῐξῗιέι
3193 5754 3419 5816 0181·ὶοοε

1803 5829 1945 5876 rum,
1981 5810 2119 5880 apud
2154 5810 2555 5883 Hieronymum.
2594 5811 2755 5869 Lana.

1880 5882 2289 5953 Reprehendere.
2318 5884 2483 5939 Coac.
2500 5882 2660 5943 Rom.
2684 5882 2749 5939 V.
2767 5884 2891 5942 sub.
2918 5888 3224 5957 Symmach.
3250 5894 3412 5958 ιω,
