3782 6280
340 398 446 457 847
1621 394 1966 452 APPENDIX
2001 391 2222 452 SECUN
2231 391 2340 447 DA.
3501 394 3599 452 848

348 513 527 571 omnia
558 510 899 568 dissolvenda
927 509 1057 578 sint,
1087 523 1155 566 ex
1181 508 1267 565 his
1310 510 1538 581 potestis
1578 510 1942 578 considerare,
1972 512 2026 572 Α
2050 509 2160 565 ulla
2216 506 2301 562 lex
2359 503 2598 561 damnat.
2656 499 2840 557 Facile
2879 512 3010 573 ergo
3045 501 3208 558 homo
3236 502 3485 561 hominem
3518 506 3604 564 fal-

348 607 538 677 qnales
568 613 781 675 oportet
830 618 928 657 vos
952 618 1075 658 esse
1108 602 1160 657 in
1192 602 1395 658 sanctis
1443 603 1946 658 convcrsationibus
2047 602 2161 657 lere
2202 606 2408 670 potest,
2442 609 2551 652 non
2594 604 2772 650 tamen
2805 595 3001 661 Deum,
3044 595 3199 664 cujus
3244 596 3403 652 oculis
3448 600 3608 655 omnia

350 705 406 754 et
428 697 735 767 pictatibns,
761 703 1143 765 exspectantes
1164 701 1220 749 et
1247 704 1601 765 properantes
1640 695 1691 749 in
1737 694 1942 750 adven-
2050 693 2188 749 nuda
2232 702 2356 748 sunt
2399 700 2454 748 et
2481 698 2690 762 aperta.
2743 688 2898 745 Unde
2941 690 3018 744 ait
3055 687 3343 761 propheta:
3386 689 3615 747 Dominus

350 798 464 843 tum
495 787 600 843 diei
626 788 739 854 Dei,
788 803 884 858 per
904 803 1063 857 quem
1099 788 1223 843 caeli
1255 787 1509 842 ardentes
1551 787 1851 852 solventur,
1894 796 1950 841 et
2050 789 2187 843 novit
2215 787 2547 859 cogitationes
2583 784 2869 851 hominum,
2894 783 3137 855 quoniam
3163 800 3302 839 vente
3327 795 3439 839 sunt
3458 783 3615 855 (Ρωι.

348 883 613 936 elementa
632 879 772 950 ignis
791 879 986 935 ardore
1005 880 1298 934 tabcscent.
1332 898 1352 930 ‹
1382 879 1488 934 Vos
1505 889 1705 946 autem,
1739 878 1948 934 charis-
2053 884 2227 950 xcm).
2258 879 2487 949 Sapiens
2508 893 2641 949 ergo
2672 894 2779 933 non
2808 877 3007 948 estqui
3034 887 3214 933 nocet.
3236 876 3340 933 Nec
3355 876 3621 949 quidquam

350 972 495 1038 simi,
545 972 682 1027 dixit
722 970 891 1027 Judas
945 971 1223 1042 apostolus
1277 969 1367 1043 (In
1405 969 1641 1042 Epistola
1676 987 1769 1025 sua
1796 986 1952 1025 cano—
2054 972 2181 1027 mali
2204 973 2348 1039 vult,
2381 974 2472 1043 qui
2504 970 2683 1027 ﬁdelis
2711 981 2830 1037 est,
2859 980 2953 1026 aut
2987 970 3238 1040 cuiquam
3278 970 3489 1026 insidias
3520 987 3619 1027 ma-

353 1064 487 1129 nica,
521 1079 651 1117 vers.
678 1063 785 1133 17)
816 1077 1086 1118 memores
1119 1070 1297 1118 estote
1318 1062 1609 1118 verborum
1652 1078 1774 1132 quae
1815 1077 1949 1133 prat-
2054 1065 2327 1122 chinatur.
2352 1064 2677 1131 Hortamur,
2700 1063 2895 1131 frater,
2930 1072 2986 1119 et
3016 1077 3296 1119 monemns
3316 1071 3454 1117 tuam
3479 1062 3623 1119 dilec-

355 1155 498 1211 dicta
528 1164 655 1209 sunt
680 1155 749 1210 ab
788 1156 1048 1225 apostolis
1076 1155 1285 1209 Domini
1320 1155 1491 1210 nostri
1538 1154 1669 1210 Jesu
1724 1154 1946 1220 Christi,
2022 1151 2294 1226 'tionem,
2343 1167 2401 1215 ut
2445 1173 2638 1215 omnes
2677 1172 2915 1229 semper,
2965 1166 3129 1229 prout
3166 1156 3354 1212 melius
3374 1157 3620 1227 potueris,

354 1248 443 1317 qui
474 1246 725 1302 dicebant
769 1247 939 1312 vobis,
968 1247 1224 1318 quoniam
1257 1247 1308 1301 in
1360 1248 1660 1303 novissimo
1711 1256 1956 1319 tempore
2057 1252 2313 1323 adjuves,
2342 1248 2615 1314 confortes
2638 1258 2694 1304 et
2719 1247 3040 1305 consoleris.
3078 1247 3147 1303 Et
3179 1257 3520 1312 sacramenta,
3541 1262 3625 1303 su-

354 1341 577 1397 venient
620 1341 892 1407 illusores,
942 1340 1240 1396 secundum
1294 1356 1391 1397 sua
1445 1340 1714 1397 desideria
1769 1343 1959 1397 ambu—
2061 1361 2158 1416 per
2178 1345 2374 1416 quibus
2399 1342 2541 1399 hanc
2569 1352 2812 1400 sanctam
2844 1341 3145 1398 Romanam
3167 1382 3184 1408 ,
3216 1354 3281 1396 ac
3305 1339 3620 1395 universalem

352 1434 526 1490 lantes
557 1444 582 1470 ει
615 1434 971 1504 impietatum.
1026 1433 1091 1488 Hi
1143 1443 1266 1489 sunt
1305 1435 1395 1504 qui
1443 1444 1733 1506 segrtgant
1776 1450 1957 1491 seme-
2061 1436 2361 1493 Ecclesiam
2392 1434 2681 1490 consulere
2708 1434 2960 1499 voluisti,
2995 1432 3111 1489 ﬁeri
3137 1432 3515 1503 prohibeas,et
3540 1447 3623 1487 nec

355 1528 547 1599 tipsos,
581 1528 861 1594 animales,
903 1528 1154 1599 spiritum
1186 1545 1292 1582 non
1325 1528 1605 1585 habentes.
1646 1528 1753 1584 Vos
1778 1539 1960 1584 autem
2063 1529 2263 1585 minem
2295 1543 2546 1599 umquam
2576 1526 2800 1583 infestes
2825 1536 2918 1581 aut
2938 1541 3159 1583 noceas.
3187 1524 3349 1592 Haec,
3375 1526 3549 1590 frater,
3569 1523 3627 1580 ad

352 1617 682 1684 charissimi,
710 1618 1209 1688 superuedilicantes
1228 1620 1589 1690 vosmetipsos
1605 1621 1961 1677 sanctissima:
2065 1623 2395 1693 reliquorum
2423 1620 2649 1676 fratrum
2684 1620 2928 1675 notitiam
2962 1629 3049 1675 tua
3082 1618 3245 1675 faciat
3271 1619 3514 1674 sanctitas
3530 1632 3629 1689 per-

356 1720 553 1765 vestrae
586 1710 731 1775 fidei,
778 1712 829 1766 in
862 1711 1052 1781 spiritu
1085 1720 1272 1767 sancto
1308 1723 1549 1780 orantes,
1598 1714 1745 1783 ipsos
1782 1728 1879 1769 vos
1909 1716 1962 1768 in
2064 1716 2273 1780 venire,
2296 1724 2356 1770 ut
2384 1728 2575 1769 omnes
2607 1712 2725 1768 haec
2746 1713 2887 1768 mala
2914 1720 3162 1767 caveant.
3190 1711 3260 1767 Et
3285 1711 3419 1767 sicut
3442 1725 3631 1783 genera-

357 1800 650 1858 dilectione
704 1802 796 1858 Dei
846 1813 1079 1868 servate,
1131 1813 1510 1873 exspectantes
1536 1804 1962 1860 misericordiam
2066 1807 2190 1861 liter
2211 1813 2320 1859 tam
2351 1804 2419 1859 ab
2460 1804 2581 1874 ipso
2606 1803 2837 1858 Domino
2860 1844 2875 1867 ,
2903 1817 3067 1874 quam
3092 1818 3124 1857 a
3152 1801 3355 1858 sanctis
3372 1811 3426 1858 et
3447 1800 3632 1872 reliquis

358 1891 576 1948 Domini
630 1895 801 1949 nostri
877 1894 1004 1949 Jcsu
1047 1894 1248 1951 Christi
1288 1897 1338 1950 in
1373 1898 1533 1951 vitam
1585 1908 1866 1954 aeternam.
1897 1898 1964 1953 Et
1993 1907 2042 1967 Β
2070 1900 2381 1972 apostolicis
2406 1900 2538 1955 viris
2561 1942 2576 1967 ,
2605 1908 2660 1955 et
2686 1899 2901 1955 caneris
2924 1898 3198 1965 Patribus,
3218 1906 3345 1953 sunt
3368 1895 3630 1969 prohibita,

359 1985 459 2042 hos
510 1987 727 2057 quidem
770 1989 980 2059 arguite
1007 1988 1295 2057 judicatus,
1332 1990 1455 2045 illos
1481 2006 1612 2046 vero
1642 1994 1848 2048 salvate
1897 1993 1965 2049 de
2067 1992 2139 2047 ita
2166 1991 2493 2063 generaliter
2538 1991 2608 2047 ab
2658 1989 2914 2047 omnibus
2963 1988 3358 2046 custodiantur.
3386 1989 3521 2045 Bene
3560 2003 3637 2041 vso

357 2080 482 2149 igne
512 2080 804 2149 rapientes.
848 2081 986 2135 Aliis
1032 2092 1211 2137 autem
1250 2083 1583 2138 miseremini
1634 2084 1686 2138 in
1741 2084 1961 2151 timore,
2066 2085 2182 2142 lere
2224 2084 2615 2141 beatitudinem
2655 2094 2800 2140 tuam
2846 2098 3063 2155 semper
3089 2093 3355 2155 optamus.
3399 2093 3450 2139 et
3487 2080 3638 2138 sacris

357 2171 607 2228 odientes
634 2181 688 2228 et
714 2188 856 2240 eam,
887 2188 1009 2244 (pta:
1034 2175 1270 2230 carnalis
1319 2183 1405 2231 est
1447 2177 1769 2232 maculatam
1820 2180 1963 2233 tuni-
2067 2178 2358 2233 virtutibus
2382 2176 2649 2249 proficere
2677 2188 2729 2232 te
2745 2176 3141 2243 desideramus,
3172 2175 3337 2232 frater
3357 2172 3637 2231 charissim

360 2280 496 2320 cam.
552 2285 570 2317 ι
631 2264 824 2320 Nullus
891 2267 1038 2321 enim
1120 2267 1465 2324 sacerdotum
1540 2285 1760 2326 causam
1814 2287 1967 2327 suam
2068 2279 2230 2341 atque
2272 2269 2663 2326 amantissime.
2710 2268 2842 2324 Data
2883 2268 3177 2325 undecimo
3212 2266 3470 2323 kalendas
3500 2264 3637 2338 juuli,

356 2358 536 2413 alieno
559 2359 865 2413 committat
896 2359 1124 2429 judicio,
1156 2360 1259 2415 nisi
1287 2360 1355 2415 ad
1376 2360 1571 2418 Sedem
1613 2364 1965 2433 apostolicam
2071 2361 2308 2418 Maximo
2354 2370 2411 2418 et
2432 2362 2596 2419 Decio
2632 2362 2764 2418 viris
2783 2360 3107 2429 clarissimis
3125 2359 3460 2417 consulibus.

357 2447 523 2505 fuerit
545 2449 907 2521 :appellatum.
953 2450 1059 2508 Sed
1085 2454 1455 2524 unusquisque
1483 2456 1970 2526 comprovinciales

355 2517 681 2612 judices,—et
722 2554 881 2599 notos
934 2544 1153 2613 habeat,
1208 2517 1311 2602 nisi
1357 2517 1593 2619 aliquam
1612 2517 1739 2604 'vim
1792 2560 1965 2607 teme-
2633 2517 3032 2576 DECRETUM'

362 2635 522 2689 rarize
550 2635 912 2691 multitudinis
956 2637 1064 2691 illic
1114 2638 1375 2705 timuerit,
1422 2649 1515 2695 aut
1584 2640 1829 2711 infestos,
1875 2653 1969 2698 aut
2131 2640 2206 2690 Ex
2232 2639 2451 2690 Grai-iani
2477 2638 2551 2702 (1)
2572 2638 3135 2714 ρςετεωάςωωρφφ.
3160 2638 3211 2687 in
3230 2632 3635 2700 Ρτίυτίδυδθοσθ·

360 2738 643 2813 suspectos
688 2730 816 2786 inibi
845 2731 1056 2801 judices
1102 2700 1374 2800 habuerit,
1418 2749 1519 2805 pro
1548 2735 1749 2805 quibus
1788 2700 1967 2793 causis
2347 2804 2410 2818 η
2518 2700 2538 2818 ,Ὗ
2785 2713 2884 2750 ¹¹⁰¹¹
2907 2705 3131 2818 cimus-

360 2820 429 2874 ad
460 2810 680 2892 majoris
709 2823 1047 2879 auctoritatis
1067 2824 1298 2894 judices,
1336 2836 1393 2882 et
1419 2804 1485 2883 ad
1503 2804 1639 2885 alias
1662 2831 1849 2901 provin

1869 2832 1967 2888 ﬁas
2343 2804 2412 2861 Ut
2449 2822 2482 2860 a
2500 2805 2700 2877 jejunis
2720 2805 3013 2873 iuramenta
3032 2812 3362 2875 praetentum

359 2915 636 2983 appellare
658 2923 715 2969 et
740 2916 927 2972 venire
952 2932 1272 2974 concessum
1306 2928 1408 2976 est.
2149 2922 2443 2979 Honestum
2485 2921 2650 2979 etiam
2687 2920 2902 2978 videtur
2937 2928 2998 2976 ut
3044 2922 3139 2992 qui
3184 2920 3241 2976 in
3280 2912 3479 2977 sanctis
3516 2915 3635 2972 audet

435 3003 498 3058 ll.
529 3006 720 3060 Omnia
765 3020 894 3077 ergo
937 3024 1057 3078 quae
1085 3008 1396 3064 adversusb
1427 3010 1679 3067 absentes
1722 3014 1775 3067 in
1822 3015 1971 3070 omni
2072 3016 2289 3087 jurare,
2327 3018 2431 3073 hoc
2481 3015 2701 3087 jejunus
2750 3016 2914 3073 faciat
2955 3029 3081 3072 cum
3132 3014 3285 3070 omni
3315 3014 3632 3072 honestatem

363 3098 580 3167 negotio
606 3107 699 3153 aut
725 3098 846 3155 loco
874 3110 1108 3171 aguntur
1123 3100 1564 3171 autjudicantur,
1596 3106 1819 3164 omnino
1848 3122 1973 3163 eva—
2079 3112 2274 3167 timore
2304 3109 2420 3175 Dei,
2460 3118 2602 3166 etut
2636 3109 2788 3181 pueri
2816 3117 2943 3166 ante
2965 3122 3145 3165 annos
3180 3106 3532 3180 quatordecim
3554 3114 3631 3158 Im

364 3199 636 3246 cuentur:
703 3192 957 3262 quoniam
1019 3192 1298 3249 absentem
1357 3195 1538 3253 nullus
1587 3198 1822 3266 addicit,
1873 3217 1973 3258 nec
2078 3212 2340 3275 cogantur
2361 3203 2565 3274 jurare.

1585 3332 1971 3392 LECTIONES
2030 3335 2453 3395 VARIANTES.

370 3438 587 3519 .3335.
598 3434 1067 3519 .ms9;_.99it‘91'§§.
1090 3440 1346 3519 tinum.
1366 3442 1454 3519 sic
1487 3449 1533 3495 ει
1560 3446 1751 3499 θνιεσα-
1778 3445 1894 3499 Alia
1916 3448 1973 3498 In
2141 3449 2173 3488 τι
2204 3451 2238 3501 3
2257 3465 2307 3516 ιι.
2331 3453 2379 3504 6.
2410 3450 2586 3506 om
2607 3464 2719 3519 qua
2740 3453 2995 3509 aduersu.

367 3498 644 3561 impietate.
671 3498 869 3551 Etcum
893 3498 1067 3553 habent
1090 3502 1148 3553 In
1181 3498 1533 3568 ﬁupiétatibus.

1699 3646 2063 3707 VABIOBUM
2101 3633 2355 3707 NOMJ

365 3786 369 3790 ’
443 3766 663 3862 guttus.
1118 3774 1182 3862 in
1201 3775 1741 3862 άεεοίςιλινρλιίιξθιν.
2002 3786 2048 3848 C
2082 3793 2169 3862 t_ur
2210 3794 2387 3862 tamen
2411 3787 2507 3862 Aibi
2550 3788 2653 3862 sub
2688 3789 2916 3862 nomine
2946 3766 3117 3846 Lucii
3166 3805 3315 3862 papae
3353 3781 3639 3844 successoris

439 3837 667 3922 ,ριιιίεει
697 3837 998 3922 Haducojt.
1030 3845 1277 3922 t7._ltent
1306 3846 1361 3922 5,
1391 3850 1446 3916 8,
1474 3851 1566 3914 30,
1600 3852 1692 3914 ss.
1721 3862 1829 3909 etc.
2008 3837 2048 3848 “’
2083 3837 2653 3922 ὃόηίὲἰίἰζῖιιὶῑὲιῖἰιῖι
2684 3837 2934 3917 ιῖἆιὶὲἰῦἕ.

442 3911 1187 4004 ρὶᾳῃςηαιᾏβςξῃολοὴμθιοςρλ
1205 3911 1358 4004 initio
1386 3911 1610 4004 actionis
1641 3911 1719 4004 X.
1784 3995 1884 4004 an
2098 3911 2114 3914 ⁷
2138 3911 2518 4004 bene—ualere:
2530 3911 2934 4004 ep.
2953 3933 3008 3989 8.

443 3982 626 4073 Petunt.
686 3987 824 4043 Sixti
874 3989 1024 4045 Sent.
1083 3988 1228 4056 176,
1286 3999 1342 4046 et
1387 3993 1548 4062 paulo
1607 4003 1729 4065 post
1781 3995 1891 4053 292
1928 4008 1982 4054 et

372 4056 503 4149 207::
808 4132 934 4149 ,η
1608 4056 1621 4065 ’

2157 4069 2246 4149 Ea:
2282 4056 3096 4149 Gratianiigrattian:16,122,
3135 4092 3192 4149 q.
3221 4078 3273 4132 5.
3301 4075 3483 4133 Verius
3514 4085 3542 4129 e
3562 4068 3638 4125 Cs-

443 4126 585 4197 Ergo
609 4145 711 4185 non
748 4140 841 4186 est.
902 4132 957 4187 6.
1006 4146 1063 4203 q.
1107 4133 1162 4187 1.
1206 4132 1431 4204 Sapiens
1465 4152 1568 4193 non
1616 4150 1707 4195 est.
1768 4139 1980 4212 Allega-
2089 4126 2303 4209 nitntur.
2333 4126 2525 4211 1.1,}.
2548 4126 3007 4205 ssl'ﬁiisuiiés.

2517 4450 3534 4484 —

405 4466 1334 4479 -mw.____.wd-___,
1431 4474 2452 4483 ___________-______
2487 4480 2514 4483 _
2663 4481 2786 4485 --__-
2835 4482 3168 4487 ______-_V_
3221 4484 3294 4487 ____
3345 4483 3440 4487 ,μ

1595 4736 2468 4866 ΜΟΝΙΤΠΜς

394 5110 415 5132 ὑ
463 5044 576 5105 Etsi
601 5065 751 5107 suam
784 5052 1017 5109 habeant
1040 5052 1312 5124 propriam
1346 5053 1780 5125 peculiaremque
1808 5056 2186 5115 collectionem
2215 5051 2604 5129 Concilia,'nec
2624 5075 2720 5133 per
2740 5076 2800 5118 se
2819 5062 2886 5119 ad
2915 5068 3159 5119 nostram
3187 5071 3443 5122 veterum
3465 5061 3633 5137 Pal!“

383 5141 771 5201 Bibliotltccam
802 5146 1124 5216 pertineant,
1174 5155 1359 5218 utpote
1401 5162 1521 5218 qua:
1550 5162 1670 5203 eam
1697 5146 1808 5217 jam
1834 5149 1967 5205 satis
1989 5150 2134 5207 mole
2174 5167 2268 5208 sua
2317 5154 2662 5225 grandiorem
2695 5155 2746 5211 in
2778 5156 3097 5211 immensum
3125 5155 3411 5224 τίσω-ειη.
3438 5144 3635 5217 ωσι

381 5248 564 5294 tamen
594 5241 768 5296 obiter
794 5244 934 5298 inter
955 5241 1151 5310 scripta
1179 5242 1396 5298 Patrum
1422 5243 1663 5299 inserere
1686 5246 1944 5316 oportuit,
1972 5247 2188 5317 quoties
2216 5263 2415 5319 nempe
2434 5291 2448 5315 ,
2478 5250 2657 5323 qualia
2685 5258 2811 5307 sunt
2834 5264 2897 5306 ea
2922 5263 3044 5320 qua
3086 5261 3416 5322 sequuntur,
3442 5251 3637 5308 om

387 5328 523 5387 riam
548 5328 750 5386 habent
774 5345 837 5389 ac
864 5332 1188 5390 indivulsam
1216 5350 1337 5390 cum
1360 5332 1615 5406 operibus
1646 5335 1865 5393 Patrum
1890 5337 2308 5398 connexionem.
2336 5339 2473 5398 Enn.

1541 5671 2532 5718 -ἝΘῧ--ι-ι
