3782 6280
78 5845 234 6018 Χ

99 6133 124 6153 Ι

227 313 302 373 357

1101 313 1160 369 S.
1205 309 1525 370 CYPRIANI
1565 313 1658 369 AD
1695 312 1752 370 S.
1794 311 2196 370 CORNELIUM
2234 314 2490 372 PAPAM.

3333 320 3442 377 858

224 424 358 488 limine
397 445 492 486 non
521 430 846 495 recedentes,
902 439 958 484 et
1020 428 1374 501 implorantes
1430 429 1628 500 jugiter
1678 444 1742 484 ac
1769 430 1821 489 A
1847 445 1952 483 non
1987 444 2290 499 possumus.
2326 431 2402 486 De
2434 432 2516 486 his
2540 431 2746 501 judicat
2797 433 3126 488 occultorum
3175 443 3442 490 scrutator

220 519 408 580 dolenter
425 523 591 578 divina
614 530 664 576 et
693 533 910 591 paterna
933 522 1144 586 solatia,
1171 539 1311 576 nunc
1334 537 1391 576 se
1415 522 1481 576 ad
1509 537 1738 591 pugnam

214 620 378 672 Piratos
400 629 532 680 esse,
555 624 607 668 et
636 629 733 684 pro
763 613 970 667 Domini
995 614 1075 668 sui
1116 614 1356 678 nomine,
1391 629 1450 668 ac
1494 629 1593 684 pro
1646 630 1740 669 sua

209 705 334 763 Salute
359 718 488 762 stare
517 706 722 761 fortiter
769 717 823 762 et
853 723 1090 777 pugnare
1143 709 1484 778 prolitentur.
1519 707 1628 763 Hoc
1689 709 1739 762 in

201 795 393 871 lempore
413 815 584 871 pacem
612 813 710 855 nos
737 815 842 855 non
868 800 1282 866 dormientibus,
1327 801 1421 857 sed
1478 801 1744 871 vigilanti-

187 892 494 958 busdamus;
537 907 724 962 pacem
769 909 872 948 non
918 894 1143 958 deliciis,
1177 893 1270 949 sed
1323 896 1488 950 armis
1517 895 1740 962 damus;

187 1000 354 1059 pacem
379 999 468 1038 non
496 983 559 1038 ad
584 985 844 1054 quietem,
877 985 970 1040 sed
998 986 1063 1040 ad
1089 985 1259 1041 aciem
1302 987 1510 1042 damus.
1545 988 1624 1049 Si.
1659 1003 1744 1043 se-

184 1080 394 1137 cundum
416 1079 534 1150 quod
564 1093 662 1134 eos
688 1079 935 1135 audimus
962 1090 1015 1136 et
1056 1092 1308 1151 optamus
1343 1091 1394 1136 ct
1445 1081 1740 1152 credimus,

181 1171 373 1228 fortiter
393 1170 640 1237 steterint,
682 1180 738 1225 et
781 1153 1153 1227 adversariuui
1196 1173 1476 1228 nobiscum
1531 1174 1582 1228 in
1615 1189 1744 1228 con—

175 1265 422 1337 gressione
449 1266 867 1334 prostraverint,
903 1279 1009 1320 non
1040 1267 1264 1336 poenitet
1296 1281 1483 1336 pacem
1521 1280 1746 1321 conces-

175 1362 302 1416 sisse
333 1369 424 1413 tam
452 1359 696 1427 fortibus,
741 1359 910 1414 immo
957 1361 1296 1430 episcopatus
1343 1361 1513 1414 nostri
1571 1360 1746 1414 Itonor

172 1449 369 1521 grandis
391 1459 440 1506 et
463 1449 630 1520 gloria
677 1459 782 1516 est,
814 1466 999 1520 pacem
1047 1451 1267 1506 dedisse
1299 1452 1646 1523 martyribus,
1687 1461 1746 1507 ut

172 1541 468 1607 sacerdotes,
515 1543 603 1612 qui
631 1541 892 1598 sacriﬁcia
924 1543 1016 1598 Dei
1049 1553 1074 1579 ιι
1104 1544 1342 1614 quotidie
1384 1545 1742 1612 celebramus,

173 1634 356 1689 hostias
381 1635 485 1690 Deo
510 1645 564 1690 et
584 1637 832 1690 victimas
857 1651 1239 1707 praeparemus.
1275 1638 1330 1693 Si
1363 1647 1564 1702 autem,
1601 1637 1744 1708 quod

169 1725 403 1781 Dominus
451 1737 661 1782 avertat
693 1742 723 1783 a
755 1728 1012 1784 fratribus
1041 1731 1262 1794 nostris,
1312 1731 1507 1802 aliquis
1566 1731 1744 1803 lapso-

1845 533 1899 578 et
1937 525 2185 595 cognitor
2209 525 2318 579 cito
2349 535 2624 593 venturus,
2655 537 2709 582 et
2729 527 2796 582 de
2823 528 3034 582 areanis
3063 529 3242 583 cordis
3284 537 3445 600 atque

1845 615 2037 670 abditis
2078 616 2437 685 judicaturus.
2485 617 2694 673 Obesse
2748 630 2924 674 autem
2969 618 3092 673 mali
3129 619 3286 675 bonis
3335 635 3442 676 non

1845 709 2061 776 debent,
2091 709 2184 764 sed
2219 711 2386 779 magis
2440 709 2564 763 mali
2619 725 2648 762 a
2689 709 2845 765 bouis
2884 709 3146 780 adjuvari.
3188 710 3297 766 Nec
3324 711 3447 768 ideo

1849 803 2163 873 martyrium
2208 801 2427 858 factoris
2451 818 2548 874 pax
2577 802 2818 873 neganda
2860 811 2962 868 est,
3005 805 3126 872 quia
3170 812 3296 859 sunt
3323 804 3443 874 qui-

1845 893 1966 948 dam
2023 895 2300 966 negaturi;
2343 911 2463 949 cum
2518 905 2736 965 propter
2789 893 2890 949 hoc
2941 909 3043 964 pax
3099 894 3330 950 dandah
3378 898 3448 952 sit

1847 987 2094 1040 omnilms
2125 987 2450 1052 militaturis,
2483 1002 2550 1042 ne
2575 1003 2669 1057 per
2694 986 3051 1058 ignorantiam
3085 996 3320 1042 nostram
3356 987 3446 1044 ille

1848 1079 2064 1148 incipiat
2097 1080 2378 1150 praeteriri,
2438 1080 2523 1150 qui
2558 1079 2787 1134 habetin
2823 1079 3010 1148 przelio
3027 1081 3294 1136 coronari.

1921 1170 2008 1224 IV.
2061 1171 2168 1226 Nec
2213 1172 2495 1242 quisquam
2559 1173 2720 1240 dicat,
2771 1173 2860 1242 qui
2926 1175 3240 1246 martyrium
3286 1174 3446 1242 tollit,

1846 1264 2104 1334 sanguine
2133 1279 2231 1319 suo
2275 1265 2610 1334 baptizatur:
2670 1281 2771 1321 nex
2829 1281 2932 1337 pax
2975 1266 3050 1321 illi
3088 1267 3156 1322 ab
3196 1268 3450 1338 episcopo

1847 1357 2152 1412 necessaria
2183 1366 2286 1424 est,
2321 1357 2568 1412 habituro
2595 1359 2781 1428 gloria:
2811 1375 2922 1414 sua:
2952 1374 3159 1429 pacem,
3184 1368 3237 1414 et
3260 1374 3452 1430 accep-

1848 1463 1968 1508 turo
2041 1455 2299 1522 majorem
2344 1453 2412 1508 de
2459 1453 2669 1507 Domini
2745 1453 3055 1524 dignatione
3122 1453 3448 1509 mercedem.

1848 1545 2027 1600 Primo
2058 1545 2282 1599 idoneus
2311 1559 2432 1600 esse
2460 1560 2566 1600 non
2587 1553 2764 1614 potest
2809 1543 2875 1598 ad
2903 1546 3238 1616 martyrium,
3269 1546 3360 1616 qui
3384 1546 3453 1600 ab

1852 1638 2092 1693 Ecclesia
2127 1651 2232 1692 non
2275 1648 2515 1691 armatur
2538 1637 2603 1692 ad
2625 1637 2908 1708 praelium:
2950 1647 3005 1692 et
3051 1653 3204 1692 mens
3247 1637 3450 1702 deﬁcit,

1848 1747 2005 1801 quam
2034 1745 2139 1785 non
2193 1739 2404 1798 recepta
2441 1740 2462 1766 ε
2500 1730 2832 1784 Eucltaristia
2863 1728 3018 1799 erigit
3054 1739 3109 1782 et
3133 1728 3378 1783 accendit
3401 1727 3452 1781 ἀ.

170 1834 285 1874 rum
302 1819 549 1884 fefellerit,
577 1830 636 1874 ut
664 1834 854 1890 pacem
879 1820 1108 1876 subdole
1136 1832 1300 1891 petat,
1333 1832 1386 1878 et
1421 1822 1736 1893 impenden-
1765 1821 1814 1881 B
1843 1824 2101 1879 Dominus
2121 1824 2262 1879 enim
2289 1824 2339 1876 in
2370 1822 2658 1890 Evangelio
2683 1836 2782 1875 suo
2812 1821 2941 1874 dicit
2969 1837 2982 1874 :
3022 1818 3151 1874 Cum
3178 1829 3346 1874 autem
3367 1835 3455 1873 vos

172 1911 252 1964 tis
274 1911 414 1978 pra-lii
445 1920 687 1980 tempore
744 1914 1286 1968 communicationem
1331 1929 1436 1969 non
1468 1916 1740 1984 prmliatu-

172 2002 514 2070 rnsaceipiat;
542 2018 601 2057 se
627 2003 801 2071 ipsum
825 2003 960 2059 fallit
985 2006 1269 2075 etdecipit,
1299 2007 1386 2077 qui
1415 2007 1554 2061 aliud
1583 2008 1748 2063 corde

175 2096 404 2160 occultat,
433 2105 484 2149 et
509 2095 652 2150 aliud
684 2112 814 2152 voce
840 2100 1173 2168 pronuntiat.
1216 2101 1340 2165 Nos,
1391 2103 1442 2156 in
1489 2113 1747 2172 quantum

179 2185 322 2240 nobis
340 2197 386 2242 et
408 2189 581 2244 videre
609 2201 661 2244 et
681 2191 928 2260 judicare
954 2193 1289 2259 conceditur,
1340 2194 1528 2249 faciem
1565 2196 1748 2266 singu-

183 2279 342 2336 lorum
373 2283 636 2350 videmus;
669 2299 764 2340 cor
793 2288 1042 2354 scrutari,
1077 2296 1131 2343 et
1167 2298 1399 2344 mentem
1445 2293 1752 2360 perspicere

1851 1916 2177 1981 tradiderint,
2219 1915 2376 1968 nolite
2423 1915 2648 1984 cogitare
2674 1922 2696 1947 θ
2724 1913 2846 1982 quid
2888 1912 3205 1982 loquamini;
3253 1910 3457 1964 dabitur

1851 2012 1984 2066 enim
2014 2010 2149 2064 vobis
2178 2009 2231 2063 in
2253 2009 2345 2062 illa
2379 2010 2506 2061 liora
2542 2005 2665 2075 quid
2696 2006 3015 2075 loquamini:
3059 2022 3162 2060 non
3199 2005 3333 2059 enim
3370 2020 3457 2058 vos

1851 2105 1968 2158 estis
1990 2103 2076 2174 qui
2097 2100 2384 2172 loquimini,
2423 2099 2514 2153 sed
2545 2097 2772 2167 Spiritus
2798 2097 2959 2164 patris
2987 2099 3138 2149 vestri
3176 2096 3264 2165 qui
3294 2094 3457 2164 loqui-

1854 2207 1935 2252 tur
1955 2197 2005 2250 in
2036 2195 2173 2250 vobis
2205 2193 2413 2265 (Matth.
2453 2209 2506 2259 Χ,
2553 2191 2664 2263 19).
2720 2189 2946 2260 Quando
2982 2198 3160 2244 autem
3209 2187 3353 2243 dicat
3404 2187 3456 2240 in

1383 2404 1766 2464 LECTIONES
1803 2404 2223 2464 VARIANTES.

255 2513 283 2608 ἓν
303 2512 816 2630 ῗξτῗὲιξέἓῗοὲοὲᾱ

263 2638 285 2665 ε
313 2637 436 2698 Quam
459 2653 548 2691 non
574 2649 776 2705 accepta
801 2643 934 2693 Lam.

1914 2518 1942 2558 (ἰ
1975 2519 2136 2580 Erigit
2162 2525 2214 2567 et
2237 2517 2450 2581 accingit
2481 2516 2584 2566 Lin.
2614 2518 2720 2581 ΝΟ.
2750 2517 2802 2564 2.

1917 2587 1941 2612 ε
1979 2573 2144 2632 Nolite
2171 2573 2660 2643 cogitarevquomodo
2683 2587 2764 2628 aut
2787 2577 2901 2641 quid
2930 2578 3060 2628 Lam.
3088 2576 3230 2627 Ebur.
3263 2573 3384 2627 Bod.
3409 2574 3459 2624 2.

1501 2753 1861 2812 VARIORUM
1889 2755 2118 2812 NOT/E.

225 2855 347 2942 fundi
371 2878 499 2942 nemo
525 2853 720 2942 neget;
753 2883 946 2942 verum
976 2865 1518 2942 Clirjsti‘sanguinem
1566 2871 1757 2927 iisdem

223 2926 483 3013 Martyribus
503 2926 848 3009 propinatum
900 2939 986 2995 hic
1007 2956 1034 2994 a
1064 2926 1332 3013 Cypriano
1355 2926 1758 3012 praedicaricur

215 3007 429 3071 negetur?
450 3006 752 3069 Gous'r’an'r.

271 3074 332 3154 Ac
354 3077 574 3154 dolenter.
605 3083 730 3138 Haec
754 3083 948 3138 desunt
971 3084 1022 3138 in
1048 3093 1275 3154 quatuor
1307 3087 1542 3154 antiquis
1571 3101 1758 3141 exem-

209 3141 420 3223 plaribus.
450 3151 500 3206 In
532 3169 654 3209 meo
709 3155 902 3223 legitur
952 3141 1198 3210 dolentes.
1228 3157 1317 3211 Sic
1366 3141 1527 3212 etiam
1583 3157 1754 3214 codex
1782 3160 1826 3222 C

204 3220 344 3294 sancti
369 3224 634 3294 Aruulphi.
658 3220 946 3281 Bacuztus.

266 3287 552 3360 Etoptamus
577 3305 624 3348 et
661 3299 936 3352 credimus.
979 3299 1104 3352 Haec
1138 3299 1351 3366 quidem
1378 3299 1646 3354 habentur
1700 3300 1754 3354 in

199 3369 372 3437 {aptent
397 3366 666 3422 codicibus
691 3371 948 3437 antiquis.
999 3370 1106 3426 Sed
1135 3371 1332 3424 desunt
1377 3372 1426 3424 iu
1456 3373 1578 3425 aliis
1607 3379 1752 3426 octo.

199 3426 416 3514 ligantis
434 3439 633 3514 prim_us
658 3426 854 3508 poSttil.
875 3439 1004 3514 Nam
1033 3441 1406 3514 desiderantur
1435 3444 1484 3496 in
1524 3443 1757 3514 antiquis

197 3497 503 3573 editiottibtis.
554 3497 837 3566 BAL'uzws.
881 3511 1093 3566 Primus
1149 3511 1439 3573 Morellius,
1484 3522 1620 3568 teste
1656 3497 1758 3566 'Pa-

193 3569 677 3652 melio,_verba_lteec
707 3581 933 3636 addidit.
967 3581 1150 3652 Neque
1193 3585 1334 3636 enim
1368 3569 1616 3638 Erasmus
1665 3599 1758 3637 ne-

191 3649 445 3727 gligetiatn
499 3650 770 3727 Manutius
792 3668 856 3708 ea
883 3649 1261 3727 exltibuerunt.
1301 3654 1472 3708 Editio
1523 3656 1760 3708 Romana

187 3721 304 3794 anni
327 3721 472 3789 im,
504 3723 659 3792 cujus
684 3725 964 3792 exentplar
995 3739 1158 3794 penes
1185 3741 1268 3780 me
1295 3737 1396 3790 est,
1442 3727 1622 3793 habet,
1659 3741 1760 3781 nec

187 3783 336 3860 male,
362 3783 641 3848 audivimus
671 3811 766 3860 pro
789 3783 1044 3850 audimus.
1083 3796 1289 3851 ROUTH.

247 3853 498 3942 διξὲῄῇεὶέι
656 3853 983 3942 Sacri/icium
1010 3867 1115 3920 Deo
1147 3885 1239 3942 ms.
1271 3877 1472 3942 noetcr.
1495 3869 1756 3942 llARDUlN.

183 3922 435 3999 Sacriﬁcia
449 3935 543 3990 Dei
560 3954 579 4001 ;
612 3939 686 3991 ita
718 3922 866 3991 cerle
897 3939 1056 3994 habet.
1079 3940 1249 3993 codex
1280 3922 1646 3994 (lorbeieusis.
1694 3940 1762 3992 Et

179 4003 348 4080 Lintea
375 4005 631 4078 Rigaltius
667 4019 890 4063 annotat
926 4011 978 4064 in
1030 4011 1120 4064 illo
1167 4011 1425 4080 scriptum
1486 4027 1606 4065 esse
1653 4009 1761 4063 Deo

179 4063 798 4154 §§Luztusfbesiguatur
829 4081 894 4154 ab
928 4063 1353 4154 illarduiuouis.
1407 4063 1758 4154 Brb'lioihecaa

189 4135 484 4226 {ﬁnitarum
515 4135 739 4226 Collegit
785 4151 1034 4226 Ludovici
1083 4153 1152 4206 Μ.
1184 4135 1424 4226 Parisiis.
1460 4153 1672 4226 liOU'rtt.
1696 4179 1760 4226 —_—

199 4207 406 4292 ομοείάίι
462 4207 798 4277 celebramus.
863 4223 914 4276 lu
971 4224 1106 4278 libro
1162 4225 1226 4277 de
1279 4223 1526 4276 Oratione
1579 4222 1762 4273 Domi-

207 4295 452 4367 F‘qrpag.
474 4293 614 4367 2:09:
650 4293 1027 4367 Enc/mristiam
1048 4294 1283 4367 quotidie
1301 4295 1368 4346 ad
1393 4295 1554 4346 cibum
1570 4292 1766 4367 salutis

203 4362 874 4438 Fﬂrunus._'l"ertutliatnts,
911 4365 1002 4420 lib.
1047 4362 1084 4420 tt
1135 4367 1200 4418 ad
1245 4365 1475 4420 Uxorem
1509 4381 1520 4414 :
1557 4362 1764 4438 Nesciet

207 4434 380 4505 mus
403 4436 518 4503 quid
547 4448 738 4490 secreto
781 4449 896 4489 ante
924 4453 1122 4490 onmem
1165 4439 1326 4490 cibum
1378 4445 1580 4505 gustes;
1623 4443 1668 4486 et
1719 4434 1765 4505 si

205 4503 368 4575 laverit
385 4523 581 4572 panem,
625 4524 726 4561 non
764 4507 909 4560 illum
936 4508 1095 4563 credit
1125 4524 1229 4561 esse
1257 4508 1340 4575 qui
1373 4503 1580 4560 dicitur.
1633 4503 1766 4560 Vide

204 4577 317 4635 αι).
330 4571 541 4638 Quotidie
553 4579 694 4653 apud
710 4577 1024 4634 Gratianum
1040 4579 1165 4653 dist.
1189 4578 1224 4632 9.
1245 4571 1310 4633 de
1325 4577 1764 4633 Cunsecratione.

1095 4651 1375 4705 Bawzws.

274 4707 880 4798 ollltttartyriumtollil.
931 4723 1020 4798 su;
1063 4721 1194 4798 Luc.
1228 4738 1302 4798 ης,
1336 4721 1434 4798 es,
1465 4724 1642 4798 ἀράτφ
1682 4723 1768 4798 τὸν

207 4791 399 4864 fnum?
433 4791 615 4849 αὐτοῦ.
653 4795 914 4864 Rigaltius
961 4794 1056 4859 ait,
1099 4795 1186 4860 qui
1236 4791 1544 4864 dignatione
1588 4793 1768 4845 divina

207 4861 482 4936 Etruriam
514 4861 755 4934 obtinet';
789 4866 1102 4936 martyrium
1136 4861 1314 4931 tollit,
1336 4875 1395 4919 ut
1439 4863 1598 4928 infra,
1625 4879 1770 4916 arma

205 4919 755 5008 inueterati..."
792 4919 833 4920 “
882 4919 889 4920 ί
1139 4999 1144 5008 ,

265 4993 505 5080 ξαξιςυὶηε
528 5025 621 5062 suo
647 4999 1272 5080 baptisatur.Cavendutn
1299 5022 1365 5061 ne
1385 5007 1523 5061 istud
1545 5005 1770 5080 inliciari

201 5055 743 5148 9;m.‘.'..‘ii.~"p;.'ta;.;f
752 5055 1179 5148 's‘.'.'.."a'.;;;s1‘e1;
1190 5055 1773 5147 Ia'pisi.‘iiiiiii,":iit'.tnl

249 5151 389 5220 illum
416 5154 651 5220 scripsit.
698 5153 1116 5205 catechumenos
1159 5150 1282 5204 fidei
1338 5166 1494 5204 causa
1543 5158 1770 5203 mortem

312 5227 463 5292 {limes
493 5239 583 5276 nec
611 5224 801 5284 triuari
836 5223 1089 5291 Buptistni
1118 5232 1455 5292 sacramento,
1481 5230 1652 5287 utpote
1687 5220 1774 5289 qui

301 5291 492 5364 nentur
517 5295 815 5364 gloriosimo
842 5305 886 5347 et
909 5296 1131 5347 maximo
1153 5293 1417 5364 sanguinis
1434 5291 1766 5364 Baptismo...

187 5361 423 5434 Whitte
442 5361 610 5418 auium
641 5383 731 5420 suo
759 5367 1040 5434 baptizatos
1066 5377 1109 5417 et
1162 5361 1396 5434 passione
1428 5363 1773 5434 sanctiﬁcatos

185 5433 536 5506 Mutinam,
569 5445 614 5490 et
643 5437 830 5491 divinae
856 5433 1238 5506 pollicitationis
1269 5435 1487 5506 gratiam
1515 5433 1768 5506 consequi.

179 5493 354 5578 fin“:
379 5507 463 5577 qui
501 5493 807 5578 titurtyrium
855 5493 1008 5570 lollit,
1044 5507 1092 5560 id
1135 5519 1216 5562 est
1251 5493 1338 5575 q'ui
1389 5505 1630 5575 martyrii
1657 5493 1772 5572 pal-

171 5575 332 5647 ξυξυξξ
355 5575 611 5647 reportat.
640 5575 716 5635 Ut
756 5591 933 5632 autem
969 5579 1206 5633 subnexa
1237 5595 1358 5632 cum
1386 5579 1468 5630 Itis
1499 5581 1773 5628 cottarrere

175 5635 530 5716 "M‘iga'lur,
559 5652 906 5707 recolendttttt
940 5663 1021 5704 est
1050 5649 1402 5704 Eucltaristitu
1429 5648 1773 5716 perceptione

191 5719 544 5798 Ἣζεξιηιβηι
600 5721 821 5798 nudam,
850 5721 942 5798 sed
985 5738 1201 5798 carnem
1253 5724 1549 5798 vivammac.
1581 5719 1771 5798 spiritu

207 5779 681 5852 Y-hfwliauimatam
719 5779 903 5865 recipi,
936 5793 1178 5865 adeoque
1207 5807 1402 5867 corpus
1423 5779 1624 5846 Clitis“
1655 5804 1772 5860 [τοτ’

1865 2873 2150 2941 cipientes,
2183 2872 2342 2927 simul
2375 2871 2625 2942 spiritum
2657 2870 2774 2941 ejus
2804 2871 3070 2940 recipere.
3101 2870 3177 2925 Ita
3205 2868 3305 2925 etsi
3333 2883 3464 2924 caro

1864 2959 1960 3014 per
1987 2961 2046 3000 se
2076 2960 2180 2998 non
2212 2943 2432 3014 prodest
2481 2944 2794 3014 quidquam,
2849 2943 3073 2997 multum
3117 2953 3464 3014 tamen‘pro-

1864 3009 2003 3078 dest.
2033 3017 2154 3086 quia
2183 3009 2364 3070 secum
2395 3009 2554 3070 habet
2586 3009 2830 3082 spiritum
2884 3015 2971 3086 qui
3021 3013 3268 3086 viviﬁcat.
3297 3009 3465 3086 Cpus-

1862 3103 2023 3141 TANT.
2052 3081 2130 3127 '—
2151 3087 2416 3159 Sanguine
2441 3103 2533 3141 suo
2560 3081 2870 3154 baptizatur.
2904 3084 3173 3159 Rigaltius
3203 3084 3295 3159 ai_t_.
3329 3081 3460 3159 Tota

1899 3159 2093 3213 aradisi
2131 3154 2310 3223 clauis,
2339 3160 2552 3228 sanguis
2581 3169 2695 3210 tuus
2729 3167 2824 3219 est,
2866 3158 3037 3225 inquit
3078 3154 3310 3222 Tertull.
3345 3155 3459 3228 vid.

1899 3175 2091 3213 at'aam
2131 3175 2310 3223 ctavts,
2339 3175 2552 3228 sanguis
2581 3175 2695 3210 tuus
2729 3175 2824 3219 est,
2866 3175 3037 3225 tuqmt
3082 3175 3310 3222 ,ιει-ιυιι.
3352 3175 3459 3208 για.

1859 3175 2030 3302 Epist.
2055 3246 2196 3284 Lvut.
2232 3229 2323 3302 (al.
2356 3229 2484 3301 LVI).
2509 3229 2740 3302 FELLus.
2770 3228 2938 3302 Epist.
2972 3243 3155 3302 Lxxnt,
3191 3241 3310 3295 pag.
3337 3226 3464 3302 156,

1865 3300 2053 3368 Utpote
2079 3302 2163 3369 qtti
2187 3298 2503 3371 baptizentur
2524 3301 2887 3372 gloriosissimo
2919 3309 2964 3352 et
2987 3298 3210 3372 maxime
3247 3298 3457 3372 sangui-

1859 3374 1938 3426 nis
1967 3369 2259 3439 Baptismo.
2279 3373 2343 3425 Et
2381 3387 2503 3426 mox
2526 3369 2692 3426 addit
2717 3372 2976 3441 sanguine
3019 3383 3118 3424 suo
3168 3369 3464 3441 baptizatos

1859 3453 1915 3498 et
1944 3445 2190 3512 passione
2212 3443 2572 3498 sanctiﬁcatos
2599 3439 2962 3498 consuuunari
2995 3452 3046 3495 et
3075 3441 3277 3512 divina!
3307 3439 3465 3512 polli-

1860 3511 2132 3568 citationis
2180 3516 2405 3584 gratiam
2460 3516 2738 3584 consequi.
2789 3512 2926 3568 Vide
2974 3511 3366 3584 Tertullianum
3411 3511 3462 3564 in

1861 3585 2004 3639 libro
2030 3587 2092 3639 de
2119 3583 2386 3654 Baptismo
2415 3595 2468 3641 et
2496 3587 2544 3639 in
2568 3583 2702 3640 libro
2721 3587 2783 3639 die
2817 3584 3098 3638 Pudicitia.
3136 3583 3322 3638 Passio
3343 3597 3469 3654 san~

1862 3666 2066 3710 ctarum
2096 3652 2374 3726 Perpetua:
2392 3668 2441 3712 et
2474 3657 2838 3720 Felicitatism
2859 3657 3106 3727 sanguine
3121 3657 3184 3708 ab
3205 3652 3468 3727 obsta-elice

1862 3729 1929 3799 ad
1951 3725 2216 3782 retiarium
2243 3730 2412 3782 latura
2446 3739 2557 3799 post
2580 3739 2780 3797 partum
2800 3725 3064 3798 Baptismo
3085 3725 3470 3799 secundo_.Vide

1865 3798 2304 3855 dissertationem
2334 3802 2397 3856 t5
2431 3796 2643 3855 Heurici
2689 3796 2967 3863 Dodwelli,
3021 3814 3138 3869 quae
3166 3807 3250 3852 est
3289 3796 3358 3851 de
3384 3812 3470 3851 se-

1864 3870 2039 3942 cundo
2069 3873 2307 3942 martyrii
2339 3871 2631 3942 Baptismo.
2667 3871 2951 3942 BALUZIUS.

1941 3941 2165 3995 Idoneus
2197 3939 2303 3995 esse
2328 3939 2428 3996 non
2461 3955 2641 4011 potest.
2678 3941 2781 3994 Ista
2837 3943 2886 3994 iu
2941 3939 3173 4008 speciem
3227 3951 3469 4011 pugnare

1865 4012 2114 4067 videutur
2148 4029 2270 4066 cum
2306 4013 2388 4067 bis
2417 4008 2536 4083 quae
2583 4014 2722 4066 idem
2754 4011 2971 4079 praesul,
3017 4024 3138 4063 cum
3179 4008 3468 4089 nonnullos

1867 4097 2207 4152 prmproperc
2237 4093 2290 4137 et
2340 4087 2648 4151 importune
2693 4097 2879 4150 pacem
2933 4091 2986 4135 et
3025 4087 3465 4152 communionem

1871 4149 2136 4220 postulare
2165 4171 2192 4206 a
2249 4149 2576 4224 presbyteris
2605 4169 2668 4206 ac
2697 4149 2959 4206 idiaconis
3008 4152 3119 4204 suis
3171 4149 3466 4224 didicisset,

1868 4225 2040 4291 Epist.
2068 4241 2173 4288 xw,
2228 4221 2504 4294 rescripsit
2534 4241 2546 4275 :
2581 4224 2680 4287 Qui
2711 4224 2753 4276 si
2784 4224 2998 4294 nimium
3044 4228 3336 4289 properant,
3376 4221 3470 4294 Ita-_

1868 4296 1982 4348 bent
2027 4295 2079 4346 in
2125 4311 2218 4347 sua
2259 4291 2503 4362 potestate
2549 4296 2683 4362 quod
2730 4292 3008 4360 postulant,
3057 4301 3281 4354 tempore
3335 4291 3470 4359 quod

1870 4363 2126 4436 postulant
2158 4365 2424 4436 largiente.
2457 4364 2602 4417 Acies
2636 4364 2804 4418 adhuc
2834 4364 3059 4436 geritur,
3093 4371 3138 4413 et
3177 4377 3310 4436 agon
3336 4377 3465 4431 quo-

1869 4432 1990 4488 tidie
2015 4436 2295 4489 celebratur
2319 4449 2336 4486 :
2358 4435 2401 4487 si
2427 4436 2680 4487 commissi
2709 4449 2820 4487 vere
2849 4442 2894 4486 et
2925 4433 3136 4502 [irmiter
3165 4432 3390 4498 paenitet,
3420 4441 3468 4484 et

1871 4506 1992 4576 fidei
2012 4507 2152 4560 calor
2179 4505 2435 4576 praevalet,
2461 4505 2546 4574 qui
2568 4502 2763 4571 dilferri
2793 4521 2892 4558 non
2919 4512 3099 4572 potest,
3118 4512 3287 4576 potest
3319 4517 3468 4576 coro-

1873 4573 2008 4633 nari.
2063 4573 2254 4633 Verum
2291 4577 2378 4631 hic
2407 4573 2512 4632 non
2541 4591 2756 4632 omnem
2785 4576 2868 4643 iis,
2895 4576 3088 4646 quibus
3118 4573 3470 4646 Ettrcltaristia‘.

1874 4651 2150 4723 perceptio
2179 4665 2284 4723 non
2313 4648 2640 4711 conceditur,
2675 4644 3203 4723 martyriisubcundi
3236 4653 3471 4723 potesta-

1877 4715 2004 4795 lem,
2040 4715 2134 4776 sed
2169 4720 2378 4795 facilem
2409 4731 2614 4795 tantum
2637 4731 2686 4774 et
2720 4715 3022 4795 expeditam
3042 4734 3158 4795 qua_
3181 4715 3476 4795 paratiores

1875 4794 2027 4857 ﬁant,
2057 4795 2235 4863 negari
2266 4791 2390 4846 inde
2412 4792 2714 4848 coniicitur.
2744 4787 2926 4858 Neque
2954 4791 3112 4844 etiam
3147 4789 3230 4842 his
3255 4789 3306 4863 in
3343 4787 3476 4840 locis

1876 4879 2057 4919 secum
2091 4859 2329 4933 pugnare
2361 4863 2800 4933 vigilantissimus
2830 4872 3012 4932 pastor
3041 4859 3345 4933 censendus
3371 4867 3474 4917 est,

1876 4937 1969 4990 sed
2024 4929 2233 4989 diversa
2271 4929 2498 4990 diversis
2545 4929 2878 5006 temporibus
2926 4931 3162 5006 remedia
3203 4929 3478 5006 sapiepter

1877 5007 2152 5062 adhibere.
2196 5007 2323 5058 Cum
2365 4999 2751 5074 plenitetttibus
2792 5002 3226 5058 (fOlllll'lllillUllelll
3270 4999 3474 5074 diﬂ'crri

1877 5079 2109 5136 volebat,
2145 5077 2194 5128 iu
2253 5076 2302 5129 id
2336 5072 2496 5131 unum
2537 5078 2868 5142 intendebat,
2921 5090 2985 5130 ne
3042 5075 3202 5142 lapsis
3253 5072 3474 5126 omnino

1879 5147 2242 5202 necessarium
2293 5146 2526 5216 probatae
2601 5148 2934 5219 ptenitentisc
3006 5144 3304 5219 remedium
3353 5156 3474 5219 cum
3547 5201 3560 5209 ρ

1880 5223 2168 5274 multorum
2198 5213 2360 5292 exitio
2389 5213 2753 5285 sperneretur.
2799 5220 2948 5273 Nunc
2989 5232 3116 5271 vero
3136 5215 3232 5292 ubi
3267 5213 3476 5292 Eucha-

1877 5292 2082 5364 ristiam
2124 5288 2392 5364 concedit,
2434 5303 2499 5342 eo
2536 5300 2742 5364 spectat
2781 5299 2836 5343 ut
2885 5288 3256 5364 pchtzcutione
3295 5288 3478 5364 saevis:

1879 5361 2012 5415 sima
2044 5363 2377 5424 imminente,
2418 5360 2792 5428 potentissimo
2837 5357 2954 5425 ejus
2983 5357 3232 5429 praesidio
3286 5357 3476 5429 armati

1879 5434 2074 5486 milites
2095 5431 2290 5485 Christi
2315 5426 2521 5484 fortiter
2539 5440 2750 5484 certare
2771 5440 2824 5483 ct
2857 5426 3088 5486 inimicis
3111 5429 3235 5484 lidei
3265 5426 3477 5482 invictis

1878 5505 2072 5557 animis
2101 5503 2348 5556 resistere
2377 5503 2538 5554 tutius
2564 5501 2798 5554 valeant.
2836 5501 3074 5569 Denique
3106 5501 3192 5552 ubi
3221 5501 3294 5552 ait
3320 5517 3332 5552 :
3368 5496 3480 5569 lfa-

1881 5575 1996 5628 bent
2025 5577 2075 5626 in
2102 5591 2193 5626 sua
2225 5583 2466 5641 potestate
2486 5572 2618 5638 quod
2647 5575 2926 5639 postulant,
2958 5567 3027 5623 ibi
3057 5570 3336 5636 adjuvante
3365 5567 3482 5641 iDﬁo-A

1878 5648 2016 5698 mino
2059 5639 2414 5712 supplendum
2459 5657 2577 5696 esse
2607 5643 2946 5696 manifestum
2999 5648 3080 5693 est
3133 5654 3197 5690 ex
3229 5642 3313 5693 his
3365 5639 3486 5712 libri

1880 5718 2046 5782 ipsius
2071 5710 2138 5768 de
2169 5713 2487 5770 Mortalitate
2517 5729 2530 5768 :
2560 5712 2681 5766 Non
2710 5724 2783 5767 est
2811 5713 2864 5764 in
2896 5721 2982 5764 tua
3006 5717 3274 5782 potestate,
3306 5710 3396 5782 sed
3431 5711 3484 5762 in

1880 5775 1976 5842 Dei
2019 5787 2313 5857 dignatione
2358 5787 2678 5855 martyrium.
2732 5785 2903 5841 lnttuo
2951 5775 3113 5836 etiam
3143 5775 3231 5831 ιιὺί
3285 5780 3351 5832 de
3395 5796 3482 5848 eo,
