1858 3136
200 105 255 134 865

200 212 328 247 adscripti
342 213 368 241 in
381 214 528 249 appendice
540 221 652 250 operum
668 216 698 243 Ι).
709 216 833 251 Cypriani
848 217 997 246 Balnzianm

200 258 328 286 editionis
339 265 400 293 pag.
414 259 441 292 7,
454 264 481 287 et
496 266 572 296 seqq.

239 316 311 343 Hanc
330 317 490 351 scriptorum
517 324 690 353 apparentem
716 321 954 350 contradictionem
970 329 999 351 ut

200 363 326 390 tollerent
337 363 442 392 Erttditi
457 365 593 400 duplicem
614 367 752 402 hucusque
767 368 902 396 iniverunt
915 370 997 397 viam.

199 408 252 436 Alii
270 409 388 443 potiores
407 411 527 439 tribuunt
550 417 639 447 partes
661 413 772 446 Latinis,
798 419 878 450 atque
902 416 999 444 exinde

200 453 331 488 inferunt.
358 455 468 484 Graecos
496 457 674 486 hallucinatos
699 459 789 488 fuisse.
819 460 856 488 Ita
888 468 999 490 censent.

199 499 332 528 Henricus
349 501 473 530 Valesius
490 502 542 539 (1),
556 504 681 532 Petavius
695 505 747 541 (2),
768 506 925 536 Ruinarlius
945 508 997 545 (5),

201 545 308 573 Caveus
339 547 391 584 (1),
414 553 441 576 et
464 548 604 578 Fabricius
626 551 679 587 (5),
696 552 793 587 quibus
808 560 904 581 omnes
915 562 999 590 prope

198 591 294 626 reliqui
310 593 456 628 scriptores
472 596 632 624 asseutiunt.
646 597 714 624 Aliis
728 606 743 626 e
756 603 850 626 contra
865 608 880 628 e
894 600 997 629 diame-

200 643 243 665 Iro
263 641 385 674 opposita
412 641 499 676 placet
530 643 632 678 opinio,
656 645 864 681 existimantque
890 647 999 676 Graecos

199 684 277 719 longe
293 686 389 714 melius
402 688 546 723 veriusque
558 696 734 719 conservasse
744 699 837 719 verum
853 692 932 728 hujus
947 694 998 722 viri

200 739 308 759 nomen.
323 732 408 760 Nemo
419 738 506 761 autem
522 735 637 769 doctius,
663 739 857 772 operosiusque
881 739 932 766 hoc
952 739 999 767 de-

198 784 350 808 monstrare
366 786 478 809 conatus
492 787 543 816 est,
560 790 640 818 quam
664 784 818 813 Lardncrus
831 786 857 813 in
870 786 999 821 singulari

198 826 400 859 dissertatione,
417 836 477 863 quzc
499 828 525 856 in
544 829 693 866 Credibilin
707 831 737 866 of
747 832 789 858 tlte
812 833 863 859 υοι.
876 833 904 866 9,
919 842 945 861 ρ.
968 842 994 861 ιι.

199 877 270 907 part.
287 881 316 906 ιι,
334 881 394 909 pag.
412 874 475 907 565,
492 875 622 911 impressa
636 877 760 905 habetur.
776 877 843 906 Cum
858 886 923 907 vero
940 879 998 907 haec
1012 873 1036 903 Β

198 920 333 947 sententia
345 920 475 949 Lardneri
491 930 545 949 non
560 922 646 950 solum
661 924 759 951 criticis
777 924 908 953 hactenus
921 926 997 953 inatt—

200 964 266 998 dita,
283 967 329 994 sed
343 967 476 1003 exquisite
489 976 597 1004 qttoque
612 976 753 1005 concepta,
768 976 848 1006 atque
863 972 1000 1000 illustran-

199 1011 242 1038 dis
255 1016 377 1039 veterum
393 1014 499 1049 scriptis
511 1019 541 1042 ut
564 1016 707 1050 plurimum
726 1018 927 1045 accommodata
953 1019 997 1050 sit.

200 1056 271 1084 haud
284 1057 417 1093 ingratum
432 1060 532 1087 nostris
555 1060 701 1089 lectoribus
716 1062 774 1090 fore
787 1063 959 1096 arbitramur,
976 1065 999 1092 si

200 1103 316 1131 laudata!
330 1104 530 1134 dissertationis
545 1113 703 1143 argumenta
717 1108 760 1137 hic
768 1111 923 1138 summatim
938 1118 998 1138 cum

199 1149 239 1177 Cl.
256 1149 373 1178 Walchii
403 1151 554 1187 subjunetis
584 1154 863 1184 animadversionibus
886 1156 925 1192 (6)
951 1158 1000 1185 ad-

198 1195 339 1225 ducamus.

238 1276 270 1304 ll.
288 1277 356 1305 Sunt
366 1282 457 1306 autem
468 1278 527 1307 haec
542 1288 549 1306 :
567 1279 594 1306 1⁸
607 1279 708 1309 Omnes
719 1282 799 1317 graeci
813 1281 964 1317 Scriptores
972 1282 1002 1309 il»-

201 1322 255 1350 lum
272 1322 402 1351 Novatum
414 1325 562 1353 nominant.
580 1326 620 1354 Eo
630 1327 714 1362 magis
728 1327 781 1354 illis
795 1327 861 1355 fides
879 1328 1001 1356 habenda

200 1373 253 1401 est,
275 1369 346 1404 quod
373 1370 503 1399 Eusebius
526 1371 622 1399 litteris
645 1373 805 1401 authenticis
830 1373 947 1402 Comelii
976 1379 1003 1402 et

202 1414 321 1451 Dionysii
334 1417 508 1446 Alexandrini
524 1426 587 1447 usus
611 1419 702 1452 fuerit,
714 1422 877 1456 partemque
896 1422 1000 1449 illarum

200 1467 371 1497 posterorum
399 1464 537 1492 memoriae
560 1467 744 1499 conservarit;
771 1467 875 1495 Socrati
890 1475 953 1495 vero
976 1474 1004 1496 et

202 1509 355 1537 Sozomeno
364 1518 424 1538 cum
434 1510 589 1539 Novalianis
606 1512 715 1540 indubia
727 1514 895 1541 consuetudo
911 1514 1001 1542 ftterit.

236 1556 266 1582 2'
281 1556 421 1584 Manifesta
444 1557 539 1585 falsum
561 1562 612 1592 est,
625 1565 720 1586 omnes
734 1558 831 1587 latinos
853 1560 1004 1595 Scriptores

202 1602 278 1630 illum
292 1603 444 1638 appellasse
465 1603 649 1631 Novatianum.
678 1604 759 1633 Certe
776 1605 889 1633 Rufinus
915 1613 960 1633 sua
975 1606 1001 1633 in

202 1649 326 1676 versione
352 1649 477 1676 Historiae
513 1649 710 1678 Ecclesiasticte
732 1651 840 1679 Eusebii
878 1651 1003 1680 eumdem

202 1698 358 1721 constanter
388 1694 515 1721 Novatum
535 1696 650 1723 vocavit.
679 1696 707 1724 In
741 1697 862 1725 Romana
890 1705 1002 1732 operum

204 1740 235 1766 D.
248 1739 383 1767 Ambrosii
398 1740 525 1772 editione,
544 1741 665 1775 habetur,
682 1742 742 1770 libr.
755 1752 763 1770 ι
777 1744 810 1771 de
831 1744 1001 1776 Pmnitentia,

203 1793 263 1820 cap.
281 1786 309 1819 5,
323 1793 419 1813 nomen
433 1786 539 1821 Novati,
560 1788 631 1823 quod
649 1789 757 1824 quidem
772 1790 934 1817 Benedictini
948 1790 1005 1817 edi-

205 1836 277 1859 tores
291 1832 346 1858 suis
372 1833 397 1859 iti
414 1832 494 1865 notis,
512 1837 577 1860 tom.
595 1842 613 1861 ιι
627 1842 671 1869 op.
687 1843 747 1871 pag.
764 1835 827 1869 595,
856 1835 1006 1871 reprehen—

203 1877 289 1910 dunt;
317 1878 364 1905 sed
381 1879 520 1907 enimvero
535 1879 604 1906 haud
632 1881 774 1909 verisimile
800 1887 851 1915 est,
874 1883 1005 1912 cditorem

206 1923 355 1951 Romanum
367 1929 480 1957 temere.
494 1926 646 1960 nulliusque
658 1928 832 1962 manuscripti
847 1930 1007 1958 auctoritate

205 1972 307 2003 nixum,
334 1971 405 1999 illatn
434 1973 577 2000 lectionem
602 1978 723 2000 secutum
749 1974 842 2002 fuisse.
871 1975 898 2002 ln
914 1976 1007 2004 Hilarii

205 2018 371 2052 fragmentis,
385 2025 445 2053 pag.
460 2018 540 2051 1520,
559 2018 684 2046 editionis
700 2020 826 2048 Maurina:
843 2022 938 2056 legitur
952 2021 1008 2049 Νο-

203 2067 287 2090 vatus.
307 2064 486 2099 llieronymus
506 2073 613 2100 quoque
635 2072 782 2093 comment.
807 2068 833 2094 in
847 2068 917 2100 .loel,
941 2073 1006 2096 tom.

204 2117 233 2136 ιιι
247 2117 322 2144 opp.,
354 2117 412 2146 pag.
433 2111 512 2144 1558,
542 2112 567 2138 in
595 2112 688 2146 Amos,
706 2120 766 2147 pag.
796 2114 876 2146 “07,
896 2114 1007 2149 Epistol.

205 2164 314 2188 xxxvnt,
331 2161 396 2184 tom.
432 2165 467 2188 IV,
489 2165 548 2193 pag.
575 2158 645 2190 507,
670 2158 753 2192 Epist.
774 2168 828 2192 LVI,
854 2167 914 2196 pag.
943 2161 1007 2193 586,

206 2201 291 2236 Epist.
302 2210 415 2236 Lxxxrv,
439 2211 498 2238 pag.
514 2203 577 2236 659,
595 2203 723 2232 editionis
744 2205 889 2232 Martiatnei
921 2205 1009 2233 Nova-

205 2253 258 2275 tum
272 2248 400 2282 appellat,
421 2248 463 2275 ubi
479 2249 621 2276 manifeste
646 2249 679 2277 de
708 2250 864 2286 presbytero
887 2251 1009 2279 Romano

205 2301 358 2320 sermonem
369 2294 483 2321 instituit
497 2302 503 2319 :
519 2294 629 2327 insuper
640 2294 799 2323 Philastrius
809 2296 843 2324 de
854 2297 1009 2325 llarresibus

205 2346 266 2373 cap.
283 2338 334 2370 84;
346 2338 511 2373 Augustinus
522 2339 556 2366 de
569 2338 728 2371 bsercsibus,
746 2348 806 2376 cap.
819 2342 863 2373 58,
883 2343 916 2370 dc
935 2344 1009 2370 utili-

207 2384 376 2419 tatejejunii,
393 2392 453 2419 cap.
464 2384 491 2415 9,
504 2383 518 2419 §
530 2384 574 2415 11.
588 2385 686 2411 Contra
704 2384 890 2420 Cresconium,
909 2389 955 2415 lib.
979 2397 1008 2421 ιι,

207 2438 266 2466 cap.
278 2431 303 2457 1.
314 2430 425 2458 Rufinus
440 2431 467 2457 in
482 2430 604 2464 Exposit.
620 2430 751 2466 Symboli,
764 2431 790 2459 in
807 2433 900 2467 quinto
922 2434 1008 2463 Tomo

299 2551 389 2594 Yales.
401 2552 427 2593 ἔνη
442 2550 658 2594 ΛίριταιζΕιξξρῡὲ
667 2552 756 2594 _E.,
770 2553 815 2580 lib.
831 2562 868 2588 vt,
886 2562 945 2590 cap.
961 2556 1008 2584 45.

243 2553 267 2590 (1
299 2553 389 2579 Vales.
401 2553 427 2579 in
442 2553 549 2579 Not.ad
558 2553 652 2579 Euseb.
667 2553 699 2580 Η.
714 2553 756 2586 Ε..,
770 2553 815 2580 lib.
831 2562 868 2588 vt,
886 2562 945 2590 cap.
961 2556 1007 2584 45.

243 2553 389 2650 Egeggtav.
405 2588 432 2614 in
449 2587 513 2614 Not.
543 2588 569 2614 in
587 2588 616 2615 S.
636 2587 780 2624 Epiplmn.,
797 2594 862 2617 tom.
892 2599 909 2618 ιι
931 2598 1007 2640 opp.,

209 2631 267 2659 pag.
283 2631 347 2650 πυ.

244 2659 283 2695 (5)
299 2658 608 2696 [ξιιὶιιιιιιε-ᾼεινδειεει.
625 2659 747 2696 Μαγιςμκ,
763 2668 823 2696 pag.
839 2661 901 2688 180.

245 2693 284 2731 (4i
300 2693 393 2732 Care”
409 2693 606 2722 liisL’litterar.
624 2693 752 2731 Scriptor.
764 2693 882 2729 'EEcles”
908 2702 972 2724 tom.
989 2706 1010 2732 ι,

209 2729 269 2766 pag.
284 2729 346 2766 4‘29.

245 2766 284 2802 (5)
302 2765 361 2792 Alb.
378 2765 483 2793 Fabric.
509 2772 562 2794 not.
592 2767 617 2793 in
640 2766 802 2802 flicronynt.,
815 2768 841 2794 in
856 2768 1009 2796 Bibliot/tec.

211 2802 371 2832 lt‘cclesinsl..
390 2809 449 2837 pag.
465 2802 527 2830 158.

246 2837 287 2875 (6)
300 2837 397 2865 Christ.
419 2837 511 2865 Willh.
534 2838 630 2866 Franz.
652 2838 757 2866 Walck.
774 2838 1010 2875 Kezergeschiclite.

210 2883 229 2902 ιι
244 2879 322 2912 part.,
337 2881 396 2910 pag.
411 2875 474 2911 188,
488 2879 515 2904 et
529 2882 605 2910 seqq.

1017 1578 1039 1609 C

838 111 881 138 DE
902 111 983 140 VITA
997 112 1042 141 ET
1063 113 1215 154 SCRIP'US

199 173 297 202 uymus
305 168 395 202 operis
405 168 713 197 adversusNovatianum
722 170 788 199 falso
796 171 857 199 divo
865 172 999 208 Cypriane
1012 176 1037 205 Α
1052 182 1115 210 opp.
1133 175 1300 211 Hieronymi,
1327 183 1354 210 p.
1381 175 1447 208 150;
1472 176 1585 213 Pelagius
1604 179 1667 214 ibid.,
1684 191 1704 218 ι),
1712 187 1766 222 1015’

1022 2278 1047 2308 D
1062 2271 1114 2297 duo
1130 2271 1198 2298 inter
1213 2271 1255 2297 illa
1279 2275 1399 2297 extrema
1425 2275 1458 2297 tct
1469 2271 1532 2297 litim
1547 2268 1626 2295 adhuc
1647 2267 1713 2294 locum
1724 2261 1777 2292 ΒΜ»

1730 130 1763 159 ειη

1802 194 1812 337 l

1804 733 1812 776 i

1809 820 1812 863 Ἰ

1806 863 1812 908 l

1808 908 1812 1071 Φ

1793 1071 1812 1213 l

1689 2744 1812 2837 ".3

1700 2786 1742 2814 ,εγ

1672 2837 1812 2981 ιιι

1049 221 1174 249 eumdem
1188 221 1315 249 Novatum
1331 223 1477 250 nominant.

1084 269 1113 295 5°
1135 268 1238 296 Nomen
1270 274 1352 297 sectae
1387 270 1461 303 juxta
1484 273 1661 306 grammaticam
1684 278 1771 314 originem

1051 314 1131 341 habet
1145 322 1197 341 non
1215 323 1229 342 a
1248 315 1412 347 Nouatitmo:
1429 316 1475 343 sed
1500 318 1582 352 potius
1597 327 1611 346 a
1624 319 1771 359 Novato,qum

1050 360 1263 388 observationem
1279 360 1308 388 S.
1323 361 1485 393 Augustinus
1494 362 1521 390 in
1531 363 1613 392 ultimo
1623 373 1690 401 supra
1699 369 1772 400 adducto

1051 406 1111 434 loco
1133 407 1294 439 conlirmat;
1309 408 1351 435 cui
1372 412 1460 435 tamen
1481 408 1524 436 alii
1536 410 1560 436 in
1574 410 1627 445 hoc,
1645 415 1771 447 quemadmo.

1050 454 1112 481 dum
1128 454 1196 481 infra
1210 454 1343 489 dicemus,
1359 455 1551 484 contradicunt.

1086 520 1114 547 4⁸
1132 519 1354 547 NominisNouati
1361 520 1486 556 frequens
1493 521 1558 557 apud
1565 522 1671 558 antiquos
1676 525 1698 553 fit
1703 530 1772 561 mentio.

1049 565 1168 601 illudque
1193 566 1386 599 notissimum;
1409 567 1546 595 Novatiani
1560 576 1619 597 vero
1631 577 1714 605 prorsus
1723 583 1763 604 ηοη,

1086 623 1126 650 Ad
1146 624 1337 656 objectionetn,
1368 625 1439 659 quod
1461 624 1603 660 Cyprianus
1627 630 1690 656 tamen
1707 632 1774 668 ubique

1051 669 1106 696 fere
1129 669 1318 705 presbyterum
1336 677 1476 698 romanum
1512 670 1666 700 Novatianum
1687 679 1773 712 nominet,

1050 715 1196 749 respondet
1221 715 1386 749 Lardnerus,
1421 716 1505 751 quod,
1529 717 1586 752 quia
1617 717 1772 756 Carthaginensis
1804 715 1811 756 ἆ

1051 760 1129 795 hujus
1143 762 1261 796 episcopi
1276 762 1390 789 multum
1407 762 1545 794 intererat,
1571 763 1719 800 presbyterum
1734 769 1774 796 Cir.

1049 808 1233 843 thaginensem
1248 808 1378 836 Novatum
1390 813 1527 844 tamquam
1540 811 1679 845 prtecipuum
1691 813 1774 843 scltisma.
1805 808 1810 839 ἦ

1051 854 1084 882 tis
1095 859 1231 883 auctorem
1245 855 1398 890 designare,
1416 863 1449 883 eo
1471 856 1582 884 concilio
1595 857 1714 887 [laniabunt
1724 860 1776 888 Nota.

1051 902 1148 927 tianum
1176 902 1367 935 appellaverit;
1410 907 1439 928 ut
1473 902 1567 929 exinde
1590 904 1721 939 ostenderet,
1740 915 1775 935 eun

1050 953 1210 975 sectatorem
1227 949 1308 976 fuisse
1325 949 1422 976 Novati
1434 948 1646 985 Cartltaginensis.

1088 1017 1127 1043 ΙΙΙ.
1152 1017 1187 1043 De
1211 1018 1258 1043 hac
1282 1018 1470 1045 Lnrdneriano
1490 1018 1610 1053 opinione
1626 1018 1668 1048 hac
1683 1023 1777 1050 mouenda

1051 1070 1111 1089 esse
1136 1063 1271 1090 duximus.
1301 1063 1433 1096 Primum,
1460 1064 1529 1098 quod
1555 1067 1699 1093 conlt‘oversia
1719 1073 1778 1101 caput

1051 1113 1165 1142 spectat,
1184 1108 1309 1136 videntur
1323 1109 1399 1136 nobis
1408 1109 1452 1136 Cl.
1469 1109 1594 1137 Lardncri
1606 1112 1777 1145 argumentabaud
1793 1108 1809 1140 ἱ

1052 1157 1116 1181 satis
1129 1155 1291 1188 doeretoria,
1303 1161 1329 1184 ct
1342 1156 1575 1191 pi-zeponderantia
1583 1164 1647 1190 esse;
1658 1163 1778 1194 nampraltr-

1053 1209 1132 1234 quam
1159 1202 1229 1236 quod
1257 1203 1335 1229 allata
1361 1203 1443 1236 ratio,
1466 1211 1513 1230 cur
1532 1205 1559 1230 S.
1581 1202 1700 1239 Cyprianus
1717 1204 1776 1237 virum,

1053 1247 1097 1282 qui
1123 1249 1188 1274 alias
1212 1249 1351 1276 dicebatur
1373 1249 1505 1283 Novatus,
1527 1251 1641 1278 continuo
1659 1250 1775 1278 Noralianun

1054 1296 1211 1330 appellarit,
1235 1298 1298 1331 quin
1328 1305 1447 1331 unquam
1471 1305 1545 1324 suum
1570 1297 1689 1332 permulatl
1706 1297 1776 1325 nominis

1054 1342 1196 1369 ουιιςῑιὶιιιιι
1214 1343 1370 1377 indigitarit,
1388 1343 1460 1370 haud
1478 1344 1618 1370 verisimilis
1630 1344 1665 1376 sit,
1678 1343 1775 1372 nonsolut

1054 1388 1215 1423 Cyprianus,
1234 1389 1278 1415 sed
1295 1390 1351 1422 ipse
1364 1397 1473 1424 quoque
1489 1389 1628 1424 Cornelius,
1641 1390 1678 1424 qui
1690 1389 1775 1416 internu-

1055 1443 1102 1461 nes
1120 1435 1157 1460 sui
1178 1435 1335 1464 adversarii.
1354 1442 1378 1462 et
1394 1436 1487 1463 rivalis
1503 1444 1594 1463 nomen
1604 1435 1684 1470 optime
1694 1435 1776 1462 nossede

1056 1480 1159 1511 ltucrnl,
1187 1481 1241 1507 suis
1258 1481 1282 1507 iu
1299 1482 1421 1515 epistulis
1443 1481 1531 1508 latinis
1546 1482 1622 1515 ipsum
1644 1479 1775 1515 pariterlion-

1056 1529 1155 1554 tinnutn
1173 1535 1279 1562 Semper
1296 1529 1462 1558 nominavit;
1482 1529 1523 1555 tibi
1539 1528 1618 1555 adhuc
1630 1533 1702 1555 nolaltt
1711 1527 1775 1562 dum

1056 1574 1125 1608 quod
1141 1576 1165 1600 in
1180 1582 1264 1608 ενι-ω
1281 1575 1395 1608 epistola
1410 1574 1530 1601 Cornelii
1545 1574 1574 1601 ad
1587 1571 1776 1601 FabiuntAntiodw

1057 1627 1131 1651 nutn,
1147 1621 1222 1653 cujus
1239 1620 1404 1647 luculentum
1422 1620 1596 1655 fragmentum
1609 1620 1674 1647 nobis
1685 1624 1775 1646 com-

1058 1666 1093 1691 rit
1118 1665 1260 1697 Eusebius,
1275 1673 1371 1692 nomen
1388 1665 1469 1700 hujus
1487 1666 1534 1692 \‘iri
1549 1672 1674 1698 numquam
1690 1667 1774 1694 manu;

1057 1711 1150 1737 adhu-e
1166 1712 1252 1745 potius
1266 1712 1387 1738 accidere
1401 1713 1497 1746 potuit.
1512 1712 1579 1747 quod
1592 1711 1665 1739 Graeci
1677 1709 1776 1738 vocabulum

1061 1757 1220 1783 Nor/tlimms
1236 1765 1282 1791 pro
1297 1758 1394 1792 aliquo,
1418 1758 1453 1785 ab
1468 1759 1533 1785 alias
1557 1763 1615 1785 noto
1627 1762 1648 1784 et
1665 1755 1739 1791 proprio
1747 1762 1776 1782 no-

1059 1805 1130 1830 mine
1154 1803 1269 1830 A'ovatus
1285 1804 1364 1836 dicto,
1380 1809 1461 1838 atque
1477 1812 1491 1830 e
1514 1809 1590 1831 sect:e
1608 1803 1694 1830 nomine
1703 1800 1778 1829 devium

1060 1850 1211 1882 habuerint,
1229 1858 1259 1877 ac
1275 1850 1371 1877 exinde
1389 1851 1421 1877 ad
1439 1850 1597 1877 credendum
1611 1848 1688 1876 inducti
1705 1846 1778 1877 fuerint,

1061 1902 1144 1926 \‘irnm
1168 1900 1241 1926 illtnn
1259 1899 1387 1925 Nouatum
1402 1900 1565 1934 appellatum
1590 1895 1715 1931 fuissequin
1725 1900 1780 1928 ριορ-

1061 1951 1132 1973 turea
1151 1946 1185 1972 de
1205 1946 1359 1972 confusione
1374 1946 1488 1972 duarum
1511 1946 1710 1980 persanarumlam
1719 1939 1779 1966 diter-

1061 2001 1149 2019 sarntn
1168 1993 1309 2019 accusandi
1327 1992 1392 2018 sint.
1407 1992 1485 2019 Utttle
1500 1991 1648 2018 recentiores
1662 1984 1781 2018 laliniscrip-

1062 2042 1145 2070 tores,
1168 2039 1210 2073 qui
1232 2038 1349 2072 priorum
1366 2038 1495 2072 operibus
1516 2037 1643 2064 manifesto
1658 2034 1689 2062 usi
1705 2032 1779 2062 fw.

1061 2085 1165 2111 illorum
1192 2085 1301 2120 vestigia
1318 2090 1490 2119 presserunt;
1515 2092 1591 2119 quam
1610 2087 1634 2111 ut
1652 2078 1751 2109 Gemellus
1764 2081 1780 2104 ει

1061 2132 1210 2166 Cyprianus
1226 2133 1250 2158 iu
1267 2132 1375 2159 nomine
1391 2132 1517 2158 crrarint.
1544 2130 1650 2165 Denique
1660 2126 1748 2155 omnibus
1759 2129 1778 2150 αι

1062 2179 1205 2206 momentis
1234 2178 1360 2205 Lardneri
1387 2186 1416 2205 ea
1444 2178 1596 2206 consecutio
1614 2169 1779 2204 hauan

1062 2224 1190 2256 infertur,
1216 2224 1285 2259 quod
1307 2224 1381 2250 latini
1411 2223 1563 2252 hallucinali
1591 2221 1681 2249 fuerint.
1692 2215 1778 2253 Siqlitlﬂl

1062 2317 1131 2349 quod
1148 2317 1257 2343 alterius
1270 2320 1368 2343 nostrm
1387 2315 1622 2343 animadversionis
1635 2312 1778 2347 objeclll‘w'

1062 2364 1156 2390 stituit.
1171 2362 1197 2389 Si
1213 2370 1307 2389 OlllllCS
1318 2362 1521 2389 observationes
1537 2360 1610 2388 simul
1623 2358 1776 2403 colligltlﬂifi

1062 2410 1093 2436 iis
1106 2418 1157 2436 non
1174 2410 1223 2436 nisi
1245 2409 1300 2435 luet:
1312 2410 1411 2443 duplex
1425 2409 1559 2436 conclusio
1573 2405 1652 2434 inferri
1661 2405 1776 2448 ιικᾴξῖιξίξ·

1061 2466 1102 2484 tua
1120 2462 1177 2483 est:
1193 2461 1239 2483 aut
1254 2465 1315 2488 una,
1332 2462 1375 2482 aut
1396 2457 1480 2483 altera
1494 2463 1563 2491 pars,
1576 2442 1774 2491 scilicetvelbllft

1061 2504 1101 2530 rel
1115 2503 1199 2530 Glauci
1216 2504 1240 2529 iu
1260 2503 1367 2529 nomine
1383 2507 1514 2530 errarunt.
1533 2501 1588 2529 Jam
1602 2488 1774 2538 vero,

1061 2550 1131 2576 catio
1152 2549 1266 2576 laudata:
1287 2549 1468 2576 conclusionis
1493 2546 1654 2576 communiter
1673 2539 1773 2574 iam

1062 2597 1228 2626 Latinorum,
1244 2602 1271 2622 et
1286 2596 1411 2622 invidiam
1431 2594 1580 2622 Cra-corum
1594 2587 1775 2635 uaricum

1063 2648 1153 2669 now'a
1180 2643 1299 2676 profecvo
1323 2642 1448 2676 opinione
1463 2641 1503 2668 Cl.
1517 2638 1653 2668 Lardnertts
1667 2638 1719 2672 ηυξ

1062 2691 1152 2722 evicit,
1175 2698 1232 2717 eam
1256 2690 1462 2724 applieationem
1477 2692 1548 2715 recta
1569 2683 1650 2732 inverti

1062 2745 1137 2769 vero,
1155 2736 1224 2770 quod
1239 2737 1272 2763 ita
1288 2736 1344 2763 fieri
1359 2736 1471 2770 debeat;
1484 2734 1561 2762 altera
1573 2728 1773 2770 conclusio“

1063 2788 1108 2810 aut
1127 2790 1209 2817 penes
1224 2787 1365 2816 utramque
1381 2786 1481 2817 partem
1500 2783 1540 2807 est
1552 2776 1643 2806 veritas.
1695 2776 1745 2817 Et;

1098 2815 1230 2856 Cretcrum
1246 2815 1390 2855 observata
1403 2827 1509 2862 dignum
1522 2819 1640 2872 est,_quotl

1063 2883 1109 2903 rus
1137 2875 1179 2902 hic
1195 2879 1325 2902 aunotare
1340 2872 1495 2910 neglexerit,
1517 2869 1607 2908 pluria
1622 2869 1709 2916 imi"
