1891 3140
174 189 226 220 867

805 193 851 222 DE
870 193 952 222 VlTA
964 193 1010 223 ET
1025 193 1177 224 SCRIPTIS
1748 198 1792 227 808

174 255 288 280 testatur
304 252 355 289 (Ι).
371 251 413 279 Ad
432 253 585 279 extremum
609 255 662 278 tam
682 251 794 285 perditae
815 251 970 279 ambitionis
984 253 1008 282 Α
1022 253 1147 280 vatianus
1158 252 1307 288 Episcopus
1317 252 1457 282 ordinatus
1471 258 1522 282 est.
1543 254 1601 288 Qua
1614 259 1697 283 autem
1707 257 1795 287 ratione

173 304 241 327 :nstu
252 299 379 333 abreptus
389 298 449 331 fuit,
465 302 572 332 tamque
586 297 644 325 dira
658 297 772 333 ﬂagrare
782 300 864 333 coepit
876 307 970 327 amen-

173 345 218 377 tia,
236 349 263 372 ut
278 352 339 372 eum
355 351 408 371 non
427 343 554 379 pndncrit
576 353 586 369 ι
609 343 738 372 adversus
754 344 906 372 Cornelium
921 345 972 372 Ca-

174 391 295 418 thedram
311 390 508 418 sacerdotalem
532 390 658 418 invadere
673 399 680 417 :
702 400 711 417 ι
728 391 818 418 verbis
831 396 893 418 utor
906 391 970 419 llic-

171 437 276 473 ronymi
286 436 336 473 (2).
351 437 454 471 Quibus
465 443 554 464 autem
570 437 672 465 artibus
684 437 831 465 Romanam
843 438 972 466 invaserit

171 484 274 517 sedem,
298 483 430 519 quibusve
452 484 593 511 calumniis
608 482 761 511 Cornelium
776 492 811 512 ex
834 492 865 512 ea
879 485 971 512 detur-

171 529 237 558 bare
252 533 365 557 conatus
378 529 468 562 fuerit,
488 529 638 565 Cyprianus
651 530 684 557 ad
700 530 881 557 Antonianum
897 531 971 558 bisce

171 576 254 604 refert
267 576 356 603 verbis
368 575 408 611 (5)
423 584 429 603 :
449 585 459 601 ί
471 575 547 609 Quod
556 580 645 603 atttem
657 576 779 610 quaedam
795 576 829 604 de
844 576 901 610 illo,
918 586 927 603 ι
945 576 970 604 id

171 626 212 649 est
221 622 442 657 CorneliogPapa,
460 631 470 647 «
490 622 641 655 inhonesta,
655 627 682 649 et
696 623 810 657 maligna
822 622 967 656 jactanlur,

171 669 234 696 nolo
247 668 368 701 mireris;
391 675 452 696 cum
466 668 547 701 scias,
569 668 621 696 hoc
633 675 694 695 esse
709 675 776 703 opus
786 675 894 703 semper
910 670 972 696 Dia-

171 715 235 747 boli,
253 721 281 743 ut
293 722 388 743 servos
402 715 449 743 Dei
466 715 606 743 mendacio
621 716 732 749 laceret,
753 721 780 743 et
798 716 971 751 opinionibus

170 759 246 787 falsis
258 759 406 794 gloriosum
428 766 524 787 nomen
549 759 677 792 infamet;
694 764 722 787 ut
739 760 784 793 qui
798 760 971 787 conscientiae

171 814 227 833 sua:
249 805 310 833 luce
331 805 492 839 clarescunt,
508 806 604 834 alienis
617 806 770 833 rumoribus
785 806 967 834 sordidentur.

172 852 333 886 Explorasse
346 857 435 879 autem
445 852 562 887 collegas
575 856 683 879 nostros
694 853 773 883 scias.
788 857 815 879 et
830 852 971 879 verissime

171 898 346 933 comperisse,
369 898 441 925 nulla
460 898 535 925 illum
559 898 653 930 libelli,
676 904 706 925 ut
725 898 833 933 quidam
853 898 967 933 jactattt,

1023 298 1187 326 Novatianus
1203 300 1349 327 Romanam
1366 301 1456 328 sedem
1474 302 1610 334 invaserit,
1625 310 1655 330 ac
1667 303 1796 341 Episcopus

1024 345 1103 372 fuerit
1125 346 1278 378 ordinatus,
1301 346 1441 374 Cornelitts
1455 348 1487 375 ad
1500 348 1609 376 Fabium
1622 350 1796 380 Antiochenam

1024 393 1177 426 episcopum
1202 393 1322 426 pluribus
1346 395 1527 429 persequitur,
1553 402 1614 422 cum
1637 396 1733 425 scilicet
1754 398 1798 434 epi»

1024 438 1138 472 scopulis
1163 438 1300 472 dignitatis
1330 439 1477 472 cupiditate
1504 441 1642 468 incensum
1668 447 1737 470 suam
1762 444 1798 472 ali-

1023 483 1148 517 quamdiu
1164 485 1336 511 ambitionem
1359 485 1479 513 affectata
1496 487 1646 514 humilitate
1665 488 1763 522 texisse,
1778 495 1798 517 ut

1025 529 1083 555 lidci
1101 530 1269 557 conl'essorcs
1282 531 1471 564 sibisociaret;
1488 533 1560 560 brevi
1576 539 1674 568 tamen,
1687 535 1741 570 quis
1754 536 1798 564 the.

1024 576 1067 604 iit.
1079 583 1231 611 quantoque
1241 579 1374 612 superbiat
1385 580 1641 613 spirituduceretur,
1652 583 1795 617 apparuisse.

1029 632 1037 647 α
1061 623 1126 649 Nam
1139 625 1264 658 egregius
1285 625 1328 652 ille
1352 626 1402 659 vir,
1425 627 1469 660 qui
1494 626 1642 654 tremendis
1661 628 1794 663 quibusdam

1026 671 1204 697 sacramentis
1227 671 1417 705 affirmaverat,
1436 679 1465 699 se
1478 673 1660 708 episcopatum
1673 680 1717 701 non
1735 683 1793 703 con-

1025 718 1173 751 cupiscere,
1196 724 1307 752 repente
1319 722 1454 753 tamquam
1470 727 1501 746 ex
1517 720 1642 748 machina
1663 721 1762 756 quadam
1774 722 1797 750 in

1025 764 1143 790 medium
1160 764 1297 798 projeclns
1319 766 1464 800 episcopus
1476 766 1612 800 apparuit.
1628 766 1659 794 Et
1672 767 1702 797 is.
1722 768 1794 803 quise

1024 809 1174 841 doctorem,
1188 815 1214 836 et
1233 811 1579 846 ecclesiastica:disciplina!
1595 818 1796 849 propugnatorem

1023 856 1135 888 ferebat,
1154 864 1212 882 cum
1228 857 1411 892 episcopatum
1426 859 1475 885 sibi
1490 867 1504 885 a
1521 859 1577 886 Deo
1592 860 1698 888 minime
1707 867 1799 890 centies-

1024 910 1082 928 sum
1098 910 1202 936 rapere,
1221 911 1250 930 ac
1268 904 1403 931 vindicare
1419 909 1575 939 conaretur,
1592 905 1659 934 duos
1673 907 1798 942 deplorata

171 944 232 972 labe
244 944 405 971 maculatum
421 952 499 977 esse;
515 944 563 971 sed
580 952 666 979 neque
680 951 739 971 cum
761 944 904 979 episcopis,
925 944 970 979 qtti
987 949 1009 979 Β
1025 948 1117 975 salutis
1141 948 1263 975 hominrs
1278 950 1329 976 sibi
1345 951 1433 977 socios
1449 951 1581 985 adjunxit.
1609 957 1638 979 ut
1657 959 1701 981 eos
1712 953 1735 981 in
1748 953 1798 982 exi-

172 991 408 1024 sacrilicaverunt,
438 990 710 1018 communicationem
734 990 892 1024 sacrilegam
907 990 971 1017 mis-

173 1039 278 1071 cuisse;
294 1038 341 1066 sed
362 1047 394 1065 co
411 1038 531 1070 demum,
546 1045 661 1073 quorum
676 1045 755 1065 causa
768 1038 868 1071 audita,
884 1041 913 1064 et
931 1037 973 1064 itt-

173 1084 296 1112 nocentia
321 1084 496 1119 comprobata
519 1084 563 1117 sit,
586 1083 759 1119 conjunxisse
787 1083 938 1110 nobiseum.
957 1091 967 1108 ι

172 1131 348 1167 Trophimum
362 1135 451 1158 autem
463 1130 606 1166 quemdam
618 1130 651 1157 ab
661 1129 756 1157 eodem
772 1136 833 1157 cutn
850 1128 971 1157 Ecclesia

169 1179 230 1213 jure
260 1178 461 1207 reconciliatum
493 1178 587 1210 fuisse,
619 1177 741 1212 pluribus
767 1177 938 1212 persequitur
962 1185 969 1203 :

171 1226 280 1259 deinde,
298 1235 308 1252 ι
326 1226 398 1260 quod
410 1225 513 1260 passim
525 1224 724 1252 communicare
738 1230 799 1252 cum
813 1223 972 1251 saerilicatis

171 1273 324 1301 Cornelium
338 1273 385 1301 tibi
402 1273 556 1301 nunciatum
575 1276 627 1306 est,
645 1272 696 1299 hoc
710 1272 790 1299 etiam
806 1271 841 1299 de
856 1271 971 1306 Aposta-

172 1324 257 1347 tarum
274 1319 341 1347 lictis
354 1319 507 1347 rumoribus
518 1319 646 1346 nascitur.
667 1318 761 1353 Neque
773 1317 844 1345 enim
859 1320 970 1351 possunt

172 1366 280 1395 laudare
295 1373 356 1400 nos,
372 1368 418 1401 qui
434 1365 573 1398 recedunt,
594 1369 639 1393 aut
653 1369 816 1399 exspectare
828 1363 968 1397 debemus,

171 1419 201 1441 ut
215 1414 368 1448 placeamus
389 1412 454 1446 illis,
473 1413 519 1448 qui
536 1412 614 1440 nobis
629 1411 814 1447 displicentes.
836 1415 862 1438 et
876 1415 969 1437 contra

170 1460 318 1488 Eeelesiam
331 1460 456 1492 rebelles,
466 1458 644 1487 sollicitandis
657 1458 691 1485 de
706 1457 827 1484 Ecclesia
843 1455 971 1483 fratribus

170 1506 302 1534 violenter
318 1506 454 1534 insistunt.
475 1506 565 1540 Quare
578 1510 606 1533 et
627 1505 660 1531 de
674 1503 813 1536 Cornelio,
830 1507 857 1529 et
870 1502 904 1530 de
921 1509 971 1529 nov

170 1553 211 1581 bis
240 1561 416 1589 quaecumque
435 1553 587 1589 jactantur,
612 1559 661 1579 nec
675 1551 768 1578 audias
795 1550 893 1583 facile,
919 1557 969 1578 nec

171 1601 277 1632 credas.
304 1600 400 1628 Frater
412 1599 581 1627 chariSsime.
598 1607 607 1624 ι
624 1597 680 1625 Hoc
700 1597 850 1631 Cyprianus
869 1596 903 1623 de
923 1603 969 1623 ca-

1024 1004 1113 1029 guunt,
1135 1004 1166 1022 ac
1188 997 1344 1023 vilissimum
1366 997 1448 1024 Italize
1472 1004 1576 1033 partem
1598 1000 1718 1032 mitteret,
1731 1005 1800 1037 atque

1025 1042 1096 1068 illinc
1111 1042 1210 1069 accitos
1224 1048 1278 1069 tres
1290 1044 1442 1078 episcopos,
1458 1045 1581 1073 homines
1596 1046 1673 1081 plane
1683 1047 1798 1081 rumne

1024 1088 1171 1120 simplices,
1190 1089 1358 1116 fraudulenta
1378 1092 1493 1125 quadam
1507 1093 1648 1120 molitione
1661 1093 1799 1128 deciperet:

1024 1134 1247 1162 Constantissime
1270 1137 1417 1170 :tflirtltnns,
1446 1138 1519 1172 ipsos
1542 1141 1732 1174 quamprimum
1751 1140 1802 1170 Rt)-

1024 1190 1093 1208 mam
1116 1183 1246 1216 proﬁcisci
1262 1189 1398 1218 oportere,
1416 1190 1445 1211 ιιι
1460 1187 1547 1213 onmis
1563 1187 1739 1223 undecumque
1749 1193 1801 1218 om

1024 1228 1155 1256 dist-ordia
1169 1230 1286 1263 ipsoinni
1299 1240 1349 1257 una
1365 1240 1424 1259 ctttn
1435 1232 1495 1260 aliis
1509 1234 1644 1269 episcopis
1656 1236 1801 1270 intervallo,

1023 1280 1102 1309 atque
1118 1276 1229 1303 arbitrio
1244 1278 1395 1304 sedaretur.
1412 1279 1460 1312 Qui
1474 1287 1533 1306 cmn
1549 1281 1716 1310 advenissent
1727 1282 1800 1310 homi-

1023 1331 1081 1353 nes,
1099 1324 1188 1357 utjam
1206 1324 1331 1356 diximus,
1355 1326 1529 1360 simplicioris
1545 1328 1654 1363 ingenii,
1670 1321 1715 1357 (Kac
1729 1330 1754 1356 in
1768 1329 1800 1358 Itis

1023 1369 1188 1403 perditorum
1208 1371 1345 1398 hominum
1360 1372 1473 1405 artibus,
1488 1381 1520 1400 ac
1537 1373 1650 1402 fallaciis
1663 1375 1725 1402 satis
1745 1375 1799 1409 triti,

1023 1423 1068 1442 eos
1084 1416 1137 1447 illc,
1151 1425 1164 1442 a
1179 1417 1337 1451 quibusdam
1350 1419 1389 1444 sui
1405 1418 1559 1453 simillimis,
1576 1428 1643 1455 quos
1656 1420 1687 1448 ad
1701 1421 1726 1448 id
1739 1428 1797 1449 com-

1023 1468 1175 1497 paraverat,
1194 1465 1311 1491 inclusos
1329 1466 1394 1492 hora
1405 1466 1519 1499 decitna,
1536 1467 1705 1499 temulentos.
1718 1472 1799 1496 ctera-

1022 1512 1083 1546 pula
1108 1519 1262 1546 oppressos,
1293 1513 1449 1540 adumbrata
1473 1514 1599 1548 quadam,
1626 1519 1652 1542 et
1667 1514 1733 1543 inani
1751 1521 1798 1542 ml-

1023 1567 1103 1585 nuum
1122 1560 1293 1592 impnsitionc
1313 1561 1497 1596 episcopatum
1511 1562 1562 1589 sibi
1578 1561 1683 1589 tradere
1695 1569 1739 1597 per
1754 1561 1797 1591 vim

1021 1607 1108 1641 cogit;
1124 1615 1238 1641 cumque
1251 1608 1324 1634 nullo
1339 1608 1388 1634 sibi
1402 1609 1461 1642 jure
1475 1607 1797 1644 cetnpetientempvlhuo

170 1647 278 1675 lntnniis
304 1648 331 1675 iu
357 1646 510 1674 Cornelium
534 1652 630 1680 papam
653 1643 777 1679 vulgatis.
803 1650 916 1678 quarum
935 1650 968 1670 ea
981 1645 1003 1677 C
1021 1654 1091 1685 dum,
1105 1659 1187 1688 atque
1202 1654 1313 1681 insidias
1326 1655 1453 1682 vindicat.
1469 1655 1522 1683 Nee
1535 1656 1622 1683 multo
1636 1643 1792 1691 patimur

170 1696 305 1730 praecipua
326 1698 395 1724 erat.
411 1693 482 1728 quod
496 1693 585 1727 lapsos
599 1692 633 1719 ad
647 1691 862 1719 communionem
884 1690 967 1717 indis-

170 1740 332 1769 criminatim
342 1739 515 1767 admitteret:
531 1739 694 1767 Navatianus
707 1746 722 1766 e
738 1744 842 1769 contra,
857 1737 969 1772 ejusque

170 1786 276 1814 sectarii
293 1786 326 1813 ad
343 1793 453 1820 pacem;
480 1789 507 1813 et
520 1785 648 1813 Ecclesia:
662 1784 880 1813 communionent
905 1787 969 1810 nus-

170 1833 241 1868 piatn
266 1831 446 1859 admittendos
466 1839 527 1860 esse
549 1832 705 1859 censebant.
729 1830 782 1858 Sed
805 1835 832 1857 et
851 1829 969 1857 Novatus

170 1878 331 1914 Carthagine
344 1878 453 1914 quidem
475 1879 509 1907 ad
531 1878 692 1914 captandam
713 1877 799 1913 plebis
810 1884 904 1904 auram
926 1876 968 1903 la-

171 1933 233 1961 psos
254 1925 313 1954 sine
338 1926 493 1954 discrimine
513 1926 548 1954 ad
570 1925 788 1953 communionem
804 1924 967 1957 admiserat;

171 1977 199 2000 ut
213 1979 303 2000 narrat
315 1973 484 2009 Cyprianus;
502 1977 529 2001 at
543 1976 648 2001 mutato
668 1972 763 2000 Romae
776 1971 900 2004 consilio,
915 1978 967 1999 una

169 2028 229 2047 cum
245 2019 403 2054 Novatiauo,
418 2020 519 2047 nullam
533 2019 770 2052 reconciliationis,
786 2023 833 2046 aut
847 2026 968 2046 commu-

170 2066 258 2093 nionis
271 2073 346 2101 spent
361 2066 443 2101 lapsis
456 2066 624 2102 relinquebat
636 2074 642 2093 :
656 2065 775 2093 Ecclesia
791 2073 855 2093 vero
868 2064 969 2092 Catho-

170 2112 219 2139 lica
243 2112 357 2140 mediam
373 2112 461 2140 iniens
476 2112 544 2139 viam
571 2112 647 2148 (quae
660 2112 791 2139 tutissima
806 2110 863 2146 est)
877 2110 968 2145 singu-

169 2159 255 2186 lorum
269 2159 421 2187 examinata
433 2166 522 2190 causa,
540 2164 600 2194 post
615 2162 747 2194 peractam
763 2165 812 2193 pro
823 2157 966 2184 eritniutttn

169 2206 297 2234 varietate
309 2206 506 2241 ptenitcntiam,
522 2206 604 2242 lapsis
625 2213 730 2241 pacem,
753 2209 782 2232 et
802 2204 968 2232 communio-

168 2260 232 2281 nem
245 2253 337 2281 dabat.

203 2300 306 2327 Interea
327 2307 388 2327 cum
409 2299 443 2327 de
464 2299 594 2332 Cornelii,
618 2303 645 2326 et
666 2297 806 2325 Novatiani
832 2295 966 2325 electione

1022 1701 1074 1727 illis
1097 1701 1231 1735 epiScopis
1255 1702 1287 1728 ad
1304 1701 1452 1729 Ecclesium
1475 1703 1566 1734 rediit.
1589 1703 1710 1732 delictul
1728 1709 1797 1731 sum

1021 1754 1080 1773 cum
1097 1747 1231 1778 lamentis,
1252 1755 1282 1774 ac
1302 1748 1408 1774 lletibus
1424 1748 1567 1776 confitens.
1584 1749 1667 1783 Quem
1679 1755 1796 1783 mm

1022 1794 1163 1820 universus
1180 1794 1293 1827 populus
1306 1802 1353 1829 pro
1370 1795 1414 1822 illo
1428 1795 1637 1830 intercessisset,
1650 1796 1682 1825 ad
1692 1803 1799 1825 cel-Il-

1021 1840 1129 1866 nionein
1143 1840 1235 1867 laicam
1253 1841 1431 1875 suscepimus.
1450 1851 1459 1867 ›

1058 1885 1100 1911 Vl.
1117 1886 1189 1918 Quos
1208 1894 1271 1912 vero
1295 1887 1447 1920 scduxerat,
1474 1893 1502 1914 nt
1528 1889 1554 1915 in
1580 1888 1718 1918 schismate
1737 1894 1797 1916 catl-

1021 1932 1152 1965 lirmaret,
1170 1933 1311 1967 sacrilegio
1336 1934 1498 1962 Novatianus
1520 1936 1725 1972 constringebat;
1739 1941 1793 1963 nam

1020 1979 1218 2006 Eucharistinm
1243 1980 1395 2015 porrigens,
1422 1988 1453 2008 ac
1477 1990 1572 2009 manus
1592 1982 1655 2018 ejus,
1667 1981 1710 2018 qui
1731 1989 1796 2016 eam,

1020 2027 1179 2062 accipiebat,
1195 2028 1324 2055 ambabus
1340 2028 1395 2056 suis
1410 2028 1534 2057 manibus
1549 2028 1749 2066 comprehensas
1758 2035 1796 2058 ro-

1021 2075 1119 2105 tinens,
1135 2083 1143 2098 (
1157 2074 1216 2108 jura
1228 2074 1303 2107 mihi,
1317 2075 1432 2105 diccbat.
1445 2083 1493 2110 per
1504 2084 1602 2112 corpus
1614 2081 1641 2105 et
1653 2076 1795 2112 sanguine!

1020 2122 1124 2148 Domini
1138 2122 1220 2147 nostri
1235 2121 1299 2148 Jestt
1310 2121 1421 2155 Christi,
1440 2127 1464 2150 te
1481 2131 1626 2159 numquam
1637 2126 1796 2161 meamne:

1019 2168 1198 2199 deserturum.
1216 2176 1264 2195 nec
1280 2169 1311 2195 ad
1326 2169 1479 2197 Cornelium
1496 2178 1556 2198 esse
1571 2170 1726 2200 rediturum.
1742 2179 1752 2197 ι

1019 2222 1078 2241 eum
1088 2223 1183 2249 panem
1197 2215 1269 2241 illum
1279 2216 1413 2250 accipiens
1429 2216 1518 2244 dicere
1527 2216 1665 2245 debuisset
1674 2226 1683 2243 ι
1693 2218 1795 2249 Amen.)

1019 2262 1076 2296 ejus
1101 2262 1161 2288 loco
1185 2263 1349 2296 respondere
1372 2263 1518 2297 cogebatur
1541 2272 1547 2289 ε
1579 2272 1590 2289 ‹
1618 2271 1671 2291 non
1693 2265 1796 2291 rerum!

1018 2308 1145 2341 deinceps
1159 2309 1191 2335 ad
1212 2309 1377 2336 Cornelium.
1396 2319 1403 2334 ι
1418 2309 1555 2344 Occupato
1569 2309 1597 2337 in
1611 2309 1683 2337 hunc
1703 2307 1797 2337 modum

167 2346 235 2374 varii
256 2346 374 2381 undique
393 2351 584 2381 spargerentur
607 2352 741 2377 rumores,
765 2351 797 2371 ac
820 2342 891 2371 fama
910 2343 963 2371 veri

1022 2356 1300 2391 psctttlo-episcopaltt,
1314 2356 1415 2391 legatos
1429 2363 1493 2383 suos
1505 2356 1794 2391 quaquaversum-i-

166 2392 280 2428 falsique
301 2391 392 2419 nuntia
409 2393 478 2420 inter
492 2399 521 2420 se
533 2391 670 2419 contraria
683 2391 805 2425 vulgaret
818 2398 825 2422 ;
849 2394 877 2416 ut
891 2389 917 2416 in
938 2398 967 2417 re

166 2438 323 2474 gravi~sima
344 2442 421 2466 caute
447 2442 558 2473 agerent
573 2436 692 2464 Africani
718 2435 848 2473 episcopi,
864 2435 968 2471 legatos

167 2485 293 2518 Romam,
314 2490 343 2513 ut
363 2492 420 2513 rem
437 2484 547 2520 propius
563 2484 742 2519 inspicerent,
757 2483 899 2511 miserunt.
916 2481 967 2510 Vix

166 2537 256 2562 autem
278 2531 359 2568 legati
380 2531 495 2560 Romam
508 2529 686 2565 advenerant,
702 2537 763 2558 cum
777 2533 889 2565 repente
910 2527 966 2556 No-

198 2658 238 2693 (t)
258 2655 368 2684 Coraci.
390 2655 477 2691 Epist.
498 2655 533 2682 ad
550 2653 662 2682 Fabium
685 2653 802 2681 Antioch.
820 2652 890 2688 apud
906 2650 960 2680 Eu-

164 2693 252 2766 seiii);
269 2728 425 2764 llieronym.
448 2728 480 2766 de
505 2726 560 2766 Vir.
573 2725 681 2766 Ιζμιιζν.⁸
699 2722 765 2766 cap.
781 2724 842 2766 70.”
851 2723 958 2766 Moshe-

164 2759 237 2793 miiis'
247 2764 272 2791 in
284 2759 429 2792 comm'ent.
449 2764 481 2790 de
499 2764 573 2790 rebus
586 2759 810 2790 Christianismum
823 2759 955 2788 Constant.

162 2800 210 2833 Μ..
236 2807 297 2835 pag.
317 2800 379 2831 515,
395 2799 574 2827 etWalchins
596 2802 714 2835 partiti.
739 2795 809 2835 Hist.
834 2795 956 2835 llrrretic.

164 2831 223 2872 pag.
238 2831 307 2867 23!,
330 2836 484 2864 ambitionis
503 2840 584 2870 atque
597 2831 709 2872 invidiae
723 2834 825 2872 crimen
842 2839 857 2859 a
872 2831 960 2872 Nova-

165 2867 236 2899 tiaiio
257 2878 398 2899 removere
418 2867 560 2905 conantur,
586 2869 634 2899 sed
655 2876 715 2897 mea
736 2868 863 2904 opinione
885 2867 961 2895 irrito

165 2911 271 2933 conatu.

201 2940 240 2974 (3)
255 2939 383 2974 Cyprlan.
397 2940 448 2975 Ep.
464 2949 490 2967 ι..
507 2948 536 2967 ιι.

1018 2403 1105 2435 misit,
1122 2403 1165 2437 qui
1181 2402 1205 2429 id
1221 2403 1392 2436 nuntiarent;
1417 2407 1444 2430 et
1464 2403 1485 2430 si
1499 2403 1603 2430 Socrati
1617 2402 1657 2440 (ι)
1668 2398 1792 2433 uel“.

1017 2450 1095 2476 simul
1111 2450 1260 2484 edicerent,
1283 2459 1291 2475 t
1316 2451 1353 2477 uti
1375 2457 1432 2482 eos,
1455 2450 1501 2485 qui
1516 2450 1668 2480 simulacris
1679 2440 1796 2486 inuitas

1017 2502 1087 2529 sent,
1103 2496 1213 2523 mittitne
1229 2497 1260 2523 ad
1277 2498 1403 2532 mysteria
1414 2497 1600 2532 admitterent,
1615 2497 1662 2526 sed
1672 2495 1794 2524 borum-

1018 2549 1060 2570 tur
1075 2543 1108 2570 ad
1124 2544 1318 2578 pmnitentiatn,
1343 2545 1587 2580 rcmiSsionemque
1603 2545 1656 2574 Deo
1670 2541 1795 2580 permitti

1017 2596 1086 2619 rent.
1112 2601 1121 2616 )
1139 2591 1177 2619 Ne
1201 2596 1289 2619 tamen
1313 2593 1488 2627 apostolicam
1514 2592 1676 2622 Callledl'llll

1015 2638 1149 2665 invasisse
1166 2638 1310 2671 videretur,
1326 2639 1463 2666 simulavit
1476 2643 1615 2667 veterator
1623 2644 1682 2667 sese
1692 2634 1791 2665 iam

1014 2685 1046 2712 ad
1063 2693 1122 2712 eam
1136 2691 1258 2712 evectum
1276 2685 1368 2718 fuisse,
1394 2690 1422 2713 ut
1441 2693 1475 2713 ex
1492 2685 1614 2724 Dionysii

1013 2732 1132 2766 Epistula
1148 2733 1181 2759 ab
1198 2732 1315 2761 Eusebio
1332 2732 1371 2770 (ὅ)
1387 2733 1494 2761 laudata
1507 2737 1625 2767 constat,
1637 2733 1665 2761 in
1675 2736 1723 2766 q-
1735 2733 1790 2766 ορ

1010 2778 1078 2806 inter
1091 2783 1189 2806 cmtera
1203 2778 1340 2812 admouet,
1356 2779 1541 2815 hortaturque,
1556 2783 1674 2814 «qua.
1685 2774 1788 2805 nam

1053 2905 1090 2940 in
1103 2904 1208 2941 socru.
1224 2904 1257 2941 ii.
1324 2904 1382 2941 Lib.
1401 2911 1437 2939 ιν,
1449 2910 1508 2941 cap.
1523 2903 1615 2941 gul.
1628 2900 1670 2932 as
1766 2891 1782 2934 ξι

1053 2941 1092 2975 (5»)
1109 2940 1207 2968 Euseb.
1223 2940 1255 2968 ll.
1273 2940 1303 2968 E.
1321 2940 1380 2969 Lib.
1396 2948 1433 2975 tv,
1448 2939 1508 2977 cap.
1521 2939 1564 2968 45.

1690 2952 1871 3124 Δ

1606 3063 1670 3123 λζ
