3782 6280
909 252 950 270 .0

395 314 496 372 871

1704 317 1794 372 DE
1835 315 1997 373 VITA
2037 315 2126 372 ET
2166 311 2477 372 SCRIPTIS
3553 316 3630 372 872

396 432 575 485 minus
602 436 748 487 recte
775 429 1112 499 pronuntiata
1155 428 1544 499 reprehendit,
1593 437 1649 485 et
1692 431 1888 486 Rufino
1915 431 1989 486 si-
2016 440 2070 502 Α
2098 430 2185 485 ille
2232 428 2568 485 Samosateni
2615 427 2886 496 haeresim,
2934 426 3058 484 licet
3099 439 3387 500 suppresso
3411 423 3630 500 'nomine,

397 523 598 579 militer
642 521 983 592 displicuisse
1061 529 1252 592 putat,
1313 523 1474 593 paulo
1519 522 1657 578 infra
1723 523 1994 594 expende-

397 629 538 670 mus.
1116 639 1122 644 ‘

467 709 555 764 IV.
598 708 776 765 Unum
807 709 986 764 adhuc
1012 708 1108 764 'his
1154 709 1352 766 addere
1388 710 1578 775 liceat,
1609 709 1676 765 ad
1707 707 1884 764 locum
1930 709 1994 763 il-

393 801 502 856 lum
536 801 834 871 pertinens,
868 801 960 872 qui
1008 801 1225 856 laudato
1265 802 1506 858 Pamelio
1547 801 1763 857 errandi
1805 817 1993 856 ansam

393 893 633 964 praebere
658 893 805 949 visus
826 904 931 954 est.
963 893 1076 949 Sub
1102 894 1281 964 cperis
1319 895 1481 948 linem
1512 894 1783 966 egregiam
1815 894 1996 948 unita-

393 986 460 1040 tis
499 985 818 1041 substantiae
851 986 904 1040 in
935 985 1096 1041 Patre
1121 995 1176 1042 et
1207 985 1344 1041 Filio
1371 986 1829 1042 asseverationem
1860 995 1996 1040 atte-

373 1094 528 1134 ‘xcns
548 1077 897 1146 Novatianus,
929 1078 1046 1134 hate
1073 1078 1235 1134 habet
1259 1078 1328 1134 de
1353 1078 1530 1134 Verbo
1560 1079 1654 1134 Dei
1688 1075 1790 1150 (1).
1826 1095 1844 1128 ι
1877 1077 1996 1132 Οιη·

391 1172 498 1238 nia,
528 1171 729 1242 inquit,
764 1181 885 1242 post
914 1172 1089 1241 ipsum
1129 1180 1286 1239 sunt,
1331 1171 1453 1242 quia
1500 1185 1598 1240 per
1638 1171 1815 1241 ipsum
1848 1179 1993 1226 sunt.

393 1267 457 1321 Et
483 1266 680 1321 merito
709 1266 1109 1335 ipse_est,aute
1154 1266 1375 1334 omnia,
1428 1265 1524 1321 sed
1575 1275 1697 1336 post
1742 1264 1995 1330 Patrem,

389 1360 604 1431 quando
632 1375 728 1430 per
755 1359 906 1414 illum
938 1359 1077 1414 facta
1107 1369 1236 1415 sunt
1256 1360 1456 1415 omnia.
1492 1361 1638 1414 Deus
1664 1359 1846 1428 utique
1872 1373 1997 1429 pro-

389 1453 589 1507 cedens
619 1467 684 1507 ex
716 1452 863 1519 Deo,
909 1452 1207 1508 secundam
1239 1467 1544 1522 personam
1588 1450 1832 1507 efficiens
1878 1458 2002 1519 post

389 1544 603 1602 Patrem
643 1560 750 1615 qua
794 1543 998 1610 Filius,
1047 1544 1141 1600 sed
1187 1560 1296 1599 non
1346 1543 1580 1614 eripiens
1629 1541 1763 1597 illud
1810 1542 1996 1608 Patri,

389 1639 532 1707 quod
563 1653 701 1693 unus
737 1645 822 1692 est
859 1637 1025 1692 Deus.
1068 1656 1086 1688 ι
1119 1635 1218 1692 Cui
1245 1637 1460 1708 quidem
1504 1637 1787 1691 sententiae
1827 1635 2000 1689 simil-

386 1731 513 1788 lima
533 1742 587 1787 et
612 1731 844 1785 maxime
868 1731 1102 1801 genuina
1128 1740 1282 1798 sunt,
1307 1746 1428 1801 qua:
1455 1741 1674 1786 sanctus
1697 1729 1999 1784 Methodius

2096 520 2308 576 fortiter
2351 521 2721 592 impugnasse.
2766 521 2968 577 Verum
2997 521 3130 576 nihil
3160 521 3358 587 obstat,
3405 522 3637 590 quominus

2097 613 2426 670 Novatianus
2471 614 2756 670 dimicasse
2793 615 2972 685 potius
3027 614 3237 670 dicatur
3290 615 3532 670 adversus
3567 619 3640 672 Ar-

2097 716 2317 774 temam,
2356 709 2510 780 cujus
2556 711 2826 767 haereseos
2850 711 3105 782 deinceps
3140 718 3455 766 sectatorem
3497 726 3640 782 propa-

2097 813 2446 872 gatoremque
2485 803 2896 858 Samosatenum
2948 803 3114 858 fuisse
3152 811 3382 858 constat.
3417 801 3498 857 Sic
3536 805 3640 861 enim

2098 893 2450 950 Antiochense
2477 895 2681 966 Synodi
2727 895 2916 952 Patres
2947 894 3026 968 (6)
3049 908 3115 963 τῷ
3144 899 3191 948 δὲ
3220 890 3412 965 rip-rapa
3433 891 3643 956 simia:-

2098 992 2302 1040 τέλλετω
2326 993 2406 1042 καὶ
2458 995 2502 1040 οῖ
2530 994 2593 1042 τὰ
2616 982 2814 1058 Ᾱρτὲμα
2839 999 3111 1059 φρονοῦντες
3140 989 3291 1057 τοῦτῳ
3321 1006 3644 1044 κοινωνειτῶσαν.

2104 1097 2121 1129 ι
2156 1079 2256 1133 Hic
2283 1094 2409 1134 vero
2454 1080 2679 1149 (Paulus
2705 1077 3112 1152 Samosatenus)
3143 1078 3212 1134 ad
3264 1081 3520 1134 Artemani
3543 1083 3642 1136 scri-

2098 1169 2208 1235 bat,
2243 1171 2286 1226 si
2337 1172 2525 1238 lubet;
2581 1181 2637 1227 et
2669 1173 2760 1243 qui
2806 1171 3080 1227 Artemam
3128 1181 3416 1235 sectantur,
3449 1187 3552 1227 cum
3591 1189 3640 1229 eo

2097 1263 2519 1317 communicent.
2560 1283 2578 1315 ι
2631 1264 2733 1318 Alii
2753 1273 2971 1331 autem,
3036 1278 3173 1334 quos
3233 1263 3368 1318 inter
3403 1263 3645 1321 Tillemon-

2101 1353 2206 1409 tius
2233 1354 2339 1426 (7),
2373 1364 2428 1410 et
2466 1355 2679 1411 Caveus
2729 1356 2809 1428 (8)
2853 1357 3002 1412 ocius
3031 1355 3277 1428 quidem,
3309 1368 3416 1427 post
3449 1359 3647 1415 schisma

2101 1455 2303 1514 tamen,
2336 1463 2472 1518 opus
2499 1464 2656 1504 suum
2686 1449 3078 1520 conscripsisse
3120 1449 3462 1506 Novatianum
3506 1455 3645 1522 conji-

2099 1544 2248 1598 ciunt
2292 1563 2304 1598 :
2365 1559 2488 1598 nam
2539 1544 2808 1615 inquiunt,
2856 1543 3058 1600 Sabelii
3107 1545 3353 1600 meminit
3380 1557 3547 1601 auCtor
3568 1545 3642 1618 (9),

2100 1638 2329 1706 ejusque
2377 1638 2708 1708 impietatem
2737 1639 3028 1705 convellit;
3059 1641 3149 1710 qui
3174 1639 3379 1695 scilicet
3406 1656 3465 1695 ex
3492 1641 3644 1712 Diony-

2101 1733 2165 1786 sii
2210 1732 2558 1787 Alexandrini
2613 1734 2808 1790 litteris
2837 1734 2991 1790 Sixto
3029 1734 3076 1789 II
3105 1736 3377 1806 inscriptis
3403 1736 3534 1808 (10),
3561 1749 3644 1808 post

389 1823 443 1878 in
479 1823 640 1880 Libro
671 1824 737 1877 de
773 1821 1027 1889 Creatis;
1069 1823 1160 1877 ubi
1205 1823 1274 1878 de
1308 1823 1471 1878 Verbi
1505 1821 1807 1892 principatu
1847 1820 1990 1890 apud
2022 1835 2069 1896 Β
2103 1825 2338 1880 medium
2369 1825 2586 1881 demum
2617 1827 2801 1882 saeculi
2846 1843 2928 1895 ιιι,
2956 1828 3212 1884 haeresim
3242 1843 3390 1883 suam
3431 1830 3640 1898 sparsisse

390 1919 603 1974 Patrem
645 1932 810 1989 agens
850 1918 929 1973 sic
967 1918 1141 1989 inquit
1305 1921 1504 1972 Οὐκοῦν
1536 1919 1681 1994 ἀρχή
1703 1956 1716 1980 ,
1747 1918 1880 1986 μετὰ
1903 1920 1994 1973 τήν

387 2010 519 2068 ἴδιαν
550 2009 782 2085 ἄναρχον
811 2013 1004 2090 ἀρχὴν,
1034 2015 1119 2067 τὸν
1168 2013 1388 2088 Πάτερα,
1416 2012 1571 2070 αὐτὸς
1600 2018 1700 2065 τῶν
1731 2009 1886 2064 ἀλλών
1913 2012 1993 2081 7i.-

387 2129 547 2171 νεται,
579 2105 644 2161 δι’
670 2115 730 2168 ἧς
761 2105 967 2162 ἅπαντα
993 2104 1398 2183 δημιουργεῖται.
1433 2123 1451 2155 ι
1496 2103 1624 2158 Post
1653 2118 1780 2174 ergo
1807 2103 1992 2170 singu-

388 2198 502 2254 lare
530 2196 660 2252 illud
689 2196 1014 2267 Principium
1036 2199 1239 2268 absque
1266 2196 1556 2266 Principio,
1582 2196 1672 2266 qui
1697 2206 1779 2250 est
1807 2196 1989 2259 Pater,

387 2300 472 2345 εει
512 2290 686 2360 ipsum
727 2309 745 2341 ›
783 2289 1091 2361 (Verbum)
1141 2290 1368 2344 aliorum
1419 2289 1740 2359 principium
1767 2330 1782 2355 ,
1822 2307 1840 2339 ι
1899 2303 1994 2358 per

387 2381 533 2452 quod
569 2382 748 2436 omnia
790 2394 1064 2437 creantur.
1105 2401 1125 2433 ι
1173 2381 1276 2437 Ubi
1323 2380 1495 2436 sancti
1541 2380 1789 2451 Martyris
1829 2379 1993 2434 verba

387 2477 698 2532 cdisserens
743 2476 1148 2540 Combelisius;
1183 2476 1389 2542 Patris,
1434 2476 1536 2542 ait,
1583 2475 1726 2529 illam
1773 2474 1992 2544 ingeniti

389 2571 664 2627 notionem
693 2586 756 2626 ac
800 2569 1176 2626 auctoritatem
1215 2571 1452 2625 insinuat
1499 2569 1841 2632 Methodius,
1889 2583 1992 2638 qua

388 2666 550 2722 etiam
609 2667 1006 2722 emanationem
1057 2665 1124 2721 ad
1170 2666 1344 2734 intra,
1397 2666 1670 2736 totiusque
1716 2664 1993 2719 Trinitatis

387 2757 511 2816 fons
553 2759 779 2826 dicitur,
823 2767 879 2815 et
905 2770 988 2814 est
1034 2775 1172 2815 unus
1209 2759 1346 2831 ipse,
1378 2762 1525 2837 ἀρχή
1573 2756 1808 2836 ἄναρχος
1842 2775 1855 2811 :
1885 2771 1993 2812 non

386 2853 568 2922 υιίςιιιε
606 2853 673 2908 ad
699 2854 1000 2909 existentia:
1039 2853 1234 2923 prioris
1277 2853 1688 2916 exclusionem;
1729 2853 1808 2906 sic
1849 2851 1992 2906 enim

387 2955 441 3000 et
471 2945 637 3000 Filius
678 2951 761 3001 eSt
789 2943 1064 3020 ἄναρχος,
1111 2955 1170 2999 ιιι
1199 2945 1338 2999 bene
1386 2943 1680 3014 Gregorius
1732 2942 1883 2997 Orat.
1926 2941 1994 2998 de

387 3035 651 3108 Theolog.
673 3037 868 3108 aliique
897 3037 1100 3108 passim
1130 3035 1342 3101 Grzeci;
1372 3035 1469 3090 sed
1509 3051 1606 3105 per
1635 3035 1992 3090 remotionem

386 3127 590 3200 αἵτιας,
635 3144 698 3185 ac
727 3132 871 3186 velut
901 3144 1112 3196 causae,
1145 3127 1503 3198 principiique
1547 3127 1761 3183 essendi
1804 3143 1816 3180 :
1869 3143 1991 3181 nam

2097 1920 2448 1988 comperitur.
2496 1923 2561 1975 At
2590 1935 2718 1975 vero
2743 1921 3010 1975 sententia
3033 1919 3304 1991 ejusmodi
3331 1919 3461 1976 haud
3485 1921 3646 1978 levibus

2099 2009 2511 2067 difficultatibus
2557 2012 2828 2067 inuenitur
2878 2012 3163 2083 implicita.
3220 2013 3468 2068 Sabellius
3511 2013 3645 2080 enim,
3737 2061 3745 2083 λ

2099 2112 2156 2158 ιιι
2199 2104 2364 2174 liquet
2389 2120 2455 2160 ex
2488 2103 2780 2160 Philastrio
2818 2103 2957 2176 (11),
2990 2115 3045 2161 et
3073 2104 3372 2177 Augustino
3391 2104 3495 2182 (12)
3519 2105 3650 2161 Nocti

2097 2196 2393 2267 discipulus
2416 2196 2535 2264 fuit,
2563 2200 2718 2267 cujus
2747 2196 2972 2266 proinde
3002 2197 3444 2268 blasphemiarum
3472 2197 3644 2253 exstitit

2097 2304 2438 2363 prepagator.
2497 2293 2634 2360 Quid
2677 2309 2806 2348 vero
2855 2293 2925 2349 de
2975 2291 3148 2348 Noeto
3199 2293 3473 2349 memoriae
3509 2291 3646 2364 prodi-

2099 2386 2256 2441 tum?
2315 2384 2599 2454 Nimirum,
2643 2386 2700 2441 S.
2755 2385 3097 2457 Hippolytus,
3145 2387 3236 2456 qui
3290 2387 3424 2442 circa
3478 2381 3643 2440 Domini
3715 2381 3730 2457 j

2097 2494 2298 2534 annum
2337 2494 2474 2534 ccxx
2512 2477 2722 2546 ﬂoruit,
2760 2486 2817 2533 ut
2857 2480 3100 2550 agnoscit
3145 2479 3370 2550 ipsemet
3407 2479 3644 2535 Tillemoa-
3709 2477 3712 2512 ¹

2100 2576 2203 2627 tius
2225 2572 2362 2644 (15),
2387 2573 2646 2628 adversus
2665 2571 2892 2627 Noetum
2914 2572 3159 2628 scribens
3181 2570 3527 2643 testatur(14)
3547 2563 3639 2627 «non

2098 2667 2268 2722 multo
2325 2677 2470 2729 ante,
2502 2672 2554 2722 οὗ
2585 2676 2676 2738 πρὸ
2709 2675 2890 2723 πολλοῦ
2928 2679 3113 2738 χρονοῠ,
3152 2667 3326 2738 ipsum
3370 2668 3638 2738 impietatem

2096 2775 2249 2816 suam
2301 2761 2473 2829 palam
2521 2760 2857 2831 prodidisse;
2887 2762 3012 2831 quia
3051 2762 3119 2816 ab
3163 2760 3412 2817 Ecclesia:
3456 2775 3640 2818 commu-

2097 2854 2259 2910 nione
2282 2863 2567 2924 prapterea
2595 2854 2821 2924 ejectus,
2857 2873 2875 2906 ι
2935 2854 3092 2925 paulo
3124 2864 3246 2926 post
3273 2857 3519 2922 moritur',
3544 2874 3559 2908 ι
3582 2855 3638 2908 in-

2097 2948 2211 3018 quit
2237 2946 2571 3017 Epiphanius
2594 2944 2937 3020 (15),τιλευτᾷ
2949 2952 2997 3001 δι
3012 2950 3163 3009 αὐτὸς
3191 2957 3397 3020 ἔναρχος.
3416 2947 3526 3004 Jam
3546 2960 3635 3002 vero

2095 3039 2140 3094 si
2166 3039 2284 3109 quis
2315 3038 2659 3111 Hippolytum
2687 3055 2806 3095 cum
2841 3041 3142 3110 Epiphanio
3173 3041 3428 3106 conferat,
3471 3040 3636 3109 colligat

2100 3146 2323 3186 necesse
2347 3141 2452 3198 est,
2481 3131 2732 3197 Noetum,
2774 3151 2793 3185 ‹
2827 3131 2917 3201 qui
2949 3147 3054 3187 non
3088 3133 3259 3188 multo
3287 3142 3406 3188 ante
3439 3152 3460 3184 ι
3485 3144 3638 3188 annum

385 3240 604 3281 causam
625 3225 677 3278 in
711 3224 909 3279 Divinis
940 3237 1045 3278 non
1074 3225 1147 3277 ita
1177 3222 1359 3277 ferunt
1379 3221 1575 3290 Latini,
1615 3231 1672 3277 ut
1694 3238 1795 3278 nec
1819 3223 1994 3278 Graeci
2021 3233 2065 3296 ρ
2097 3235 2234 3278 ccxx
2278 3223 2731 3280 contumeliosum
2775 3225 2828 3278 in
2861 3226 3026 3280 Deum
3059 3225 3278 3282 Patrem
3323 3227 3496 3295 Dogma
3536 3238 3641 3277 evo-

386 3322 592 3396 ἀρχὴν;
623 3318 762 3373 bono
799 3317 1013 3387 utrique
1042 3330 1205 3372 sensu
1227 3358 1243 3382 ,
1276 3317 1502 3388 aliisque
1531 3325 1586 3373 et
1623 3318 1742 3372 aliis
1771 3317 1983 3384 verbis,

386 3410 529 3483 quod
552 3424 741 3465 sanum
773 3416 886 3474 est,
915 3409 1271 3479 explicantes.

457 3503 663 3558 Eodem
710 3501 867 3571 plane
915 3517 1078 3558 sensu
1118 3511 1174 3559 et
1216 3503 1496 3558 Novatiani
1521 3501 1685 3558 verba
1711 3501 1991 3571 accipien-

387 3594 494 3662 da,
524 3595 618 3667 qui
657 3594 778 3666 jure
814 3595 1189 3662 concludebat,
1233 3597 1372 3652 duos
1414 3595 1531 3652 fore
1560 3595 1698 3650 Deos
1735 3596 1779 3650 si
1822 3595 1990 3650 Filius

386 3699 534 3747 esset
579 3689 889 3761 ingenitus:
935 3705 1058 3744 nam
1104 3691 1225 3746 duae
1267 3691 1446 3747 forent
1487 3691 1824 3756 substantiae,
1865 3705 1988 3745 cum

389 3793 581 3840 neuter
605 3783 673 3840 ab
717 3784 890 3840 altero
933 3783 1273 3841 Divinitatem
1314 3784 1632 3855 accepisset.
1660 3783 1794 3839 Cum
1824 3784 1987 3857 igitur

387 3876 689 3933 Novatiano
731 3875 862 3932 nihil
907 3877 1048 3933 aliud
1084 3877 1418 3948 propositum
1445 3879 1534 3943 sit,
1559 3893 1718 3948 quam
1754 3888 1810 3932 ut
1856 3877 1988 3932 illud

390 3967 792 4026 incommodum
813 3985 880 4025 ex
901 3967 1112 4025 duobus
1141 3969 1393 4041 ingenitis
1419 3984 1758 4040 consequens
1785 3969 1948 4040 fugiat
1973 3987 1987 4024 :

386 4064 498 4135 jam
518 4080 627 4121 non
666 4063 813 4120 laedit
839 4064 1161 4121 catholicam
1191 4064 1513 4134 doctrinam,
1559 4064 1655 4121 sed
1681 4065 1987 4132 confirmat,

389 4160 502 4216 sive
539 4159 668 4216 dum
708 4159 921 4216 Patrem
964 4175 1129 4215 unum
1157 4173 1278 4215 esse
1311 4159 1478 4214 Deum
1505 4160 1717 4225 asserit,
1747 4159 1868 4229 quia
1897 4157 1988 4212 Fi-

389 4254 492 4310 lius
521 4254 590 4310 ab
616 4268 683 4309 eo
735 4252 1075 4309 Divinitatem
1101 4253 1342 4324 accepit;
1373 4254 1486 4309 sive
1511 4253 1640 4308 dum
1680 4251 1877 4308 Filium
1905 4252 1988 4307 id-

387 4345 535 4402 circo
569 4345 732 4402 Patre
775 4346 1063 4414 minorem,
1087 4344 1290 4401 idcirco
1319 4344 1466 4400 Patri
1491 4345 1876 4414 obsequentem
1907 4342 1989 4398 fa-

389 4440 480 4505 cit,
513 4439 637 4511 quia
662 4439 824 4495 Pater
849 4438 971 4496 fons
996 4449 1051 4495 et
1071 4438 1223 4511 origo
1247 4437 1568 4493 Divinitatis.
1588 4436 1672 4492 Ad
1701 4453 1987 4504 summam,

391 4541 451 4587 ut
501 4531 720 4588 demum
761 4531 1166 4598 concludamus,
1221 4531 1550 4587 Novatiauus
1591 4546 1653 4586 ea
1694 4529 1832 4585 Filio
1881 4547 1988 4585 non

2093 3317 2245 3381 muit,
2276 3315 2477 3387 quippe
2509 3317 2667 3386 paulo
2738 3327 2858 3388 post
2908 3328 3137 3374 mortem
3181 3319 3412 3391 cppetiit,
3454 3315 3639 3371 ineunte

2091 3410 2292 3464 saeculo
2342 3425 2418 3477 ιιι,
2467 3417 2525 3464 ut
2550 3412 2818 3474 maxime,
2867 3410 3164 3465 satanicam
3217 3412 3359 3466 illam
3390 3405 3639 3466 doctrinam

2091 3502 2366 3573 discipulis
2405 3503 2518 3559 suis
2565 3501 3022 3558 disseminandam
3054 3504 3362 3575 reliquisse.
3390 3503 3475 3559 His
3495 3509 3638 3555 autem

2093 3598 2300 3667 positis,
2330 3598 2451 3668 quis
2493 3612 2653 3668 porro
2702 3597 2805 3652 sibi
2831 3599 3174 3668 persuadeat,
3206 3599 3480 3656 Sabellium
3516 3593 3643 3670 Nocti

2091 3689 2413 3761 discipulum
2444 3700 2566 3760 post
2593 3690 2948 3763 quadraginta
2994 3693 3213 3750 circiter
3259 3709 3418 3750 annos
3441 3692 3502 3748 ab
3523 3683 3644 3748 obitu

2094 3785 2442 3853 praeceptoris
2465 3783 2570 3848 sui,
2607 3783 2838 3839 haeresin
2884 3783 3102 3840 demum
3135 3784 3430 3842 Noetianam
3463 3785 3645 3838 instau-

2094 3890 2215 3931 rare
2244 3890 2306 3932 ac
2331 3862 2678 3946 promulgare
2702 3875 2977 3946 coepisse?

2163 3969 2333 4024 Nolim
2363 3969 2612 4040 equidem
2665 3969 2915 4034 inticiari,
2970 3969 3281 4042 Dionysium
3304 3981 3437 4025 anno
3460 3962 3642 4020 Christi

2093 4077 2265 4119 cccvn
2307 4061 2375 4117 ad
2421 4062 2581 4117 istum
2611 4061 2894 4132 scripsisse
2920 4067 3030 4135 περὶ
3060 4072 3144 4120 τοῦ
3169 4071 3244 4119 νῦν
3267 4069 3506 4126 κινήσειν-τος
3529 4064 3572 4113 ἐν
3600 4067 3647 4126 τῇ

2093 4159 2392 4226 animarat
2434 4159 2664 4226 δόγματος
2685 4197 2700 4224 ,
2728 4155 2833 4212 hoc
2860 4165 2976 4225 est,
3003 4157 3220 4214 Valesio
3246 4159 3534 4228 interprete,
3557 4170 3574 4205 ι
3591 4149 3646 4206 de
3695 4189 3698 4192 .

2095 4250 2355 4320 Dogmate
2381 4249 2492 4314 illo,
2513 4248 2655 4320 quod
2684 4263 2889 4319 nuper,
2913 4250 3103 4322 inquit,
3135 4250 3277 4322 apud
3313 4243 3646 4307 Ptolemaida
3691 4299 3704 4322 ά

2093 4351 2424 4398 commotum
2445 4351 2548 4397 est.
2573 4360 2593 4394 ι
2620 4341 2819 4397 Verum
2853 4357 2962 4397 non
2981 4343 3058 4397 ait
3078 4342 3382 4415 Dionysius,
3411 4353 3518 4397 eam
3537 4333 3644 4394 Doe-
3699 4333 3708 4402 Ξ

2097 4436 2289 4491 trinam
2331 4450 2360 4489 a
2383 4433 2615 4492 Sabellio
2637 4435 2801 4490 fuisse
2847 4455 2865 4486 ‹
2893 4451 3066 4507 nuper
3092 4455 3112 4488 ι
3157 4436 3300 4508 apud
3329 4434 3642 4492 Ptolemenses

2095 4527 2362 4584 invectam
2391 4543 2405 4580 :
2437 4528 2564 4598 quin
2589 4527 2753 4583 immo
2779 4526 3068 4596 Eusebius,
3097 4529 3188 4600 qui
3215 4527 3443 4600 Dionysii
3463 4521 3639 4596 Epith-

391 4623 576 4678 tribuit
603 4620 705 4696 (5),
760 4642 779 4676 ‹
811 4639 1164 4694 quaecumque
1212 4632 1338 4678 sunt
1385 4623 1586 4691 Patris,
1624 4642 1643 4675 ι
1698 4638 1805 4679 non
1862 4639 1991 4680 vero
2014 4627 2068 4688 D
2094 4620 2198 4675 lam
2230 4621 2489 4692 integram
2518 4636 2629 4692 prae
2658 4622 2830 4677 oculis
2870 4621 3142 4688 habebat,
3174 4621 3510 4694 fragmentum
3533 4608 3636 4671 illud

390 4726 574 4789 negat,
605 4731 958 4789 quaecumque
985 4726 1112 4772 sunt
1143 4714 1366 4788 Dei“).

463 4811 530 4867 V.
578 4809 732 4866 Nunc
760 4825 888 4866 vero
926 4807 1304 4879 inquirendum
1341 4819 1590 4880 superest
1615 4825 1721 4880 quo
1744 4819 1994 4882 tempore

393 4905 538 4960 hunc
607 4902 1060 4958 commentarium
1123 4899 1402 4970 scripserit
1451 4900 1801 4956 Novatianns.
1863 4903 1991 4958 Exi-

391 4999 630 5056 stimavit
673 4996 892 5069 quidem
938 4993 1204 5050 Baronius
1253 4993 1360 5068 (5),
1412 4995 1860 5050 commentarium
1922 4995 1990 5051 de

391 5093 654 5150 Trinitate
679 5090 841 5147 fuisse
869 5090 938 5148 ab
962 5101 1182 5146 auctore
1210 5090 1400 5146 litteris
1428 5089 1797 5160 consignatum
1847 5090 1988 5145 circa

391 5183 590 5240 Christi
635 5197 836 5239 annum
886 5197 1078 5238 cccxx.
1102 5198 1208 5253 quo
1243 5197 1273 5236 a
1307 5181 1554 5237 Patribus
1604 5181 1829 5238 Concilii
1880 5182 1991 5237 An-

391 5278 632 5334 tiocheni
678 5277 968 5334 damnatus
1011 5286 1097 5334 est
1125 5276 1327 5332 Paulus
1379 5276 1765 5333 Samosatenus
1793 5295 1806 5330 :
1833 5291 1994 5347 prop-

393 5379 538 5428 terea
565 5370 794 5437 scilicet,
823 5368 966 5442 quod
997 5367 1112 5425 viro
1138 5383 1336 5441 magno
1383 5370 1530 5426 visus
1566 5368 1727 5425 fuerit
1759 5367 1993 5439 scriptor

463 5529 543 5596 (1)
573 5526 766 5583 Novat.
799 5526 862 5582 de
887 5527 1076 5596 Trinit.
1104 5541 1225 5595 cap.
1251 5529 1342 5584 51.

462 5595 544 5672 (2)
582 5597 820 5672 Method.
852 5598 917 5672 de
945 5595 1116 5654 Great.
1145 5597 1174 5669 §
1202 5599 1257 5672 8.

464 5669 550 5740 (5)
582 5669 861 5740 Novatian.
885 5670 949 5724 L.
973 5684 1023 5724 c.
1054 5685 1172 5739 cap.
1199 5671 1290 5725 51.

463 5739 545 5809 ta)
572 5739 708 5809 vide
734 5739 935 5809 Maran.
967 5740 1030 5795 L.
1052 5755 1104 5794 ε.
1131 5755 1255 5809 pag.
1279 5741 1406 5796 518.

469 5807 547 5882 (5)
576 5807 770 5863 Baron.
818 5808 885 5862 ad
915 5823 1042 5864 ann.
1073 5807 1258 5881 272Ῐῇ
1289 5811 1376 5865 15.

2094 4714 2329 4770 recitans
2367 4713 2567 4770 diserte
2603 4723 2851 4783 testatur,
2883 4715 3211 4787 Episcopum
3267 4705 3638 4771 Alexandrinum

2095 4806 2164 4862 de
2191 4806 2513 4862 Sabellianis
2564 4806 2837 4862 haereticis
2865 4819 2973 4880 περι
3011 4825 3100 4865 τῶν
3126 4816 3258 4866 κατά
3284 4795 3504 4862 aestui"
3523 4803 3641 4874 sift-

2091 4920 2252 4965 τικων,
2302 4912 2608 4956 sermonem
2652 4897 2959 4955 habuisse:
3013 4909 3074 4956 ut
3111 4909 3382 4973 preptcrea
3431 4887 3636 4966 υἱωῐῶ
3705 4888 3708 4966 έ

2172 5092 2250 5166 (6)
2275 5093 2435 5166 ῥιιιιᾱ
2467 5094 2662 5166 Euseb.
2690 5093 2755 5152 H.
2788 5094 2854 5149 E.
2876 5094 2971 5150 lib.
3012 5094 3103 5161 vri,
3136 5110 3253 5166 cap.
3274 5094 3357 5158 50,

2192 5157 2246 5234 7)
2271 5157 2580 5220 Tillemont.
2612 5165 2771 5220 Mem.
2802 5166 2957 5222 Tom.
2984 5183 3058 5235 ιιι,
3082 5157 3183 5222 art.
3203 5157 3263 5228 ’5,
3281 5157 3454 5221 surtu
3473 5157 3634 5217 NonL

2192 5237 2248 5302 8)
2271 5235 2429 5291 Cave.
2456 5237 2595 5292 Hist.
2623 5236 2868 5292 Liltemr.
2892 5239 2958 5292 ad
2976 5255 3170 5294 annum
3189 5237 3312 5302 251,
3332 5245 3452 5292 ιοιιι.
3481 5249 3518 5290 ι.

2169 5307 2248 5378 (9)
2269 5307 2459 5363 Norat.
2493 5310 2556 5364 de
2578 5307 2764 5364 Trinit.
2799 5324 2918 5378 cap.
2954 5309 3043 5364 1‘2.

2170 5369 2284 5506 [(ng
2316 5379 2536 5453 Dionys.
2568 5369 3012 5450 Alexandr.upud
3040 5379 3225 5437 Euseb.
3253 5377 3323 5434 II.
3343 5373 3412 5432 Ε.
3439 5369 3527 5432 lib.
3547 5383 3632 5434 vn,

2097 5467 2215 5523 cap.
2251 5467 2304 5523 ι).

2168 5520 2284 5596 (11)
2316 5521 2568 5596 Philastr.
2590 5523 2662 5596 de
2693 5522 2888 5578 Hier-ea.
2916 5539 3031 5592 cap.
3064 5523 3153 5578 51.

2168 5593 2283 5662 (12)
2311 5594 2540 5663 August.
2578 5593 2777 5650 Haeres.
2810 5595 2900 5651 41.

2199 5664 2286 5722 15)
2303 5664 2616 5721 Tillemont.
2652 5665 2712 5720 L.
2741 5682 2790 5722 c.

2194 5735 2281 5810 11)
2309 5735 2582 5810 ῌίρρφιιιο
2614 5735 2908 5810 adv-N091:
2935 5737 2975 5810 ἑ,
2991 5735 3043 5810 1.-

2167 5805 2283 5880 (15)
2316 5805 2579 5880 Epiphan.
2612 5808 2811 5866 eres.
2838 5805 2980 5880 επς
3013 5805 3062 5861 1.

3733 3171 3745 3400 l
