3782 6280
277 277 358 342 877

1685 283 2082 346 NOVATIANI.

3415 311 3519 370 878

271 417 368 457 esse
387 398 718 472 proTractatu
739 395 1022 454 Novatiani
1040 397 1107 454 de
1123 397 1386 457 Paseltate
1409 401 1512 476 (1).
1541 403 1824 476 Inscriptio
1848 410 1896 468 Α
1928 408 2228 465 illustratus
2265 425 2362 482 per
2403 411 2714 470 Eduardum
2742 407 3082 474 Welcltman.
3135 419 3374 496 Denique
3402 445 3522 486 rur-

272 488 614 550 lueubrationis
672 488 951 546 Novatiani
983 491 1049 547 de
1099 490 1357 548 lnstantia
1410 496 1618 552 videtur
1667 499 1822 554 nobis

270 583 518 643 admodum
568 581 831 648 obsedra;
889 582 1108 641 Gratcus
1163 585 1432 656 interpres
1483 589 1680 654 reddit,
1713 577 1822 663 πέρι

269 687 483 738 διεστώτων
512 694 524 732 :
553 677 686 734 forte
736 677 872 748 legis
918 677 996 733 de"
1055 677 1400 736 Instantibus.
1473 680 1581 737 Nos
1649 684 1817 740 inter-

269 785 498 847 pretantur
509 772 572 828 de
589 773 837 827 instantia
853 788 948 830 seu
965 775 1359 843 perseverantia
1378 775 1428 831 in
1449 777 1692 834 oratione
1712 777 1816 851 (Ξ).

323 871 493 924 Omnes
539 882 749 938 quoque
808 866 1088 924 Novatiuni
1153 869 1396 938 litteras,
1469 887 1620 941 quas,
1677 872 1819 929 facto

276 964 528 1028 schismate,
560 960 625 1015 ad
656 956 902 1017 diversas
935 964 1174 1018 exaravit
1209 963 1502 1030 Ecclesias,
1533 966 1666 1022 edax
1725 983 1813 1022 ro-

279 1073 373 1114 rum
413 1067 592 1123 tempus
632 1054 956 1124 absumpsit.
993 1055 1236 1112 Meminit
1261 1057 1318 1114 S.
1351 1058 1647 1130 Cyprianus
1691 1077 1814 1130 per-

277 1163 564 1222 sa~peearum
605 1147 1008 1218 Epistularum,
1059 1167 1193 1222 quas
1243 1151 1608 1218 Novatianus,
1665 1163 1816 1226 post-

268 1257 393 1312 quam
415 1239 724 1298 Cathedram
756 1240 1052 1298 Romanam
1079 1245 1394 1315 occupavit,
1427 1245 1494 1300 ad
1525 1247 1660 1302 alios
1697 1248 1812 1318 epi-

263 1351 420 1404 scopos
439 1335 758 1406 perscripsit.
776 1335 1008 1393 Sanctus
1028 1339 1188 1394 etiam
1209 1339 1570 1414 Hieronymus
1599 1358 1814 1397 earum-

263 1429 359 1486 dem
384 1430 693 1485 mentionem
727 1432 852 1485 facit
878 1430 964 1485 bis
991 1434 1171 1489 verbis
1200 1449 1214 1488 ι
1250 1435 1524 1507 Simulque
1549 1436 1815 1507 Epistolas

265 1523 538 1592 Noratiani,
574 1535 627 1578 ut
654 1523 777 1578 dum
828 1523 1159 1580 Schismatici
1206 1527 1428 1584 hominis
1477 1545 1668 1584 venena
1723 1547 1812 1585 co-

261 1618 524 1688 gnoscimus,
555 1616 790 1672 libentius
819 1619 985 1672 sancti
1014 1617 1262 1691 Martyris
1289 1619 1538 1693 Cypriani
1575 1623 1809 1678 bibamus

261 1713 500 1766 antidotum
529 1709 625 1784 (5).
677 1710 832 1768 Unde
883 1713 1216 1783 colligimus,
1277 1715 1422 1786 quod
1473 1715 1558 1772 lite
1613 1717 1808 1774 littera:

259 1802 528 1876 Hieronymi
551 1812 706 1859 aetate
733 1803 913 1859 adhuc
941 1806 1270 1862 exstiterint.

317 1900 381 1956 De
413 1901 547 1972 ston
571 1899 850 1956 Novatiani
900 1903 1015 1958 haec
1049 1910 1201 1957 notat
1253 1901 1338 1958 Cl.
1387 1903 1650 1973 Dupinius
1681 1904 1766 1978 (4)
1795 1923 1809 1960 :

265 1991 379 2048 «Hie
395 1993 578 2050 Auctor
608 1996 842 2066 ingenio,
865 1997 1193 2068 eloquentia,
1210 2005 1265 2052 et
1291 1998 1518 2054 scientia
1551 1999 1810 2069 pollebat.

261 2085 367 2155 Ejus
391 2087 546 2150 stylus
564 2097 644 2143 est
668 2103 859 2154 purus,
887 2089 1109 2156 nitidus,
1155 2101 1209 2146 et
1238 2093 1540 2162 expolitus:
1585 2093 1833 2163 phrases.

259 2180 411 2236 electis
431 2222 443 2245 ,
467 2183 810 2252 cogitationes
834 2183 1108 2238 naturales
1131 2225 1146 2250 ,
1199 2193 1255 2240 et
1296 2185 1578 2242 ratiocinia
1612 2187 1806 2242 solida.

259 2271 394 2329 llulta
419 2273 565 2330 habet
582 2276 874 2345 Scriptura:
901 2276 1015 2330 loca
1049 2276 1297 2346 apposite
1317 2277 1480 2332 citata
1513 2296 1526 2332 :
1559 2277 1726 2332 immo
1756 2278 1810 2333 in

259 2362 568 2434 ltractatibus,
599 2367 688 2438 qui
719 2382 864 2422 nunc
893 2379 1128 2434 exsmnt,
1159 2368 1294 2423 ordo
1322 2377 1376 2424 et
1403 2369 1690 2426 metitodus
1715 2386 1812 2440 0p-

265 2456 370 2512 tima
393 2459 720 2528 observatur,
749 2476 1072 2532 semperque
1101 2462 1309 2532 placide
1335 2473 1390 2518 et
1421 2465 1696 2520 moderate
1726 2465 1809 2520 lo-

269 2553 430 2623 quitur.
464 2573 481 2608 ι
507 2554 672 2625 Hujus
703 2555 830 2610 crisi
881 2567 1112 2625 utraque
1143 2555 1335 2626 pollice
1361 2556 1652 2612 subscribit
1684 2573 1808 2628 per-

273 2641 424 2700 doctus
465 2645 678 2703 Ceillier
723 2647 832 2719 (5).
869 2647 1108 2704 Libellus
1157 2648 1222 2703 de
1279 2647 1631 2720 Negntoribus
1678 2650 1810 2706 reci-

281 2735 459 2804 piendis,
487 2740 570 2810 qui
601 2755 630 2795 a
660 2740 895 2796 Paciano
921 2739 1004 2813 (6)
1027 2740 1354 2796 adscribitur
1387 2753 1602 2808 nostro,
1633 2751 1810 2812 potest

289 2840 383 2884 esse
400 2845 544 2888 nm.
573 2833 813 2904 Epistola
841 2834 986 2888 inter
1015 2833 1384 2905 Cyprianieas,
1412 2833 1554 2890 Cleri
1581 2832 1810 2890 Romani

288 2923 642 2999 nomiaescripta
667 2928 818 3000 juxta
850 2927 1217 2986 Oxoniensem
1247 2931 1561 2988 editionem.

811 3059 1108 3101 Αιιτιοιιιιιδ
1135 3063 1192 3102 V.

589 3179 855 3239 Editiones
878 3197 1090 3253 operum
1118 3179 1418 3240 Nepotiani.

321 3331 384 3392 Ex
409 3337 465 3394 iis
490 3347 662 3396 autem
692 3338 947 3410 operibus
966 3382 980 3406 ,
1012 3355 1132 3411 qua:
1163 3337 1270 3394 buc
1302 3353 1472 3410 usque
1497 3336 1802 3396 Novatiauo

264 3431 569 3499 alseruimus,
631 3433 824 3488 librum
881 3433 942 3488 de
995 3430 1246 3485 Trinitate
1293 3447 1414 3487 cum
1473 3432 1712 3502 Epistula
1743 3433 1806 3487 de

258 3519 366 3580 Cibis
387 3523 604 3583 Judaicis
633 3527 837 3598 primus
860 3541 926 3581 ex
952 3525 1302 3596 antiquisimo
1326 3524 1514 3580 codice
1541 3522 1594 3578 in
1627 3524 1806 3580 lucem

253 3620 428 3690 extulit,
450 3621 684 3690 Parisiis,
703 3636 846 3676 anno
861 3619 1270 3686 lbiSJoannes
1291 3619 1582 3690 Gagnaeus.
1605 3619 1806 3675 Deinde

251 3709 306 3766 ad
330 3713 440 3772 Mss.
466 3715 827 3771 Britannicum
849 3713 904 3769 in
934 3713 1267 3770 Masburensi
1295 3712 1560 3770 C(enobio
1614 3729 1802 3785 reper-

251 3809 344 3864 tum
369 3809 822 3882 exegitGelenius,
845 3807 1186 3880 vulgavitque
1205 3807 1428 3864 Basilete
1459 3825 1610 3864 anno
1640 3807 1797 3877 1550,

247 3895 509 3976 iterumque
560 3903 718 3959 l562.
755 3901 1026 3956 Pamelius
1072 3910 1338 3974 praeterea
1371 3902 1554 3957 multis
1584 3903 1638 3957 in
1670 3902 1803 3956 locis

243 3998 519 4071 Magnovit
545 3999 611 4053 ad
637 3995 918 4068 Anglicum
948 4010 1080 4052 mss.
1124 3996 1402 4068 exemplar
1446 3996 1546 4052 Dn.
1578 3995 1804 4051 Joannis

241 4081 532 4164 Clementis,
580 4103 636 4150 et
662 4091 984 4166 quibusdam
1027 4107 1092 4148 ex
1133 4091 1462 4164 conjecturis
1484 4091 1657 4146 Latini
1683 4089 1802 4146 La-

239 4183 368 4256 lipii,
393 4199 544 4260 atque
569 4187 828 4258 operibus
859 4185 1177 4242 Tertulliani
1205 4187 1454 4252 avtexuit,
1490 4185 1650 4240 Duaci
1685 4185 1799 4256 pri-

237 4287 366 4343 lllllm
391 4279 542 4338 editis
568 4295 710 4336 anno
738 4279 900 4344 1579,
937 4282 1246 4351 saepiusque
1283 4277 1539 4348 deinceps
1569 4277 1796 4332 recusis.

235 4367 376 4441 Juno
423 4374 636 4435 demum
696 4375 1015 4444 insequente
1068 4373 1240 4441 1580,
1309 4371 1613 4436 recensuit,
1679 4368 1797 4424 edi-

237 4461 398 4540 ﬁtque
437 4469 660 4525 Parisiis
707 4467 947 4522 Renatus
1002 4467 1328 4522 Laurentius
1382 4464 1448 4518 de
1505 4464 1551 4517 la
1607 4461 1794 4516 Barre.

241 4553 392 4642 Atque
415 4562 670 4624 hactenus
698 4563 838 4618 inter
873 4575 1037 4632 opera
1065 4559 1382 4616 Tertulliani
1428 4557 1583 4612 latuit
1618 4555 1796 4612 Nova-

253 4651 412 4721 timus.

305 4749 578 4831 Separatim
608 4770 738 4816 vero
757 4755 988 4826 primum
1012 4752 1450 4828 prodiitLoudiui
1475 4768 1618 4808 anno
1643 4753 1802 4818 1709,

249 4841 433 4913 Mante
460 4850 755 4912 Wilbelmo
780 4848 1094 4914 WhistonoI
1143 4849 1210 4904 ad
1251 4849 1452 4905 calcem
1485 4847 1663 4919 operis
1693 4847 1804 4904 An-

401 4944 676 5016 inscripti,
719 4943 979 5000 Sermons
1019 4941 1126 4999 and
1175 4942 1372 5016 [355:in
1421 4956 1564 5013 upon
1595 4937 1805 4996 several

251 5033 478 5110 tuhjects,
513 5055 635 5112 pag.
667 5037 795 5106 327,
823 5037 1019 5094 deinde
1064 5037 1257 5094 Oxonii
1297 5052 1438 5092 anno
1471 5035 1630 5100 1721,
1667 5033 1807 5090 notis

331 5171 372 5246 l)
398 5173 632 5232 Lardner
653 5175 711 5230 in
731 5173 1015 5246 credibility
1037 5177 1098 5246 of
1112 5177 1194 5231 tlte
1214 5173 1280 5230 ϐ.
1300 5173 1348 5228 Η
1359 5213 1371 5227 .
1395 5183 1534 5244 part.
1553 5173 1611 5242 Ξ,
1629 5187 1684 5245 p.
1707 5170 1798 5228 82.

396 5246 554 5302 ldent.
591 5247 722 5302 Ibid.
767 5263 885 5317 pag.
916 5245 1010 5303 21.

322 5315 372 5390 5)
402 5318 702 5390 ηἱθιοιιγιιι.
742 5315 902 5390 Epist.
953 5335 1007 5384 ιι,
1057 5319 1124 5372 ad
1178 5316 1403 5372 Paulum
1433 5315 1793 5390 Coucordiens.

254 5371 452 5460 {tanta
469 5371 615 5459 Opp:
629 5389 760 5460 edit.
782 5371 1007 5444 fiench
1030 5371 1149 5460 pag.
1174 5371 1264 5455 17,
1287 5399 1342 5446 et
1361 5398 1489 5444 tum.
1519 5405 1557 5456 ι,
1586 5399 1721 5458 part.
1741 5389 1792 5456 1,

331 5497 346 5514 .
371 5457 456 5524 24,
485 5457 612 5516 edit.
643 5459 831 5515 Venet.
863 5457 1210 5518 ἰιι-4⁰.’1766.

295 5529 376 5606 μ)
405 5531 869 5606 Dupiu,BibliotIt.
921 5532 1074 5590 Tom.
1128 5551 1166 5603 1,
1215 5549 1336 5606 pag.
1382 5530 1514 5600 285,
1568 5529 1798 5586 edit.lat.

645 5673 872 5736 Histoire
893 5678 1134 5751 generals
1153 5679 1242 5736 des
1269 5686 1491 5736 auteurs.
1532 5675 1686 5735 Tom.
1712 5689 1804 5741 ιιι,

251 5457 354 5571 “ti

178 5571 376 5611 3.)

178 5571 386 5708 ﬁt

204 5708 399 5894 Ἣ

645 5818 812 5892 Epist.
847 5837 927 5894 ιιι,
957 5821 1025 5879 ad
1042 5819 1497 5898 Sympronianuut.

1925 517 2018 556 sus
2066 502 2292 560 Londini
2351 521 2492 561 anno
2543 509 2716 574 1728,
2773 510 2966 566 Studio
3013 511 3234 574 Joannis
3260 517 3519 594 Jackson,

1928 593 2182 650 Ecclesiae
2223 597 2530 669 Anglicanat
2573 600 2880 674 Presbyteri
2922 605 3091 662 iit-8°.
3139 612 3312 680 Atque
3359 593 3521 672 Wlti-F

1924 695 2112 742 stonus
2141 691 2357 759 quidem
2388 708 2552 748 untnn
2580 693 2773 749 librum
2825 697 2889 751 de
2937 697 3186 756 Trinitate
3228 703 3520 766 lectoribus

1923 780 2158 837 exhibet.
2193 783 2582 842 Welclnnanus
2631 805 2760 846 vero
2798 790 2930 846 duas
2955 805 3214 862 prattcrea
3248 797 3520 868 Epistolas

1923 871 2154 942 adjecit,
2199 875 2423 934 alteram
2471 879 2535 934 de
2561 878 2701 938 Cibis
2725 881 2964 940 Judaicis
2989 927 3004 954 ,
3047 889 3270 948 alteram
3296 893 3520 952 Romani

1923 962 2058 1020 Cleri
2122 970 2326 1024 nomine
2401 972 2680 1041 scriptam.
2766 975 3003 1034 Jackson
3062 989 3244 1038 autem
3299 987 3518 1044 tertiam

1922 1055 2144 1127 insuper
2185 1060 2363 1129 junxit
2412 1062 2745 1134 Epistulam,
2797 1084 2955 1139 quatn
3013 1069 3203 1131 Clerus
3242 1075 3519 1134 Romanus

1920 1148 2194 1221 Cypriano
2241 1155 2517 1227 inscripsit
2547 1175 2560 1212 :
2593 1159 2830 1218 incertus
2861 1172 3038 1220 tamen
3061 1175 3115 1224 et
3143 1167 3256 1238 ipse
3277 1210 3290 1236 ,
3339 1179 3520 1227 utrum

1920 1243 2188 1310 ejusmodi
2231 1246 2469 1319 Epistola
2512 1250 2868 1310 Novatianum
2913 1268 3171 1328 agnoscat
3219 1273 3518 1320 auctorem.

1919 1332 2120 1392 Omnes
2174 1338 2227 1394 bi
2273 1349 2384 1396 tres
2434 1343 2674 1401 editores
2729 1346 3085 1406 Novatianum
3133 1352 3518 1413 eruditissimis

1920 1437 2064 1490 notis
2093 1445 2254 1508 atque
2278 1440 2749 1502 observationibus
2776 1445 3146 1516 illustrarunt,
3189 1449 3291 1506 hoc
3337 1461 3521 1510 tamen

1917 1527 2248 1599 discrimine,
2265 1533 2409 1604 quod
2428 1535 2762 1593 Welchmani
2782 1548 2924 1600 noue
2953 1543 3176 1598 omnino
3197 1543 3519 1601 orthodoxae

1919 1621 2060 1686 sint,
2105 1624 2436 1694 reliquorum
2465 1627 2693 1684 duorum
2723 1631 2897 1700 quoad
2925 1631 3118 1704 dogma
3141 1633 3208 1690 de
3237 1635 3521 1694 divinitate

1915 1712 2037 1768 Filii
2079 1731 2270 1786 purum
2300 1720 2654 1792 putidumque
2700 1723 3066 1780 Arianismum
3108 1727 3343 1798 sapiant.
3376 1727 3521 1784 ﬂuc-

1839 1807 1890 1870 B
1920 1821 2090 1876 usque
2116 1807 2184 1864 de
2210 1810 2539 1868 editionibus
2577 1814 2835 1885 antiquis.

1986 1899 2344 1959 Novissimam
2364 1945 2378 1970 ,
2411 1921 2570 1975 quam
2617 1905 2700 1964 Cl.
2735 1907 2981 1965 Andreas
3011 1911 3333 1970 Gallandius
3363 1930 3519 1984 para—

1917 1993 2012 2056 vit.
2045 1993 2338 2051 editionem
2365 1999 2552 2068 exegit
2578 2001 2915 2069 potissimum
2943 2003 3008 2058 ad
3031 2007 3310 2076 exemplar
3332 2006 3522 2064 Panic-

1917 2087 2112 2143 lianum
2135 2133 2150 2158 ,
2181 2091 2422 2163 illudque
2447 2108 2566 2147 cum
2605 2093 2814 2150 duobus
2841 2099 3130 2166 postremis
3169 2099 3524 2172 editionibus,

1915 2181 2225 2252 Oxoniensi,
2255 2195 2310 2240 et
2335 2185 2664 2244 Londinensi
2693 2191 2947 2258 contulit;
2978 2207 3152 2257 neque
3175 2194 3524 2266 negligendas

1915 2277 2136 2330 omnino
2166 2278 2460 2334 arbitratus
2484 2289 2567 2336 est
2596 2281 2862 2338 editiones
2884 2285 3057 2356 magis
3079 2287 3346 2358 antiquas.
3380 2288 3521 2344 Illud

1915 2384 2044 2424 vero
2067 2371 2299 2424 maxime
2325 2373 2552 2439 curavit,
2579 2383 2639 2428 ut
2667 2374 2734 2430 ad
2765 2390 2862 2430 sua
2888 2393 3116 2448 quaeque
3147 2379 3264 2435 loca
3293 2379 3523 2437 reduce-

1913 2471 2103 2516 rentur
2146 2462 2327 2518 luxata
2373 2471 2654 2531 membra,
2689 2467 2829 2522 duce
2869 2469 3215 2539 potissimum
3241 2484 3524 2542 praeeunte

1912 2551 2204 2620 Cotelerio,
2235 2554 2325 2624 qui
2351 2557 2584 2626 capitum
2615 2559 2965 2627 trajectiones
2994 2563 3046 2616 in
3077 2563 3217 2620 libro
3244 2563 3307 2620 de
3337 2563 3518 2620 Trini-

1915 2655 2016 2702 late
2042 2656 2163 2717 post
2192 2647 2480 2703 Henricum
2518 2649 2790 2706 Valesium
2821 2660 2976 2710 acute
3005 2655 3255 2722 advertit,
3290 2667 3521 2713 annota-

1914 2741 2118 2810 vitque.
2167 2741 2244 2796 Ex
2289 2741 2487 2812 quibus
2528 2753 2610 2798 est
2639 2747 3006 2816 perspicuum,
3036 2758 3294 2820 quantum
3326 2752 3524 2808 debeat

1916 2833 2157 2904 prtel'erri
2202 2835 2572 2889 recentissima
2616 2835 2732 2891 bzec
2775 2836 3058 2893 Novatiani
3098 2839 3264 2896 editio
3306 2843 3522 2899 caeteris

1915 2926 2365 2997 praecedentibus.
2404 2929 2563 2982 Anno
2591 2928 2751 2996 1782,
2783 2931 2922 3002 typis
2953 2931 3282 2990 Stahelianis
3313 2934 3520 2992 Wiree—

1914 3019 2066 3090 burgi
2101 3019 2380 3076 Novatiani
2420 3036 2583 3090 opera
2613 3037 2806 3079 recusa
2829 3024 2981 3081 fuere
3009 3021 3283 3084 volumine
3310 3031 3526 3084 winter

1912 3128 2075 3182 opera
2111 3113 2209 3170 SS.
2245 3113 2464 3169 Patrum
2511 3115 2819 3184 latinorum,
2844 3132 2874 3172 a
2904 3133 3024 3189 pag.
3057 3119 3322 3188 455-544,
3351 3119 3518 3176 in~8°.

1830 3204 1894 3270 (ἶ
1915 3205 2173 3276 Analysin
2205 3205 2485 3274 utriusque
2529 3209 2774 3278 opusculi
2808 3220 2917 3264 tum
2957 3209 3026 3266 de
3066 3211 3330 3268 Trinitate
3354 3255 3370 3280 ,
3405 3221 3520 3268 tum

1911 3297 1979 3353 de
2009 3296 2158 3352 Cibis
2184 3297 2426 3354 Judaicis
2455 3299 2688 3358 confecit
2714 3299 2796 3357 Cl.
2826 3302 2888 3358 P.
2923 3303 3235 3358 Dominicus
3261 3304 3516 3371 Schram,

1911 3398 2043 3444 tom.
2090 3405 2144 3444 vr
2191 3390 2275 3446 sui
2303 3390 2484 3460 operis
2517 3391 2808 3458 Patristici,
2841 3409 2872 3451 a
2902 3407 3024 3464 pag.
3050 3393 3298 3450 269519
3319 3437 3332 3460 ,
3372 3410 3520 3452 anno

1913 3481 2072 3536 1784.
2119 3480 2236 3536 Jam
2287 3497 2432 3538 anno
2485 3483 2644 3549 1777,
2691 3481 2775 3539 Cl.
2823 3482 3158 3542 Christianus
3209 3485 3518 3544 Fridericus

1909 3573 2202 3639 Roslerus,
2234 3583 2382 3629 tomo
2424 3590 2480 3629 ut
2531 3575 2877 3632 Bibliotheca:
2928 3577 3148 3636 Patrum
3178 3578 3372 3648 Lipsiae
3415 3581 3518 3634 im-

1909 3681 2100 3738 presso
2135 3682 2164 3723 e
2193 3666 2481 3724 Novatiani
2507 3667 2761 3724 Tractatu
2788 3667 2858 3724 de
2883 3667 3150 3727 Trinitate
3177 3679 3431 3742 excerpta
3461 3671 3518 3727 in

1910 3762 2089 3834 lingua
2133 3773 2317 3818 nostra
2361 3764 2646 3820 vernacula
2688 3763 2915 3835 adjectis
2957 3765 3342 3824 eruditissimis
3373 3765 3516 3824 uotis

1908 3855 2028 3911 orbi
2059 3855 2272 3913 erudito
2297 3858 2732 3914 communicavit.

2522 3993 2750 4050 CAPUT
2781 3991 2868 4048 lll.

2319 4103 2646 4144 DOCTBINA
2685 4100 3052 4141 NOVATIANI

2437 4189 2736 4232 ARTICULUS
2754 4191 2968 4231 PRIMUS.

1905 4295 2110 4350 Puncta
2123 4293 2410 4362 dogmatica
2425 4291 2486 4344 de
2498 4290 2630 4356 Deo,
2647 4289 2928 4360 divinisque
2947 4290 3061 4360 ejus
3078 4291 3504 4364 perfectionibus.

1974 4414 2089 4471 Etsi
2134 4426 2299 4482 pauca
2343 4407 2630 4465 admodum
2657 4449 2672 4474 ,
2723 4421 2895 4476 eaque
2939 4407 3260 4464 breviSs-ima
3310 4411 3516 4470 vetusti

1904 4509 2064 4582 hujus
2105 4506 2329 4562 Romani
2365 4501 2664 4575 presbyteri
2693 4514 2855 4572 opera
2891 4500 2958 4556 ad
3001 4515 3101 4558 nos
3131 4506 3502 4575 pervenerint,

1823 4606 2196 4668 Doccurrunt
2242 4595 2592 4654 nihilominus
2658 4594 2712 4648 in
2760 4593 2878 4662 ejus
2928 4591 3180 4648 Tractatu
3227 4594 3296 4649 de
3333 4594 3508 4652 Trini~

1907 4707 2035 4764 tate,
2071 4696 2163 4766 qui
2187 4692 2372 4748 lnsiori
2403 4690 2614 4745 calamo
2643 4697 2895 4742 exat-atus
2920 4693 3024 4752 est,
3058 4685 3337 4742 innumera
3366 4703 3506 4758 pene

1905 4789 2134 4845 dixerim
2178 4787 2408 4858 pretiosa
2450 4782 2747 4852 fragmenta
2792 4777 2968 4848 quoad
3007 4779 3306 4850 praecipuas
3345 4776 3506 4836 Chri-

1905 4886 2091 4941 stianze
2127 4883 2389 4938 doctrina:
2419 4879 2694 4935 veritates.
2736 4873 2811 4930 lbi
2840 4871 3102 4944 siquidem
3135 4872 3503 4944 deprehendi-

1911 4989 2012 5042 tur,
2042 4977 2168 5048 quid
2190 4975 2259 5030 de
2291 4975 2398 5029 Deo
2429 4968 2770 5028 sentiendum
2798 4965 2887 5031 sit,
2916 4965 3140 5035 ejusque
3164 4966 3506 5034 perfectioni.

1907 5073 2042 5138 bus;
2097 5083 2342 5140 quaenam
2393 5066 2459 5120 sit
2503 5065 2636 5118 ﬁdes
2691 5059 2946 5115 Ecclesiae
2991 5057 3135 5112 circa
3186 5055 3502 5128 Mysterium

1904 5162 2256 5218 sanctissima:
2303 5155 2581 5211 Trinitatis
2606 5193 2620 5218 ,
2669 5159 2724 5208 et
2763 5150 2890 5206 Jesu
2915 5146 3114 5203 Christi
3141 5145 3500 5219 divinitatem,

1901 5258 2123 5330 ejustjue
2151 5250 2593 5309 incarnationem.

1971 5349 2298 5406 Novatianus
2329 5343 2481 5396 initio
2509 5339 2792 5395 Tractatus
2819 5337 2902 5392 sui
2932 5335 3000 5408 de
3027 5335 3292 5390 Trinitate
3313 5333 3500 5406 docet,

1903 5443 2074 5500 teneri
2107 5433 2226 5504 nus,
2267 5445 2420 5508 prout
2447 5430 2816 5506 praescribitur
2845 5431 2896 5483 in
2927 5429 3206 5501 Symbolo,
3235 5427 3378 5498 quod
3412 5444 3500 5484 re-

1902 5537 2078 5609 gulam
2110 5531 2254 5594 ﬁdei,
2284 5544 2378 5584 seu
2410 5525 2649 5582 veritatis
2679 5527 2972 5588 nuncupat,
3011 5519 3236 5576 credere
3257 5519 3313 5574 in
3335 5519 3507 5578 Deum

1907 5634 2142 5694 Patrem,
2172 5636 2227 5682 et
2247 5621 2534 5679 Dominum
2561 5615 2986 5684 omnipotentem
3007 5654 3021 5678 ,
3046 5613 3286 5671 universi
3319 5612 3512 5670 condi-

1909 5734 2102 5781 torem.
2136 5720 2276 5774 Deus
2304 5715 2402 5770 iste
2424 5729 2530 5768 non
2554 5710 2726 5766 solum
2754 5703 2954 5758 creavit
2980 5704 3179 5759 coelum
3202 5713 3258 5761 et
3281 5714 3510 5774 terram,

1919 5817 2014 5874 sed
2057 5816 2276 5885 insuper
2310 5809 2426 5865 haec
2457 5803 2638 5864 omnia
2666 5794 2898 5872 propriis
2923 5805 2979 5850 et
3003 5795 3286 5864 condignis
3317 5799 3521 5860 instra.
