1891 3140
146 148 200 178 879

145 262 209 282 nem
225 253 257 281 ad
273 253 413 288 imaginem
429 259 517 284 suam,
532 251 574 278 cui
590 256 706 277 mentem
720 253 744 276 et
758 249 889 275 rationem
905 248 945 274 in-

146 300 214 328 ditlit
224 320 231 332 ,
251 305 277 327 ct
291 298 475 333 prudentiam,
492 302 521 324 ιιι
534 297 616 325 Deum
635 300 726 331 posset
739 295 847 322 itnitari.
861 293 945 328 Cujus

145 347 196 376 etsi
211 346 332 381 corporis
347 350 453 372 terrena
476 343 643 380 primordia,
666 343 784 370 caelestis
808 347 896 368 tamen
919 345 946 367 et

144 394 228 422 divini
244 393 343 420 halitus
358 393 487 427 inspirata
510 391 657 419 substantia
678 399 684 416 :
702 397 761 423 qua:
779 396 839 416 ctttn
856 388 945 414 omnia

144 442 171 468 in
191 439 347 467 servitutem
369 439 406 466 illi
422 438 560 470 dedisset,
577 437 665 464 solum
686 435 801 464 liberttm
817 442 877 463 esse
897 442 944 461 vo-

141 487 201 515 luit.
219 487 251 513 Et
265 494 298 513 ne
311 486 336 513 in
352 485 499 520 perieulum
520 484 631 512 caderet
644 490 750 510 rursum
766 482 853 509 soluta
867 481 946 508 libero

142 539 193 566 tas,
209 532 362 560 mandatum
373 530 610 567 posuit(homini).
624 537 677 564 quo
689 533 777 556 latnen
791 536 843 555 non
856 527 946 555 inesse

143 580 245 607 malum
266 579 293 606 in
314 579 400 606 fructu
422 577 526 605 arboris
541 576 685 608 diceretur,
706 575 753 602 sed
769 574 886 601 luturutn
900 594 906 605 ,
923 573 945 600 si

142 627 213 654 forte
226 633 259 653 ex
280 625 417 652 voluntate
437 623 554 657 hominis
569 623 602 650 de
623 626 779 656 contemptu
795 620 865 648 data:
880 619 946 654 legis

140 677 356 708 przemoneretur
371 670 421 707 (l).
438 670 525 698 Arbor
539 670 629 704 itaque
641 668 720 696 vetita
732 667 811 702 juxta
818 666 944 694 Novatia-

142 727 206 747 num
228 727 281 747 non
295 726 329 746 ex
348 726 378 746 se
397 722 455 745 erat
470 721 601 745 venenata
624 719 670 742 aut
690 714 780 742 noxia.
806 722 816 739 ε
834 713 866 740 Et
879 712 946 740 liber

142 774 202 794 esse
217 766 364 798 debuerat,
379 765 466 800 pergit
482 764 645 791 Novatianns
656 783 662 793 .
680 770 714 790 ne
736 762 945 795 incongruenter

140 813 189 842 Dei
208 814 295 848 imago
310 813 434 844 serviret,
446 816 472 839 et
486 811 528 838 lett
544 809 678 845 addenda,
694 817 727 837 ne
739 816 824 843 usque
839 808 872 835 ad
881 815 946 834 con-

138 865 271 895 temptum
282 860 371 887 dantis
388 860 498 886 libertas
509 858 646 886 ell'rtenata
661 861 858 892 prorumperet,
876 859 905 881 ut
918 858 945 881 et

141 908 251 942 prmmia
264 907 396 942 condigna
410 927 417 939 ,
432 910 458 932 et
477 905 572 932 merita
592 911 732 939 pinnarum
748 905 945 936 consequenter
959 900 983 930 B
998 904 1025 926 et
1036 899 1116 926 silens
1132 899 1270 926 voluntas?
1285 899 1339 926 Nec
1349 899 1460 926 auribus
1470 903 1541 933 eget,
1554 897 1598 933 qui
1612 897 1704 926 tacitas
1715 897 1782 927 etiam

140 954 297 987 exciperet:
313 960 345 979 ex
369 959 422 985 quo
444 950 602 982 mortalitas,
621 949 718 975 invidia
735 948 826 983 utique
846 947 896 983 (2),
918 946 943 973 in

138 1000 227 1036 ipsum
244 999 327 1031 redit,
340 999 459 1034 quicum
475 997 546 1024 illam
559 996 592 1023 dc
604 996 757 1023 obedienlia
773 999 864 1029 pesset
883 1001 945 1021 eva-

141 1046 208 1073 dere
220 1067 226 1078 ,
240 1045 266 1072 in
282 1044 403 1072 eamdem
417 1042 547 1074 incurrit,
562 1041 625 1069 dum
641 1049 675 1068 ex
687 1039 802 1067 consilio
816 1046 945 1074 perverso

141 1092 213 1119 Deus
227 1084 286 1119 esse
303 1091 421 1118 festinat.
447 1088 530 1123 Cujus
542 1093 632 1116 tamen
647 1095 754 1122 pmnam
771 1086 945 1114 nihilominus

141 1137 315 1172 indulgenter
341 1134 500 1170 temperavit
525 1133 638 1169 (Deus),
657 1133 720 1161 dum
737 1141 789 1160 non
806 1137 860 1160 tam
877 1133 943 1167 ipse,

141 1192 221 1219 quam
237 1183 342 1210 labores
355 1182 414 1216 ejus
435 1180 632 1208 maledicnntur
649 1188 729 1216 super
744 1185 853 1208 terram.
869 1179 946 1213 Quod

140 1237 177 1256 ne
191 1229 225 1256 de
236 1229 307 1263 ligno
323 1227 426 1255 arboris
437 1228 498 1254 vita)
510 1227 658 1262 contingat,
669 1231 786 1258 arcetur,
798 1234 851 1253 non
862 1226 895 1254 de
907 1226 947 1253 in—

138 1275 219 1302 vidia:
241 1274 357 1309 maligno
384 1274 467 1301 livore
494 1273 652 1305 descendit,
675 1272 724 1300 sed
749 1281 782 1300 ne
805 1273 898 1300 vivens
918 1273 945 1299 in

140 1327 289 1355 aeternum,
308 1320 358 1347 nisi
385 1325 492 1355 peccata
508 1319 632 1346 Christus
648 1324 710 1346 ante
723 1318 868 1351 donasset,
891 1319 945 1345 cir-

142 1369 292 1397 cumferret
314 1375 405 1395 secum
428 1368 453 1394 in
474 1375 581 1403 pinnam
601 1367 641 1394 sui
662 1374 771 1401 semper
795 1366 947 1394 immortale

142 1417 282 1444 delictum.
305 1426 313 1442 ι
334 1416 451 1443 Irenarus
465 1414 572 1442 adducit
587 1414 666 1441 etiam
681 1413 820 1449 antiquum
835 1413 948 1448 scripto-

139 1472 199 1491 rem
227 1464 265 1499 (ὅ)
282 1485 289 1496 ,
314 1463 358 1498 qui
380 1463 495 1490 asseruit
515 1469 621 1497 quoque
642 1469 695 1488 non
719 1466 772 1488 tam
799 1460 946 1492 hominem,

141 1518 221 1546 quam
249 1501 348 1537 terram
372 1509 514 1537 tnaledicto
544 1508 693 1543 subjeelam
716 1507 810 1534 fuisse.
835 1516 844 1533 ι
874 1506 949 1534 Sicut

141 1563 251 1585 enarrat
274 1558 413 1592 Scriptura
430 1577 436 1589 ,
465 1555 571 1590 inquit,
603 1562 655 1581 non
691 1554 779 1589 ipsam
808 1553 949 1581 maledixit

141 1603 248 1635 Adam,
265 1603 313 1630 sed
333 1608 432 1630 terram
448 1601 474 1628 in
488 1600 616 1636 operibus
632 1600 702 1634 ejus,
718 1599 947 1635 quemadmodum

1003 1593 1082 1624 Deus,
1099 1601 1151 1621 non
1166 1602 1197 1621 ex
1212 1594 1275 1621 vitio
1292 1594 1351 1629 ejus
1365 1595 1454 1628 venit,
1469 1595 1517 1623 sed
1535 1595 1569 1623 ad
1584 1595 1781 1635 κατεκείμην

142 1657 175 1677 ex
192 1649 329 1677 veteribus
363 1648 473 1681 quidam
490 1647 526 1673 ait
549 1656 556 1673 :
581 1645 713 1678 Quoniam
744 1645 852 1680 quidem
878 1645 947 1681 (hzee

141 1697 274 1724 sententia
294 1694 396 1721 veteris
410 1693 480 1720 illius
493 1692 621 1727 auctoris)
641 1692 864 1725 transtulilDetls
891 1699 948 1718 ma-

142 1742 272 1770 lcdictnm
280 1739 310 1766 in
324 1745 434 1770 terram.
451 1743 479 1766 ut
493 1746 545 1765 non
559 1742 745 1773 perseveraret
757 1739 782 1765 in
797 1738 914 1766 homine.
937 1749 944 1764 ι

180 1786 275 1814 Tradit
288 1785 466 1817 Novatianus,
483 1784 553 1820 quod
569 1792 600 1812 ea
612 1806 619 1818 ,
635 1793 695 1820 qua:
710 1785 777 1811 inira
794 1789 892 1811 terram
904 1784 945 1819 ja-

143 1838 216 1865 cent,
232 1840 319 1866 neque
330 1832 384 1858 sint
399 1831 510 1866 digestis
522 1836 550 1858 et
561 1830 695 1858 ordinatis
709 1830 887 1865 potestatibus
900 1838 948 1857 va-

145 1887 206 1907 cua.
222 1878 309 1905 Locus
323 1877 394 1905 enitn
406 1881 457 1910 est,
477 1884 530 1911 qtto
550 1877 655 1911 piorum
670 1877 777 1908 animm,
793 1876 950 1911 impiorum-

145 1933 199 1961 que
209 1924 354 1956 dttcuntur,
368 1922 447 1950 futuri
457 1922 550 1957 judieii
565 1921 718 1956 prtejudicia
731 1922 889 1950 sentientes.
902 1922 950 1950 Se-

145 1973 263 2001 cundum
286 1977 404 1999 utentem
427 1970 512 1998 nostri
537 1969 656 1997 auctoris
680 1969 702 1996 is
723 1969 798 1997 locus
821 1969 888 1997 forte
909 1975 951 1997 est

147 2022 207 2055 ᾅδης
221 2018 364 2055 (infernus)
381 2024 506 2053 magnum
525 2016 591 2044 illud
608 2024 623 2043 e
637 2016 795 2051 corporibus
813 2015 950 2044 decetlen~

145 2067 212 2094 tium
228 2065 378 2093 animarum
394 2063 595 2098 receptaculum
613 2061 663 2098 (4).

182 2113 259 2151 Circa
281 2112 478 2147 simplicitatem
504 2111 550 2139 Dei
564 2110 704 2145 sequentia
721 2110 800 2138 docet
820 2110 951 2137 Novatia-

148 2167 200 2188 nus
213 2160 251 2196 (ὅ)
272 2168 277 2185 :
296 2168 305 2184 ‹
324 2159 370 2186 Est
384 2158 497 2193 simplex
512 2157 606 2194 (Deus)
624 2158 721 2185 ctsine
745 2157 797 2184 ulla
822 2164 950 2192 corporea

152 2204 596 2240 concretione....quandoqnidem
608 2204 724 2239 Spiritus
733 2204 767 2231 sit
780 2203 876 2231 dictus.
897 2213 905 2229 ι
920 2203 953 2230 Ει

149 2253 214 2281 dum
232 2252 370 2286 Scriptura
394 2252 449 2278 Deo
463 2251 555 2277 tribuit
578 2251 682 2282 oculos.
700 2250 819 2282 brat-hia,
844 2257 949 2284 manus,

149 2299 244 2335 pedes,
261 2298 366 2333 aliaque
384 2298 492 2325 humani
505 2298 627 2333 corporis
647 2297 779 2329 membra,
794 2305 847 2324 non
865 2298 950 2325 inten-
967 2289 993 2319 Β
1009 2297 1067 2323 boni
1091 2302 1114 2324 et
1137 2297 1198 2324 ntali
1226 2297 1350 2331 similiter
1369 2297 1480 2324 alteram
1500 2297 1624 2333 arborem
1639 2302 1665 2325 α

150 2345 263 2373 (1ἰῐ.ὒοί
285 2344 428 2371 essentiam
449 2344 618 2378 exprimere,
640 2344 750 2378 ejusque
766 2351 856 2370 veram
873 2343 951 2370 nobis

149 2394 347 2426 repraesentare
361 2395 498 2417 naturam:
514 2389 560 2416 sed
575 2388 744 2416 solummodo
758 2396 819 2416 eum
835 2389 874 2417 sic
889 2396 951 2424 pro-

150 2445 263 2473 ponere,
279 2436 386 2471 qualem
407 2444 505 2471 capere
521 2436 635 2462 humana
657 2443 733 2462 mens
749 2440 836 2470 potest
860 2445 866 2462 :
891 2435 952 2463 Non

153 2483 280 2518 quomodo
292 2482 363 2510 Deus
376 2487 429 2509 erat
439 2503 447 2516 ,
463 2482 507 2509 sed
521 2481 647 2517 quomodo
667 2482 777 2517 populus
797 2490 887 2517 capere
907 2491 952 2516 pa—

152 2534 216 2557 terat
227 2529 285 2565 (6);
304 2534 332 2556 ut
342 2529 424 2564 igitur
436 2528 494 2556 haec
507 2529 546 2556 sic
558 2528 592 2556 de
608 2528 662 2556 Deo
675 2528 808 2561 dicantur,
821 2537 873 2556 non
887 2529 951 2562 Deo,

192 2618 231 2689 Et)
251 2617 347 2644 Novat.
362 2619 393 2643 de
410 2615 501 2643 Trinit.
519 2624 577 2651 cap.
595 2617 619 2644 ί.

154 2653 266 2717 5313):":
271 2653 357 2680 nvidia
366 2652 470 2680 Diaboli
484 2653 587 2679 intravit
600 2661 668 2680 mors
677 2654 704 2681 in
717 2654 801 2681 orbem
816 2659 950 2683 terrarum.

175 2697 276 2716 autent.

191 2698 322 2760 {diuitem
336 2723 396 2751 Lib.
414 2732 441 2751 tn
455 2724 514 2751 adv.
529 2724 619 2752 limi-es.
634 2733 692 2760 cap.
708 2725 752 2754 25.

191 2759 231 2796 (4)
252 2760 345 2787 Novat.
359 2759 442 2796 Τναςι.
456 2761 487 2787 de
500 2759 590 2787 Trim't.
603 2768 662 2795 cap.
670 2759 700 2789 ⁷1.
712 2762 739 2789 ln
755 2763 878 2792 eamdem
894 2772 955 2792 sen-

157 2797 266 2822 tentiam
281 2796 401 2830 plerique
416 2795 523 2823 Patrnm
538 2803 709 2826 concessere.

193 2830 232 2864 (5)
252 2831 291 2858 Id.
304 2831 358 2858 ibid
381 2839 439 2865 cap.
455 2831 483 2859 5.

194 2866 232 2903 (6)
253 2866 290 2894 ld.
304 2865 366 2895 ibid.
380 2874 439 2902 cap.
453 2873 487 2895 Vl.

797 144 842 172 DE
863 141 942 171 VlTA
963 141 1007 170 ET
1027 140 1181 170 SCRIPTIS

145 207 245 236 mentis
259 211 286 235 et
300 210 405 239 ornata,
418 209 445 233 et
457 205 534 241 plena
546 203 668 239 digessit.
680 202 789 231 Creavit
805 202 850 229 ille
862 201 947 229 Itonii-
963 201 986 230 A
1002 201 1049 228 scd
1076 201 1174 235 populo
1198 200 1288 235 potius
1314 199 1462 234 imputetur
1477 207 1484 226 :
1501 197 1562 225 Non
1575 197 1650 234 igitur
1663 198 1774 228 audiam

1793 0 1868 263 Ἰ

1632 2047 1661 2070 ζῒ.
1671 2047 1692 2091 LII
1719 2047 1787 2073 "~t‘.

1768 2143 1779 2184 ί
1783 2169 1801 2187 ν
1807 2166 1811 2170 ”

1636 2200 1639 2202 -
1675 2196 1678 2197 ν
1691 2198 1693 2201 -
1708 2188 1753 2208 ηρ,
1767 2185 1805 2207 5:1

1628 2327 1868 2416 Ι

1474 2416 1735 2481 repromisitf‘,

1474 2483 1501 2536 εξ,
1525 2492 1575 2520 per
1655 2516 1660 2518 .

1479 2529 1655 2568 indulgeam
1709 2536 1722 2563 '.
1782 2533 1806 2553 *λ-

1474 2581 1547 2607 etem
1582 2582 1589 2600 ξ
1604 2588 1621 2599 ιη
1640 2566 1820 2677 ί⁷

1640 2630 1644 2635 .
1726 2631 1732 2638 ,
1805 2635 1813 2648 ,

1595 2729 1606 2742 γι
1629 2726 1638 2731 ’
1662 2730 1714 2754 ‘kr.

1477 2767 1517 2796 No
1535 2762 1576 2789 ι-
1603 2754 1705 2794 5""

1474 2810 1479 2822 ι
1518 2800 1555 2822 Ι
1570 2792 1579 2812 δ’
1594 2793 1693 2821 Lar-sgf:
1735 2793 1765 2807 :-

1456 2822 1584 2838 ...ν-..μισ

1456 2857 1462 2873 ι
1519 2868 1556 2880 ν,

1503 2908 1518 2919 ,ε

1505 2924 1510 2931 .

1511 2946 1514 2953 .

1729 141 1775 171 880

1001 247 1079 279 Deus,
1096 246 1142 273 sed
1160 246 1248 281 populi
1266 244 1409 273 mediocris
1423 249 1465 272 est
1478 251 1586 272 sensus.
1602 253 1612 270 ι
1623 243 1672 272 Cui
1684 244 1776 280 precia-

998 293 1111 320 rissimae
1119 292 1299 319 observationi
1306 291 1442 326 subjungit
1451 290 1625 323 Novatianus,
1635 290 1777 326 Scriptum

999 348 1047 374 per
1065 340 1184 367 membra
1199 347 1249 366 non
1265 339 1415 373 corporalia
1429 338 1604 371 lineamenta,
1617 337 1663 365 sed
1678 336 1779 367 diversa

999 387 1044 413 Dei
1061 386 1232 420 operationes
1254 383 1553 412 ostenderezel‘licacire
1563 381 1642 418 igitur
1659 383 1693 410 ibi
1701 382 1781 412 divine

1000 442 1046 468 per
1063 433 1182 461 membra
1199 436 1409 460 monstrantur.t
1424 430 1491 458 Nam
1505 434 1603 458 etcum
1614 429 1682 457 oculi
1696 429 1781 458 deseri-

999 479 1107 511 buntur,
1124 489 1132 504 ›
1150 479 1322 513 prosequitttr
1334 478 1405 505 idem
1422 477 1578 512 Presbyter,
1596 485 1606 502 ε
1623 475 1693 511 quod
1709 477 1782 504 omnia

998 526 1097 558 videat,
1112 526 1281 561 exprimitur.
1300 525 1332 553 Et
1343 525 1451 560 quando
1462 525 1546 557 auris,
1561 523 1633 558 quod
1648 523 1731 551 omnia
1742 531 1782 551 au-

998 573 1063 606 diat,
1075 573 1242 608 proponitur.
1255 573 1356 600 Etcum
1369 572 1476 606 digitus,
1490 570 1665 606 signiﬁcantia
1678 571 1781 606 quaedam

999 619 1142 646 voluntatis
1157 619 1287 653 aperitur;
1298 625 1325 646 et
1335 618 1373 645 sie
1380 618 1414 645 de
1422 617 1543 652 reliquis.
1551 615 1644 652 Neque
1656 616 1719 644 enim
1729 620 1781 645 sunt
1827 615 1830 623 “

998 666 1022 692 ei
1031 671 1075 692 aut
1084 665 1215 697 membra.
1223 671 1268 692 aut
1277 665 1460 692 membrorum
1467 664 1555 691 ofﬁcia
1565 667 1629 691 sunt
1638 663 1776 698 necemria,

998 713 1031 740 ad
1056 713 1131 747 cujus
1152 713 1275 739 solum...
1296 711 1453 741 arbitrium.
1473 715 1500 738 et
1514 710 1650 742 serviunt,
1664 709 1779 738 dabunt

1000 759 1102 785 omnia.
1126 768 1134 782 ›
1151 757 1205 785 Cur
1217 759 1289 786 enim
1305 758 1423 793 requirat
1436 757 1540 790 oculos,
1559 756 1604 792 qui
1617 756 1660 784 lux
1674 756 1728 785 est?
1741 757 1781 784 Aut

999 812 1049 831 cur
1063 809 1169 839 quaerat
1193 804 1290 839 pe'des,
1313 804 1357 838 qni
1379 803 1476 837 ubique
1492 803 1554 830 est?
1570 803 1623 829 Aut
1641 809 1687 830 cur
1704 809 1782 831 manus

999 857 1116 887 expetat,
1133 852 1209 887 cujus
1224 860 1300 880 mens
1315 852 1347 880 ad
1362 852 1451 879 omnia
1468 850 1632 879 instituenda
1642 849 1734 878 artifex
1741 854 1780 886 est,

998 946 1072 972 novit
1086 945 1248 972 voluntates.
1273 947 1324 972 Aut
1345 949 1454 979 propter
1467 951 1547 979 quam
1561 950 1669 971 causam
1682 943 1781 980 lingua

1002 997 1118 1027 qum-at,
1139 1001 1147 1016 ‹
1166 991 1208 1019 cui
1223 991 1340 1026 cogitare
1357 991 1472 1025 jussiSse
1484 990 1547 1017 est?
1563 999 1572 1015 ι
1602 989 1738 1018 Fateatur
1749 989 1782 1018 itt-

998 1045 1103 1072 genneh
1129 1046 1224 1065 omnes
1249 1038 1297 1064 has
1319 1037 1393 1064 ideas
1421 1036 1603 1064 nobiliSsimas
1621 1043 1653 1064 ac
1670 1035 1777 1066 nam“

997 1091 1057 1110 esse
1071 1104 1077 1116 ,
1102 1083 1195 1119 hisque
1218 1083 1350 1118 indigitari
1372 1082 1489 1110 auctoris
1512 1082 1652 1118 ingenium
1671 1081 1778 1111 uictu

998 1131 1117 1157 omnino.
1139 1130 1194 1157 Nec
1217 1131 1305 1158 minus
1326 1129 1407 1157 docte
1426 1135 1506 1165 atque
1526 1129 1659 1158 subtiliter
1678 1129 1782 1166 exponi.

997 1184 1050 1211 quo
1064 1182 1142 1212 pacto
1154 1176 1325 1211 interpretari
1344 1181 1467 1210 oporteat
1481 1175 1633 1211 passiones,
1647 1165 1806 1212 qusisdigf

999 1210 1073 1257 plura
1083 1223 1136 1250 Deo
1145 1210 1262 1250 tribuere
1272 1222 1377 1249 videtur
1388 1223 1423 1249 ita
1438 1210 1577 1249 disserens
1592 1221 1644 1259 (7).
1682 1210 1803 1256 Quodsi.

1000 1269 1045 1295 Dei
1074 1269 1224 1296 iracundias
1246 1269 1370 1304 legimus,
1393 1273 1420 1296 et
1439 1268 1499 1296 odia
1519 1269 1604 1297 relata
1619 1269 1783 1306 agnosdtnlt,

1000 1322 1052 1341 nott
1082 1320 1170 1342 tamen
1192 1314 1250 1342 [me
1267 1314 1440 1350 intelligimus
1460 1314 1494 1342 ad
1516 1314 1692 1344 humanorum

1000 1368 1062 1389 esse
1082 1362 1205 1396 exempla
1221 1362 1365 1394 vitiorum;
1392 1362 1529 1396 passiones
1542 1362 1615 1390 enim
1636 1363 1692 1391 ista

999 1407 1115 1433 minibus
1135 1408 1229 1435 merito
1251 1408 1383 1441 dicentur,
1407 1408 1434 1435 in
1449 1408 1503 1436 Deo
1517 1416 1571 1436 non
1587 1408 1683 1438 merito
1693 1407 1785 1445 in“

999 1454 1116 1487 buntur;
1141 1454 1278 1489 corrumpi
1299 1455 1370 1482 enim
1387 1462 1434 1490 per
1454 1454 1512 1483 ha‘c
1527 1455 1610 1483 homo
1804 1444 1815 1454 .

1000 1503 1135 1537 corrumpi
1154 1488 1401 1538 ροιθδίίθίηΊἾηηιίί
1418 1510 1465 1538 per
1474 1503 1534 1531 hinc
1549 1488 1688 1532 Deus-n00

1001 1548 1061 1582 quia
1081 1556 1130 1575 nec
1151 1549 1287 1583 corrumpi
1314 1553 1420 1583 potest;
1447 1556 1508 1576 nam
1537 1553 1564 1578 et
1585 1549 1657 1586 quod

1000 1646 1068 1668 trum
1084 1642 1147 1668 illud
1171 1640 1248 1674 facit;
1270 1642 1412 1677 indulgens
1424 1642 1495 1670 enim
1507 1647 1550 1670 est
1562 1643 1774 1690 client-25.3)!

1002 1688 1128 1721 minatur,
1145 1688 1208 1715 dum
1228 1696 1275 1724 per
1291 1688 1349 1716 hmc
1365 1689 1488 1717 homines
1507 1689 1542 1716 ad
1562 1694 1636 1718 recla
1662 1679 1738 1728 ,δὲ-π.
1752 1687 1777 1721 ,ἶ

1000 1743 1062 1761 nam
1077 1735 1173 1770 quibus
1194 1735 1227 1762 ad
1254 1735 1394 1762 honestam
1411 1736 1494 1763 vitam
1511 1735 1591 1764 deest

1001 1786 1040 1808 est
1054 1782 1233 1815 necessarius,
1248 1787 1286 1814 ut,
1300 1782 1342 1816 qui
1355 1782 1485 1809 rationem
1497 1775 1795 1818 reliquerunt,

1001 1838 1061 1858 rore
1087 1835 1262 1859 moveantur:
1291 1836 1318 1858 et
1338 1830 1398 1859 ideo
1419 1838 1514 1859 omnes
1538 1832 1616 1866 ista,

1001 1876 1052 1903 dia:
1072 1876 1129 1909 Dei,
1149 1877 1187 1903 vel
1210 1877 1271 1903 odia
1290 1877 1352 1910 Dei,
1373 1877 1416 1904 vel
1430 1885 1609 1914 quaecumque

1002 1924 1095 1957 modi,
1112 1924 1174 1950 dum
1198 1924 1231 1951 ad
1252 1924 1413 1952 medicinam
1432 1929 1554 1952 nostram

1002 1970 1125 2001 consilio,
1138 1977 1190 1996 non
1204 1978 1236 1997 ex
1246 1967 1466 2003 vitio,venerunt'.
1480 1969 1559 1998 llunc

1002 2015 1084 2042 cludit
1103 2014 1266 2043 Novatianus
1279 2016 1330 2052 (8).
1356 2017 1427 2044 novit
1441 2038 1448 2049 ,
1464 2021 1491 2045 et
1513 2008 1787 2058 veneratum

1003 2062 1045 2088 cui
1068 2062 1249 2089 testimonium
1264 2062 1353 2090 reddit
1366 2068 1419 2090 tam
1431 2059 1700 2102 iuvisihiliumpqiai

1003 2108 1162 2142 visibilium,
1184 2114 1210 2136 et
1225 2117 1344 2145 semper,
1368 2114 1396 2137 et
1410 2115 1465 2138 tota
1484 2111 1667 2150 natunuqﬂ'

1004 2157 1136 2191 adorant,
1173 2164 1250 2184 mens
1279 2157 1396 2184 humana
1419 2157 1518 2190 sentit,
1554 2157 1603 2195 qui
1627 2150 1660 2195 ﬂ

1004 2209 1111 2231 :clernte
1157 2204 1217 2230 vita:
1251 2203 1381 2231 mundum
1413 2203 1558 2239 quemdam
1588 2200 1661 2235 Pati!

1003 2251 1111 2278 Oriente
1121 2251 1259 2278 constituit
1273 2251 1323 2286 (9),
1339 2251 1460 2279 Arborem
1471 2251 1529 2279 vita!
1539 2247 1661 2287 μιαιαυί

1003 2344 1156 2371 tnandatnm
1168 2344 1418 2376 dedil,senlentiam
1432 2349 1527 2372 contra
1539 2343 1663 2373 delictum

1003 2444 1096 2464 omnes
1112 2436 1207 2464 Filium
1227 2444 1303 2464 suum
1317 2435 1454 2465 Christum
1471 2437 1666 2473 repromisit,’!

1005 2482 1128 2510 daturum
1152 2491 1181 2511 se
1203 2484 1402 2518 spoponderat,
1419 2483 1501 2517 misit,
1525 2492 1575 2520 per
1589 2491 1617 2520 qi

1041 2696 1080 2732 (7)
1102 2695 1196 2723 Novat.
1209 2696 1273 2724 ibid.
1290 2703 1348 2731 cap.
1365 2697 1390 2725 5.

1042 2731 1083 2767 (8)
1104 2732 1142 2759 ld.
1158 2732 1222 2759 ibid.
1237 2740 1297 2766 cap.
1313 2732 1341 2760 8.

1043 2766 1082 2803 (9)
1102 2768 1165 2795 Sine
1176 2769 1357 2804 controversia
1377 2767 1465 2804 itaque
1477 2766 1563 2803 N013!

1007 2803 1040 2831 de
1057 2803 1128 2830 Etlell
1153 2808 1180 2830 et
1204 2803 1320 2831 hominis
1342 2803 1479 2834 lapsuum

1007 2839 1076 2866 sicut
1090 2838 1255 2874 Theophilus
1272 2839 1500 2874 Antiochcnusnﬂ

1009 2874 1149 2903 sententiis
1161 2875 1272 2904 omnino
1285 2874 1430 2912 conspirat.
