3782 6280
178 363 269 420 88.9

1372 361 1460 417 DE
1491 358 1865 420 TRINITATE
1891 363 2115 423 LIBER.

3299 379 3405 440 890

160 478 400 539 conclusas
414 473 736 543 videremus,
761 474 855 531 sed
868 474 1027 531 etiam
1046 477 1063 507 ¹
1083 476 1218 532 intra
1244 476 1412 548 ipsius
1438 479 1621 535 mundi
1651 488 1705 536 et
1733 479 1785 540 A
1808 483 2016 550 concipi
2050 485 2236 554 possit.
2270 485 2437 559 Major
2461 495 2545 545 est
2573 501 2787 563 quoque
2806 493 2953 549 omni
2985 508 3259 565 sermone,
3305 514 3406 556 nec

160 570 375 646 profunda
397 578 447 625 et
469 567 790 624 altitudines
809 569 1043 640 cogitare
1067 585 1379 641 possemus;
1409 582 1462 626 et
1481 574 1557 628 sic
1577 588 1707 628 eon-

171 665 357 720 sitlerata
380 675 589 729 cperam
620 660 1012 731 magnitudine,
1049 670 1209 718 tanta:
1240 662 1397 720 molis
1422 664 1582 736 digne
1606 666 1706 721 mi-

169 754 253 812 rari
276 766 525 824 possemus
549 749 829 808 artilicem.

733 865 964 925 CAPUT
1013 869 1076 925 ll.

171 986 284 1041 Deus
317 1000 441 1055 super
479 983 672 1049 omnia,
720 983 830 1055 ipse
870 985 1129 1040 continens
1172 986 1362 1054 omnia,
1406 988 1700 1059 inmtensus,

229 1091 421 1143 alemus,
463 1088 626 1132 mente
669 1078 887 1133 hominis
925 1080 1113 1149 major,
1154 1096 1385 1136 sermone
1421 1082 1705 1152 inexplica-

230 1171 337 1236 bilis,
361 1167 657 1224 sublimitate
684 1170 819 1224 omni
846 1170 1130 1226 sublimior.

214 1332 360 1401 Super
377 1346 487 1401 qure
509 1330 689 1386 omnia
712 1330 827 1402 ipse
855 1332 1134 1387 continens
1160 1342 1371 1399 cuncta,
1397 1334 1526 1390 nihil
1550 1344 1701 1392 extra

159 1441 202 1482 se
222 1440 411 1479 vacuum
440 1424 716 1488 deserens.
753 1425 886 1481 nulli
917 1426 1025 1482 Deo
1056 1427 1322 1497 superiori
1345 1427 1698 1501 (ul’qttidam

157 1516 319 1590 putant)
343 1518 504 1573 locum
534 1519 775 1591 reliquit.
805 1519 1249 1592 Quandoquidem
1288 1521 1401 1591 ipse
1443 1523 1696 1579 universa

154 1611 243 1665 sinu
282 1611 511 1681 perfectae
554 1613 937 1684 magnitudinis
978 1624 1032 1670 et
1074 1616 1353 1684 potestatis
1385 1617 1694 1685 incluserit,

155 1707 338 1763 intentus
378 1722 588 1778 semper
617 1709 768 1778 operi
800 1724 898 1764 suo
922 1752 936 1775 ,
964 1717 1019 1764 et
1053 1709 1254 1766 vadens
1280 1725 1375 1781 per
1400 1712 1577 1766 omnia
1599 1753 1613 1776 ,
1643 1721 1697 1768 et

153 1814 324 1855 movens
349 1811 554 1865 cuncta,
588 1810 642 1857 et
669 1801 945 1857 vivificaris
974 1803 1244 1867 universa,
1273 1814 1328 1859 et
1355 1805 1696 1874 conspiciens

1811 578 1832 608 ⁸
1860 578 1996 635 edici
2038 582 2244 651 possit:
2276 597 2342 638 ne
2372 582 2417 637 si
2448 585 2682 654 potuerit
2714 588 2876 654 edici,
2897 587 3130 663 humano
3152 605 3407 650 sermone

1810 672 1986 726 minor
2012 674 2101 739 sit,
2135 689 2262 746 quo,
2297 691 2458 746 quum
2488 676 2740 747 edicitur,
2770 689 2826 736 et
2849 681 3119 738 circumiri
3149 691 3207 740 et
3229 683 3407 757 colligi

1808 771 1998 840 possit.
2032 772 2301 843 Quidquid
2325 774 2466 829 enim
2493 774 2560 831 de
2584 774 2677 830 illo
2702 774 2993 845 cogitatum
3020 774 3200 844 fuerit,
3228 777 3406 835 minus

1807 864 1926 934 ipso
1956 866 2056 920 erit
2084 884 2096 920 :
2124 877 2178 921 et
2207 868 2466 939 quidquid
2498 868 2831 923 enuntiatum
2872 866 3034 925 fuerit
3057 910 3072 934 ,
3102 871 3281 926 minus
3311 870 3406 927 illo

1807 968 2175 1028 comparatum
2215 962 2417 1018 circum
2466 964 2640 1034 ipsum
2669 963 2792 1020 erit.
2824 962 3038 1020 Seutire
3063 966 3206 1020 enim
3252 964 3403 1021 illum

1808 1051 1951 1106 taciti
1977 1052 2313 1124 aliquatenus
2342 1070 2660 1124 possumus;
2691 1065 2747 1110 ιιι
2786 1065 2966 1111 autem
2997 1056 3111 1127 ipse
3134 1066 3252 1122 est,
3282 1072 3406 1114 ser-

1807 1158 1968 1200 mone
1996 1146 2264 1216 explicare
2277 1162 2381 1202 non
2398 1163 2704 1219 possumus.
2731 1151 2751 1181 ⁷
2769 1149 2893 1205 Sive
2913 1150 3056 1205 enim
3085 1150 3236 1205 illum
3252 1149 3403 1207 dixe.

1804 1235 1880 1291 ris
1907 1235 2115 1304 Lucem,
2141 1248 2440 1294 creaturam
2470 1240 2637 1310 ipsius
2665 1241 2833 1311 magis
2861 1256 3019 1313 quam
3051 1242 3224 1313 ipsum
3254 1241 3405 1298 dixe-

1804 1332 1914 1396 ris;
1946 1332 2115 1401 ipsum
2140 1348 2243 1387 non
2272 1333 2604 1403 expresseris
2635 1352 2647 1388 :
2678 1334 2792 1390 sive
2820 1334 2968 1389 illum
2995 1335 3196 1390 dixeris
3229 1332 3406 1390 Virtu-

1805 1431 1923 1490 tem,
1958 1425 2246 1493 potentiam
2283 1425 2449 1495 ipsius
2481 1426 2648 1497 magis
2691 1441 2850 1497 quam
2883 1427 3057 1496 ipsum
3089 1426 3320 1495 dixeris,
3348 1436 3404 1484 et

1801 1517 2204 1588 deprompseris
2248 1539 2260 1575 :
2298 1520 2411 1575 sive
2466 1521 2665 1575 dixeris
2732 1520 3089 1591 Mujcstatem,
3142 1520 3400 1577 honorem

1802 1608 1970 1678 ipsius
1998 1611 2167 1681 magis
2192 1626 2350 1681 quam
2382 1611 2532 1667 illum
2579 1613 2751 1684 ipsum
2781 1612 3150 1684 descripseris.
3180 1613 3246 1669 Et
3273 1612 3402 1683 quid

1801 1718 1896 1773 per
1924 1704 2130 1775 singula
2159 1721 2385 1776 qumque
2426 1721 2745 1777 percurrens
2792 1708 3004 1778 longum
3030 1705 3205 1762 facio?
3232 1706 3400 1763 semel

1800 1805 1967 1851 totum
1998 1797 2294 1867 explicabo.
2327 1798 2592 1869 Quidquid
2637 1800 2856 1855 omnino
2883 1801 2949 1856 de
2984 1800 3079 1856 illo
3119 1799 3397 1868 retuleris,

156 1901 249 1958 ιοω,
271 1901 317 1948 ει
338 1894 384 1949 iu
410 1897 758 1952 concordiam
789 1896 1182 1952 elementorum
1211 1898 1449 1953 omnium
1478 1898 1688 1956 discor-
1716 1884 1765 1945 B
1794 1903 1905 1943 rem
1939 1890 2169 1958 aliquam
2215 1891 2380 1960 ipsius
2428 1891 2598 1961 magis
2634 1901 2685 1946 et
2718 1892 2990 1959 virtutem,
3020 1907 3182 1963 quam
3224 1891 3399 1963 ipsum

148 1986 293 2044 dantes
318 1991 560 2045 materias
586 1990 667 2046 sic
690 1999 1038 2058 connectens,
1068 1999 1127 2046 ut
1151 2007 1216 2047 ex
1244 1992 1550 2063 disparibus
1580 1995 1691 2049 elc-

152 2082 299 2136 mentis
321 2082 383 2137 ita
408 2083 472 2137 sit
500 2097 641 2138 unus
684 2083 915 2138 mundus
947 2085 1441 2155 istacoagmentata
1469 2086 1688 2157 conspi-

150 2178 303 2232 ratione
322 2177 588 2245 Solidattts,
620 2187 682 2232 ut
712 2178 853 2232 nulla
880 2177 1368 2251 vidissolvipossit,
1395 2180 1496 2236 nisi
1524 2195 1687 2250 quum

147 2268 253 2324 illum
279 2271 406 2326 solus
434 2272 546 2344 ipse
577 2273 670 2342 qni
704 2271 823 2328 fecit
852 2271 919 2344 (ll
953 2270 1066 2327 Pet.
1100 2288 1155 2327 ιιι
1176 2315 1191 2338 ,
1224 2272 1313 2345 l5)
1341 2315 1355 2338 ,
1388 2275 1454 2328 ad
1486 2275 1688 2343 majora

147 2360 221 2414 alia
242 2363 506 2433 prmstanda
537 2364 722 2425 nobis,
764 2363 896 2418 solvi
926 2364 1169 2434 jusserit.
1201 2364 1355 2420 Hunc
1382 2366 1523 2421 enim
1557 2366 1688 2436 legi-

149 2467 239 2510 mus
258 2456 409 2511 omnia
433 2456 719 2512 continere
746 2473 758 2511 :
788 2464 841 2511 et
866 2455 985 2511 ideo
1016 2456 1148 2511 nihil
1187 2465 1339 2512 extra
1367 2458 1541 2527 ipsum
1566 2471 1689 2512 esse

152 2546 360 2615 potuisse;
388 2548 577 2619 quippe
598 2564 771 2619 quum
801 2547 1063 2619 originem
1091 2548 1312 2603 omnino
1340 2563 1443 2605 non
1471 2547 1686 2614 habeat,

152 2650 465 2709 consequenter
485 2655 583 2696 nec
608 2641 820 2697 exitum
847 2641 1044 2696 sentiat
1071 2659 1084 2695 :
1120 2641 1218 2694 nisi
1247 2640 1405 2705 forte,
1430 2639 1573 2711 quod
1594 2640 1689 2696 ab-

154 2729 224 2795 sit,
242 2732 475 2801 aliquando
499 2749 622 2789 esse
658 2734 910 2802 cmperit,
940 2748 1040 2788 nec
1068 2748 1231 2804 super
1263 2734 1445 2789 omnia
1469 2733 1558 2800 sit,
1589 2733 1686 2789 sed

161 2818 259 2875 dum
280 2834 373 2893 post
388 2827 572 2900 aliquid
597 2840 732 2884 esse
758 2827 1006 2895 emperit,
1028 2827 1199 2882 'inira
1231 2827 1281 2882 id
1308 2826 1534 2899 sitquod
1563 2835 1687 2883 ante

164 2910 296 2980 ipsum
310 2916 446 2982 fuerit,
470 2921 654 2976 minor
681 2919 929 2974 inventus
956 2927 1240 2990 potestate,
1271 2920 1396 2975 dum
1422 2920 1688 2990 posterior

157 2999 372 3062 denotatur
391 3011 541 3067 etiam
571 3013 704 3083 ipso
733 3022 993 3078 tempore.
1024 3009 1104 3066 οι)
1134 3011 1271 3068 hanc
1312 3027 1440 3084 ergo
1465 3028 1685 3069 causam

151 3108 314 3166 semper
333 3101 634 3172 immensus,
667 3104 791 3174 quia
824 3104 952 3158 nihil
984 3104 1075 3160 illo
1114 3105 1287 3177 majus
1315 3115 1401 3163 est
1429 3123 1443 3172 ;
1471 3122 1687 3178 semper

151 3198 343 3257 aeternus.
369 3198 479 3267 quia
518 3198 659 3254 nihil
696 3198 788 3253 illo
825 3199 1113 3270 antiquius.
1143 3199 1199 3254 Id
1230 3201 1372 3255 enim
1399 3201 1540 3272 quod
1569 3203 1686 3257 sine

1791 1981 2171 2051 ettplicavet'is.
2203 1983 2341 2052 Quid
2378 1984 2520 2039 enim
2575 1984 2642 2039 de
2670 1999 2739 2040 eo
2785 1984 3050 2054 condigne
3078 1992 3168 2039 aut
3211 1982 3360 2040 dicas
3382 2024 3397 2049 ,

1790 2085 1883 2131 aut
1913 2078 2141 2144 sentias,
2174 2076 2265 2148 qui
2291 2076 2542 2133 omnibus
2578 2087 2632 2133 et
2670 2079 3007 2134 sermonibus
3053 2089 3107 2133 et
3150 2077 3399 2135 sensibus

1792 2171 1964 2239 major
1989 2170 2105 2225 est?
2136 2170 2249 2225 Nisi
2274 2170 2414 2242 quod
2452 2187 2559 2226 uno
2605 2171 2764 2227 modo
2791 2170 2868 2243 (et
2905 2170 3009 2226 hoc
3055 2171 3229 2242 ipsum
3260 2186 3398 2241 quo-

1791 2264 1951 2319 modo
1981 2280 2281 2335 possumus,
2305 2265 2587 2335 quomodo
2614 2266 2874 2336 capimus,
2901 2265 3172 2336 quomodo
3199 2265 3400 2322 intelli-

1789 2373 1917 2429 gere
1948 2358 2088 2428 licet)
2123 2360 2246 2425 quid
2274 2359 2343 2413 sit
2373 2359 2521 2426 Deus,
2544 2366 2726 2414 mente
2753 2362 3030 2428 capiemus
3051 2401 3065 2426 ,
3100 2359 3145 2415 si
3192 2358 3395 2431 cogita-

1790 2451 2025 2504 verimus
2058 2450 2107 2505 id
2151 2451 2299 2505 illum
2326 2465 2479 2517 esse,
2508 2451 2646 2521 quod
2669 2492 2683 2518 ,
2713 2451 2871 2522 quale
2896 2494 2909 2517 ,
2935 2461 2985 2506 et
3017 2461 3274 2523 quantum
3320 2453 3392 2508 sit

1790 2561 1896 2600 non
1938 2546 2105 2615 possit
2132 2544 2389 2616 intelligi,
2423 2559 2521 2599 nec
2567 2545 2618 2599 in
2666 2545 2832 2614 ipsam
2867 2544 3079 2611 quidem
3110 2544 3397 2614 cogitatio-

1789 2655 1912 2694 nem
1937 2641 2104 2708 possit
2127 2639 2329 2694 venire.
2353 2638 2483 2693 Nam
2507 2638 2549 2692 si
2578 2639 2641 2692 ad
2666 2639 2796 2694 solis
2811 2649 3088 2709 aspectum
3111 2639 3390 2695 oculorum

1791 2742 2094 2786 nostrorum
2141 2730 2284 2785 acies
2333 2729 2604 2797 ltebescit,
2635 2744 2700 2783 ne
2731 2729 2916 2785 orbem
2969 2730 3141 2799 ipsum
3172 2730 3390 2785 obtutus

1790 2823 2039 2893 insiticiat
2063 2822 2349 2878 obviorum
2378 2822 2481 2877 sibi
2507 2832 2790 2891 superatus
2832 2821 3038 2893 fulgore
3065 2822 3339 2878 radiorum
3369 2842 3382 2879 :

1790 2915 1893 2971 hoc
1923 2915 2063 2972 idem
2094 2916 2289 2970 mentis
2315 2914 2460 2970 acies
2490 2915 2688 2983 patitur
2713 2914 2765 2969 in
2795 2915 3119 2985 cogitatione
3146 2915 3292 2970 omni
3322 2914 3392 2972 de

1789 3009 1936 3075 Deo;
1971 3017 2024 3064 et
2054 3016 2253 3079 quanto
2282 3007 2347 3062 ad
2386 3007 2839 3063 considerandum
2866 3008 3029 3063 Deum
3061 3008 3180 3077 plus
3221 3009 3394 3064 inteno

1788 3102 1953 3168 ditur,
1985 3113 2132 3157 tanto
2162 3104 2330 3173 magis
2355 3101 2469 3172 ipsa
2493 3101 2830 3173 cogitationis
2854 3117 2966 3157 sum
2994 3102 3112 3157 lucc
3135 3110 3389 3158 caecatur.

1788 3196 1925 3264 Quid
1954 3198 2095 3251 enim
2126 3195 2195 3251 de
2222 3213 2288 3252 eo
2315 3196 2395 3269 (ut
2417 3197 2607 3252 iterum
2637 3196 2898 3267 repetam)
2923 3196 3186 3266 condigne
3212 3194 3384 3260 dicas,

150 3284 299 3356 origine
321 3302 421 3356 est,
454 3292 693 3363 prmcedi
739 3308 770 3347 a
815 3293 962 3348 nullo
993 3303 1167 3364 potest
1192 3338 1205 3362 ,
1235 3295 1358 3351 dum
1388 3312 1492 3352 ηοιι
1527 3296 1684 3354 habet
1709 3279 1755 3342 C
1788 3293 1877 3363 qui
1907 3298 1993 3347 est
2018 3292 2347 3347 sublimitate
2371 3291 2516 3345 omni
2538 3290 2838 3355 sublimior,
2863 3297 2917 3344 et
2936 3287 3216 3343 altitudine
3241 3290 3388 3342 omni

151 3378 317 3447 tempus.
340 3380 453 3438 Ideo
474 3382 826 3447 immortalis,
858 3400 965 3439 non
986 3384 1244 3441 deliciens
1265 3386 1316 3440 in
1343 3402 1683 3442 consumma-

152 3466 264 3525 tionis
281 3474 427 3530 exitu.
457 3476 526 3532 Et
549 3477 815 3549 quoniam
856 3478 973 3532 sine
1002 3478 1117 3549 lege
1156 3488 1240 3535 est
1267 3480 1524 3550 quidquid
1564 3483 1681 3536 sine

148 3558 394 3634 origineest,
425 3568 693 3625 ‘modum
720 3571 978 3641 temporis
1004 3571 1259 3634 excludit,
1290 3571 1420 3628 dum
1436 3588 1495 3629 se
1525 3574 1679 3630 debi-

147 3660 267 3713 torem
288 3663 469 3718 nemini
498 3664 692 3721 sentit.
720 3663 922 3720 Dehoc
951 3680 1099 3736 ergo,
1127 3681 1190 3722 ac
1216 3666 1283 3722 de
1310 3669 1387 3723 eis
1413 3684 1532 3738 qua:
1556 3680 1681 3724 sunt

146 3744 266 3814 ipsius
279 3761 324 3807 et
341 3754 462 3811 ineo
483 3766 638 3823 sunt,
660 3770 758 3811 nec
776 3757 1173 3812 menshomiuis
1194 3775 1313 3829 quae
1330 3761 1458 3827 sint,
1482 3770 1679 3832 quanta

143 3838 232 3905 sint,
256 3853 301 3900 et
325 3849 486 3917 qualia
515 3850 628 3905 sint
649 3891 664 3911 .
696 3849 854 3919 digne
884 3851 1169 3919 concipere
1200 3861 1405 3923 potest,
1438 3869 1535 3908 nec
1562 3853 1677 3909 elo-

145 3939 301 4002 quentia
341 3948 602 4000 sermonis
638 3944 856 3999 humani
885 3947 1203 4016 mquabilem
1252 3948 1514 4018 majestati
1565 3948 1680 4020 ejus

141 4028 329 4092 'ittutem
352 4041 618 4096 sermonis
651 4039 936 4108 expromit.
973 4041 1050 4093 Ad
1079 4041 1416 4109 cogitandam
1455 4044 1598 4097 enim
1625 4054 1680 4099 et

143 4121 189 4175 Nl
207 4125 518 4199 eloquendam
544 4133 693 4188 illius
715 4133 1073 4201 majestatem.
1102 4145 1156 4189 et
1177 4135 1477 4205 eloquentia
1506 4137 1680 4193 omnis

141 4218 285 4273 merito
306 4237 439 4280 muta
463 4235 566 4294 est,
587 4237 642 4281 ct
672 4241 825 4280 mens
838 4227 1012 4281 omnis
1034 4228 1222 4299 exigua
1253 4239 1334 4282 est
1361 4245 1373 4280 :
1406 4230 1576 4298 major
1599 4239 1683 4286 est

142 4310 242 4365 enim
266 4330 423 4377 mente
454 4324 592 4392 ipsa,
632 4338 731 4377 nec
761 4322 980 4392 cogitari
1011 4325 1426 4395 possitquantus
1441 4326 1509 4379 sit
1529 4369 1543 4389 ,
1579 4327 1681 4382 “ne

140 4398 386 4475 Sipotuerit
425 4415 689 4489 cogitari,
722 4424 902 4472 mente
946 4415 1176 4471 hutnana
1220 4417 1396 4472 minor
1433 4417 1537 4484 sit,
1578 4434 1680 4490 qua

1784 3384 1965 3451 altior,
2001 3395 2054 3440 et
2086 3384 2352 3455 profundo
2377 3385 2521 3439 omni
2555 3381 2891 3455 profundior,
2915 3393 2966 3437 et
2988 3380 3133 3436 omni
3157 3381 3277 3436 luce
3306 3380 3392 3434 lu-

1784 3478 1975 3543 cidior,
1990 3485 2045 3532 et
2068 3478 2211 3531 omni
2230 3477 2472 3532 claritate
2492 3477 2707 3542 clarior,
2732 3475 2877 3530 omni
2899 3474 3187 3545 splendore
3205 3473 3389 3544 Splen-

1785 3572 1982 3638 didior,
2014 3570 2157 3625 omni
2188 3571 2382 3626 robore
2397 3569 2689 3636 robustior,
2724 3569 2868 3625 onmi
2898 3570 3091 3624 virtute
3112 3569 3133 3600 ⁸
3161 3567 3389 3632 viritior,

1783 3667 1926 3722 onmi
1949 3663 2343 3735 pulchritudine
2363 3662 2651 3732 pulchrior,
2686 3662 2912 3717 veritate
2939 3660 3090 3716 omni
3114 3659 3309 3722 verior.
3338 3668 3393 3714 et

1784 3759 2096 3817 fortitudine
2125 3757 2270 3813 omni
2300 3757 2508 3821 fortior,
2544 3763 2598 3811 et
2624 3755 2905 3823 majestate
2931 3755 3077 3809 omni
3107 3753 3296 3823 major,
3331 3761 3390 3807 et

1785 3854 1931 3909 omni
1979 3851 2212 3924 potentia
2253 3852 2548 3922 potentior,
2580 3858 2633 3905 et
2681 3848 2931 3903 omnibus
2962 3848 3162 3903 divitiis
3207 3847 3390 3912 ditior,

1784 3953 1928 4007 omni
1958 3950 2235 4020 prudentia
2267 3947 2596 4017 prudentior,
2626 3952 2680 3997 ct
2708 3945 2854 3998 omni
2879 3942 3206 4010 benignitate
3234 3939 3390 3994 beni-

1785 4045 1958 4115 gnior,
2007 4043 2150 4096 otnni
2200 4041 2435 4096 bonitate
2484 4036 2693 4101 melior,
2741 4033 2888 4088 omni
2921 4032 3127 4101 jnstitia
3169 4031 3385 4100 justior,

1787 4137 1932 4191 omni
1956 4134 2238 4190 clementia
2262 4128 2617 4187 clementior?
2645 4127 2845 4181 Minora
2869 4125 3010 4179 enim
3040 4127 3145 4178 sint
3172 4138 3394 4179 necesse

1792 4241 1873 4285 cst
1899 4234 1918 4263 9
1952 4228 2185 4281 omnium
2223 4239 2418 4294 genera
2453 4222 2728 4284 virtutum,
2758 4235 2823 4274 eo
2856 4220 2993 4288 ipso,
3025 4217 3112 4288 qtti
3137 4215 3391 4270 virtutum

1784 4322 2020 4377 omnium
2061 4329 2111 4372 et
2165 4320 2302 4372 Deus
2346 4326 2401 4370 et
2428 4316 2628 4369 Parens
2656 4322 2778 4368 est:
2808 4321 2865 4366 ut
2896 4327 3022 4366 vere
3062 4310 3164 4363 dici
3199 4312 3390 4379 possit.

1789 4417 1830 4449 ¹⁰
1857 4414 1908 4471 id
1946 4414 2083 4468 Deus
2109 4424 2248 4475 esse,
2281 4407 2423 4480 quod
2440 4404 2702 4476 ejusmodi
2731 4415 2811 4459 est
2839 4403 2921 4459 cui
2942 4402 3243 4471 comparari
3265 4403 3393 4461 nihil

1219 4553 1595 4611 GALLANDII
1647 4547 2212 4613 COMMENTANUS.

193 4684 205 4713 '
232 4683 375 4764 Infra.
416 4692 508 4751 Sic
539 4709 607 4749 ex
641 4708 744 4748 ms.
775 4692 1014 4748 Woweri
1046 4693 1256 4749 correxi
1292 4707 1474 4749 vocem
1506 4694 1673 4760 intra,
1701 4695 1755 4756 D
1781 4691 1940 4764 possit
1964 4706 1982 4744 :
2005 4689 2125 4757 quia
2174 4686 2216 4741 si
2249 4682 2657 4764 potuerit_ed_ici,
2692 4681 2918 4764 humano
2946 4698 3179 4764 sermone
3221 4684 3391 4764 minor

140 4763 257 4821 quam
281 4759 460 4820 habent
489 4781 681 4820 omnes
709 4765 856 4819 editi.
897 4765 1151 4821 Jacxsoa.

189 4826 280 4905 ’Ψ
303 4836 497 4904 quidam
529 4836 1099 4905 putant.Valentiniani
1131 4836 1358 4902 scilicet,
1393 4838 1481 4904 qtti
1511 4851 1675 4905 supra

140 4887 411 4977 ρωὶυτρωη
435 4951 451 4971 ,
494 4887 555 4963 id
587 4921 668 4963 ρει
699 4950 715 4973 ,
755 4906 1000 4977 opiﬁcem
1046 4908 1212 4963 Deum
1237 4949 1252 4972 ,
1281 4887 1679 4964 coits'tituehant

140 4978 263 5027 νείκη
297 4982 619 5049 superiorem
665 4978 868 5052 Bython
896 5022 909 5046 ,
956 4994 1079 5034 cum
1122 4979 1402 5034 tricenario
1443 4978 1678 5035 /Eonum

138 5050 331 5103 numero.
369 5050 572 5104 PAIEL.

191 5068 331 5103 mero.
369 5068 572 5107 rsum.

191 5110 377 5186 '_lu{ra.
403 5123 549 5178 llanc
581 5124 708 5180 item
739 5139 923 5180 vocem
951 5140 1016 5179 ex
1047 5121 1413 5177 ms.Wowerii
1440 5124 1678 5178 restituit

137 5175 397 5266 {act-uitus,
428 5175 742 5266 ιιὺίἰνιὶῐέζι-ιί
774 5175 1152 5250 ιιιῖἱιίὶὶιίῖιιιέα.
1178 5175 1362 5264 Atque
1382 5175 1458 5248 ita
1488 5175 1678 5266 ego;

139 5247 554 5338 dl'fnjottjiciebat
581 5247 789 5338 quiuit—te
811 5247 1214 5323 welelttnanus.

192 5322 405 5409 ‘dlodum
434 5322 670 5407 tempoi-is
700 5322 957 5406 éxcludit,
970 5341 1110 5403 dum,
1132 5349 1236 5393 etc.
1257 5334 1631 5409 Si(_:_l_’antelius
1656 5380 1670 5402 ,

139 5406 263 5476 llum
284 5408 512 5476 sequitur
537 5410 849 5465 .lat-kstmus.
886 5410 1087 5466 Placuit
1117 5420 1291 5464 tamen
1320 5407 1676 5463 Weleltmano

140 5472 333 5528 'Miam
355 5472 475 5533 dum
519 5492 638 5537 ante
667 5484 870 5537 modum
898 5481 1204 5536 transferre.

194 5537 357 5627 έμερὶ
377 5553 588 5627 potuerit
614 5555 848 5627 cogitari,
879 5565 981 5609 etc.
1002 5553 1073 5608 Ita
1090 5553 1433 5627 Patnelius‘et
1451 5562 1675 5627 utraque

139 5601 414 5689 “Maia
443 5624 622 5679 editio.
750 5601 1015 5689 Gagenatus
1044 5636 1099 5677 et
1130 5625 1404 5679 ilarrensis
1430 5642 1442 5677 :
1474 5601 1604 5689 Quid
1632 5623 1677 5676 si

137 5684 503 5781 Ρθζθνὲλςομῑέμνί
522 5707 727 5781 ."tuenle
748 5682 969 5780 [audiatur
996 5704 1160 5750 minor
1190 5697 1251 5750 sit
1287 5682 1501 5779 oportet.

396 5763 506 5836 Vox
526 5753 819 5823 ⁷Νιιιωίςιιιο
838 5770 1029 5823 usitata
1057 5787 1068 5823 :
1098 5753 1374 5836 propterea
1394 5768 1552 5835 jurea
1577 5764 1675 5819 Pa-

138 5820 273 5909 ξησξῑὶο
290 5820 626 5909 eljackstmo
1039 5820 1159 5893 dicit.
1192 5820 1467 5909 integrum
1492 5820 1670 5892 autem

142 5884 287 5954 locum
321 5884 969 5976 ϐαςικιιιιενοίῖεἶίιῖξηςίδ
1010 5911 1080 5966 ita
1128 5884 1354 5966 elieruvt't’t
1379 5928 1390 5965 :
1418 5907 1528 5964 Nec
1575 5910 1675 5963 dici

150 6042 275 6159 Σ

1780 4755 1844 4819 in
1875 4755 2091 4833 oportet,
2123 4775 2220 4830 quo
2250 4755 2404 4826 quum
2433 4755 2667 4822 edicitur,
2698 4755 2956 4810 circumiri
2986 4767 3031 4810 et
3057 4756 3234 4828 colligi
3263 4773 3383 4826 pos-

1781 4847 1877 4937 se”.
1904 4905 2023 4962 Siue
2040 4904 2173 4959 enim
2195 4901 2343 4955 illum
2359 4900 2551 4955 dixeris
2571 4914 2766 4960 LUCEII.
2787 4908 2889 4954 etc.
2911 4896 3239 4953 Novatianns
3267 4897 3386 4955 heie

1782 4976 2140 5048 Theophilum
2180 4971 2586 5048 Antiochenam
2630 4971 2980 5048 exscripsisse
3029 4969 3383 5048 videtttrhqui

1736 5090 1739 5093 λ
1782 5049 1876 5103 lib.
1913 5041 1955 5115 ις
1982 5063 2100 5116 cap.
2122 5048 2178 5111 5,
2208 5046 2274 5096 ad
2302 5042 2535 5113 Aulolyc.
2569 5042 2683 5096 lucc
2713 5041 2900 5116 habet:
2920 5047 2977 5116 Ei
3004 5048 3100 5112 γὰρ
3125 5052 3215 5111 φῶς
3242 5044 3387 5116 abacta

1782 5113 2137 5188 damnabimur.
2173 5122 2319 5188 αὗτᾳῦ
2346 5121 2483 5174 εἴπω.
2531 5140 2577 5169 τε.
2612 5139 2659 5188 τς
2695 5120 2740 5164 λ.
2778 5131 2796 5164 ι
2836 5113 2889 5188 Si
2926 5115 3089 5188 lucent
3147 5129 3268 5188 euut
3298 5113 3388 5167 di-

1781 5182 1923 5255 cam,
1954 5182 2090 5261 Opus
2114 5190 2231 5259 ejus
2259 5187 2401 5249 dico,
2449 5194 2553 5239 etc.
2592 5203 2611 5236 ι
2643 5184 2841 5239 Locum
2866 5186 3119 5256 inspicias
3146 5182 3309 5239 velim
3334 5194 3389 5240 ct

1923 5280 2049 5316 iras.

1923 5281 1936 5315 ι
1969 5299 1983 5316 .
2005 5280 2049 5316 s.

1780 5262 2135 5388 cogitaui,“
2156 5329 2274 5385 Vox
2289 5329 2465 5399 ignota
2498 5341 2695 5398 :quam
2729 5338 2902 5381 tamen
2922 5324 3389 5399 cxhiItcnt_tt_mttes

1781 5406 1930 5461 editi.
1969 5396 2730 5475 Legendutnomninoputo
2751 5399 3006 5475 viriosior,
3049 5396 3388 5475 quodﬁhabet

1779 5467 2142 5532 Tertulliauus
2171 5473 2232 5526 de
2261 5471 2445 5525 Anima
2470 5512 2484 5531 ,
2515 5486 2631 5537 cap.
2671 5469 2756 5524 19.
2790 5471 2963 5538 Atque
2993 5479 3138 5522 errat
3182 5467 3379 5521 Pamc-

1780 5548 2045 5614 lins,_dum
2067 5548 2137 5602 ait
2159 5542 2542 5614 'l‘erlulliannm
2561 5555 2713 5595 usum
2733 5555 2853 5594 esse
2870 5554 2998 5593 voce
3016 5539 3229 5593 viritior.
3257 5539 3381 5595 Vid.

1781 5612 2044 5689 supfnot.
2082 5622 2147 5681 4,
2182 5619 2243 5671 ad
2277 5631 2393 5685 cap.
2433 5617 2479 5667 t.
2506 5613 2762 5689 infusos.

1853 5682 1873 5727 δ
1897 5691 2158 5745 Omnium.
2185 5682 2547 5744 Malletomuiu
2566 5685 2968 5747 Welchmanus,
3000 5682 3225 5753 ejusque
3252 5695 3383 5737 con-

1778 5765 1989 5836 jectura
2020 5764 2284 5836 probatur
2315 5768 2369 5836 et
2398 5756 2689 5836 JPCkSOttO.
2727 5825 2759 5836 Α
3054 5831 3063 5836 _
3101 5822 3140 5836 ἢ
3339 5825 3350 5836 ⁸

1855 5836 1896 5867 ιο
1921 5833 1985 5886 Id
2010 5822 2147 5886 Deus
2177 5830 2392 5886 esse.lta
2411 5830 2700 5893 Pantelins,
2722 5825 2988 5895 Gagoaeus
3016 5831 3070 5877 ct
3101 5822 3381 5895 Barrensis

1779 5922 1883 5965 ms.
1915 5905 2093 5963 Wow.
2127 5902 2195 5957 Id
2215 5912 2288 5956 est
2316 5900 2475 5971 Deus,
2505 5901 2643 5975 quod
2680 5894 2928 5971 ejusmodi
2967 5904 3060 5965 cst,
3093 5904 3197 5952 etc.
3225 5894 3379 5953 Wol-
