3782 6280
125 401 259 498 sati

1393 421 1482 478 DE
1522 411 1895 479 TRlNl'l‘ATE
1934 421 2158 482 LIBER.

3312 418 3422 484 894

156 555 280 609 xime
317 557 466 612 quum
496 539 673 597 omnis
704 539 832 597 mali
869 539 1048 610 operis
1101 537 1298 596 vindex
1320 540 1388 596 sit
1415 549 1469 597 et
1509 539 1671 611 judex
1699 557 1712 605 ;
1745 541 1794 601 A
1823 541 1975 608 tium,
2011 540 2269 612 quidquid
2295 541 2638 612 occupaverit
2665 549 2856 596 totum.
2901 541 3164 612 Quoniam
3190 541 3279 600 ‘si
3309 559 3418 602 non

155 633 373 716 quoniam
411 639 466 688 et
488 645 592 686 non
617 630 833 686 aliunde
857 631 1088 686 occurrit
1113 630 1316 686 homini
1359 631 1580 700 malum,
1613 632 1715 687 nisi

149 735 319 791 abono
343 717 478 780 Deo‘
502 725 836 779 recessisset.
859 719 973 778 Hoc
1009 735 1186 778 autem
1217 723 1392 792 ipsum
1425 724 1474 777 in
1501 722 1716 780 homine

148 823 440 881 denotatur:
481 829 587 870 non
614 815 734 885 quia
784 829 1003 870 necesse
1052 814 1150 869 fuit
1177 857 1191 877 ,
1221 815 1315 870 sed
1347 815 1467 886 quia
1501 815 1614 885 ipse
1639 817 1716 871 sic

145 913 313 973 voluit.
341 907 481 964 Unde
503 907 785 962 manifeste
813 915 866 962 et
891 906 1016 977 quid
1050 905 1248 960 malum
1277 916 1422 961 esset
1445 907 1710 976 apparuit,

143 1021 195 1068 et
216 1049 231 1068 ,
261 1017 323 1058 ne
346 999 519 1056 invidia
568 1001 621 1053 in
657 1000 765 1054 Deo
790 1014 909 1054 esse
938 998 1211 1054 videretur
1235 1041 1250 1067 ,
1301 1014 1330 1053 a
1377 1015 1484 1070 quo
1515 1000 1710 1053 malum

144 1110 313 1156 ortum
348 1099 508 1156 esset,
541 1092 728 1146 eluxit.
790 1091 886 1145 llic
927 1104 1054 1162 ergo
1099 1104 1312 1160 semper
1358 1091 1438 1144 sui
1507 1100 1590 1144 est
1635 1091 1711 1146 si-

141 1191 318 1254 milis,
368 1200 458 1240 nec
507 1199 570 1240 se
596 1197 846 1253 umquam
897 1185 946 1239 in
977 1184 1180 1254 aliquas
1216 1183 1413 1238 formas
1436 1185 1597 1239 vertit
1619 1191 1711 1240 aut

145 1289 294 1338 mutat
317 1277 442 1349 (Jac.
469 1291 506 1336 ι,
534 1275 624 1345 l7)
657 1293 668 1329 :
695 1289 762 1331 ne
788 1291 882 1346 per
901 1277 1321 1332 inmutationem
1339 1319 1352 1342 ,
1381 1279 1540 1331 etiam
1567 1293 1710 1332 mor-

149 1377 250 1432 talis
280 1387 391 1428 esse
429 1371 688 1426 videatur.
745 1370 1045 1427 lnnnutatio
1099 1371 1242 1426 enim
1294 1375 1659 1428 conversionis
1690 1417 1704 1440 ,

150 1469 296 1543 portio
313 1467 581 1539 cujusdam
604 1467 1076 1537 comprehenditur
1098 1469 1306 1522 mortis.
1333 1467 1458 1524 Ideo
1486 1483 1582 1524 nec
1609 1469 1706 1524 ad-

147 1560 349 1634 jectioin
398 1560 486 1615 illo
520 1576 789 1634 ~umquam
833 1560 990 1615 ullius
1030 1570 1117 1614 aut
1146 1563 1310 1630 partis
1362 1562 1454 1615 aut
1485 1561 1707 1617 honoris

151 1654 340 1722 accedit,
367 1653 576 1724 nequid
601 1669 851 1720 umquam
896 1654 1132 1722 perfecto
1153 1653 1390 1709 defuisse
1422 1654 1700 1708 videatur:

151 1760 237 1801 nec
273 1745 640 1800 detrimentum
696 1745 748 1798 in
803 1759 869 1800 eo
919 1745 1133 1816 aliquod
1164 1746 1372 1816 agitur,
1405 1761 1471 1800 ne
1507 1745 1706 1816 gradus

146 1839 446 1894 mortalitatis
474 1843 722 1908 receptus
741 1853 860 1893 esse
881 1837 1157 1892 videatur:
1189 1838 1284 1893 sed
1311 1838 1454 1908 quod
1497 1845 1580 1894 est
1601 1879 1617 1905 ,
1651 1839 1702 1894 id

1820 651 1986 691 omne
2008 637 2056 691 id
2089 637 2228 707 quod
2259 646 2339 691 est
2365 679 2379 700 ,
2413 635 2667 707 quidquid
2697 639 2776 692 est
2809 637 3048 692 continet
3075 653 3088 702 ;
3121 635 3246 693 dum
3277 639 3416 695 intra

1820 727 1872 784 id
1904 729 2171 784 invenitur
2200 744 2306 800 quo
2331 729 2634 786 continetur
2663 773 2678 796 ,
2708 728 2882 784 minus
2911 731 3187 785 inventum
3219 745 3285 786 eo
3311 747 3418 804 quo

1819 821 2141 887 continetur,
2175 823 2314 876 Dens
2331 837 2452 877 esse
2473 823 2492 854 ⁵
2519 821 2762 886 desierit,
2781 822 2830 876 in
2850 821 3072 878 alterius
3095 833 3418 893 potestatem

1817 915 2072 970 redactus
2098 958 2112 980 ,
2144 915 2300 986 cujus
2331 915 2696 986 magnitudine
2723 957 2738 980 ,
2763 931 2864 988 qua
2898 916 3074 970 minor
3096 959 3110 980 ,
3147 916 3306 972 fuerit
3335 916 3420 972 in-

1817 1008 2032 1063 clusus:
2059 1007 2080 1040 ⁶
2101 1018 2156 1063 ει
2183 1010 2302 1062 ideo
2329 1007 2470 1080 quod
2495 1009 2779 1074 continuit,
2816 1009 2955 1086 Deus
2974 1009 3150 1079 potius
3168 1023 3288 1064 esse
3307 1008 3420 1079 jam

1815 1105 2062 1172 coeperit.
2108 1103 2190 1156 Ex
2235 1119 2342 1172 quo
2369 1101 2622 1158 effectum
2677 1111 2806 1170 est,
2839 1110 3024 1156 utnec
3074 1116 3268 1157 nomen
3325 1101 3418 1158 Dei

1820 1195 2096 1266 proprium
2123 1195 2288 1265 possit
2316 1195 2451 1250 edici
2484 1237 2498 1262 ,
2531 1195 2782 1266 quoniam
2815 1210 2919 1250 non
2951 1195 3120 1266 possit
3173 1210 3272 1252 nec
3290 1211 3420 1251 con-

1813 1291 1940 1358 cipi.
1979 1287 2036 1345 Id
2061 1291 2204 1344 enim
2237 1291 2450 1344 nomine
2471 1290 2780 1345 continetur
2810 1331 2824 1354 ,
2852 1287 3106 1359 quidquid
3149 1287 3311 1344 etiam
3340 1305 3407 1345 ex

1811 1391 2016 1438 natura:
2037 1399 2148 1437 suae
2171 1381 2477 1438 conditione
2503 1379 2998 1451 comprehenditur.
3030 1379 3237 1436 Nomen
3258 1380 3404 1436 enim

1812 1479 2166 1550 significantia
2201 1487 2282 1532 est
2305 1478 2421 1548 ejbs
2451 1479 2525 1533 rei
2553 1519 2568 1542 ,
2601 1493 2720 1547 qua:
2741 1474 3127 1546 comprehendi
3149 1475 3319 1544 potuit
3343 1489 3412 1530 ex

1812 1573 2052 1626 nomine.
2084 1571 2150 1628 At
2173 1571 2386 1640 quando
2425 1569 2473 1624 id
2501 1571 2568 1626 de
2595 1587 2700 1642 quo
2725 1571 2898 1640 agitur
2929 1569 3034 1625 tale
3054 1577 3168 1634 est,
3200 1577 3256 1624 ιιι
3280 1583 3414 1624 con-

1809 1663 1969 1734 digne
1991 1681 2088 1720 nec
2119 1666 2248 1735 ipsis
2276 1663 2629 1721 intellectibus
2655 1664 2966 1733 colligatur;
2999 1661 3268 1736 quomodo
3307 1677 3406 1734 ap-

1815 1755 2127 1824 pellationis
2155 1753 2313 1826 digne
2345 1755 2604 1811 vocabulo
2635 1755 3083 1826 pronuntiabitur,
3117 1755 3256 1824 quod
3284 1755 3412 1810 dunt

1809 1859 1962 1904 extra
2014 1848 2344 1904 intellectum
2393 1853 2476 1904 est
2499 1889 2513 1915 ,
2547 1848 2706 1903 etiam
2743 1864 2904 1922 supra
2935 1846 3310 1919 appellationis
3339 1850 3414 1904 si-

147 1947 326 2003 semper
345 1941 444 1998 est;
473 1942 528 1987 et
555 1933 771 2004 quiest,
804 1947 1015 2002 semper
1044 1933 1158 2002 ipse
1183 1939 1302 2000 est;
1333 1944 1387 1987 et
1409 1935 1579 2003 qualis
1598 1941 1694 2002 est,

1855 1943 2175 1998 Itiﬁcantiam
2219 1943 2290 1996 sit
2346 1957 2566 1998 necesse
2594 1952 2672 1996 est
2703 1942 2726 1996 ?
2756 1939 2824 1998 Ut
2853 1944 3044 1998 merito
3070 1943 3282 2014 quando
3313 1958 3412 1998 no-

148 2041 329 2097 semper
347 2025 460 2082 talis
488 2035 590 2082 est.
623 2026 755 2082 Nam
787 2037 840 2082 et
867 2028 1195 2082 incrementa
1227 2028 1488 2098 originem
1519 2043 1702 2082 mons-

149 2127 278 2187 trant,
307 2129 358 2174 et
377 2117 694 2174 detrimenta
728 2131 954 2174 mortem
978 2127 1138 2190 atque
1157 2121 1429 2174 interitum
1451 2119 1700 2189 probant,

145 2225 190 2270 et
211 2214 348 2270 ideo:
382 2209 510 2286 Ego,
542 2215 636 2278 ait,
678 2230 791 2267 sum
838 2211 996 2275 Deus,
1063 2221 1109 2267 et
1165 2230 1266 2268 non
1320 2230 1433 2267 sunt
1478 2223 1705 2269 mutatas

143 2301 360 2376 (Haluch.
389 2322 463 2372 ιιι,
491 2304 569 2376 6),
600 2315 796 2359 statum
845 2319 998 2360 suum
1026 2311 1213 2359 tenens
1237 2318 1470 2372 semper,
1490 2305 1618 2359 dum
1653 2303 1705 2359 id

141 2396 260 2464 quod
286 2403 452 2453 natum
468 2415 571 2452 non
596 2407 700 2464 est,
735 2399 975 2454 converti
1012 2413 1116 2452 non
1142 2407 1335 2466 potest.
1362 2396 1473 2452 Hoc
1486 2398 1626 2452 enim
1651 2399 1701 2452 in

143 2485 240 2556 ipso
260 2489 491 2561 quidquid
514 2489 642 2545 illud
667 2491 688 2522 ’
721 2495 894 2560 potest
919 2489 1060 2560 quod
1083 2497 1168 2544 est
1200 2488 1358 2557 Deus,
1391 2505 1608 2560 semper
1637 2491 1706 2545 sit

143 2595 327 2638 necesse
345 2593 419 2639 est
447 2599 462 2649 ;
487 2591 545 2636 ιιι
569 2595 783 2652 semper
803 2583 872 2637 sit
899 2585 1036 2638 Deus
1058 2626 1072 2648 ,
1104 2597 1322 2638 servans
1345 2597 1467 2638 sese
1496 2583 1705 2638 virtuti-

146 2669 231 2730 bus
252 2677 368 2732 suis.
412 2677 473 2734 Et
504 2673 626 2733 ideo
658 2677 780 2732 dicit
817 2675 1012 2746 (Exod.
1047 2693 1124 2744 ιιι,
1152 2677 1218 2731 Μ
1247 2675 1262 2748 )
1297 2695 1310 2731 :
1344 2675 1460 2748 Ego
1480 2693 1590 2730 sunt
1617 2678 1704 2747 qui

145 2781 258 2822 sum.
281 2769 412 2836 Quod
436 2772 574 2826 enim
603 2779 708 2838 est,
739 2770 856 2824 ideo
885 2769 985 2825 huc
1017 2769 1175 2824 habet
1193 2785 1386 2824 nomen
1406 2811 1418 2833 ,
1448 2772 1700 2840 quoniam

155 2859 367 2915 eamdem
397 2875 592 2933 semper
645 2864 725 2916 sui
778 2864 982 2918 obtinet
1024 2865 1355 2934 qualitatem.
1397 2865 1702 2920 lnnnutatio

152 2951 274 3008 enim
317 2955 431 3011 tollit
463 2957 597 3012 illud
647 2973 842 3012 nomen
907 2958 1044 3029 quod
1095 2967 1166 3012 est
1200 2959 1501 3028 :quidqnid
1555 2960 1698 3014 enim

144 3043 386 3118 aliqndo
428 3052 648 3107 vertitur
677 3095 692 3119 ,
749 3053 974 3106 tnurtale
1021 3052 1320 3107 ostenditur
1349 3094 1362 3117 ,
1419 3052 1520 3107 hoc
1584 3053 1700 3122 ipso

144 3141 254 3207 quod
297 3147 633 3200 convertitur.
681 3145 886 3200 Desinit
938 3145 1078 3200 enim
1120 3160 1239 3199 esse
1287 3145 1426 3214 quod
1477 3145 1694 3213 fuerat,

141 3241 185 3287 ct
206 3235 359 3308 incipit
381 3247 776 3310 consequenter
804 3253 925 3294 esse
980 3239 1120 3308 quod
1155 3255 1259 3294 non
1292 3249 1406 3292 erat
1438 3257 1449 3292 :
1499 3239 1698 3292 idcirco

139 3333 186 3379 et
205 3331 366 3388 merito
417 3333 466 3388 in
501 3335 612 3388 Deo
655 3341 834 3387 manet
883 3348 1098 3403 semper
1126 3340 1296 3387 Status
1345 3347 1474 3388 suus
1500 3375 1513 3398 ,
1563 3333 1689 3388 dum
1719 3337 1763 3400 ρ

141 3421 234 3479 sine
259 3427 560 3484 detrimento
617 3429 1092 3491 commutationis,
1152 3443 1365 3498 semper
1412 3429 1490 3482 sui
1523 3437 1576 3483 et.
1621 3430 1692 3482 si-

139 3513 250 3572 milis
291 3530 342 3578 et
377 3522 596 3593 mqualis
647 3532 749 3578 est.
809 3521 961 3590 Quod
997 3523 1142 3576 enim
1184 3529 1366 3576 natum
1415 3537 1520 3575 non
1563 3531 1645 3577 est
1674 3564 1690 3588 ,

139 3621 216 3662 nec
251 3615 426 3669 mutari
454 3624 670 3685 potest:
719 3629 783 3670 ea
832 3615 973 3668 enim
1028 3614 1140 3668 sola
1185 3617 1238 3667 in
1285 3614 1688 3668 conversionem

135 3699 328 3771 veniunt,
349 3721 700 3776 qumcumque
724 3705 856 3760 fiunt
880 3706 961 3760 vel
984 3719 1334 3776 quaecumque
1361 3707 1687 3776 gignuntur;

135 3785 228 3846 dum
248 3807 355 3866 qua:
391 3795 677 3868 aliquando
724 3813 828 3852 non
872 3795 1081 3853 fuerant
1111 3840 1124 3863 ,
1154 3797 1365 3854 discunt
1410 3814 1530 3854 esse
1566 3815 1688 3854 nas-

133 3885 302 3954 cendo,
349 3901 506 3963 atque
561 3890 683 3946 ideo
741 3891 1010 3946 nascendo
1067 3891 1328 3946 converti.
1383 3893 1452 3946 At
1498 3893 1638 3946 enim
1671 3934 1686 3958 ,

131 3971 200 4030 illa
221 3995 327 4052 qua:
373 3999 470 4038 nec
497 3985 832 4038 nativitatem
881 3984 1078 4039 habent
1106 3999 1204 4040 nec
1251 3983 1510 4039 artiﬁcem
1544 4026 1558 4048 ,
1593 4000 1686 4037 cx-

130 4061 355 4129 dmum
403 4091 433 4129 a
471 4091 530 4130 se
579 4075 1040 4141 demutationem,
1100 4077 1224 4131 dum
1257 4079 1306 4130 in
1338 4093 1437 4146 qua
1463 4093 1688 4132 conver-

128 4153 260 4220 Siueis
299 4181 454 4222 causa
482 4179 586 4234 est,
613 4184 719 4222 non
771 4169 968 4224 habent
997 4170 1295 4240 originem:
1327 4171 1448 4225 ideo
1477 4181 1530 4225 et
1553 4185 1688 4225 unus

127 4257 452 4318 mundatus
496 4269 613 4324 est,
663 4261 790 4315 dum
847 4277 1028 4331 parem
1079 4279 1185 4318 non
1215 4262 1237 4293 ³
1266 4263 1422 4318 habet
1477 4281 1492 4317 :
1546 4263 1688 4318 Deus

124 4345 267 4420 Mitti,
295 4353 545 4424 quidquid
579 4367 700 4408 esse
730 4364 906 4424 potest
956 4357 1096 4410 Deus
1149 4365 1231 4412 est
1256 4398 1270 4422 ,
1323 4371 1590 4410 summum
1618 4359 1689 4413 sit

119 4445 304 4500 necesse
337 4453 438 4501 est.
469 4446 754 4503 Summum
801 4456 978 4502 autem
1028 4447 1280 4518 quidquid
1311 4456 1394 4502 est
1419 4489 1434 4515 ,
1492 4449 1562 4502 ita
1594 4448 1688 4504 de-

119 4539 240 4590 mota
287 4553 548 4596 summum
581 4555 704 4594 esse
729 4548 941 4608 Oportet
973 4584 987 4606 ,
1047 4541 1172 4595 dum
1197 4553 1346 4597 extra
1377 4556 1685 4612 comparem

115 4629 204 4681 est.
231 4627 292 4686 Et
313 4631 426 4687 ideo
445 4633 622 4688 solum
649 4640 704 4687 et
735 4649 896 4688 unum
925 4633 994 4688 sit
1029 4649 1252 4690 necesse
1281 4644 1364 4689 est
1389 4675 1404 4700 ,
1434 4636 1518 4690 cui
1549 4649 1682 4689 cun-

1810 2053 1932 2091 men
1972 2051 2125 2089 suum
2161 2035 2298 2088 Deus
2323 2075 2338 2101 ,
2368 2051 2432 2089 ex
2465 2033 2782 2106 quibusdam
2815 2034 3110 2089 rationibus
3163 2044 3218 2090 et
3249 2050 3408 2091 occa-

1807 2127 2049 2182 sionibus
2077 2125 2306 2196 adjicit"
2337 2135 2389 2181 et
2423 2126 2657 2196 pra-fert,
2691 2141 2794 2182 non
2828 2133 2934 2180 tam
2959 2123 3250 2196 legitimam
3285 2142 3410 2198 pro-

1807 2220 2088 2291 prietatem
2140 2218 2514 2288 appellationis
2560 2219 2792 2272 sciamus
2821 2234 2940 2274 esse
2988 2217 3358 2290 depromptam
3391 2261 3406 2286 ,

1813 2326 1966 2381 quam
1995 2311 2403 2381 significantium
2433 2309 2716 2380 quamdam
2741 2312 3119 2375 constitutam;
3151 2309 3217 2364 ad
3246 2326 3406 2382 quam

1811 2403 1937 2458 dum
1969 2403 2217 2458 homines
2246 2403 2537 2458 decurrunt
2567 2446 2581 2468 ,
2617 2403 2708 2458 Dei
2737 2403 3158 2458 misericordiam
3189 2420 3284 2474 per
3322 2405 3406 2476 ip-

1807 2512 1918 2552 Sam
1949 2497 2237 2566 impetrare
2263 2511 2419 2566 posse
2443 2497 2743 2552 vidcantur.
2775 2496 2874 2551 Est
2900 2512 3030 2567 ergo
3057 2497 3408 2552 etimmorta-

1807 2593 1872 2648 lis
1901 2603 1956 2648 et
1983 2591 2402 2660 incorruptibilis
2433 2632 2448 2654 ,
2507 2606 2606 2646 nec
2658 2590 2976 2645 detrimenta
3028 2590 3266 2648 sentiens
3289 2606 3408 2646 om-

1806 2687 1936 2740 nino
1960 2727 1976 2752 ,
2012 2701 2109 2740 nec
2153 2683 2336 2739 finem.
2380 2682 2512 2738 Nam
2556 2694 2610 2738 et
2635 2683 2756 2754 quia
2789 2683 3208 2754 incorruptibilis
3235 2723 3250 2748 ,
3286 2683 3407 2740 ideo

1807 2789 1858 2832 et
1893 2777 2216 2834 immortalis
2243 2793 2256 2842 ;
2287 2783 2340 2831 et
2368 2776 2488 2846 quia
2523 2775 2842 2830 immortalis
2868 2817 2882 2841 ,
2914 2777 3095 2847 utique
3125 2785 3178 2830 et
3223 2775 3402 2830 incor-

1804 2870 2114 2940 ruptihilis;
2162 2879 2386 2938 utroque
2415 2869 2641 2922 invicem
2669 2867 2767 2923 sibi
2801 2875 2856 2922 et
2885 2867 2936 2921 in
2985 2881 3044 2922 se
3069 2868 3404 2924 connexione

1804 2969 1987 3016 mutua
2007 2959 2028 2995 ⁸
2053 2959 2330 3033 perplexo,
2350 2972 2404 3016 et
2421 2960 2485 3016 ad
2502 2967 2698 3014 statum
2722 2959 3038 3014 a-ternitatis
3055 2959 3250 3014 vicaria
3273 2973 3405 3016 con-

1803 3056 2138 3110 catenatione
2169 3053 2434 3126 producto
2459 3095 2475 3120 ,
2507 3063 2561 3108 et
2597 3053 2998 3108 immortalitate
3025 3053 3092 3109 de
3115 3053 3401 3123 incorrup-

1803 3147 1948 3200 tione
1990 3145 2352 3201 descendente
2377 3187 2392 3212 ,
2454 3154 2509 3200 et
2538 3143 2938 3215 incorruptione
2991 3141 3058 3198 de
3089 3143 3402 3198 lmmorlali-
3489 3219 3496 3224 ὁ

1803 3248 1909 3293 tate
1933 3240 2201 3292 veniente.

2427 3326 2654 3387 CAPUT
2697 3332 2761 3387 γ.

1799 3423 1959 3491 Cuius
1988 3426 2033 3480 si
2078 3425 2373 3480 iracundiae
2413 3436 2460 3480 et
2491 3425 2866 3498 indignationes
2894 3425 3142 3496 quasdam
3162 3468 3175 3492 ,
3205 3435 3249 3480 et
3280 3426 3399 3481 odia

1869 3517 2124 3587 descripta
2147 3519 2199 3571 in
2231 3518 2389 3571 sacris
2415 3519 2617 3590 paginis
2649 3529 2906 3574 teneamus
2933 3533 2951 3580 ;
2979 3530 3080 3574 non
3109 3529 3274 3574 tamen
3292 3519 3400 3574 Itwc

1865 3609 2082 3680 intelligi
2103 3609 2170 3663 ad
2199 3609 2540 3664 humanorum
2569 3611 2804 3678 exentpla
2831 3613 3088 3666 vitiorum.

1865 3703 2031 3773 Cujus
2061 3705 2220 3758 etiam
2253 3707 2296 3758 si
2327 3705 2632 3760 iracundias
2653 3709 2672 3739 ³
2698 3706 2924 3776 legimus
2944 3749 2958 3773 ,
2991 3719 3043 3762 et
3074 3707 3398 3779 indignatio-

1794 3811 1890 3851 nes
1915 3796 2172 3866 quasdam
2196 3797 2500 3879 descriptas
2530 3806 2776 3854 tenemus
2801 3841 2815 3865 ,
2861 3807 2910 3854 et
2960 3800 3081 3855 odia
3113 3801 3278 3856 relata
3307 3815 3401 3856 co-

1796 3891 2126 3960 gnoscimus,
2187 3907 2291 3947 non
2325 3901 2503 3949 tamen
2537 3895 2648 3950 haec
2672 3893 3019 3964 intelligimus
3045 3895 3109 3948 ad
3141 3895 3404 3948 humano-

1793 4001 1909 4040 rum
1943 3986 2106 4040 relata
2144 4003 2265 4044 esse
2289 3990 2530 4058 exetnpla
2565 3989 2838 4042 vitiorum.
2873 3987 2997 4041 lliec
3023 3987 3165 4039 enim
3194 3987 3398 4054 omnia,

1791 4086 1846 4132 et
1898 4077 1942 4132 si
1990 4077 2266 4136 hominem
2319 4089 2544 4150 possunt
2584 4093 2970 4150 corrumpere,
3029 4079 3262 4134 divinam
3291 4080 3400 4136 vim

1792 4186 1897 4224 non
1931 4181 2156 4240 possunt
2189 4173 2411 4226 omnino
2434 4174 2645 4227 vitiare.
2701 4172 2988 4226 Passiones
3013 4173 3156 4226 enim
3191 4173 3302 4226 ista:
3344 4172 3398 4228 in

1793 4263 2096 4316 hominibus
2129 4265 2318 4320 merito
2359 4279 2480 4319 esse
2515 4264 2761 4318 dicentur
2791 4281 2805 4326 ;
2837 4263 2889 4317 in
2923 4265 3034 4319 Deo
3065 4280 3172 4318 non
3202 4265 3398 4320 merito

1790 4355 2194 4426 judicahuntnr.
2231 4354 2512 4426 Currumpi
2542 4357 2683 4411 enim
2709 4371 2801 4425 per
2827 4356 2944 4412 ha‘c
2999 4356 3160 4412 homo
3192 4365 3388 4428 potest,

1790 4448 1911 4517 quia
1940 4447 2210 4518 corrumpi
2264 4455 2440 4518 potest
2469 4465 2482 4501 :
2515 4448 2786 4518 corrumpi
2821 4463 2916 4517 per
2943 4447 3058 4502 hmc
3087 4449 3227 4505 Deus
3278 4467 3384 4506 nun

1791 4551 1965 4612 potest
1997 4583 2012 4605 .
2046 4543 2169 4611 quia
2201 4557 2299 4598 nec
2329 4541 2598 4608 corrumpi
2631 4551 2824 4612 potest.
2857 4539 3067 4597 Habent
3098 4543 3257 4614 igitur
3291 4543 3393 4599 iSta

1793 4635 1900 4688 vim
1933 4648 2084 4688 suam
2110 4649 2268 4704 quam
2301 4645 2626 4700 exerceant;
2654 4633 2747 4690 sed
2777 4634 2866 4690 ubi
2889 4633 3144 4706 pra:ccdit
3165 4634 3396 4706 passibi-

117 4707 226 4776 ἷεηί
259 4721 377 4778 nihil
401 4733 576 4794 potest
607 4767 621 4791 ,
677 4725 802 4778 dum
838 4741 1018 4794 parem
1051 4741 1156 4781 non
1183 4725 1376 4798 ,Ihabel.
1411 4726 1675 4794 Quoniam
1704 4739 1757 4799 Ι)
1785 4729 1852 4784 lis
1875 4730 2094 4783 materia
2128 4771 2142 4797 ,
2175 4745 2280 4784 non
2307 4729 2394 4784 ubi
2426 4729 2678 4800 prmcedit
2700 4730 3048 4800 impassibilis
3069 4730 3388 4786 substantia.

119 4813 317 4871 Medae
357 4817 557 4873 infinita
597 4833 718 4873 esse
769 4825 1026 4888 possunt;
1063 4827 1119 4872 ut
1163 4835 1340 4874 rerum
1373 4819 1537 4874 dictat
1569 4821 1682 4890 ipsa

109 4903 288 4962 ηδιιιη.
318 4908 585 4964 lnlinitum
624 4918 707 4964 est
731 4918 911 4964 autem
941 4950 956 4974 ,
990 4909 1248 4981 quidquid
1281 4926 1379 4966 nec
1407 4911 1672 4982 originem

105 4983 500 5072 Ῑυδειοωιιίιιο,
529 5017 632 5060 nec
647 5002 829 5059 finem.
855 5003 1282 5075 Exeluditenim
1312 5005 1536 5060 alterius
1575 5005 1681 5060 ini-

1783 4826 1915 4882 Nam
1938 4826 2149 4897 etquod
2183 4827 2430 4882 irascitur
2461 4825 2599 4882 Deus
2631 4869 2644 4892 ,
2670 4841 2773 4882 non
2805 4843 2870 4882 ex
2913 4827 3041 4881 vitio
3077 4825 3192 4896 ejus
3211 4825 3391 4894 venit;

1783 4918 1878 4975 sed
1921 4918 1988 4973 ad
2037 4919 2339 4974 remedium
2370 4919 2560 4974 -nostri
2606 4918 2735 4974 illud
2784 4918 2930 4975 facit.
2981 4917 3265 4988 Indulgens
3310 4927 3394 4974 est

1785 5011 1927 5068 enim
1953 5053 1968 5078 ,
2000 5013 2161 5068 etiam
2184 5022 2312 5067 tunc
2331 5026 2454 5067 cum
2487 5013 2722 5067 minatur
2750 5031 2762 5066 :
2797 5013 2922 5068 dum
2957 5027 3050 5084 per
3073 5011 3189 5067 hate
3215 5011 3394 5068 homi-

1238 5117 1622 5177 GALLANDII
1671 5123 2239 5183 COMMENTARIUS.

166 5203 190 5238 ³
213 5203 520 5284 Ret-guisset.
557 5211 798 5284 Latinius
821 5214 1098 5282 eleganter
1140 5213 1267 5284 legit
1293 5216 1574 5270 recessisse.
1608 5217 1676 5272 Et

102 5277 444 5402 “"lpvidetur
470 5284 656 5347 lectio,
687 5282 876 5340 Graece
908 5277 1175 5356 loquendi
1194 5277 1454 5340 formula.
1481 5287 1669 5343 ιιιιοιιε.

253 5361 388 5402 Mat-
422 5349 602 5402 Malim
634 5355 734 5402 legi
753 5371 858 5402 esse
881 5365 1044 5402 natm
1073 5369 1091 5402 :
1111 5365 1164 5402 et
1191 5356 1269 5402 sic
1290 5355 1454 5402 habet
1481 5369 1669 5402 nitntur

135 5409 148 5425 Ψ
185 5339 604 5425 ξΡοιαίΜειὶω
633 5339 734 5425 legi
753 5339 1044 5425 esseipote'st
1073 5365 1164 5411 :et
1191 5356 1269 5410 sic
1290 5339 1454 5412 habet
1481 5339 1672 5414 ἐιῦὲῐὸιῐ

137 5423 396 5495 minutim
419 5428 476 5482 in
511 5426 614 5480 hoc
640 5423 842 5495 capite.
862 5423 940 5482 In.

207 5493 372 5555 lubet.
389 5495 469 5568 Ex
501 5493 772 5568 Frobenio
801 5493 1190 5554 Welchmanus
1212 5497 1340 5568 legit
1367 5497 1587 5567 habeat;
1615 5509 1670 5556 et

131 5547 1227 5646 anguina;bargagiifgai
1238 5547 1490 5646 irata?
1500 5547 1663 5646 ῥὲιιὲξ

301 5639 438 5694 enim
477 5654 604 5708 esse,
631 5647 738 5695 etc.
770 5641 925 5708 Quod
969 5640 1186 5712 quidem
1215 5643 1384 5713 magis
1414 5641 1668 5712 probatur

127 5795 132 5814 τ
401 5797 576 5848 omne,
600 5789 707 5865 etc.
735 5781 1094 5867 TheOphilum
1138 5783 1538 5841 Antiochenam
1571 5800 1668 5840 ex-

125 5843 280 5910 ικξεειι
331 5851 781 5910 eicNovattanus.
811 5857 904 5910 lib.
929 5872 988 5910 ιι.
1011 5857 1080 5910 ad
1102 5856 1364 5910 Αιιιοιυε..
1391 5873 1441 5910 c.
1471 5859 1526 5910 5.

181 5852 904 5942 Eigl‘heigNgvatijai‘ms,Ilib.
929 5872 988 5926 ιι,
1011 5857 1080 5910 ad
1101 5856 1364 5942 Αιιιοιρμξη
1391 5873 1441 5912 c.
1471 5859 1526 5942 ὅ.

144 6012 299 6166 τέ

1787 5221 2032 5288 apprime
2065 5218 2321 5288 congruit
2370 5229 2490 5269 cum
2531 5217 2904 5288 sequentibus.
2937 5217 3111 5287 fuerit.
3157 5219 3383 5284 coeperit.

1780 5287 1854 5345 At
1894 5289 2157 5358 Gagnzeus
2188 5297 2241 5342 et
2292 5287 2596 5350 Barrensis,
2631 5303 2766 5359 quos
2797 5294 3040 5359 sequitur
3066 5288 3383 5346 Welchma-

1779 5376 1902 5426 nus,
1929 5357 2122 5414 desinet
2153 5375 2170 5412 :
2197 5359 2372 5412 minus
2401 5365 2565 5420 recte,
2600 5367 2657 5410 ut
2681 5357 2906 5413 videtur.
2975 5387 2983 5394 -

1850 5433 1870 5463 ⁸
1900 5430 2028 5486 Ideo
2052 5427 2600 5502 quod._Welchmanus
2621 5427 2837 5497 conjicit
2859 5429 3136 5502 legendum
3153 5431 3206 5485 id
3227 5432 3385 5501 quod.

1773 5500 1958 5574 Neque
1988 5498 2172 5556 abnuit
2200 5498 2526 5574 Jacksqnus.

1845 5569 1960 5628 τἘι
1993 5578 2216 5645 praefert.
2249 5574 2348 5627 Ms.
2387 5569 2970 5645 Yoweri_a_nt-prwfer_t.
3005 5571 3260 5628 Jacxson.

1848 5646 1868 5677 ⁸
1897 5639 2245 5714 Perplerro....
2267 5642 2535 5716 producto.
2591 5639 2757 5716 E_t_li_t_i_
2784 5641 3027 5716 perplexa
3054 5645 3337 5716 Lproducla
3363 5691 3377 5714 ,

1777 5726 1962 5798 contra
2000 5711 2146 5788 leges
2175 5711 2572 5788 grammaticas.
2620 5711 2900 5768 Editiones
2931 5711 3254 5784 Anglicanas
3289 5711 3380 5772 se;

1775 5796 1882 5842 cuti
1907 5803 2108 5842 sumus.

1846 5861 1865 5892 ο
1887 5857 2144 5929 Legimus.
2167 5858 2259 5914 Sic
2279 5856 2684 5916 edit.Wclchm.
2712 5863 2765 5914 et
2779 5853 3032 5915 Jackson.
3052 5870 3149 5929 pro
3168 5857 3381 5929 vulgata

210 5913 440 6037 ﬁniuit.
469 5921 550 5983 Ita
577 5923 709 5982 editi
757 5913 996 6000 plerique
1029 5946 1042 5983 :
1071 5944 1191 6000 quae
1238 5913 1454 6000 quidem
1482 5913 1672 5989 flectio
1769 5913 2007 5990 lectione
2037 5913 2305 5999 legitimas.
