1871 3141
188 189 242 218 895

190 254 240 276 nes
254 247 287 275 ad
311 252 382 276 recta
406 253 576 276 revocantur.
602 249 669 277 Nam
685 250 781 285 quibus
800 251 833 279 ad
849 250 989 280 honestam

190 294 271 321 vitam
285 293 360 322 deest
373 294 441 321 ratio
453 315 461 328 ,
485 299 572 323 metus
586 301 626 323 est
638 298 821 330 necessarius,
838 303 867 324 ut
882 299 926 333 qui
948 306 988 325 ra-

194 340 294 367 tionem
308 340 487 374 reliquerunt,
505 341 546 368 vel
562 345 666 369 terrore
690 348 856 371 moveantur.
876 343 909 371 Et
923 343 983 371 ideo

189 392 283 412 omnes
297 385 355 413 ista:
369 386 409 413 vel
422 386 566 415 iracundizc
581 388 627 415 Dei
638 409 645 420 .
660 389 700 416 vel
712 389 787 422 odia,
800 390 840 417 vel
855 397 991 425 quaacqu-

189 439 242 467 que
267 436 328 459 sunt
355 431 527 467 huiusmodi.
555 434 618 461 dum
645 435 678 462 ad
694 435 853 463 medicinam
869 440 990 464 nostrain

190 477 362 513 proferuntur
376 478 478 514 (utres
491 479 598 516 docet),
617 489 649 509 ex
665 483 778 509 consilio
790 504 797 515 ,
815 490 868 510 non
884 491 917 510 ex
928 484 992 511 vitio

190 529 338 551 venerunt:
368 532 419 552 nec
440 533 473 553 ex
503 525 645 562 fragilitate
672 527 855 562 descendunt;
884 534 992 564 propter

189 570 260 605 quod
272 570 353 598 etiam
365 571 397 598 ad
410 572 637 607 corrumpendum
652 574 736 601 Deum
750 574 840 602 valere
861 582 914 603 non
930 583 993 610 pos-

195 620 268 643 sunt.
285 616 455 644 Materiarum
468 618 539 645 enim
554 618 664 646 inuobis
675 627 707 646 ex
725 619 822 655 quibus
831 627 937 654 sunms,
952 621 993 648 di-

192 661 307 689 versitas
320 682 327 694 ,
340 661 375 689 ad
390 662 535 690 iracundia:
558 665 696 692 consuevit
710 671 927 700 eorrumpentem
943 674 992 694 nos

191 707 308 735 excitare
321 707 482 736 discordiatn
495 717 502 742 ;
519 718 578 745 qua:
601 711 626 738 in
645 710 715 746 Deo,
729 712 771 739 vel
795 720 828 740 ex
843 718 936 740 natura
949 713 991 740 vel

192 761 224 781 ex
242 754 308 782 vitio
323 776 330 788 ,
347 763 398 782 non
410 760 498 791 potest
510 764 571 784 esse
584 766 593 784 :
605 757 668 784 dum
684 765 736 785 non
749 759 840 793 utique
864 768 897 787 ex
913 767 992 795 coag-

193 801 290 829 mentis
310 802 495 836 corporalibus
508 803 664 839 intelligitur
674 811 734 831 esse
749 810 930 832 constructus.
944 805 993 833 Est

191 847 262 875 enim
279 848 395 881 simplex
412 868 420 881 ,
443 853 470 875 et
489 848 548 876 sine
568 840 626 876 ulla‘
643 857 773 885 corporea
796 851 968 880 concretione
983 873 990 884 ,

191 895 318 930 quidquid
340 894 405 922 illud
429 901 469 922 est
485 900 555 923 lotus
568 917 575 929 ,
604 896 674 932 quod
698 905 727 924 se
746 898 821 925 solus
842 899 893 926 scit
906 907 989 931 esse;

192 941 407 976 quandoquidem
420 942 533 977 Spiritus
549 943 584 970 sit
607 943 693 971 dictus
709 944 798 979 (Joan.
815 953 840 971 Iv
854 966 861 975 ,
875 945 933 980 24).
958 945 991 973 Et

193 987 254 1015 ideo
268 987 325 1015 lucc
347 995 407 1023 qua:
423 988 449 1015 in
473 988 626 1017 hominibus
642 991 737 1017 vitiosa
758 995 820 1018 sunt
833 995 860 1018 et
874 999 996 1018 corrum-

193 1033 293 1068 peutia,
310 1033 373 1060 dum
384 1041 416 1061 ex
431 1035 555 1070 corporis
569 1035 652 1070 ipsius
665 1040 692 1063 et
705 1037 825 1064 materia:
835 1038 997 1072 corruptibi-

192 1080 267 1107 litate
283 1084 427 1108 nascuntur
438 1101 445 1114 ,
471 1081 497 1108 in
513 1081 568 1109 Deo
594 1083 825 1118 corruptibilitatis
840 1084 893 1111 vim
918 1093 997 1112 exer-

193 1134 255 1155 cere
270 1135 322 1155 non
336 1132 448 1163 possunt
463 1138 470 1156 :
485 1129 493 1144 ¹
506 1129 722 1165 quandoquidem
732 1152 739 1164 ,
751 1136 779 1159 ut
794 1131 926 1166 diximus,
943 1140 996 1161 non

193 1181 226 1203 ex
238 1174 315 1209 vitio,
332 1175 379 1203 sed
391 1176 495 1205 ratione
509 1182 649 1205 venerunt.

504 1245 617 1274 CAPUT
638 1246 683 1275 Vl.

195 1300 229 1329 Et
251 1301 308 1329 licet
323 1301 460 1338 Scriptura
485 1303 578 1338 faciem
603 1303 714 1331 divinam
730 1312 798 1340 saepe
812 1305 846 1331 ad
859 1306 998 1333 humanam

231 1347 342 1382 formam
356 1353 485 1376 conuertat
494 1369 502 1383 ,
527 1357 578 1376 non
603 1355 687 1377 tamen
699 1351 767 1377 intra
781 1351 835 1378 hau:
849 1353 929 1379 nostri
942 1360 999 1379 cor-

229 1395 300 1430 poris
308 1395 461 1422 lineamenta
476 1396 580 1423 modum
600 1397 693 1424 divina:
711 1399 851 1433 majestatis
869 1399 977 1426 includi.

232 1465 265 1492 Et
288 1465 349 1492 licet
377 1465 513 1501 Scriptura
526 1466 645 1495 caelestis
664 1468 696 1494 ad
718 1467 861 1495 humanam
884 1468 998 1496 formam

194 1510 292 1539 faciem
310 1511 429 1540 divinam
452 1521 524 1548 saepe
544 1518 701 1547 convertat,
723 1514 786 1542 dum
819 1515 883 1543 dicit
913 1516 997 1552 (Paul.

195 1566 302 1593 XXXIII,
320 1559 386 1596 l6):
405 1560 479 1589 Oculi
504 1561 609 1589 Domini
636 1571 713 1596 super
732 1564 817 1599 justas
840 1572 849 1591 .'
868 1569 914 1592 aut
934 1565 997 1592 dum

196 1606 206 1641 (
220 1606 283 1634 Gen.
295 1615 353 1640 VIII,
367 1607 413 1644 21)
431 1617 437 1635 :
452 1607 582 1635 Odoratm
597 1614 634 1636 est
656 1609 778 1638 Dominus
803 1610 872 1637 Deus
893 1612 996 1640 odorem

197 1652 269 1681 bouw
301 1655 453 1689 fragrantia:
479 1662 488 1681 :
515 1659 559 1682 aut
596 1654 658 1682 dum
684 1656 826 1684 traduntur
850 1657 933 1694 Moysi
958 1663 999 1684 ta-

198 1698 267 1726 bulae
281 1699 384 1734 scriptis
404 1699 484 1735 digito
505 1700 551 1727 Dei
572 1700 669 1737 (Exod.
694 1710 762 1736 xxxi
777 1723 783 1734 ,
799 1703 865 1738 18):
880 1704 999 1731 autdum

198 1744 311 1779 populus
341 1743 456 1772 ﬁliorum
479 1745 560 1774 lsrael
584 1747 618 1775 de
640 1752 709 1775 terra
723 1748 832 1784 Egypli
856 1758 934 1777 manu
958 1758 1001 1777 vu-

198 1789 253 1817 lida
279 1794 302 1816 et
318 1789 421 1817 brachia
447 1792 546 1819 excelso
565 1792 651 1829 (Paul.
663 1801 763 1827 cxxxv,
782 1795 816 1821 η
829 1795 837 1830 )
851 1795 998 1823 liberatur:

199 1839 246 1863 aut
264 1834 326 1863 dum
344 1835 409 1863 dicit
426 1836 502 1871 (lsa.
525 1846 553 1870 I,
566 1839 612 1874 20)
632 1849 638 1867 ε
654 1840 690 1867 Os
714 1841 781 1867 enim
803 1841 908 1869 Domini
930 1843 1001 1870 lacu-

200 1886 254 1908 lum
273 1887 310 1909 est
330 1882 384 1909 [uec
405 1891 413 1909 :
439 1888 485 1911 aut.
507 1884 570 1912 dum
589 1889 658 1912 terra
683 1886 822 1914 scabellum
840 1888 931 1920 pedum
956 1890 1001 1917 Dei

199 1936 259 1956 esse
277 1929 431 1964 perhibetur
452 1932 461 1967 (
477 1931 530 1960 hu.
547 1940 617 1967 um,
633 1933 659 1968 l)
676 1942 683 1960 :
704 1938 750 1961 aut
773 1934 836 1962 dum
860 1935 940 1963 dicit:
955 1936 1001 1970 (ιν

201 1975 265 2012 Reg.
288 1985 332 2004 xtx
346 1998 353 2010 ,
370 1977 424 2012 16)
441 1988 447 2005 :
462 1978 564 2006 lnclina
586 1989 675 2007 aurem
699 1986 778 2015 tuum,
794 1987 818 2009 et
832 1984 893 2010 audi
908 1992 917 2011 :
931 1985 942 1999 ¹
953 1992 1002 2012 nos

200 2024 244 2058 qui
259 2024 389 2058 dicimus,
414 2026 474 2061 quia
500 2026 554 2054 Lex
569 2028 697 2062 spiritalis
712 2034 768 2062 est,
783 2037 835 2057 non
850 2031 918 2058 intra
945 2031 1002 2060 htcc

199 2070 283 2097 n05tri
297 2071 417 2105 corporis
445 2072 606 2101 lineamenta
620 2095 627 2107 ,
641 2075 750 2102 modum
774 2080 819 2103 aut
833 2076 944 2112 ﬁguram
959 2078 1001 2105 di-

201 2116 270 2143 vinae
285 2117 433 2152 maiestatis
446 2119 618 2152 inciudimus,
634 2121 682 2149 sed
692 2122 747 2149 suis
758 2123 830 2150 illam
845 2124 1002 2152 intermina-

199 2166 233 2189 ta:
245 2163 434 2198 magnitudinis
450 2164 491 2201 (ut
505 2165 539 2192 ita
553 2165 678 2204 dixerim)
692 2168 794 2203 campis
809 2169 867 2196 sine
879 2170 935 2197 ullo
951 2169 1003 2198 line

199 2207 381 2237 diffundimus.
406 2210 541 2246 Scriptum
557 2218 598 2240 est
611 2214 683 2241 enim
708 2213 794 2251 (Psul.
810 2223 949 2249 cxxxvm,
964 2217 980 2244 8
994 2238 1001 2249 ,

200 2253 226 2287 9,
242 2254 276 2281 10
291 2255 321 2290 ):
339 2255 370 2283 Si
384 2257 520 2284 escendero
546 2258 572 2284 in
598 2259 687 2286 caelum
699 2281 706 2293 ,
729 2265 756 2287 tu
779 2261 813 2288 ibi
832 2270 858 2288 es
873 2270 882 2288 :
901 2263 923 2289 si
941 2262 999 2290 des-

206 2301 314 2328 σξηαεγο
329 2303 363 2328 ad
377 2303 484 2339 inferas,
505 2305 566 2332 ades
582 2314 591 2338 ς
605 2311 629 2333 et
645 2307 667 2333 si
679 2315 841 2342 ussumpsero
853 2309 908 2336 alas
921 2318 1001 2343 meas,

204 2353 228 2374 et
250 2348 335 2375 abiero
346 2353 415 2377 trans
429 2359 509 2384 mure,
530 2352 566 2378 ibi
585 2361 676 2380 manus
694 2358 737 2380 tua
758 2355 930 2390 apprehende!
945 2365 1001 2391 me,

202 2398 225 2421 et
240 2394 343 2421 dextera
364 2400 407 2422 tua
432 2397 551 2424 detinebit
577 2407 625 2425 me.
653 2399 795 2428 [lationem
811 2402 883 2429 enim
904 2402 1003 2431 divina:

200 2440 345 2476 Scriptura:
368 2442 401 2470 de
423 2448 635 2478 temperamento
657 2446 840 2480 dispositionis
864 2450 1003 2483 cognosci-

201 2496 270 2516 Inus.
286 2489 423 2518 Parabolis
433 2491 503 2519 cnim
522 2490 610 2519 adhuc
622 2513 629 2526 ,
645 2492 793 2521 secundum
808 2494 869 2522 lidei
886 2500 1001 2530 tempus,

928 193 1079 223 NOVATIA
1084 194 1119 223 Nl

1765 202 1811 230 896

1004 252 1027 281 Α
1043 252 1076 280 de
1087 253 1142 281 Deo
1167 254 1314 289 Propbetes
1341 259 1404 283 tunc
1431 255 1589 291 loquebatur
1601 276 1608 289 ,
1636 263 1686 284 non
1700 258 1814 291 quomodo

1044 300 1115 328 Deus
1136 306 1194 329 erat
1208 323 1215 335 ,
1231 302 1277 329 sed
1298 302 1433 337 quomodo
1445 303 1558 338 populus
1573 311 1669 339 capere
1679 309 1779 339 paterat.
1793 306 1818 335 Ut

1043 346 1122 380 igitur
1133 347 1190 374 bzec
1205 348 1243 375 sic
1257 347 1290 376 de
1300 348 1354 376 Deo
1369 348 1508 384 dicantur,
1527 357 1581 378 non
1595 350 1652 378 Deo
1663 371 1669 382 ,
1681 351 1724 378 sed
1738 353 1819 387 populo

1043 395 1132 431 potius
1155 395 1311 430 imputetur.
1329 397 1375 425 Sic
1389 397 1486 433 (Exod.
1499 397 1575 434 XXVI)
1592 403 1620 425 et
1642 398 1817 428 tabernaculum

1043 442 1146 476 erigere
1160 443 1259 478 populo
1275 444 1453 478 permittitur;
1469 453 1518 473 nec
1529 449 1619 473 tamen
1631 446 1700 473 Deus
1714 446 1774 474 intra
1786 454 1817 475 Ia-

1045 487 1218 516 bernaeulnm
1233 489 1243 505 ³
1259 491 1349 518 clusus
1369 492 1541 525 continetur;
1566 493 1605 520 sic
1621 492 1670 529 (lll
1685 492 1744 529 Reg.
1757 494 1787 529 Iv)
1799 500 1816 522 et

1044 533 1184 569 Templum
1210 537 1372 570 exstruitur;
1399 546 1449 565 nec
1464 542 1552 567 tamen
1567 539 1639 566 Deus
1661 539 1726 567 intra
1747 540 1818 575 tenipli

1044 581 1179 615 angustias
1200 582 1310 610 omnino
1334 584 1445 618 sepitur.
1460 583 1517 611 Non
1544 584 1624 620 igitur
1649 584 1779 613 mediocris
1791 590 1818 614 est

1045 627 1125 659 Deus,
1143 628 1189 656 sed
1202 629 1291 663 populi
1306 630 1450 657 mediocris
1464 636 1505 658 est
1519 637 1616 658 sensus
1633 640 1639 658 :
1656 638 1704 659 nec
1715 637 1817 666 angustus

1045 672 1115 700 Dens
1126 694 1133 704 ,
1147 674 1193 700 sed
1205 674 1316 702 rationis
1330 675 1421 710 populi
1436 679 1564 710 angustus
1579 680 1623 703 est.
1634 676 1773 704 intellectus
1783 677 1818 704 ba-

1046 720 1126 746 liitus.
1155 721 1275 755 Denique
1302 722 1326 748 in
1351 723 1494 757 livangelio
1510 722 1598 754 (Joan.
1617 731 1652 755 Iv,
1670 723 1714 759 21)
1729 732 1736 751 :
1753 723 1820 751 Veniet

1045 767 1126 797 liora,
1158 768 1286 795 Dominus
1310 769 1409 800 aiebat,
1436 778 1492 795 cum
1520 778 1599 804 neque
1625 770 1651 796 in
1666 774 1744 797 monte
1764 771 1819 804 into,

1044 821 1124 846 νιινιμιιτ
1148 814 1173 839 in
1199 814 1359 842 Hierusalem
1389 816 1528 843 udorubitis
1559 815 1682 849 Patrem,
1699 821 1725 844 et
1743 824 1820 845 causas
1861 821 1864 849 ζ

1044 860 1161 887 reddidit
1187 861 1279 888 dicens
1306 862 1393 895 (Ibid.
1420 871 1444 888 γ.
1472 863 1505 890 24
1521 863 1529 897 )
1546 872 1551 889 :
1569 862 1684 897 Spiritus
1703 868 1736 890 est
1749 863 1822 896 Deus;

1044 910 1066 932 et
1087 915 1127 932 eos
1151 915 1209 941 ergo
1231 908 1272 941 qui
1289 908 1297 921 ³
1313 908 1431 940 adorant,
1455 909 1479 934 iu
1502 908 1594 943 spiritu
1616 914 1639 935 et
1662 909 1756 936 ueritate
1773 909 1823 936 ada-

1006 952 1029 982 B
1043 960 1100 978 rure
1115 958 1223 984 oportet.
1243 953 1374 981 El'ticacim
1389 955 1469 989 igitur
1491 955 1524 981 ibi
1541 954 1639 981 divitue
1658 963 1703 989 per
1725 956 1824 983 membra
1861 952 1864 975 ἶ

1050 1003 1232 1025 monstrantur
1246 1009 1251 1026 :
1270 1007 1321 1026 non
1345 1000 1449 1027 habitus
1466 1001 1522 1032 Dei,
1540 1008 1589 1027 nec
1605 1001 1744 1035 corporalia
1754 1001 1827 1028 liuea-

1050 1049 1137 1071 menta
1162 1051 1308 1079 ponuntur.
1334 1046 1398 1073 Nam
1422 1051 1523 1073 etcum
1546 1046 1620 1074 oculi
1641 1046 1826 1078 describuntur,

1048 1090 1117 1123 qiuul
1129 1091 1216 1116 omnia
1230 1091 1316 1118 videat
1329 1092 1500 1126 exprimitur;
1518 1097 1543 1119 et
1554 1092 1730 1126 quandoauris
1741 1113 1747 1124 ,
1764 1092 1828 1127 quod

1050 1137 1058 1151 ⁵
1073 1138 1161 1163 ouiuia
1178 1138 1267 1165 audiat
1290 1138 1465 1173 proponitur;
1485 1144 1511 1166 et
1538 1146 1599 1165 cum
1625 1138 1728 1174 digitus,
1741 1138 1826 1174 signiﬁ-

1049 1187 1134 1212 cantia
1148 1187 1268 1221 qusi-dam
1292 1187 1436 1214 voluntatis
1462 1187 1600 1221 aperitur;
1617 1192 1644 1214 et
1666 1194 1724 1215 cum
1745 1193 1825 1218 nares,

1050 1240 1157 1266 precum
1174 1234 1248 1267 quasi
1265 1233 1376 1260 odorum
1394 1233 1531 1267 perceptio
1558 1233 1723 1267 ostenditur;
1747 1238 1827 1261 etcum

1049 1286 1162 1309 manus,
1181 1280 1250 1313 quod
1276 1285 1405 1306 creatura:
1421 1281 1455 1306 sit
1483 1280 1570 1307 omnis
1596 1284 1691 1308 auctor
1711 1280 1824 1315 probatur;

1049 1330 1073 1351 et
1088 1326 1194 1359 (ptuido
1216 1326 1353 1352 ln‘ntthinnt
1368 1347 1373 1354 ,
1390 1326 1459 1359 quod
1487 1326 1559 1353 nulla
1583 1331 1677 1354 natura
1699 1331 1780 1354 contra
1795 1333 1826 1353 Io-

1049 1372 1098 1398 bur
1115 1373 1195 1406 ιρκὶιις
1210 1380 1358 1406 repugnare
1373 1373 1455 1407 possit
1480 1373 1609 1405 edicitur;
1625 1377 1652 1400 et
1675 1372 1771 1408 quando
1791 1379 1824 1408 pe-

1050 1421 1097 1447 dm
1111 1442 1117 1453 ,
1136 1421 1203 1455 quod
1220 1421 1327 1455 impleat
1342 1422 1430 1447 Omnia
1444 1442 1450 1451 ,
1466 1428 1514 1448 nec
1527 1422 1562 1448 sit
1583 1421 1727 1456 quidquam
1740 1421 1777 1449 ubi
1786 1427 1824 1447 nun

1052 1468 1084 1493 sit
1101 1468 1181 1496 Deus.
1201 1468 1357 1501 explicatur.
1375 1468 1467 1502 Neque
1482 1469 1552 1494 enim
1566 1473 1629 1495 sunt
1643 1468 1668 1496 ei
1677 1474 1721 1496 aut
1732 1467 1825 1496 membra

1053 1520 1094 1540 aut
1114 1514 1294 1541 membrorum
1318 1514 1405 1541 ol‘ticia
1428 1515 1577 1541 necessaria
1594 1536 1602 1547 ,
1620 1515 1651 1542 ad
1673 1515 1745 1549 cujus
1759 1514 1826 1542 solum

1053 1562 1132 1587 etiam
1156 1563 1263 1587 tacitum
1280 1561 1416 1587 arbitrium
1430 1566 1455 1588 el
1471 1562 1592 1588 Serviunt
1603 1566 1630 1588 el
1649 1561 1741 1589 adsunt
1749 1561 1827 1589 omnia.

1053 1608 1107 1633 (Eur
1121 1608 1190 1634 enim
1206 1609 1322 1642 requirat
1336 1609 1426 1634 oculos
1437 1628 1444 1641 ,
1459 1608 1504 1642 qui
1517 1607 1573 1635 Lux
1586 1608 1647 1635 est?
1659 1612 1700 1635 aut
1712 1615 1756 1634 cur
1765 1615 1828 1642 qua:-

1013 1649 1035 1680 C
1054 1660 1091 1681 rut
1113 1654 1203 1689 pedes,
1233 1656 1276 1689 qui
1298 1655 1396 1689 ubique
1421 1656 1483 1682 est?
1509 1659 1555 1681 aut
1580 1662 1630 1683 cur
1653 1653 1742 1690 ingredi
1754 1654 1827 1685 velit,

1055 1710 1115 1727 (‘qu
1132 1709 1183 1727 non
1210 1701 1242 1727 sit
1258 1710 1309 1735 quo
1334 1707 1408 1727 evtra
1437 1708 1465 1727 se
1482 1701 1607 1736 progredi
1624 1700 1777 1736 possitiaut
1790 1706 1829 1726 cur

1057 1756 1151 1773 omnis
1175 1752 1279 1781 expetat
1295 1768 1301 1778 ,
1318 1748 1392 1780 cujus
1417 1747 1448 1772 ad
1470 1747 1558 1773 omnia
1582 1746 1740 1774 instituenda
1753 1745 1830 1773 artifex

1054 1799 1091 1820 est
1107 1799 1132 1820 et
1144 1794 1223 1820 huc”)
1236 1794 1356 1820 voluntas
1368 1794 1378 1819 ἲ
1390 1794 1399 1807 ⁵
1416 1793 1468 1820 Nec
1479 1794 1591 1820 auribus
1607 1798 1668 1829 eget
1681 1815 1688 1826 .
1702 1793 1744 1828 qui
1767 1793 1831 1819 etiam
1862 1806 1864 1813 ν

1056 1842 1148 1867 tacitas
1164 1841 1234 1866 limit
1263 1841 1422 1867 voluntates.
1451 1841 1502 1866 Aut
1523 1844 1634 1875 propter
1644 1847 1723 1875 quam
1742 1846 1831 1867 causam
1860 1831 1864 1875 ;

1056 1887 1171 1921 linguam
1187 1892 1305 1920 qua-rat,
1332 1886 1373 1912 cui
1385 1887 1502 1920 cogitare
1521 1886 1635 1919 jussisse
1647 1883 1831 1912 esthcCessn-

1056 1934 1091 1960 ria
1108 1934 1178 1959 enim
1197 1933 1253 1959 bare
1270 1933 1388 1959 lllt‘llliHil
1407 1932 1558 1958 hominibus
1572 1932 1690 1965 luerunt,
1701 1937 1750 1958 non
1764 1930 1834 1957 Deo:

1055 1981 1114 2015 quia
1145 1981 1265 2007 ineilicax
1292 1981 1405 2007 hominis
1420 1981 1561 2007 consilium
1579 1980 1667 2007 fuisset
1681 2000 1689 2012 ,
1703 1979 1753 2006 nisi
1766 1979 1834 2013 cogi-

1056 2033 1142 2054 Iameu
1157 2035 1255 2061 corpus
1274 2028 1409 2061 itIIplesset
1426 2036 1431 2058 ;
1451 2027 1504 2054 lico
1518 2032 1608 2054 autem
1622 2034 1673 2053 non
1687 2025 1832 2057 necessaria.

1055 2074 1129 2108 (‘ttjtlS
1144 2074 1304 2100 voluntatem
1330 2082 1380 2099 non
1398 2078 1497 2099 tantum
1514 2072 1572 2099 sine
1588 2073 1677 2107 aliqua
1696 2071 1832 2102 molitione,

1055 2129 1135 2155 opera
1160 2121 1360 2154 subsequuntur
1376 2141 1381 2148 .
1398 2120 1443 2146 sed
1460 2120 1516 2153 ipsa
1530 2119 1621 2146 statim
1637 2125 1719 2153 opera
1732 2125 1786 2146 cum
1796 2123 1832 2144 vo-

1057 2168 1157 2194 luntate
1173 2166 1331 2201 procedunt.
1348 2166 1479 2193 Ca‘lcrtttn
1507 2165 1563 2199 ipse
1579 2169 1653 2192 totus
1665 2164 1771 2198 oculus,
1786 2162 1832 2198 quia

1056 2220 1126 2241 totus
1141 2214 1230 2244 videt;
1247 2218 1273 2240 et
1290 2217 1359 2239 totus
1371 2213 1442 2239 auris
1453 2233 1459 2242 .
1477 2212 1537 2246 quia
1560 2216 1634 2238 totus
1647 2211 1833 2243 audit;ettolu$

1056 2268 1149 2287 IIIanus
1163 2281 1168 2292 ,
1186 2259 1245 2293 quin
1260 2264 1329 2285 totus
1344 2263 1487 2291 operatur;
1502 2262 1529 2284 et
1549 2262 1622 2284 lotus
1631 2266 1696 2292 pes,
1711 2257 1767 2293 quia
1778 2258 1833 2284 totus

1057 2307 1155 2341 ubique
1166 2311 1217 2332 est.
1232 2305 1302 2332 Ideni
1314 2306 1384 2331 enim
1400 2304 1527 2339 quidquid
1538 2304 1604 2331 illud
1613 2309 1673 2337 est,
1683 2308 1752 2332 totus
1759 2309 1832 2338 21111³⁸

1016 2348 1042 2378 Ι)
1057 2353 1088 2380 Iis
1102 2357 1156 2385 est,
1171 2357 1196 2379 et
1208 2356 1277 2378 totus
1294 2352 1391 2385 ubique
1403 2355 1452 2377 est.
1473 2350 1531 2377 Non
1544 2351 1618 2377 enim
1635 2350 1716 2378 habet
1733 2347 1833 2377 inaedi-

1325 2401 1451 2436 quidquid
1473 2405 1513 2427 est
1528 2401 1653 2435 simplex.
1671 2401 1708 2428 Ea
1720 2396 1782 2428 enim
1794 2395 1833 2424 dﬁ‘

1056 2457 1129 2475 mum
1146 2450 1169 2475 in
1186 2448 1368 2475 diversitatem
1384 2447 1563 2475 Ineniln‘orum
1581 2447 1705 2475 reCIdunt
1718 2467 1726 2480 ,
1738 2449 1832 2480 NW

1057 2495 1132 2521 niunt
1146 2503 1177 2521 ex
1194 2495 1331 2521 nativilate
1357 2496 1381 2520 iu
1397 2494 1610 2522 dissolutionem.
1629 2495 1638 2509 ⁷
1653 2492 1706 2522 Sed
1726 2493 1777 2520 bac
1786 2494 1831 2525 φη

1056 2403 1208 2429 versitatem
1231 2402 1271 2428 sui
1290 2422 1295 2432 ,

789 2573 981 2603 GALLANDII
1009 2574 1287 2604 COMMENTARIUS.

240 2655 246 2668 '
264 2652 484 2687 Quandoquidem.
501 2652 568 2681 Cod.
584 2654 711 2689 Anglicus
725 2662 775 2682 ms.
792 2657 927 2685 vetustiss.
944 2657 1008 2693 legit

240 2689 321 2715 mnium
334 2688 445 2716 quidem.
460 2688 587 2716 JACKSON.

202 2696 321 2722 quantum
334 2696 445 2723 quidem.
460 2696 587 2717 JACKSON.

227 2724 247 2761 νε
266 2723 330 2751 Nos.
356 2725 398 2752 Al.
426 2725 479 2753 Sed
503 2725 633 2753 nos.lllud
648 2726 692 2753 sed
708 2727 929 2761 prmtermisimus
943 2736 1004 2756 cum

202 2759 350 2788 editoribus
378 2761 545 2797 Anglicanis,
576 2769 609 2789 ex
640 2759 785 2790 verborum
815 2764 935 2792 auctoris
965 2770 1006 2793 te-

204 2803 369 2871 HUEeélusus.
386 2832 466 2871 Deest
479 2834 548 2868 apud
561 2833 768 2862 Welcltmanum
783 2834 841 2863 bmc
853 2843 913 2866 vox.
928 2843 1007 2871 quam

205 2866 300 2901 reliqui
316 2875 370 2901 pra:
385 2875 414 2894 se
428 2866 528 2897 ferunt.

242 2901 251 2916 ⁵
267 2902 392 2943 Aderant.
405 2903 513 2943 W‘elch.
528 2905 637 2943 adorant
648 2907 802 2943 eunt,jttxta
824 2911 850 2934 et
864 2906 911 2935 Gr.
929 2908 1005 2943 Vulg.

209 2935 249 2961 AI.
267 2937 404 2964 omittunt.
423 2939 456 2965 Et
471 2939 540 2967 forte
553 2940 643 2968 omisit
659 2935 716 2976 ipse
724 2935 898 2971 Novatianus.

1098 2658 1107 2671 -"
1118 2657 1220 2684 Ouiuin.
1235 2658 1269 2684 [tu
1278 2657 1410 2684 Pamelius
1418 2656 1525 2691 aliique.
1533 2654 1663 2683 Gelenius
1671 2657 1830 2691 tamenaut!

1059 2699 1181 2727 scquttur
1196 2693 1400 2732 Weiehmantts,
1416 2701 1522 2732 omnes;
1558 2727 1564 2732 _
1575 2726 1592 2732 υ
1613 2726 1620 2732 _
1731 2723 1797 2732 MM,

1095 2720 1105 2744 δ
1116 2729 1327 2767 Νςς-(ιιιι-ἑὺιιδημ
1337 2720 1485 2767 voluntates.
1503 2720 1828 2767 Excidithze

1059 2766 1131 2792 edito
1147 2765 1377 2804 Welelttnaniano.
1394 2764 1444 2792 Ubi
1461 2768 1492 2804 et
1502 2766 1580 2804 paulo
1596 2763 1829 2804 post

1060 2806 1156 2827 tantum
1181 2801 1268 2833 aliqua
1290 2800 1435 2833 molitione,
1452 2799 1559 2833 dempta
1577 2799 1827 2834 przepositiano’y'ﬂt
1862 2822 1863 2825 η

1059 2836 1342 2872 quatnaliievltibent.
1438 2871 1441 2872 ν
1464 2871 1467 2872 ν
1628 2869 1645 2872 ,,
1761 2868 1766 2869 γ

1096 2874 1103 2887 τ
1120 2862 1171 2899 Sed
1184 2873 1247 2899 lucc.
1264 2872 1298 2899 lta
1310 2871 1573 2907 vulg.Wclcbmanns
1582 2862 1826 2907 ωαηθιισιρὲξὲξ
1865 2877 1866 2886 π

1060 2908 1208 2935 Jm-ksouus
1224 2916 1288 2934 vero
1307 2899 1442 2939 sedulumc,
1464 2911 1492 2935 ut.
1512 2905 1644 2934 referatur
1865 2935 1866 2943 γ

1062 2950 1109 2971 tem
1137 2944 1315 2972 Htt’litbt'vrltilt.
1355 2937 1464 2971 Videtur
1490 2948 1576 2971 tamen
1601 2945 1698 2969 uictor
1717 2937 1825 2967 θηριων

1583 2984 1868 3125 Δ

1629 3067 1706 3108 ⁸η.
1818 3090 1866 3121 ,ι
