3742 6282
191 239 248 303 901
1333 243 1420 298 DE
1461 239 1832 300 TRINITATE
1873 239 2093 298 LIBER.

188 365 569 428 qznmlotcstatur,
613 361 903 430 Propheten
932 362 1086 424 vobis,
1132 361 1380 426 dicendo,
1427 364 1685 416 suscitubit
1718 365 1766 422 Λ

189 458 268 517 bats
289 477 336 514 rx-
376 457 610 525 (‘ratribus
645 458 824 512 vestris
847 473 865 510 :
895 475 1006 512 eum
1036 460 1180 528 quasi
1209 476 1284 512 me
1313 461 1485 512 audite
1512 459 1684 531 (Deut.

185 555 374 621 tritu-l5).
397 552 556 614 llunc,
584 554 797 620 quando
826 551 954 606 dicit
989 572 998 605 :
1037 552 1274 607 Videbitis
1298 555 1448 606 vitam
1476 567 1689 607 vestram

178 647 389 706 prudentem
415 654 549 697 nocte
573 660 632 696 ac
659 644 760 707 die,
778 655 822 697 et
849 661 947 698 non
969 645 1181 698 credetis
1209 649 1253 697 ei
1281 644 1479 714 (Deut.,
1499 662 1686 710 xxvm,

172 733 245 809 tib).
262 739 380 794 llunc
402 735 554 790 Isaias
581 757 591 788 ε
617 735 826 791 Prodiet
843 739 984 810 virga
1006 738 1069 793 de
1092 739 1262 792 radice
1278 738 1310 791 ,Ι
1317 757 1442 804 esse,
1461 751 1506 794 et
1519 741 1614 808 ﬂos
1629 740 1691 794 de

158 831 288 885 radice
309 829 398 898 ejus
411 826 790 896 ascendetUsa.
813 844 887 892 x1,
921 830 972 900 l)
1015 829 1165 884 llum:
1191 832 1460 895 eumdem,
1481 831 1692 900 quando

155 922 406 979 dicitzlicce
432 919 581 992 Virgo
598 923 845 990 concipiet
866 934 913 976 et
936 926 1096 991 pariet
1114 925 1278 992 filium
1297 924 1432 996 (Isa.
1462 942 1553 991 vn,
1579 926 1687 994 15).

155 1017 298 1076 lltntc,
313 1014 487 1084 quando
516 1017 772 1069 sanitates
799 1017 866 1068 ab
893 1031 958 1070 eo
975 1016 1181 1078 futuras
1209 1019 1434 1072 collocat
1465 1021 1650 1074 dicens
1678 1038 1691 1075 :

149 1105 275 1162 Tunc
299 1107 552 1174 aperientur
572 1107 706 1159 oculi
737 1123 1004 1171 eiecorum,
1041 1118 1085 1162 et
1116 1126 1264 1162 aures
1293 1109 1566 1164 surdorum
1593 1128 1690 1164 au—

147 1203 276 1266 dient,
298 1212 396 1252 tunc
412 1201 552 1253 saliet
575 1201 792 1254 claudus
821 1210 873 1253 ut
896 1217 1093 1266 cervus,
1123 1212 1169 1257 et
1197 1203 1383 1257 diserta
1398 1205 1489 1256 erit
1517 1203 1695 1274 lingua

148 1309 352 1350 mutarunt
382 1295 548 1367 (Ibid.
579 1313 744 1360 xxxv,
774 1298 825 1364 5,
860 1297 937 1366 ti).
980 1299 1149 1359 llunc.
1176 1297 1392 1367 quando
1425 1300 1694 1368 patientia:

147 1389 324 1442 virtutes
343 1390 598 1468 exaruerit
620 1389 841 1444 dicens:
879 1388 1000 1444 Non
1034 1392 1268 1444 audietur
1303 1393 1353 1444 in
1386 1393 1568 1459 plateis
1599 1407 1695 1446 vox

143 1481 248 1550 ejus;
269 1481 552 1536 arundinem
578 1491 869 1550 quassatam
893 1499 991 1535 non
1024 1493 1264 1547 conteret,
1290 1493 1334 1537 et
1363 1484 1525 1537 linum
1547 1485 1696 1554 [tnui-

139 1589 240 1641 gaus
262 1589 348 1626 non
376 1573 623 1641 extinguet
648 1573 809 1641 (Ibid.
836 1590 966 1638 XLII,
984 1575 1123 1644 2-5).
1148 1575 1320 1641 Ilunc,
1346 1578 1559 1646 quando
1578 1577 1696 1646 ejus

139 1661 384 1734 Evangelia
416 1665 700 1736 descripsit
729 1684 740 1718 :
779 1666 844 1719 Et
877 1669 1146 1737 disponant
1178 1672 1313 1724 vobis
1345 1681 1696 1723 testamentum

3280 245 3386 304 902

1866 361 1970 416 Sed
2002 362 2126 417 illud
2151 363 2433 427 admoneo,
2462 378 2563 418 non
2588 365 2813 418 alterum
2835 361 2886 416 in
2915 363 3207 433 Evangelia
3231 363 3389 418 Chri-

1793 464 1932 505 stum
1989 457 2380 522 clipei-tandum
2429 457 2610 522 luis-1c,
2661 473 2817 526 quam
2852 456 2995 509 hunc
3054 472 3081 510 a
3130 455 3390 511 Creatori:

1795 546 2002 600 Veteris
2035 547 2364 602 'l'estamcnti
2392 549 2583 602 litteris
2615 559 2735 602 ante
2760 551 3081 617 promissum
3111 567 3124 613 ;
3153 551 3392 605 maxime

1793 654 1912 693 cum
1942 651 1993 694 et
2015 657 2132 710 qua:
2155 642 2221 696 de
2245 644 2358 712 ipso
2375 644 2626 713 pricdicta
2652 654 2774 698 sunt
2803 645 3020 713 impleta
3044 646 3172 711 sint,
3194 656 3247 699 et
3273 662 3393 712 qua:

1796 733 2014 803 impleta
2043 744 2168 789 sunt
2197 749 2319 790 ante
2355 739 2604 807 pra-dicta
2652 741 2778 794 sint.
2815 739 2883 794 Ut
2935 743 3126 795 merito
3178 741 3394 796 hatred-

1796 841 1978 880 eorum
2011 829 2232 884 istormn
2268 830 2594 884 Testamenti
2635 831 2842 886 Veteris
2873 834 3244 887 auctoritatem
3278 848 3391 888 res-

1798 921 2097 987 puentium,
2134 922 2317 976 nescio
2345 924 2429 975 cui
2458 927 2826 978 commentitio
2853 936 2904 979 et
2952 941 3017 980 ex
3048 927 3235 981 labidis
3275 926 3392 979 ani-

1795 1015 1935 1068 libus
1968 1015 2091 1068 ﬁcto
2139 1016 2356 1070 Christo
2384 1027 2543 1087 atque
2599 1017 2772 1070 locato
2800 1020 3002 1087 possim
3036 1035 3160 1073 vere
3185 1030 3238 1074 et
3264 1035 3397 1073 con-

1797 1116 2004 1162 stanter
2025 1107 2206 1162 dicere
2236 1128 2248 1162 ι
2293 1109 2422 1177 Quis
2453 1126 2512 1163 es
2539 1110 2561 1162 2’
2585 1111 2726 1165 unde
2753 1113 2850 1164 es?
2877 1129 2906 1165 a
2931 1128 3034 1181 quo
3088 1114 3283 1168 missus
3312 1115 3395 1168 es?

1800 1214 1966 1268 quare
1997 1215 2139 1254 nunc
2169 1200 2354 1256 venire
2387 1202 2603 1256 voluisti
2629 1204 2651 1244 ‘t
2674 1219 2840 1271 quare
2879 1205 2996 1257 talis
3017 1204 3039 1256 ?
3064 1206 3143 1259 vel
3169 1221 3270 1274 qua
3303 1221 3396 1262 ve-

1801 1291 1918 1346 nire
1954 1295 2208 1362 potuisti?
2232 1294 2314 1348 vel
2338 1312 2502 1364 quare
2530 1312 2634 1349 non
2658 1297 2722 1350 ad
2751 1306 2870 1351 tuos
2898 1299 3054 1353 abisti
3079 1299 3101 1350 ?
3132 1299 3229 1353 nisi
3253 1301 3396 1371 quod

1800 1385 2034 1455 probasti
2067 1397 2186 1440 tuos
2212 1390 2232 1418 ³
2262 1404 2364 1442 non
2415 1388 2646 1452 habere,
2681 1390 2804 1443 dum
2852 1390 2917 1444 ad
2963 1391 3167 1446 alienos
3199 1395 3347 1448 venis
3376 1394 3399 1444 ‘t

1800 1477 1937 1545 Quid
1971 1479 2062 1531 tibi
2110 1494 2232 1533 cum
2287 1481 2486 1534 nmndo
2517 1484 2825 1542 creatoris?
2855 1484 2982 1553 quid
3013 1486 3104 1540 tibi
3133 1502 3252 1540 cum
3297 1487 3399 1542 ho-

1801 1570 1944 1622 mine
1990 1571 2327 1625 conditoris?
2357 1573 2485 1642 quid
2543 1573 2633 1627 tibi
2681 1590 2801 1628 cum
2851 1575 3106 1646 ﬁgmento
3135 1581 3396 1649 corporis,

1801 1663 1886 1716 cui
1918 1663 2084 1732 eripis
2110 1679 2259 1732 spem
2302 1668 2715 1719 resurrectionis
2744 1669 2912 1737 ‘tquid
2945 1669 3009 1723 ad
3047 1673 3279 1725 alienum
3307 1689 3402 1728 ve-

133 1767 537 1819 teternum,suncta
563 1756 725 1824 David
746 1759 920 1827 ﬁdelia
944 1759 1078 1830 (Isti.
1114 1764 1280 1831 L\',5).
1307 1763 1700 1833 Hnnc,quando
1729 1765 1778 1824 Β
1811 1756 1891 1809 nis
1951 1755 2230 1820 famulum,
2259 1758 2489 1812 alienum
2544 1759 2834 1814 sollicitare
2885 1760 3161 1816 desideras
3191 1763 3402 1818 ﬁlium?

129 1859 288 1918 gentes
317 1852 364 1904 in
395 1850 565 1920 ipsum
594 1854 892 1910 crediturus
920 1855 1232 1923 prephetat:
1259 1856 1388 1910 Ecce
1412 1858 1556 1925 posui
1584 1874 1698 1910 eum

128 1943 173 1999 in
205 1947 463 2015 principem
493 1957 541 2004 et
566 1948 942 2016 prarcipientem
979 1953 1230 2019 gentibus.
1269 1949 1451 2004 Gentes
1492 1967 1607 2020 qua:
1653 1961 1699 2005 te

126 2053 211 2090 non
247 2050 476 2092 noverunt
498 2040 800 2094 invocabant
830 2051 894 2106 te,
925 2050 973 2096 et
1005 2043 1182 2110 pepuli
1206 2045 1290 2112 qui
1315 2055 1361 2097 te
1382 2044 1610 2098 nesciunt
1633 2045 1700 2098 ad

123 2139 170 2184 te
192 2135 463 2204 confugient
492 2133 656 2204 (Ibid.
689 2135 745 2200 4,
896 2136 1048 2191 Huttc
1077 2139 1345 2204 eunnlem,
1378 2140 1592 2209 quando
1634 2142 1702 2196 ad

115 2228 398 2292 passionem
427 2228 543 2296 ejus
573 2232 837 2283 exclamat
860 2229 1044 2286 dicens
1077 2251 1089 2285 :
1117 2231 1262 2286 Sicut
1285 2236 1389 2286 ovis
1407 2235 1473 2286 ad
1495 2236 1704 2289 occisio-

117 2330 222 2370 nem
243 2320 413 2372 ductus
427 2330 518 2381 est,
542 2330 586 2372 et
605 2321 732 2388 sicut
752 2338 912 2392 agnus
925 2339 1097 2376 corum
1119 2325 1354 2378 tondente
1371 2342 1422 2378 se
1439 2326 1546 2379 sine
1564 2341 1698 2391 voce,

116 2413 289 2469 sicuon
315 2417 503 2482 aperuit
521 2433 575 2470 os
595 2433 748 2476 suum
771 2418 824 2470 in
844 2419 1132 2480 humilitate
1157 2418 1292 2490 (ἔδει.
1324 2436 1432 2480 Llll,
1458 2419 1526 2489 Ἰ).
1552 2420 1706 2474 Hunc

124 2509 320 2575 quando
343 2510 624 2580 ﬂagrorum
643 2512 758 2580 ejus
777 2515 908 2566 ictus
939 2513 1224 2583 plagasque
1254 2513 1536 2582 descripsit
1570 2531 1581 2566 :
1613 2513 1704 2566 Li-

133 2617 239 2656 rore
258 2606 359 2674 ejus
378 2622 463 2658 nos
489 2608 652 2659 sanati
682 2623 853 2664 sumus
885 2605 1048 2679 (Ibid.
1084 2609 1162 2677 5);
1193 2617 1284 2666 aut
1316 2608 1702 2664 Immititatem:

139 2692 200 2747 Et
221 2697 408 2752 uidimus
420 2716 548 2768 eum,
576 2709 620 2754 et
649 2717 748 2753 non
774 2712 879 2755 erat
900 2703 1146 2771 eispecies
1169 2720 1326 2772 neque
1348 2701 1585 2757 honor."
1594 2719 1707 2756 omo

147 2787 197 2840 in
236 2792 372 2859 plaga
397 2803 434 2845 et
455 2795 614 2848 sciens
653 2799 787 2865 ferre
835 2795 1181 2862 inﬁrmitatem
1213 2797 1373 2864 (llud.
1406 2798 1458 2862 ‘2,
1495 2798 1570 2869 5).
1602 2798 1709 2852 Ant.

155 2882 280 2951 quod
293 2887 478 2954 turpatus
497 2904 603 2943 non
627 2900 744 2944 erat
757 2891 1086 2945 credituros:
1108 2889 1237 2945 Tota
1259 2894 1342 2945 die
1364 2893 1585 2962 expendi
1604 2909 1711 2945 ma-

149 2988 238 3028 nus
259 2993 372 3032 mea:
401 2981 463 3033 ad
492 2981 738 3050 populum
779 2999 879 3036 non
929 2984 1213 3038 credentem
1245 2983 1412 3055 (Isai.
1450 3000 1578 3050 va,
1603 2985 1637 3038 2
1665 2985 1714 3055 ).

143 3068 236 3124 Aut
257 3075 380 3141 quod
401 3087 798 3132 resurrecturus
821 3093 849 3130 a
875 3078 1105 3132 mortuis
1127 3095 1137 3129 :
1163 3078 1224 3130 Et
1245 3080 1401 3133 eritin
1422 3082 1512 3133 illa
1530 3081 1611 3134 die
1629 3097 1713 3132 ra-

1807 1850 1931 1918 quid
1964 1867 2046 1902 me
2080 1867 2106 1902 a
2142 1851 2367 1904 Domino
2403 1852 2612 1920 eripere
2657 1854 2909 1908 conaris?
2938 1855 3062 1925 quid
3094 1873 3180 1911 me
3221 1857 3272 1910 in
3304 1858 3407 1911 Pa-

1811 1954 1945 1996 trem
1977 1943 2355 2011 hlaSphemare
2377 1954 2536 2012 atque
2568 1946 2786 2014 impimn
2819 1962 2938 2002 esse
2960 1949 3240 2019 compellis
3265 1949 3288 2003 ?
3316 1957 3408 2003 aut

1809 2035 1935 2105 quid
1967 2051 2082 2090 smn
2103 2052 2130 2089 a
2163 2046 2214 2089 te
2247 2038 2296 2090 in
2323 2039 2716 2093 resurrectione
2745 2051 3149 2107 consecuturus,
3187 2043 3276 2112 qui
3320 2058 3404 2098 mc

1809 2130 1982 2199 ipsutn
2032 2149 2135 2184 non
2181 2131 2382 2200 recipio
2435 2133 2558 2186 dum
2611 2149 2808 2204 corpus
2839 2137 3069 2190 amitto?
3109 2137 3164 2191 Si
3194 2138 3403 2192 salvare

1809 2223 1909 2284 vis,
1956 2222 2178 2276 fecisses
2210 2225 2477 2278 hominem
2529 2227 2609 2280 cui
2667 2226 2896 2281 salutem
2928 2227 3106 2283 dares.
3131 2229 3186 2283 Si
3218 2245 3246 2282 a
3271 2231 3409 2285 deli-

1810 2323 1895 2368 cto
1926 2315 2134 2382 eripere
2165 2317 2336 2382 copis,
2372 2327 2494 2370 ante
2526 2317 2653 2370 mihi
2702 2334 2768 2372 ne
2813 2319 3243 2390 derelinqueret!)
3274 2336 3407 2376 con-

1813 2391 2044 2459 tulisses.
2067 2408 2216 2470 Quod
2238 2416 2416 2460 autem
2448 2417 2621 2462 tecum
2645 2408 2957 2478 Stttfragitttn
2984 2411 3297 2467 circumfers
3329 2415 3403 2468 le-

1809 2499 1934 2569 gis?
1966 2499 2115 2564 Quod
2157 2499 2322 2553 habes
2351 2501 2712 2556 tesdmonium
2746 2503 3071 2571 propheticm
3099 2507 3243 2560 vocis
3270 2506 3293 2557 ?
3320 2515 3414 2561 aut

1813 2592 1937 2662 quid
1969 2591 2094 2661 mihi
2142 2607 2360 2660 possum
2407 2591 2475 2645 de.
2507 2602 2555 2645 te
2587 2594 2814 2647 solidum
2857 2598 3252 2663 repromittere,
3284 2614 3404 2652 cum

1815 2695 1863 2739 te
1887 2684 2090 2738 videam
2116 2686 2166 2738 in
2195 2684 2564 2753 phantasmate
2585 2693 2636 2739 et
2658 2702 2761 2739 non
2787 2688 2836 2741 in
2864 2688 3134 2743 soliditate
3158 2691 3411 2744 venisse?

1814 2777 1949 2845 Quid
1984 2793 2110 2847 etgo
2141 2777 2232 2830 tibi
2260 2793 2379 2831 cum
2424 2778 2592 2848 ﬁgura
2621 2781 2885 2847 corporis,
2920 2782 2960 2833 si
2993 2796 3188 2849 corpus
3214 2781 3407 2835 odisti?

1816 2871 1981 2924 immo
2040 2869 2330 2924 revinceris
2373 2872 2617 2940 corporis
2651 2871 2794 2940 quod
2855 2870 3013 2924 odisti
3063 2871 3414 2928 circumferre

1816 2965 2190 3031 Substantiam,
2227 2965 2378 3034 cujus
2405 2966 2679 3033 suscipere
2712 2964 2925 3024 voluisti
2956 2966 3116 3019 etiam
3165 2965 3411 3035 ligarant.

1817 3057 2010 3112 Odisse
2041 3058 2182 3112 enim
2215 3057 2483 3118 debueras
2515 3060 2756 3127 corporis
2809 3058 3183 3125 imitationem,
3216 3060 3258 3113 si
3287 3059 3415 3114 ode-

141 3159 219 3216 dix
241 3163 388 3232 Iesse,
417 3178 462 3222 et
487 3169 573 3238 qui
595 3181 762 3240 surget
786 3170 1038 3238 imperare
1061 3171 1309 3240 gentibus,
1333 3173 1383 3225 in
1409 3189 1521 3225 eum
1544 3185 1702 3241 gentes

1891 3170 1903 3207 ς
1935 3155 2235 3209 veritatem.
2267 3155 2532 3220 Quoniam
2566 3156 2609 3208 si
2643 3154 2778 3210 alter
2802 3154 2909 3220 csfI
2931 3154 3088 3210 aliter
3115 3154 3298 3209 venire
3323 3154 3421 3209 dt:—

142 3261 409 3327 sperabunt;
432 3274 475 3320 et
505 3267 595 3318 erit
624 3266 818 3332 requies
847 3267 958 3334 ejus
987 3266 1151 3320 honor
1182 3265 1335 3337 (Isni.
1375 3283 1448 3332 χι,
1485 3267 1592 3330 10).
1613 3270 1715 3322 Aut

151 3360 245 3404 cunt
272 3362 466 3426 [etopus
509 3357 920 3414 resurrectionis
954 3377 966 3411 :
1003 3358 1162 3425 Quasi
1211 3359 1442 3413 dilucqu
1477 3371 1713 3429 paratum

159 3438 413 3504 inveniemus
430 3468 541 3504 eum
569 3450 714 3521 (Osa.
742 3468 813 3518 vr,
838 3449 914 3520 5).
935 3453 1038 3506 Aut
1063 3453 1205 3522 quod
1233 3468 1481 3507 sessurus
1499 3453 1562 3506 ad
1589 3453 1715 3529 dex-

160 3541 256 3594 lﬂtn
279 3543 469 3600 Putris:
496 3545 640 3601 Dixit
663 3545 911 3600 Dominus
936 3546 1155 3600 Domino
1180 3564 1288 3600 meo
1318 3564 1334 3600 .'
1358 3547 1393 3601 Ξ
1402 3548 1493 3601 ede
1507 3549 1573 3601 ad
1593 3549 1713 3602 dea:—

158 3635 276 3687 ιειιιιιι
302 3653 488 3704 nteant,
515 3640 674 3694 donec
705 3657 892 3708 ponam
925 3639 1155 3694 inimicos
1185 3653 1296 3695 tuos
1324 3641 1600 3695 scabellam
1630 3660 1715 3712 pe—

158 3721 243 3782 dum
263 3739 451 3786 tuorum
471 3733 590 3803 (Ps.
612 3749 720 3798 cut,
743 3734 874 3804 Ι-Ξ).
899 3737 1000 3788 Aut
1030 3752 1150 3788 cum
1180 3751 1456 3804 possessor
1475 3740 1714 3792 ontninm

159 3820 431 3882 collocatur:
457 3825 667 3881 Postulo
693 3844 723 3880 a
740 3843 835 3892 rue,
861 3835 904 3881 et
931 3827 1062 3881 dabo
1080 3828 1166 3879 tibi
1184 3837 1352 3897 gentes
1370 3829 1718 3883 [nereditatem

159 3913 282 3981 litori,
304 3928 348 3972 et
377 3921 736 3987 possessionem
775 3929 916 3972 tuam
951 3922 1192 3974 terminos
1220 3931 1365 3975 terra:
1388 3922 1505 3994 (Ps.
1547 3940 1603 3990 ll,
1635 3926 1714 3992 8).

159 3997 232 4060 Aut
258 4012 385 4075 quod
421 4012 584 4081 iudex
623 4015 864 4068 omnimn
921 4015 1261 4069 ostenditur:
1292 4015 1720 4087 Deus,judiriunt

161 4101 267 4183 litum
289 4106 386 4174 regi
413 4106 496 4172 da,
527 4117 570 4161 et
595 4109 842 4172 iustitiam
874 4119 1010 4162 tuam
1032 4111 1140 4177 [ilio
1160 4113 1290 4181 regis
1323 4111 1437 4181 (Ps.
1465 4128 1610 4177 LXXI,
1641 4115 1714 4183 1).

161 4180 239 4244 Nec
281 4193 372 4250 hoc
401 4197 450 4252 in
484 4199 602 4254 loco
631 4204 777 4268 plura
816 4216 1121 4270 ('tet'sequar,
1155 4219 1272 4271 qnze
1303 4205 1615 4257 annuntiata
1651 4205 1719 4259 de.

73 4351 80 4356 _
161 4273 354 4350 arista,
381 4291 395 4319 ¹
427 4292 675 4346 omnibus
730 4292 1016 4360 Interdicis,
1060 4296 1154 4350 sed
1197 4307 1248 4350 et
1275 4296 1404 4365 ipsis
1440 4296 1720 4352 veritatem

161 4372 422 4435 tenentibus
455 4383 624 4451 magis
658 4393 782 4438 "illa
816 4393 958 4438 sunt.

763 4524 988 4579 CAPUT
1031 4524 1098 4579 Χ.

151 4620 312 4689 letum
341 4636 586 4696 Christum
623 4640 722 4694 Dei
761 4639 955 4694 Filium
1006 4658 1131 4705 esse,
1170 4651 1214 4695 et
1247 4659 1358 4698 vere
1408 4645 1661 4697 hominem
1693 4660 1711 4697 :

210 4739 366 4786 contra
394 4736 653 4790 luereticos
683 4735 1084 4804 pltantusiastas,
1111 4736 1196 4805 qui
1225 4753 1391 4790 verum
1419 4755 1622 4792 carnem
1648 4737 1712 4790 il-

151 4803 166 4868 i
213 4816 305 4875 lum
327 4829 598 4897 suscepisse
634 4803 902 4898 negabant.

1821 3245 2013 3298 bueras
2048 3268 2060 3300 :
2095 3262 2160 3300 ne
2188 3245 2443 3299 dicereris
2470 3246 2608 3299 titius
2638 3248 2918 3312 creatoris,
2939 3247 2983 3301 si
3015 3248 3098 3302 vel
3132 3247 3418 3317 imaginem

1820 3341 2103 3397 habmsses
2125 3343 2302 3400 carnis
2333 3351 2385 3396 et
2413 3343 2674 3411 corporis.
2702 3341 2858 3396 Certe
2888 3344 2932 3397 si
2956 3343 3148 3398 oderas
3169 3343 3419 3399 nativita-

1824 3446 1952 3502 tem,
1987 3437 2108 3506 quia
2133 3436 2394 3490 creatoris
2418 3435 2611 3490 oderas
2634 3436 2936 3504 nuptiarum
2960 3437 3418 3506 conjuncdonem,

1824 3545 2075 3584 recusare
2119 3528 2385 3584 debueras
2416 3528 2577 3582 etiam
2629 3529 2980 3584 imitationem
3029 3531 3284 3597 hominis,
3331 3531 3424 3600 qui

1823 3638 1917 3691 per
1941 3623 2152 3691 nuptias
2181 3624 2418 3676 nascitur
2444 3621 2723 3677 creatoris.
2755 3621 2940 3691 Neque
2971 3621 3130 3692 igitur
3158 3639 3280 3678 eum
3309 3623 3422 3676 lun-

1823 3717 2114 3770 reticorum
2166 3717 2508 3786 agnoscimus
2551 3715 2849 3784 Christum,
2881 3716 2972 3786 qui
3003 3719 3057 3773 in
3085 3719 3317 3790 imagine
3345 3718 3429 3788 (ut

1822 3808 2040 3879 dicitur)
2073 3810 2167 3863 luit
2215 3820 2267 3864 et
2304 3826 2410 3866 non
2454 3811 2504 3863 in
2561 3813 2822 3865 veritate:
2856 3809 2878 3839 ³
2904 3810 3037 3866 nihil
3064 3813 3209 3868 enim
3237 3827 3426 3866 verum

1823 3918 2010 3964 eorum,
2039 3918 2157 3972 quae
2207 3905 2370 3972 gessit
2417 3904 2623 3968 fecerit,
2654 3904 2698 3958 si
2747 3904 2861 3970 ipse
2892 3901 3208 3970 phantasma
3237 3915 3290 3958 et
3319 3919 3428 3959 non

1824 3994 2025 4058 veritas
2056 3995 2149 4048 t'uit
2175 4010 2187 4047 :
2233 4009 2404 4062 neque
2426 4009 2571 4058 eum,
2597 3995 2687 4063 qui
2719 3993 2844 4047 nihil
2875 3993 2926 4047 in
2952 4009 3010 4048 se
3039 3995 3209 4050 nostri
3235 4010 3428 4063 corpo-

1825 4087 1899 4141 ris
1930 4086 2117 4156 gessit,
2151 4085 2277 4138 dum
2308 4101 2372 4138 ex
2417 4085 2581 4139 Maria
2616 4085 2749 4140 nihil
2781 4086 3007 4154 accepit,
3039 4088 3059 4116 ⁵
3091 4102 3160 4141 ne
3183 4102 3288 4142 non
3325 4103 3428 4140 no-

1828 4180 1909 4234 bis
1938 4177 2141 4232 venerit
2170 4194 2183 4241 ;
2219 4177 2346 4232 dum
2377 4193 2480 4229 non
2513 4179 2564 4230 in
2595 4187 2776 4234 nostra
2825 4178 3125 4236 substantia
3155 4180 3300 4234 visus
3328 4195 3426 4249 ap-

1828 4273 2022 4342 paruit.
2054 4271 2237 4340 Neque
2269 4271 2438 4330 illiilli,
2462 4271 2551 4338 qui
2582 4270 2876 4326 altlteream
2917 4271 3033 4326 sive
3059 4273 3348 4338 sideream,
3375 4284 3433 4330 ut

1827 4366 1917 4419 alii
1959 4363 2250 4418 voluerunt
2298 4363 2553 4423 hmretici,
2587 4362 2754 4418 voluit
2804 4378 3055 4427 carnem;
3088 4380 3158 4419 ne
3191 4367 3348 4418 ullam
3376 4366 3428 4423 in

1827 4457 1920 4511 illo
1950 4457 2170 4509 6uestro
2197 4455 2558 4526 intelligamus
2583 4454 2832 4520 salutem,
2862 4455 2904 4507 si
2931 4470 3036 4509 non
3065 4459 3226 4511 etiam
3260 4460 3434 4515 nostri

1748 4563 1803 4624 1)
1831 4551 2074 4622 corporis
2095 4564 2485 4619 cognoscamus
2511 4548 2835 4603 soliditatem
2863 4564 2994 4602 :nec
3018 4549 3182 4612 ullum
3209 4550 3433 4606 omnino

1821 4645 2051 4698 alterum
2082 4641 2170 4710 qui
2201 4639 2424 4709 quodvis
2466 4640 2606 4695 aliud
2638 4656 2702 4694 ex
2736 4642 2987 4711 ﬁgmento
3010 4643 3028 4672 ⁷
3058 4643 3433 4700 haereticorum

1820 4735 2043 4806 gesserit
2060 4747 2252 4801 corpus
2277 4732 2594 4788 fabularum.
2616 4736 2816 4788 Omnes
2837 4735 2976 4790 enim
3004 4735 3136 4792 istos
3163 4748 3216 4792 et
3238 4736 3432 4790 nativi-

1827 4837 1906 4880 tas
1950 4824 2157 4878 Domini
2186 4836 2237 4878 et
2277 4840 2421 4880 mors
2450 4825 2563 4896 ipsa
2619 4825 2879 4880 coniutat.
2913 4825 3044 4881 Nam
3098 4838 3149 4882 et
3179 4824 3356 4898 (Joan.
3389 4842 3428 4897 1,

1293 4943 1666 4999 GALLANDH
1708 4939 2273 4998 COMMENTARIUS.

212 5028 476 5090 ‘Omnibns
505 5037 774 5099 luereticis,
807 5037 895 5089 sed
917 5045 964 5088 et
984 5037 1107 5106 ipsis
1122 5038 1378 5104 veritatem
1410 5040 1714 5094 tenentibus.

123 5082 294 5179 ﬂecte
330 5109 621 5178 Conjt-cisse
659 5082 867 5161 viduilur
908 5082 1330 5175 Werlchmanns,
1375 5110 1499 5165 dum
1532 5111 1715 5179 legen-

119 5155 260 5248 ξίυιιι
282 5155 510 5233 autumat
540 5181 663 5248 ipsis
692 5181 960 5244 Int’rt'ticis,
993 5183 1079 5234 sed
1111 5191 1157 5234 et
1197 5155 1428 5234 omnibus
1459 5155 1719 5234 veritiitem

243 5250 416 5306 tatibus.
449 5249 518 5306 At
550 5253 744 5306 rectius
785 5253 1027 5313 inflasse,
1064 5253 1295 5306 omnibus
1337 5252 1598 5305 diritatem
1642 5262 1714 5304 te-

89 5311 373 5417 Eltrttibus,
401 5324 487 5417 sed
522 5334 568 5404 et
603 5324 724 5417 ipsis
753 5311 1024 5378 luvreticisi
1060 5324 1334 5393 Ejusmodi
1368 5323 1718 5392 trajecttones

129 5389 325 5446 ‘brarii
350 5395 485 5448 haud
522 5389 747 5448 insuete.

209 5459 230 5492 '
257 5461 372 5538 Non
396 5465 598 5520 habere.
632 5464 791 5521 Forte
832 5465 1118 5538 legendum
1147 5465 1644 5522 cumWelcitmaizo
1677 5475 1722 5522 te

65 5523 236 5596 Non
263 5536 458 5592 habere.

211 5601 408 5675 '_Aliter
453 5609 621 5663 venire
652 5609 917 5665 debueras.
953 5610 1118 5665 Recte
1149 5611 1316 5675 aliter,
1353 5626 1458 5665 non
1491 5613 1639 5673 alter,
1670 5617 1730 5666 ut

235 5672 338 5753 lic};
373 5679 783 5738 Wetchmanus.
815 5683 1047 5753 Sensum
1087 5672 1321 5753 explicat
1357 5672 1725 5753 Tertullianus

217 5751 253 5802 δέ
281 5745 466 5821 Μαῖα,
485 5753 521 5806 1.
549 5766 626 5820 ιιι,
653 5767 770 5822 cap.
800 5753 868 5809 10
895 5752 1035 5812 :Cur
1063 5745 1196 5810 enim
1215 5772 1316 5811 non
1347 5755 1400 5810 in
1429 5756 1602 5828 aliqua
1622 5752 1728 5808 alia

143 6075 252 6137 Hb
319 6105 336 6137 ρ

1821 5036 2053 5105 digniora
2078 5033 2360 5109 substantia
2386 5034 2535 5095 venit,
2557 5046 2601 5109 et
2639 5037 2693 5109 in
2721 5038 2898 5097 primis
2923 5054 3032 5103 sua,
3065 5054 3128 5094 ne
3146 5047 3193 5092 et
3217 5037 3434 5109 indigna

1822 5119 1869 5161 et
1894 5109 2066 5159 aliena
2096 5108 2344 5159 videretur
2365 5107 2600 5173 eguisse?
2627 5106 2883 5164 JACK>0N.

1894 5178 1914 5207 "‘
1947 5177 2099 5230 Nihil
2127 5179 2260 5248 enim
2289 5192 2479 5229 verum.
2507 5178 2950 5248 Coitjunetionem
2977 5183 3109 5236 enim
3129 5181 3339 5237 restitui
3363 5198 3431 5240 ex

1822 5266 1923 5304 ms.
1963 5249 2218 5304 Woweri.
2251 5247 2326 5302 lo.

1897 5321 2032 5395 "_Ne
2074 5337 2175 5373 non
2207 5321 2368 5374 nobis.
2401 5321 2519 5395 Pro
2552 5338 2614 5376 ne
2663 5340 2760 5376 non
2793 5324 2918 5395 legit
2946 5341 3105 5394 neque
3135 5323 3382 5382 Latinius
3413 5343 3428 5383 :

1823 5392 2124 5448 J:n_-ksonus
2154 5408 2281 5445 Vero
2308 5393 2489 5447 mallet
2523 5411 2680 5463 neque
2702 5392 2856 5451 enim;

1900 5467 1918 5495 ⁸
1951 5465 2162 5519 Nostro.
2183 5464 2270 5518 Sic
2302 5465 2450 5518 editi.
2486 5463 2734 5518 Nostram
2767 5468 3002 5529 reposuit
3024 5467 3428 5525 Welchmanus.

1830 5537 2042 5596 .NOSll'tL’
2071 5535 2408 5612 rescrihebat
2457 5533 2753 5612 Jacltsonus
2780 5556 2793 5602 ;
2829 5539 2880 5612 id
2909 5551 2990 5596 est
3030 5543 3204 5608 carni,
3234 5543 3300 5599 de
3329 5558 3432 5612 qua

1827 5625 2135 5679 sermonem
2162 5609 2320 5663 habet
2343 5619 2529 5666 auctor
2559 5627 2572 5661 :
2615 5610 2756 5680 quod
2788 5611 2961 5670 minus
2990 5613 3185 5680 placet.

1902 5684 1919 5712 ⁷
1945 5681 2435 5756 Impetit-orum...“
2464 5698 2646 5756 corpus
2665 5682 2975 5750 fabularum.
2995 5686 3096 5738 Alii
3115 5685 3317 5756 legunt,
3336 5701 3436 5738 no-

1831 5761 1979 5811 tante
2009 5753 2204 5809 Frauc.
2246 5754 2434 5826 iunio,
2470 5755 2840 5824 haereticorum,
2876 5764 2933 5814 ut
2959 5753 3224 5814 referatur
3254 5757 3321 5815 ad
3350 5760 3434 5825 fa-
