3716 6272
129 346 229 413 915

1365 343 1454 399 DE
1493 342 1864 401 TlilNlTATE
1904 344 2131 401 LIBER.

3286 348 3391 407 9”

135 470 317 529 litatem
348 473 364 514 :
402 470 506 512 non
534 455 717 527 utique
746 455 910 513 homo
939 465 1145 514 tantum
1187 468 1299 527 est,
1341 463 1433 530 qui
1473 471 1691 531 praestat
1716 465 1769 526 Α
1795 462 1927 516 hunc
1956 462 2223 528 mundum,
2256 477 2339 517 uos
2369 462 2556 526 dicitis,
2587 464 2707 533 quia
2736 464 3079 534 blasphemas,
3108 465 3228 536 quia
3257 465 3388 531 dixi,

139 550 595 618 immortalitatem;
623 563 783 618 quam
806 592 821 617 ,
852 551 896 605 si
929 553 1303 609 tantummodo
1333 552 1497 608 homo
1527 566 1695 624 esset,

144 654 367 726 praestare
396 659 498 698 non
525 651 710 712 posset
747 662 761 698 :
805 645 1112 715 praestando
1151 658 1330 701 autem
1358 648 1695 707 divinitatem

144 759 224 819 per
265 735 743 803 immortalitatem,
803 738 972 793 Deum
1024 754 1082 794 se
1133 742 1322 810 probat
1361 740 1697 799 divinitatem

149 830 450 908 porrigendo,
478 844 638 900 quam
670 830 771 884 nisi
801 830 944 886 Deus
968 840 1135 895 esset,
1160 843 1415 901 prmstare
1446 850 1551 888 non
1576 850 1701 905 pos-

154 937 240 985 set.
262 924 310 980 δί
332 924 482 976 homo
514 921 885 978 tantummodo
905 922 1183 992 Christus,
1211 925 1482 994 quomodo
1526 927 1700 996 inquit

157 1024 264 1077 Ante
282 1014 507 1071 Abraham
529 1030 623 1083 ego
640 1015 791 1069 sum?
822 1012 1017 1086 (Joan.
1049 1031 1163 1081 vm,
1195 1016 1286 1071 58.
1316 1016 1528 1088 )Nemo
1555 1017 1698 1072 enim

153 1113 383 1171 hominum
420 1119 543 1163 ante
569 1124 693 1162 cum
719 1118 893 1178 potest
917 1123 1037 1164 esse
1076 1124 1139 1164 ex
1171 1124 1277 1180 quo
1304 1110 1420 1180 ipse
1448 1121 1567 1175 est;
1604 1126 1702 1166 nec

146 1216 292 1278 potest
326 1201 430 1257 lieri
472 1201 576 1254 ut‘
620 1201 902 1271 quisquam
948 1200 1095 1270 prius
1152 1200 1314 1256 fuerit
1367 1212 1494 1255 ante
1547 1201 1699 1256 illum

143 1312 193 1352 ex
226 1308 320 1365 quo
354 1295 464 1362 ipse
490 1291 757 1362 originem
800 1292 1050 1361 sumpsit.
1100 1291 1206 1346 Sed
1248 1292 1389 1347 enim
1419 1292 1698 1359 Christus,

143 1403 318 1443 cumex
347 1384 617 1440 Abraham
657 1387 762 1451 sit,
807 1396 933 1441 ante
974 1385 1245 1440 Abraham
1290 1400 1410 1441 esse
1453 1401 1512 1441 se
1549 1386 1696 1441 dicit.

150 1485 232 1540 Aut
249 1483 497 1538 mentitur
518 1483 680 1553 igitur
698 1491 753 1537 et
775 1479 909 1536 fallit
935 1484 977 1537 si
1002 1492 1126 1537 ante
1151 1482 1419 1536 Abraham
1443 1497 1550 1537 non
1579 1482 1696 1548 fuit,

133 1580 209 1650 qui
235 1596 294 1635 ex
330 1577 598 1633 Abraham
628 1575 730 1631 fuit
772 1594 785 1630 :
831 1583 924 1631 aut
968 1591 1074 1630 non
1117 1575 1256 1631 fallit
1286 1577 1329 1630 si
1360 1577 1522 1664 etiam
1561 1577 1703 1632 Deus

111 1683 220 1739 eL-st,
248 1671 365 1728 dum
394 1681 520 1725 ante
546 1669 819 1725 Abraham
854 1669 969 1724 fuit.
1003 1669 1158 1737 Quod
1188 1670 1289 1725 nisi
1323 1670 1533 1737 fuisset,
1573 1686 1703 1726 cou—

104 1784 127 1824 s
160 1773 390 1837 equenter
426 1778 548 1818 cum
593 1778 659 1817 ex
704 1760 976 1817 Abraham
1006 1763 1195 1817 luisset
1218 1805 1232 1828 ,
1278 1771 1403 1816 ante
1428 1762 1699 1817 Abraham

1804 550 1972 605 Filius
1998 552 2094 607 Dei
2120 569 2232 605 sum
2260 569 2351 623 ego
2383 551 2564 625 (Joan.
2593 570 2644 619 κ,
2672 554 2761 621 55,
2794 554 2907 626 56).
2937 555 3143 621 Quibus
3170 557 3393 612 vocibus

1803 661 1976 716 neque
2002 661 2062 702 se
2088 647 2304 717 negavit
2344 647 2510 701 Deum
2537 689 2551 714 ,
2593 648 2722 718 quin
2764 648 2931 704 immo
2970 649 3138 705 Deum
3179 665 3238 705 se
3277 665 3393 706 esse

1804 741 2054 796 ﬁrmavit.
2077 740 2210 796 Nam
2234 743 2357 813 quia
2383 744 2501 798 sine
2523 743 2858 799 dubitatione
2879 747 2951 800 dii
2975 761 3097 801 esse
3123 747 3392 812 dicuntur,

1803 835 1867 889 ad
1898 851 2033 904 quos
2066 836 2224 891 verba
2256 836 2350 890 Dei
2376 834 2513 890 facta
2539 848 2685 900 sunt;
2720 840 2888 893 multo
2917 841 3089 909 magis
3117 841 3202 895 hic
3233 841 3394 905 Deus,

1802 927 1891 995 qui
1926 927 2117 982 melior
2147 928 2252 982 illis
2290 928 2546 983 omnibus
2596 930 2887 985 invenitur.
2931 931 2999 987 Et
3048 932 3399 990 nihilominus

1803 1021 2189 1078 calumniosam
2250 1023 2640 1092 blaSphemiam
2687 1025 2708 1055 ⁶
2749 1026 3107 1095 dispositione
3168 1028 3401 1098 legitima

1804 1128 2168 1187 congruenter
2209 1118 2461 1173 refutavit
2504 1136 2517 1172 :
2563 1120 2729 1173 Deum
2772 1121 2915 1175 enim
2958 1137 3017 1174 se
3055 1123 3133 1177 sic
3173 1122 3400 1193 intelligi

1803 1212 1938 1276 vult,
1973 1222 2029 1264 ut
2056 1211 2248 1265 Filium
2274 1212 2389 1274 Dei,
2445 1220 2501 1266 et
2553 1226 2657 1265 non
2716 1213 2889 1282 ipsum
2946 1213 3160 1269 Patrem
3192 1216 3212 1245 ⁷
3243 1216 3405 1269 vellet

1806 1305 2051 1374 intelligi.
2090 1303 2310 1358 Missum
2342 1304 2485 1359 enim
2518 1319 2577 1359 se
2618 1320 2739 1361 CSse
2779 1306 2914 1361 dixit
2968 1305 3074 1379 (Ib.
3107 1325 3156 1363 υ.
3189 1305 3309 1379 52),
3349 1316 3406 1362 et

1805 1398 1972 1452 multa
2007 1412 2232 1467 operose
2262 1412 2329 1452 ex
2373 1396 2532 1452 Patre
2576 1397 2879 1453 ostendisse
2936 1401 3295 1465 monstravit;
3338 1414 3403 1453 ex

1804 1506 1910 1560 quo
1940 1506 2046 1547 non
2074 1491 2288 1545 Patrem
2318 1507 2398 1556 sc,
2449 1491 2542 1547 sed
2573 1491 2770 1546 Filium
2798 1507 2920 1547 esse
2944 1492 3168 1562 intelligi
3199 1493 3403 1553 voluit:

1804 1594 1858 1639 et
1887 1585 1937 1637 in
1970 1585 2153 1639 ultima
2187 1594 2342 1654 parte
2356 1583 2709 1650 defensionis,
2737 1585 2879 1651 Filii,
2906 1601 3019 1640 non
3050 1585 3245 1652 Patris,
3286 1585 3411 1638 fecit

1804 1677 2131 1732 mentionem
2160 1677 2421 1733 dicendo:
2442 1677 2541 1732 Vos
2571 1679 2741 1732 dicitis
2774 1679 2893 1747 quia
2925 1678 3268 1751 blasphemas,
3288 1678 3409 1746 quia

1806 1770 1917 1824 dixi
1949 1785 1967 1823 :
1995 1768 2165 1824 Filius
2198 1769 2459 1824 Dei-sum.
2517 1769 2593 1824 Ita
2644 1770 2789 1841 quod
2821 1771 2886 1824 ad
2924 1771 3128 1825 crimen
3160 1769 3408 1839 blasphe—

112 1871 352 1914 essenon
377 1862 579 1926 posset.
687 1854 849 1909 homo
872 1854 1244 1908 tantummodo
1267 1852 1533 1918 Christus;
1560 1868 1696 1923 quo-
1730 1858 1776 1917 B
1804 1862 1927 1917 mire
1973 1863 2237 1932 pertinet,
2283 1863 2480 1917 Filium
2524 1878 2615 1929 se,
2661 1879 2767 1918 ιιοη
2808 1864 3022 1919 Pan-cm
3054 1864 3183 1919 dicit
3217 1883 3229 1918 ς
3262 1864 3405 1934 quad

111 1949 273 2006 [modo
310 1948 382 2002 ait
424 1965 438 2002 :
476 1946 545 2002 Et
584 1962 676 2019 ego
715 1948 735 1977 ⁹
776 1962 997 2017 agnosco
1061 1962 1150 2000 eas
1193 1954 1239 1999 et
1310 1954 1588 2015 sequuntur
1622 1962 1703 2001 me

116 2058 270 2107 metu;
295 2052 339 2096 et
362 2057 450 2113 ego
476 2041 631 2094 vitam
655 2049 898 2095 wternam
929 2039 995 2093 do
1028 2038 1155 2106 illis,
1188 2049 1234 2092 et
1261 2055 1536 2108 numquam
1566 2038 1701 2107 peri-

117 2142 238 2194 bunt
258 2137 307 2190 in
340 2134 674 2205 perpetuum?
701 2132 880 2203 (Joan.
915 2149 967 2198 ιι,
1000 2132 1089 2197 27,
1122 2132 1241 2201 28.)
1272 2132 1376 2188 Sed
1406 2133 1551 2187 enim
1577 2147 1701 2187 cum

120 2232 288 2288 omnis
315 2231 474 2284 homo
510 2227 850 2283 mortalitatis
887 2229 957 2281 sit
987 2226 1196 2295 legibus
1225 2225 1498 2296 alligatus,
1532 2234 1586 2280 et
1614 2225 1699 2280 id-

125 2325 260 2380 circo
284 2325 332 2377 in
360 2332 676 2393 perpetuum
706 2334 766 2377 se
794 2321 907 2389 ipse
928 2333 1145 2374 servare
1172 2334 1279 2374 non
1308 2320 1498 2387 possit,
1532 2318 1702 2373 multo

132 2415 281 2485 magis
306 2414 355 2468 in
382 2423 698 2485 perpetuum
726 2412 954 2467 alterum
986 2426 1205 2467 servare
1233 2426 1341 2466 non
1373 2412 1594 2483 poterit.
1628 2413 1696 2466 At

142 2508 188 2562 in
217 2514 513 2577 perpetuum
543 2520 604 2560 se
638 2505 888 2560 Christus
917 2504 1247 2574 repromittit
1284 2504 1512 2558 salutem
1539 2503 1700 2559 datu-

150 2612 260 2661 rum;
286 2612 441 2667 quam
464 2596 509 2651 si
537 2611 644 2651 non
674 2595 785 2660 dat,
812 2595 1042 2650 mendax
1070 2603 1153 2649 est
1179 2613 1192 2650 :
1221 2595 1266 2649 si
1293 2594 1402 2660 dat,
1430 2596 1573 2650 Deus
1593 2604 1699 2651 est.

148 2690 231 2746 Sed
255 2706 352 2745 non
382 2690 547 2755 fallit;
578 2688 672 2744 dat
701 2689 845 2743 enim
873 2687 1014 2759 quod
1048 2688 1374 2758 repromittit
1403 2707 1417 2744 :
1449 2689 1590 2744 Deus
1618 2699 1703 2744 est

148 2792 269 2849 ergo,
293 2778 378 2847 qui
405 2776 632 2830 salutem
672 2785 987 2846 perpetuam
1022 2774 1282 2843 porrigit;
1328 2791 1484 2843 quam
1514 2775 1695 2841 homo,

148 2871 218 2942 qui
237 2887 290 2926 se
319 2871 489 2942 ipsum
516 2884 734 2925 servare
762 2885 867 2922 non
900 2876 1099 2939 potest,
1129 2868 1282 2922 alteri
1312 2878 1569 2937 prmstare
1593 2885 1700 2924 non

143 2968 326 3038 poterit.
366 2965 422 3021 Si
462 2964 628 3020 homo
673 2961 1047 3017 tantummodo
1085 2961 1369 3029 Christus,
1415 2963 1541 3025 quid
1579 2971 1701 3029 est,

143 3058 254 3130 quod
280 3060 351 3114 ait
381 3077 394 3113 :
429 3058 539 3129 Ego
564 3066 611 3112 et
644 3055 801 3109 Pater
828 3072 984 3109 unum
1003 3055 1223 3109 sumus?
1249 3054 1351 3124 (Ib.
1370 3054 1549 3127 v.50.)
1567 3054 1704 3123 Quo-

144 3153 275 3208 modo
293 3153 429 3208 euim
463 3150 574 3222 Ego
604 3159 652 3204 et
686 3149 839 3203 Pater
868 3165 1023 3202 unum
1049 3164 1242 3214 summ,
1273 3148 1317 3202 si
1345 3164 1449 3203 non
1478 3157 1532 3203 et
1561 3148 1702 3203 Deus

1805 1968 1981 2012 autem
2011 1956 2076 2010 ad
2107 1956 2441 2012 divinitatem
2492 1960 2514 1989 ⁸
2563 1965 2773 2028 spectet
2825 1957 2990 2027 ipsius
3012 2000 3027 2021 ,
3060 1956 3172 2028 Ego
3227 1967 3273 2010 et
3302 1955 3405 2007 Pa-

1808 2059 1881 2103 ter
1922 2065 2081 2101 unum
2121 2065 2299 2103 sumus
2339 2048 2556 2102 dicendo
2582 2090 2596 2112 ,
2645 2048 2839 2103 Filium
2881 2064 2939 2103 se
2982 2064 3104 2104 esse
3135 2058 3189 2104 et
3234 2048 3404 2102 Deum

1804 2139 2051 2210 probavit
2083 2158 2095 2195 :
2129 2139 2269 2194 Deus
2297 2150 2381 2195 est
2417 2155 2546 2211 ergo
2580 2156 2594 2194 :
2626 2140 2767 2196 Deus
2797 2148 2975 2195 autem
3014 2141 3114 2208 sic,
3149 2150 3205 2195 ut
3234 2140 3405 2196 Filius

1805 2232 1895 2297 sit,
1926 2248 2031 2287 non
2061 2232 2239 2287 Pater.

2236 2368 2465 2427 CAPUT
2503 2369 2646 2427 XVI.
2674 2374 2746 2427 al.
2780 2372 2973 2427 XXIV.

1903 2529 2100 2582 lterum
2124 2545 2185 2583 ea:
2210 2529 2488 2600 Evangelia
2514 2529 2772 2585 Christum
2806 2530 2968 2586 Deum
2997 2534 3311 2605 comprobat.

1883 2779 1940 2835 Si
1978 2779 2139 2832 homo
2165 2778 2536 2834 tantummodo
2565 2778 2811 2835 Christus
2835 2822 2851 2846 ,
2883 2781 3153 2849 quomodo
3184 2782 3299 2852 ipse
3327 2782 3409 2836 di-

1805 2872 1878 2927 cit
1910 2891 1923 2926 :
1955 2871 2016 2925 Et
2043 2873 2208 2925 omnis
2237 2874 2325 2941 qui
2352 2876 2371 2905 θ
2400 2872 2521 2926 vivit
2564 2882 2613 2926 et
2653 2873 2814 2928 credit
2843 2874 2897 2926 in
2929 2890 3026 2937 me,
3059 2890 3161 2927 non
3217 2875 3407 2927 morie.

1807 2974 1888 3018 tur
1917 2964 1969 3017 in
1999 2964 2287 3017 aeternum?
2316 2962 2498 3037 (Joau.
2530 2980 2603 3027 at,
2635 2964 2753 3034 26.)
2790 2964 2895 3019 Sed
2928 2966 3069 3020 enim
3102 2966 3188 3035 qui
3220 2966 3271 3021 in
3304 2966 3405 3021 bo-

1808 3055 2006 3110 minem
2035 3056 2333 3111 solitarium
2362 3056 2533 3110 credit
2563 3065 2618 3110 et
2644 3055 2845 3109 nudum
2868 3101 2882 3123 ,
2929 3056 3247 3113 maledictus
3275 3058 3408 3112 dici—

1809 3155 1897 3201 tur
1919 3146 2054 3220 (Jer.
2084 3163 2220 3212 xm,
2250 3148 2304 3218 5)
2333 3167 2345 3202 :
2381 3149 2500 3201 beic
2526 3157 2727 3211 autem,
2752 3148 2840 3218 qui
2863 3148 3037 3203 credit
3059 3149 3109 3202 in
3132 3148 3404 3205 Christum

146 3256 213 3301 est
236 3256 285 3301 et
318 3245 525 3301 Filius?
566 3243 659 3315 qui
699 3242 900 3298 idcirco
939 3257 1102 3296 unum
1146 3251 1319 3311 potest
1346 3242 1449 3297 dici
1477 3242 1603 3297 dum
1634 3257 1702 3298 ex
1729 3252 1775 3315 ρ
1809 3254 1914 3292 non
1953 3239 2271 3295 maledictus
2297 3281 2311 3305 ,
2344 3238 2437 3294 sed
2468 3239 2521 3293 in
2564 3248 2826 3295 mternum
2860 3255 2967 3295 non
3000 3242 3298 3296 moriturus
3326 3258 3411 3297 re-

146 3338 248 3408 ipso
269 3347 362 3404 est,
388 3348 439 3393 et
468 3337 595 3392 dum
624 3335 792 3390 Filius
821 3335 939 3404 ejus
970 3342 1073 3398 est,
1104 3342 1156 3388 et
1184 3333 1311 3388 dum
1336 3349 1402 3388 ex
1432 3334 1548 3403 ipso
1577 3350 1703 3388 nas-

141 3430 267 3484 citur
295 3430 331 3496 ³,
369 3430 492 3485 dum
531 3444 597 3484 ex
626 3429 744 3497 ipso
767 3426 1097 3497 processisse
1120 3426 1412 3495 reperitur,
1440 3441 1538 3495 per
1559 3426 1703 3496 quod

141 3531 195 3578 et
219 3524 341 3578 Dens
363 3531 464 3580 est.
495 3521 648 3590 Quod
678 3535 798 3575 cum
828 3518 1149 3574 invidiosum
1180 3517 1350 3573 Judaei
1382 3528 1658 3588 putassent
1684 3562 1701 3585 ,

138 3625 195 3671 et
224 3616 570 3687 blasphemum
599 3612 992 3676 credidissent,
1034 3625 1099 3664 eo
1126 3609 1270 3680 quod
1307 3625 1365 3664 se
1392 3610 1705 3665 ostenderat

139 3710 218 3765 Itis
242 3704 563 3766 sermonibus
592 3709 609 3736 "
645 3706 915 3762 Christum
945 3720 1064 3760 esse
1095 3704 1292 3768 Deum,
1326 3719 1389 3758 ac
1420 3712 1701 3774 propterea

139 3800 204 3855 ad
246 3801 428 3872 lapides
475 3800 914 3862 concurrissent,
975 3806 1028 3850 et
1069 3810 1319 3850 saxorum
1378 3796 1513 3850 ictus
1572 3796 1699 3864 inji-

144 3910 254 3950 cere
271 3896 578 3965 gestiissent;
608 3891 857 3961 exemplo
883 3900 932 3945 et
962 3890 1269 3944 testimonio
1298 3890 1699 3960 Scripturarnm

146 3984 452 4041 adversarios
479 4000 605 4040 suos
633 3982 846 4038 fortiter
886 3979 1161 4034 refutavit.
1200 3978 1263 4035 Si
1292 3980 1410 4034 illos
1432 4021 1446 4045 ,
1488 3980 1660 4049 inquit
1685 4022 1700 4042 ,

148 4078 262 4133 dixit
284 4080 390 4135 deos
417 4080 482 4134 ad
510 4094 635 4147 quos
667 4077 686 4108 ⁵
718 4075 815 4129 Dei
844 4073 993 4128 verba
1039 4073 1175 4141 facta
1222 4084 1363 4140 sunt,
1411 4084 1457 4126 et
1484 4091 1584 4126 mm
1612 4089 1704 4143 po-

152 4180 233 4225 test
251 4173 360 4226 solvi
384 4170 677 4242 Srriptura;
699 4184 846 4240 quem
872 4165 1031 4221 Pater
1059 4165 1394 4232 sancti/icavit
1419 4174 1465 4218 et
1486 4165 1623 4219 misit
1653 4165 1705 4218 in

1808 3332 2002 3385 fertur.
2033 3330 2107 3385 Ex
2143 3345 2248 3399 quo
2270 3370 2285 3394 ,
2318 3331 2363 3384 si
2403 3341 2493 3384 aut
2522 3330 2683 3385 homo
2713 3340 2796 3385 est
2824 3340 3048 3397 tantum,
3080 3343 3137 3386 ut
3172 3332 3408 3387 haeretici

1811 3425 2022 3488 volunt,
2056 3422 2328 3493 quomodo
2353 3422 2594 3493 quisquis
2626 3423 2680 3477 in
2710 3440 2834 3478 eum
2863 3424 3053 3489 credit,
3079 3441 3184 3479 non
3212 3425 3409 3479 morie-

1808 3525 1894 3572 tur
1924 3516 1976 3570 in
2005 3525 2305 3582 aeternum,
2336 3531 2457 3570 cum
2500 3517 2823 3572 maledictus
2866 3532 2987 3572 esse
3030 3527 3278 3573 teneatur
3318 3521 3405 3588 qui

1806 3610 2029 3667 conlidit
2052 3611 2103 3665 in
2134 3611 2390 3665 homine?
2419 3612 2526 3666 Aut
2551 3611 2594 3665 si
2618 3626 2727 3665 non
2753 3610 3089 3677 maledictus,
3113 3612 3206 3667 sed
3232 3613 3407 3681 potius

1805 3704 1871 3759 ad
1901 3713 2119 3759 interna:
2146 3705 2269 3758 vita:
2297 3704 2739 3760 consecutionem
2768 3745 2781 3766 ,
2820 3714 2877 3759 ut
2917 3704 3134 3775 legitur,
3161 3704 3404 3759 destina-

1806 3804 1930 3861 tus;
1975 3796 2017 3826 ¹⁰
2064 3810 2173 3849 non
2244 3798 2407 3850 homo
2465 3795 2840 3849 tantummodo
2887 3794 3172 3861 Christus,
3218 3794 3313 3849 scd
3353 3804 3407 3849 et

1810 3888 1950 3942 Deus
1983 3905 1995 3940 :
2029 3887 2080 3942 in
2108 3902 2268 3958 quem
2306 3887 2395 3955 qui
2437 3887 2640 3949 credit,
2673 3898 2727 3941 et
2768 3886 3159 3941 maledictionis
3196 3887 3408 3955 pericu-

1801 3978 1911 4035 lum
1940 3979 2183 4049 deponit,
2212 3988 2267 4034 et
2293 3978 2357 4032 ad
2390 3978 2623 4034 fructum
2648 3978 2875 4047 iustitia:
2904 3977 3130 4032 accedit.
3155 3976 3208 4032 Si
3242 3978 3404 4033 homo

1809 4072 2184 4128 tantummodo
2211 4071 2490 4138 Christus,
2525 4069 2795 4141 quomodo
2825 4070 3150 4124 Paraclitum
3186 4069 3314 4123 dicit
3343 4070 3407 4125 de

1805 4184 1897 4222 suo
1923 4184 2030 4222 esse
2072 4177 2396 4235 sumpturum
2422 4181 2536 4235 qme
2561 4165 2889 4218 nuntiaturus
2927 4161 3010 4216 si?
3041 4161 3232 4234 (Joan.
3269 4177 3359 4217 xvr
3385 4204 3401 4228 ,

1271 4296 1644 4355 GALLANDII
1680 4297 2241 4355 COMMENTARIUS.

163 4445 289 4499 nium
316 4448 707 4515 prmecdentium
750 4444 1040 4500 editionum
1083 4451 1137 4497 et
1173 4441 1375 4515 absque
1400 4438 1560 4515 ullius
1588 4453 1691 4493 ms.

161 4510 329 4593 codicis
349 4522 674 4585 auctoritate,
703 4517 863 4572 verba
892 4515 1011 4593 lucc
1041 4522 1094 4569 et
1120 4512 1395 4593 sequ-rentia
1423 4511 1501 4565 sic
1526 4510 1703 4564 inver—
1728 4534 1779 4593 D

161 4585 214 4640 tit
241 4604 254 4641 :
284 4608 359 4660 per
394 4583 699 4646 divinitatem
742 4597 948 4659 prazstat
978 4583 1409 4660 itttmortalitatem
1435 4611 1508 4660 -ς
1537 4597 1699 4650 pnes-

162 4656 291 4713 taudo
307 4674 458 4718 autem
481 4656 912 4716 immortalitatem
943 4674 1031 4725 per
1056 4656 1371 4709 divinitatem
1394 4656 1699 4725 —7immor—

163 4731 367 4786 talitatem
396 4733 719 4806 porrigenda,
754 4742 860 4787 etc.
906 4724 1035 4806 Quis
1077 4741 1239 4797 porro
1268 4742 1371 4780 non
1390 4724 1575 4806 videat
1598 4765 1611 4785 ,
1647 4732 1706 4777 ut

162 4811 319 4856 cetera
344 4796 665 4865 omittamus,
698 4803 797 4857 hac
826 4796 1106 4854 verborum
1140 4796 1703 4867 IraﬂSpttSllittlte_‘rau-

162 4872 356 4946 rales/imi
381 4876 429 4930 in
454 4888 656 4931 textum
678 4872 913 4946 auctoris
941 4869 1163 4946 iuduci‘i
1190 4865 1434 4946 Etcum,
1480 4868 1521 4921 si
1553 4865 1705 4946 Ihuuc

158 4937 383 5017 editdrem
423 4948 649 5017 Anglum
691 4942 1023 5017 audias,__i_ta_
1059 4937 1706 5017 scripsisseNovatialnus

159 5016 434 5080 perhibetur
465 5037 478 5072 :
507 5007 645 5088 Ergo
673 5016 875 5071 verbum
902 5013 1091 5088 Christi
1113 5007 1317 5088 prwstat
1347 5007 1705 5063 immortalita-

156 5092 256 5145 tem,
283 5100 325 5141 et
348 5107 431 5157 per
457 5082 768 5143 divinitatem
796 5094 1001 5157 praestat
1027 5082 1476 5157 immortalitatem.

219 5153 548 5231 {Quisquam
575 5159 653 5215 Ita
683 5153 805 5213 cum
854 5155 1123 5231 .lacksouo
1164 5153 1551 5231 rescripsimus
1610 5164 1708 5231 μεθ

215 5221 402 5298 ἰάᾲήαηὶ
426 5232 580 5287 editt.
615 5239 833 5298 propter
861 5228 1009 5281 illum
1037 5224 1177 5298 quod
1204 5224 1468 5298 sequium.
1492 5223 1620 5298 M_ox_
1638 5221 1703 5275 Β.

199 5294 292 5356 ζ(ιέ
315 5302 358 5357 la
389 5304 552 5357 Barre
580 5294 868 5356 editionem
912 5294 1296 5366 expressimus,
1326 5294 1414 5363 qui
1447 5294 1571 5361 legit
1603 5295 1711 5366 ipse

157 5380 238 5437 pro
262 5373 417 5442 ipsam
450 5372 687 5428 Parnelii.
720 5363 1025 5442 Abripsum.
1059 5367 1352 5442 Utramque
1382 5380 1512 5419 sane
1550 5363 1710 5418 resti-

157 5437 387 5500 tutionem
413 5454 701 5501 contextus
733 5437 868 5496 ratio
894 5440 1123 5493 suadere
1149 5437 1375 5490 videtur.

213 5515 498 5587 iAgnosco.
556 5515 634 5569 Ex
667 5528 769 5568 ms.
797 5509 1038 5587 Νομιρεί
1089 5508 1303 5577 reposui
1352 5519 1573 5587 agnoseo
1619 5516 1716 5587 pro

151 5578 631 5657 ediltfagnoscam:
669 5584 810 5653 quod
853 5596 952 5638 nec
980 5578 1170 5657 GrLt-co
1212 5579 1377 5632 textui
1420 5578 1671 5632 convenit
1696 5616 1710 5638 ,

149 5672 236 5713 nec
262 5647 495 5730 Vulgata}
526 5658 615 5730 ubi
643 5647 723 5710 est
750 5668 1033 5730 cognosco._
1051 5650 1305 5730 dacusoa.

211 5730 230 5760 ⁸
257 5717 408 5784 Huni.
436 5729 500 5784 Et
528 5729 651 5781 dum
679 5717 959 5792 scripsisse
985 5722 1196 5777 videtur
1220 5730 1427 5775 auctor.
1458 5717 1537 5773 In.

208 5800 519 5857 ‘Christum.
560 5797 724 5853 Forte
760 5787 1010 5851 Christus.
1047 5793 1331 5857 Nimirum,
1361 5807 1413 5846 se
1433 5787 1720 5846 ostenderat

148 5901 203 5920 η-
227 5873 457 5932 Christus
485 5887 590 5926 esse
618 5868 803 5923 Deum.
835 5866 910 5921 In.

1876 4442 1896 4472 ⁸
1921 4439 2037 4496 Dei.
2068 4440 2267 4495 Vocem
2331 4437 2425 4492 Dei
2467 4436 2666 4491 omittit
2705 4436 2995 4491 Pameiius.
3023 4436 3173 4492 Illam
3221 4447 3401 4496 tamen

1808 4521 1919 4567 tum
1956 4522 2134 4567 textus
2164 4520 2275 4565 tum
2301 4523 2495 4564 sensus
2524 4510 2761 4563 auctoris
2792 4508 3104 4580 requirunt;
3152 4508 3399 4580 adeoque

1806 4582 2106 4639 Novatiano
2148 4581 2518 4647 restituimus,
2568 4590 2856 4651 utrumque
2889 4579 3241 4650 Anglicanum
3287 4579 3405 4635 edi-

1807 4664 1978 4710 torem
2008 4654 2198 4709 secuti.

1882 4726 2290 4798 “Dispositiones.
2320 4723 2472 4779 Hanc
2503 4737 2692 4798 vocem
2715 4738 2820 4798 non
2851 4721 3156 4798 intelligens
3180 4722 3404 4798 Welch-

1807 4793 2035 4861 manus,
2078 4797 2392 4867 depositione
2428 4795 2729 4863 rescripsit.
2764 4793 3406 4867 At_Novatiattus_reSpi-

1812 4864 2204 4943 citoixovopiav;
2237 4868 2374 4934 apud
2394 4874 2615 4943 _veteres
2643 4864 2967 4943 notabilem;
3002 4879 3158 4943 quam
3190 4864 3403 4920 Tertul-

1812 4943 1987 4996 lianus
2016 4933 2073 4994 et'
2100 4933 2362 5008 interpres
2393 4937 2580 4992 lrenaei
2611 4936 2829 5006 passim,
2862 4933 3247 5006 dispositionem
3278 4952 3400 4993 ver-

1814 5022 2014 5068 terunt.
2045 5010 2297 5066 Jacxson.

1885 5104 1904 5133 "
1937 5101 2116 5154 Vellet.
2145 5095 2959 5168 Welchm.conjicitlegendum
2988 5111 3042 5149 se
3068 5096 3207 5150 velit.
3236 5095 3399 5151 Jack-

1815 5189 1911 5229 son
1963 5189 2090 5226 vero
2120 5189 2172 5225 se
2196 5171 2363 5225 vellet.

1888 5246 1908 5277 ⁸
1933 5243 2156 5310 Spectet.
2188 5242 2263 5297 Ita
2309 5241 2456 5297 editi.
2490 5239 2651 5294 Forte
2674 5236 2953 5310 legendum
2977 5246 3172 5310 spectat
3254 5238 3404 5310 quod

1817 5316 1932 5371 sine
1959 5307 2341 5382 exemplarium
2371 5311 2677 5367 testimonio
2716 5309 2855 5363 ultro
2883 5307 3050 5364 edidit
3091 5307 3406 5365 Welch’ma-

1819 5404 1939 5443 nus.
1966 5386 2218 5441 JACKSON.

1889 5484 1910 5513 θ
1950 5478 2104 5533 Vivit.
2136 5477 2284 5531 Hanc
2334 5490 2520 5530 vocem
2575 5488 2697 5528 cum
2744 5471 2957 5527 Latinio
2985 5471 3048 5525 ad
3076 5479 3288 5525 textum
3318 5487 3406 5527 re-

1821 5551 1946 5605 duxi
1972 5591 1987 5614 ,
2035 5564 2130 5614 pro
2163 5548 2315 5603 editt.
2345 5545 2477 5599 videt
2501 5587 2515 5611 ,
2547 5544 2685 5614 quod
2716 5559 2813 5597 nec
2845 5541 3049 5614 Grmeis
3078 5558 3173 5597 nec
3200 5542 3405 5597 Latinis

1822 5613 2066 5691 congruit
2097 5637 2109 5669 :
2135 5619 2232 5691 sed
2262 5613 2632 5691 estdvanzvt,
2664 5614 2755 5691 ὥς),
2787 5622 2946 5691 att]u_e
2972 5613 3097 5668 inde
3132 5614 3407 5669 memoria:

1822 5684 1974 5762 laps'u
2002 5689 2169 5759 potuit
2198 5690 2503 5744 exscribere
2528 5686 2878 5740 Novatianus.
2900 5684 3155 5739 Jacason.

1899 5784 1940 5814 ¹⁰
1986 5780 2107 5834 Νοη
2147 5779 2317 5831 homo.
2373 5777 2493 5832 Non
2555 5784 2625 5830 est
2676 5775 2823 5829 homo
2860 5773 3028 5829 edidit
3066 5790 3129 5829 cx
3173 5775 3409 5848 Cognato

1825 5852 2227 5909 Welcbmanus.
2264 5848 2339 5903 in.
