1871 3141
160 177 212 204 919

162 278 201 306 dit
216 287 230 306 ξι
247 279 300 306 Deo
313 300 319 312 ,
337 280 406 314 quod
421 288 493 307 nemo
508 280 640 307 hominum
655 281 737 309 Deum
751 282 834 309 videat
853 287 875 309 et
891 282 958 309 vivat

160 325 264 362 (Exod.
281 334 373 357 χχχιιι,
389 327 451 362 20).
469 327 495 355 Si
512 327 595 355 videri
612 336 664 355 non
680 334 766 363 potest
784 329 873 362 Deus,
891 337 957 364 quo-

158 373 241 399 modo
260 372 334 400 visus
353 378 393 400 est
415 374 507 401 Deus?
522 375 576 401 Aut
587 374 608 401 si
620 375 692 402 visus
704 380 756 408 est,
770 376 903 409 quomodo
916 376 957 402 vi-

158 418 216 446 deri
232 427 283 446 non
309 420 415 454 potest?
433 420 498 447 Nam
519 425 545 448 et
560 421 693 454 Joannes,
708 421 791 448 Deum
811 430 884 448 nemo
900 422 959 456 (in-

158 466 235 501 quit)
257 466 320 493 vidit
339 475 459 499 umquam
479 467 603 503 (lJaan.
620 476 656 501 tv,
681 467 743 503 ‘12).
769 468 802 495 Et
820 468 958 502 apostolus

156 511 259 540 Paulus
284 521 291 539 :
315 513 397 546 Quem
417 514 479 540 vidit
501 514 631 540 hominum
647 523 719 541 nemo
731 536 738 547 ,
755 523 799 541 nec
815 514 898 541 videre
914 523 959 549 ρο-

158 563 205 586 test
221 559 241 595 (Ι
253 559 322 586 Tim.
340 568 376 594 vr,
393 559 448 596 16).
464 560 516 587 Sed
530 568 584 587 non
600 561 693 596 utique
707 561 847 595 Scriptura
862 562 959 588 menti-

157 610 202 633 tur
217 615 223 633 :
239 614 302 642 ergo
319 615 382 634 vere
404 607 479 634 visus
495 612 536 634 est
551 608 631 635 Deus.
656 607 695 634 Ex
710 615 764 643 quo
785 608 895 643 intelligi
913 616 959 643 po-

157 657 230 686 test,
248 654 319 688 quod
340 662 392 681 non
409 654 488 681 Pater
508 655 580 681 visus
595 655 649 688 sit,
666 655 710 689 qui
727 662 872 690 numquam
887 655 960 682 visus

159 705 217 733 est;
233 700 281 727 sed
299 700 393 733 Filius,
409 701 453 735 qui
472 706 497 728 et
519 701 684 728 descendere
698 701 792 729 solitus
808 706 860 734 est,
876 707 903 728 et
919 702 959 728 vi-

158 745 219 773 deri
243 746 303 781 quia
330 746 514 774 descenderit.
541 747 630 782 Imago
655 752 696 774 est
724 748 796 775 enim
820 747 961 774 invisibilis

160 793 220 826 Dei,
239 798 266 820 ut
283 794 455 821 mediocritas
469 799 496 822 et
511 794 642 830 fragilitas
656 795 821 822 conditionis
836 795 961 824 humana:

160 839 245 866 Deum
262 839 368 866 Patrem
385 839 476 867 videre
491 840 637 875 aliquando
650 840 705 875 jam
720 846 782 868 tunc
796 846 962 869 assuesceret

161 884 191 912 in
204 885 320 920 imagine
335 885 392 916 Dei,
409 885 460 912 hoc
473 890 525 917 est,
542 885 567 912 in
585 885 652 913 Filio
665 886 721 913 Dei.
737 886 873 914 Gradatim
890 887 960 914 enirn

163 936 191 959 et
214 939 262 966 per
277 930 443 959 incrementa
459 931 589 967 fragilitas
613 933 728 960 humana
751 934 847 961 nutriri
871 934 965 962 debuit
978 937 1002 967 B
1016 942 1141 970 personae
1155 935 1241 963 Patris
1252 937 1387 972 congruit,
1397 944 1432 964 ne
1441 936 1561 972 Angelus
1571 936 1681 977 diem;

138 986 141 988 λ
161 985 212 1013 per
228 978 370 1013 imaginem
385 977 418 1005 ad
435 978 513 1005 istam
527 979 651 1013 gloriam,
668 983 696 1006 ut
710 980 792 1007 Deum
806 980 912 1008 Patrem
927 981 967 1008 vi-

164 1024 229 1052 dere
257 1026 265 1040 ¹
282 1025 366 1060 possit
387 1025 542 1060 aliquando.
576 1026 727 1054 Periculosa
742 1032 805 1054 sunt
819 1027 890 1054 enim
906 1036 967 1063 qua:

163 1078 260 1107 magna
275 1076 348 1103 sunt,
365 1072 387 1098 si
407 1071 547 1106 repentina
565 1076 637 1105 sunt.
658 1072 725 1100 Nam
739 1073 820 1100 etiam
841 1074 887 1101 lux
902 1074 968 1101 solis

165 1117 253 1144 subita
269 1121 329 1152 post
344 1118 481 1150 tenebras,
496 1118 640 1153 splendore
655 1120 738 1147 nimio
752 1120 867 1148 insuetis
882 1121 968 1149 oculis

164 1171 220 1191 non
237 1164 360 1192 ostendet
374 1164 456 1197 diem,
472 1165 518 1192 sed
535 1166 624 1200 potius
635 1166 716 1194 faciet
732 1166 892 1195 ctecitatem.

202 1209 279 1244 Quod
296 1218 329 1237 nc
348 1211 373 1237 in
389 1211 514 1238 damnum
532 1212 709 1239 humanorum
725 1214 862 1248 contingat
876 1214 969 1242 oculo-

166 1264 239 1289 rum,
259 1257 387 1291 paulatim
408 1257 537 1293 disruptis
555 1263 582 1286 et
600 1259 736 1294 dissipatis
752 1261 879 1293 tenebris,
894 1266 970 1289 ortus

167 1302 311 1330 luminaris
325 1303 400 1331 istius
415 1304 593 1332 mediocribus
606 1306 780 1334 incrementis
791 1307 912 1334 l'allenter
926 1315 969 1335 as-

169 1356 283 1384 surgens
295 1350 388 1377 oculos
404 1351 539 1378 hominum
556 1352 655 1379 sensim
672 1353 813 1380 assuefacit
833 1353 867 1380 ad
886 1359 969 1381 totum

171 1396 264 1423 orbem
279 1404 355 1423 suum
373 1396 511 1424 ferendum
526 1404 573 1431 per
587 1397 750 1425 incrementa
765 1398 911 1426 radiorum.
926 1399 971 1427 Sic

170 1451 235 1478 ergo
247 1449 273 1470 et
288 1444 418 1476 Christus,
436 1444 461 1471 id
482 1449 533 1474 est.
554 1445 641 1479 imago
657 1445 701 1472 Dei
722 1450 748 1472 et
767 1445 850 1473 Filius
865 1446 921 1480 Dei,
937 1446 971 1474 ab

171 1489 324 1517 hominibus
339 1490 489 1525 inspicitur,
505 1499 556 1525 qua
574 1496 676 1525 poterat
691 1491 785 1519 videri.
801 1492 835 1519 Et
850 1493 909 1521 ideo
919 1492 971 1520 fra-

170 1535 258 1571 gilitas
273 1542 299 1564 et
313 1537 483 1565 mediocritas
497 1538 576 1563 sortis
589 1537 711 1564 humanre
723 1545 771 1572 per
782 1538 867 1572 ipsum
881 1539 969 1572 alitur,

170 1583 339 1618 producitur,
354 1584 499 1617 educatur;
512 1588 541 1610 ut
553 1584 697 1619 aliquando
713 1584 796 1612 Deum
813 1593 918 1620 quoque
932 1586 971 1621 ip-

170 1635 230 1656 sum
241 1629 359 1663 Patrem,
370 1636 476 1658 assueta
489 1629 583 1657 Filium
595 1630 759 1665 conspicere,
773 1631 867 1666 possit,
879 1636 907 1658 ut
918 1636 969 1666 est,

170 1675 278 1708 videre;
296 1684 329 1702 ne
348 1676 494 1710 majestatis
514 1675 598 1710 ipsius
613 1677 752 1710 repentino
767 1681 794 1703 et
811 1677 971 1706 intolerabili

169 1721 274 1755 fulgore
298 1728 423 1755 percussa
449 1722 569 1757 intercipi
591 1723 684 1757 possit,
709 1728 737 1749 ιιι
760 1724 842 1751 Deum
864 1724 969 1751 Patrem

169 1775 250 1801 quem
267 1774 374 1801 semper
392 1768 503 1802 optavit,
524 1768 614 1796 videre
627 1777 679 1795 non
700 1770 792 1803 possit.
811 1769 848 1796 Ex
863 1778 917 1805 quo
931 1769 971 1796 Εἰ»

168 1814 221 1840 lius
232 1818 273 1840 est
282 1813 324 1840 hic
334 1814 377 1848 qui
391 1815 510 1847 videtur;
524 1815 569 1842 Dei
585 1820 673 1843 autem
685 1815 778 1849 Filius,
792 1817 839 1844 Dei
855 1817 969 1844 Verbum

169 1865 226 1893 est;
246 1860 292 1887 Dei
309 1865 396 1887 autem
413 1861 529 1888 Verbum
545 1869 607 1888 caro
628 1863 725 1890 factum
746 1868 787 1890 est
801 1869 827 1890 et
843 1864 971 1892 habitavit

168 1907 196 1933 in
213 1906 289 1934 nobis
304 1915 311 1934 ί
329 1907 372 1934 hic
385 1912 472 1934 autem
487 1908 610 1936 Christus
622 1914 671 1935 est.
685 1910 760 1943 Qum,
775 1911 884 1942 malum,
902 1912 970 1939 ratio

167 1956 210 1980 est
224 1957 253 1979 ut
265 1952 403 1980 duhitetur
419 1953 489 1980 Deus
501 1953 564 1986 dici,
575 1954 620 1989 qui
634 1958 673 1981 tot
690 1955 776 1982 modis
790 1956 859 1984 Deus
873 1957 970 1984 intelli-

165 1999 237 2034 gitur
247 1999 410 2034 approbari?
424 2001 463 2027 Ac
478 2000 500 2027 si
513 2006 539 2027 et
550 2000 621 2035 Agar
633 2000 709 2037 (Gen.
723 2010 778 2034 xvi,
792 2002 829 2037 7),
845 2003 967 2031 ancillam

165 2045 242 2073 Sane
261 2046 295 2073 de
312 2046 393 2073 domo
413 2047 528 2082 eiectam
549 2048 649 2082 pariter
665 2052 692 2076 et
713 2048 830 2085 fugatam
851 2050 969 2084 Angelus

164 2092 290 2119 convenit
312 2092 381 2127 apud
399 2092 498 2120 fontem
512 2101 588 2128 aqua:
610 2095 635 2121 in
655 2095 696 2121 via
710 2094 771 2127 Sur,
788 2096 855 2131 fugae
873 2103 968 2123 causas

163 2137 313 2173 interrogat
327 2143 407 2173 atque
419 2139 532 2174 accipit;
548 2144 575 2167 et
591 2146 650 2175 post
667 2142 724 2168 haec
738 2141 894 2170 humilitatis
907 2150 968 2170 con-

162 2184 220 2212 silia
247 2185 475 2220 porrigit;_spem
501 2191 629 2220 praeterea
655 2187 691 2214 illi
712 2190 825 2216 materni
851 2190 966 2217 nominis

161 2230 235 2263 facit,
252 2231 375 2266 quodque
385 2217 419 2258 cx
431 2238 508 2260 utero
518 2232 576 2267 ejus
587 2234 699 2261 multum
709 2242 801 2262 semen
813 2240 884 2263 esset
898 2228 980 2263 futu-I

161 2284 222 2305 rum
235 2277 350 2312 spondet
364 2283 443 2312 atque
459 2280 601 2313 promittit,
616 2285 643 2307 et
656 2281 726 2315 quod
743 2281 859 2309 llismael
875 2289 907 2309 ex
921 2282 966 2309 illa

161 2325 237 2352 nasci
253 2325 372 2356 haberet,
391 2329 487 2352 etcum
502 2326 608 2353 caeteris
621 2327 707 2361 aperit
723 2328 810 2355 locum
826 2328 966 2356 habitatio-
978 2335 1005 2364 1)
1018 2329 1134 2357 Abrahae
1157 2329 1226 2357 ﬁlios
1248 2329 1353 2358 futurus
1370 2330 1460 2366 (lacn.
1481 2337 1533 2366 mg

162 2372 205 2400 nis
216 2371 311 2406 ipsius,
323 2375 466 2407 actumque
477 2371 604 2399 describit
617 2382 623 2399 :
639 2372 709 2401 hunc
723 2379 810 2402 autem
821 2375 963 2409 Angelum,

754 2442 798 2470 GA
803 2443 893 2471 LLAN
898 2442 941 2471 Dll
959 2442 1244 2472 COMMENTARIUS.

199 2503 208 2518 ¹
231 2502 328 2529 Possit.
347 2501 385 2529 lta
410 2508 471 2529 cum
489 2501 624 2529 Jaeksono
651 2501 854 2530 emendavimus
879 2501 957 2529 editt.

161 2543 256 2580 posset.
276 2538 411 2580 Tempore
431 2545 546 2578 namque
565 2538 689 2580 prmseuti
709 2538 794 2580 semel
809 2539 959 2580 iterumque

160 2574 189 2602 in
214 2574 337 2601 eamdem
363 2574 525 2600 sententiam
551 2574 629 2608 paulo
653 2579 712 2607 post
733 2574 819 2601 utitur
841 2579 954 2600 auctor:

158 2610 257 2645 possit,
272 2614 297 2636 ut
315 2613 368 2642 est,
382 2609 466 2636 videre
480 2623 514 2628 —
529 2609 646 2644 intercipi
667 2609 745 2644 possit
761 2625 795 2629 ——
808 2609 892 2636 videre
908 2617 959 2636 non

179 2646 248 2673 assit.

159 2654 305 2714 poiﬂlli’am,
336 2688 392 2712 nec,
423 2684 476 2707 etc.
496 2679 558 2707 "me
578 2679 659 2707 verba
682 2680 849 2714 parenthesis
872 2679 958 2707 forma

157 2718 234 2751 posui
259 2724 319 2744 cum
342 2715 440 2743 Frauc.
456 2716 546 2748 Junio,
567 2721 594 2743 et
613 2715 751 2750 periodum
773 2716 856 2742 desivi
875 2716 958 2743 verbo

155 2757 276 2784 tractent,
301 2752 381 2779 aliter
396 2759 428 2779 ac
443 2751 518 2784 editi,
536 2759 618 2779 sensu
634 2756 722 2778 tamen
737 2751 911 2786 suffragante,
929 2755 958 2777 ιιι

155 2786 293 2830 ἱειιεειιιιιιι¹
308 2788 481 2830 ρετιιεηύειιιί
499 2786 638 2830 periodum
651 2794 711 2821 qua:
730 2787 822 2823 incipit
836 2794 850 2813 a
867 2786 956 2814 verbis

156 2823 194 2850 Ac
203 2822 225 2851 si
240 2828 264 2850 et
278 2824 341 2858 Agat
373 2824 483 2857 patebit.
496 2822 625 2858 laenam.

191 2858 202 2894 ἢ
215 2857 304 2894 Quies
324 2858 481 2894 Suspicatur
494 2893 499 2894 γ
511 2857 705 2885 Welchmanus
722 2857 865 2894 legendum
880 2865 931 2893 qua
944 2865 954 2884 .-

155 2897 183 2919 et
197 2893 249 2920 hoe
260 2893 366 2920 videtur
378 2897 475 2927 aptius.
492 2893 530 2919 In.

190 2927 202 2941 ⁸
218 2927 345 2959 Quoniam
369 2926 444 2954 Patri
474 2927 590 2955 subditus
608 2933 642 2956 et.
658 2928 760 2957 Sensus
773 2929 887 2964 requirit
899 2928 953 2965 legi

885 178 1070 207 NOVATIANI

159 234 229 261 visus
242 234 275 261 sit
292 232 360 261 Deus
375 234 450 268 (Gen.
468 241 515 267 xu,
533 234 573 270 7).
589 234 688 270 Atquin
703 235 773 262 idem
789 235 895 272 Moyses
909 243 955 263 au-
969 238 996 267 Α
1009 240 1036 263 et
1060 236 1202 265 Dominum
1230 238 1369 274 Scriptura
1387 239 1513 275 proponit
1532 243 1560 268 et
1580 239 1781 280 Deum-rm;

983 1634 1006 1666 ρ
1022 1629 1120 1657 retenti
1132 1635 1315 1664 vescerentur,
1327 1630 1459 1658 hortatur.
1474 1627 1677 1668 Post

1732 179 1803 217 αἱ.

1821 208 1860 353 '1

1692 615 1860 773 ᾗ

1738 648 1797 665 ﬁt!

1679 896 1711 941 Ψ
1736 933 1743 943 ,

1679 867 1856 1057 ᾗ

1607 1057 1626 1079 τ·
1660 1057 1792 1085 ἮἪΞῡζ

1579 1125 1610 1150 ιιι
1654 1102 1751 1141 λ

1579 1174 1596 1193 n
1629 1153 1635 1155 -
1659 1146 1767 1182 τ

1604 1258 1631 1288 ¹⁴¹

1636 1332 1860 1357 πνει-

1635 1357 1856 1526 +1

1635 1451 1662 1497 ἒ

1574 1688 1860 1732 ’σε

1611 1725 1633 1732 n:
1639 1727 1643 1729 -
1651 1729 1655 1732 λ
1671 1722 1693 1730 ”“ι⁴

1564 1825 1598 1833 η..-
1618 1811 1698 1830 νινε-ι

1554 1833 1624 1858 σιιιης.

1554 1833 1860 1942 ΕΜ

1593 1948 1603 1956 .
1785 1949 1790 1958 .

1614 2125 1856 2165 ῖ-

1526 2270 1594 2305 n“
1622 2289 1626 2291 -

1479 2560 1534 2575 ...ιτΧ
1578 2566 1589 2574 π
1600 2566 1612 2572 .,
1625 2574 1627 2577 γ
1659 2572 1662 2573 ν

1480 2604 1494 2626 si
1554 2603 1622 2625 ‘9'"?!

1481 2626 1491 2638 ι
1509 2630 1512 2632 ·
1541 2638 1543 2640 ,
1579 2638 1582 2640 .

1422 2713 1528 2766 κξῑ
1554 2733 1556 2735 ’

1430 2766 1860 2796 [’_

1433 2830 1486 2846 t'w
1522 2831 1524 2833 Ι

1374 2846 1856 2876 ῌῶῖὲἂ-

1375 2895 1471 2918 .‹η
1489 2896 1497 2903 .

1375 2944 1860 3132 -

1413 3084 1419 3096 α

1012 262 1032 263 ,,
1062 262 1072 264 -
1231 262 1369 274 Mur--.“
1388 262 1513 275 ,μην-η
1532 262 1560 268 ν.
1580 262 1682 274 -.η-,η
1708 274 1710 277 τ
1767 262 1779 271 ,τ

1011 290 1059 310 nec
1073 282 1287 312 benedictionem
1307 284 1418 313 seminis
1431 285 1606 321 promisisset.
1797 310 1807 316 .
1821 262 1827 284 ‘

1010 332 1038 355 et
1052 328 1121 356 Deus
1137 329 1243 366 fuisset)
1254 335 1377 366 quaerant
1389 331 1452 367 quid
1467 331 1493 359 in
1509 332 1634 367 praesenti

1011 375 1055 402 tici
1072 380 1195 403 tractent.
1211 376 1291 405 Pater
1305 377 1353 405 fuit
1365 377 1417 406 iste
1433 378 1477 414 qui
1493 379 1527 407 ab
1539 379 1612 415 Agar
1624 380 1795 424 vitam

1011 421 1083 448 non?
1094 422 1156 457 quia
1172 422 1242 450 Dens
1255 423 1359 458 positus
1372 428 1422 451 est.
1436 423 1489 452 Sed
1508 423 1577 453 absit
1599 425 1682 454 Deum

1011 468 1144 516 Angelum
1156 469 1246 497 dicere
1260 478 1266 496 :
1279 477 1314 497 ne
1324 469 1402 498 alteri
1414 470 1537 498 subditus
1549 471 1594 506 sit,
1606 472 1681 508 cujus

1011 512 1100 564 funit.
1126 514 1179 542 Sed
1203 515 1334 551 Angelum
1352 515 1444 544 dicent
1464 517 1547 544 fuisse
1566 526 1573 544 :
1591 512 1802 564 quomodo

1013 560 1084 587 Deus
1099 562 1161 595 erit,
1180 562 1202 589 si
1218 562 1336 597 Angelus
1351 562 1418 590 fuit?
1439 571 1500 591 cum
1520 571 1575 592 non
1591 565 1628 593 sit
1644 565 1695 594 hoc

1012 608 1122 646 Angelis
1143 616 1268 644 umquam
1285 617 1461 644 concessum;
1481 610 1533 638 nisi
1551 604 1806 651 quoniam

1012 662 1063 689 que
1084 655 1168 682 latere
1190 663 1239 682 nos
1269 656 1368 684 veritas
1393 656 1420 683 in
1444 657 1523 684 istam
1543 657 1679 686 concludit

1014 700 1076 727 tiam
1089 700 1116 732 ³;
1141 701 1202 736 quia
1225 701 1377 737 intelligere
1386 701 1532 730 debeamus
1544 702 1593 731 Dei
1603 695 1787 744 Fili-nm

1014 747 1059 780 qui
1074 748 1202 782 quoniam
1217 755 1250 776 ex
1268 748 1323 776 Deo
1343 753 1393 781 est,
1411 749 1509 777 merito
1522 749 1604 782 Deus,
1625 750 1687 786 quia
1704 747 1788 786 ω

1013 792 1076 825 lius,
1103 793 1191 821 dictus
1220 795 1256 822 sit
1268 794 1279 809 ⁴
1295 804 1301 822 :
1316 795 1444 830 quoniam
1467 795 1540 823 Patri
1559 795 1685 829 subditus

1013 840 1152 868 nuntiator
1167 846 1287 877 paternae
1305 842 1452 870 voluntatis
1470 847 1522 877 est,
1539 836 1682 879 magnieei

1014 888 1091 922 gelus
1114 889 1303 923 pronuntiatus
1327 894 1378 917 est.
1404 889 1476 925 Ergo
1491 890 1501 906 ⁵
1523 889 1547 918 si
1567 889 1613 918 hic

1763 656 1802 670 ἐξ(

1019 989 1142 1017 persona:
1154 982 1260 1018 Angeli,
1276 990 1311 1010 ne
1328 983 1398 1011 Deus
1413 983 1679 1024 ριόιιιιιιιὶιιιιιιβὶζξ

1018 1033 1110 1055 autem
1126 1027 1226 1055 Christi
1248 1029 1375 1056 convenit
1393 1034 1422 1057 ut
1435 1033 1464 1057 et
1484 1029 1556 1057 Deus
1570 1025 1661 1070 sitv-‘7

1018 1073 1072 1100 lius
1086 1078 1144 1106 est;
1161 1078 1187 1101 et
1201 1075 1319 1109 Angelus
1334 1075 1378 1108 sit,
1394 1075 1521 1110 quoniam
1535 1078 1619 1110 palari

1020 1120 1062 1147 nis
1077 1121 1252 1148 annnntiator
1266 1126 1324 1153 est;
1342 1121 1494 1157 intelligere
1506 1120 1635 1155 δεδευιέ

1020 1170 1093 1193 turas
1108 1173 1137 1193 se
1152 1174 1233 1201 agere
1246 1166 1383 1200 haeretici;
1401 1167 1445 1202 qui
1457 1166 1596 1195 Christum
1615 1172 1631 1199 e

1020 1217 1047 1239 et
1065 1211 1197 1247 Angelum
1217 1212 1339 1243 credere,
1359 1213 1446 1240 nolint
1466 1214 1541 1241 illum
1563 1213 1617 1242 eli:

1020 1260 1156 1290 nuntiare,
1166 1266 1246 1294 quem
1263 1259 1288 1286 in
1302 1258 1393 1287 Veteri
1407 1259 1584 1288 Testamento
1594 1258 1631 1288 ad

1021 1306 1128 1340 generis
1149 1306 1259 1332 humani
1284 1305 1376 1340 legunt
1389 1312 1462 1340 saepe
1477 1306 1595 1334 venisse.
1608 1306 1626 1343 Α

1021 1351 1128 1387 Moyses
1152 1351 1228 1386 (Gen.
1255 1359 1330 1384 xvm,
1354 1351 1393 1387 1),
1413 1351 1530 1380 Abrahae
1546 1350 1635 1383 visunt

1022 1405 1150 1432 quercum
1166 1397 1294 1431 Mambre,
1311 1397 1424 1426 sedente
1443 1399 1501 1433 ipso
1521 1397 1555 1426 ad
1576 1397 1705 1442 οσιίῇέ

1022 1444 1074 1471 culi
1099 1445 1139 1471 sui
1164 1445 1275 1472 meridie
1298 1453 1304 1471 :
1328 1449 1355 1472 et
1377 1444 1572 1478 nihilominus,
1594 1438 1731 1490 αυλιὲ

1023 1491 1158 1526 spexisset
1172 1491 1255 1524 viros,
1272 1499 1354 1519 unum
1369 1499 1402 1520 ex
1414 1491 1469 1520 illis
1479 1485 1736 1526 Dominum

1022 1545 1136 1574 quorum
1161 1545 1222 1565 cum
1248 1539 1329 1572 pedes
1352 1539 1473 1572 lavisset,
1497 1532 1736 1579 eineritiou".

1023 1583 1136 1619 butyro,
1152 1588 1179 1611 et
1202 1585 1213 1599 °
1238 1584 1320 1618 ipsius
1332 1584 1408 1619 copia
1423 1584 1500 1612 lactis
1513 1583 1606 1619 oﬂert,

1023 1675 1128 1704 futurus
1142 1681 1224 1711 esset,
1239 1677 1314 1704 audit
1328 1687 1335 1704 :
1349 1683 1377 1705 et
1390 1677 1463 1713 quod
1476 1677 1543 1706 Sara
1555 1685 1573 1707 ιι

1022 1731 1054 1750 ex
1071 1724 1129 1758 ipso
1144 1723 1228 1751 filium
1243 1729 1325 1757 esset,
1342 1724 1437 1753 ediscit
1451 1733 1458 1751 :
1475 1728 1505 1753 et
1521 1724 1558 1754 de

1023 1778 1092 1803 rum,
1117 1778 1177 1805 quae
1203 1771 1374 1798 merebantur
1397 1772 1462 1806 pati,
1487 1778 1564 1806 recog

1022 1821 1132 1851 propter
1153 1817 1298 1845 clamorem
1324 1816 1503 1846 Sodomorum
1527 1818 1606 1858 Deus3

1021 1863 1145 1891 addiscit.
1170 1864 1229 1898 Quo
1252 1864 1278 1891 in
1301 1864 1361 1892 loco
1379 1865 1403 1892 si
1424 1864 1532 1893 Patrem
1552 1862 1703 1899 rem

1021 1911 1103 1938 fuisse
1114 1918 1175 1938 cum
1190 1912 1298 1946 Angelis
1310 1911 1414 1939 duobus
1427 1907 1675 1956 hospitio‘rett.

1020 1957 1152 1986 visibilem
1175 1958 1293 1986 haeretici
1320 1958 1513 1987 crediderunt:
1531 1949 1799 1999 si

1020 2011 1081 2031 cum
1102 2011 1138 2031 ει
1158 2004 1268 2040 Angelis
1287 2006 1372 2033 tribus
1392 2013 1460 2034 unus
1479 1997 1806 2049 Domi

1019 2057 1078 2083 cur,
1091 2050 1162 2085 quod
1178 2058 1231 2077 non
1249 2051 1328 2084 solet,
1345 2051 1463 2088 Angelus
1478 2053 1551 2081 Deus
1561 2050 1798 2088 d_

1019 2097 1101 2129 niam,
1123 2102 1151 2124 ut
1171 2098 1226 2125 Deo
1245 2097 1317 2126 Patri
1332 2099 1506 2128 invisibilitas
1518 2091 1755 2136 μηδρί-

1019 2143 1121 2179 Angelo
1139 2144 1247 2179 propria
1263 2144 1434 2173 mediocritas
1455 2143 1707 2192 remittli'é‘g

1018 2188 1114 2223 Filius,
1129 2192 1172 2225 qui
1185 2195 1211 2217 et
1227 2190 1298 2218 Deus
1312 2195 1363 2223 est,
1378 2190 1494 2220 Abrahte
1504 2188 1644 2237 vklsﬁ

1018 2241 1112 2271 ceptus
1135 2243 1194 2264 esse
1217 2237 1238 2264 ".
1261 2237 1395 2265 credetur.
1427 2237 1504 2273 Quod
1530 2239 1568 2269 eti

1018 2282 1196 2310 meditabatur
1205 2282 1230 2310 in
1239 2283 1538 2317 SacrameutoAbraha

1019 2375 1113 2410 pedes,
1130 2375 1164 2403 ad
1184 2376 1370 2411 probationem
1383 2376 1455 2414 quod
1471 2374 1582 2414 inid

1012 2502 1056 2542 εει
1071 2502 1236 2538 ειεᾳαοηίαιη,
1250 2503 1292 2531 vel
1309 2503 1431 2539 quoniam

1013 2537 1080 2577 Tres
1098 2546 1163 2577 vero
1170 2537 1432 2577 _voces__sequentes,
1451 2538 1534 2575 Patri
1548 2537 1662 2577 Ἠ

1012 2572 1059 2616 bet
1072 2573 1156 2616 editio
1170 2574 1293 2616 Patitelii,
1311 2568 1472 2616 illum?"
1482 2604 1494 2616 At
1515 2568 1534 2581 ,κ

1013 2609 1106 2646 tiente.
1121 2609 1198 2643 Quod
1212 2613 1302 2638 autem
1318 2609 1379 2646 aliis
1392 2610 1479 2646 absim

1012 2644 1092 2682 tendi
1099 2653 1196 2682 ansam
1211 2646 1326 2682 arripuit
1341 2644 1481 2682 {Velm

1049 2680 1059 2696 ⁸
1073 2679 1104 2708 Si
1123 2681 1163 2708 hic
1184 2679 1276 2708 locus.‘
1289 2681 1329 2709 Ita
1342 2681 1382 2709 Pa

1009 2717 1111 2744 omisso
1125 2717 1174 2748 hic,
1184 2721 1368 2751 quosseeutus
1377 2721 1422 2746 est

1009 2758 1071 2779 nam
1082 2752 1174 2780 vocula
1187 2752 1232 2780 illa
1241 2751 1420 2781 demonstrati

1009 2786 1430 2858 satis:

1007 2858 1117 2886 obstare
1132 2858 1238 2887 videtur
1251 2859 1369 2893 conjune

1042 2893 1207 2933 "_C_red¢tttr.
1230 2894 1280 2933 Ita,
1292 2894 1360 2933 9άὶιί

1005 2928 1239 2963 Welchmaniano,
1253 2928 1487 2971 ubi
