3716 6272
186 371 260 428 921
1369 365 1455 421 DE
1495 364 1773 424 TRINITA
1784 364 1874 423 TE
1913 365 2138 424 LIBER.

3313 368 3423 424 922

184 484 281 541 dens
304 480 349 535 in
374 476 489 533 ﬁliis
510 476 598 546 jus
625 475 1021 547 hospitalitatis,
1050 478 1192 549 quod
1221 479 1510 551 aliquando
1536 481 1611 534 illi
1642 480 1718 537 le-
1744 491 1790 551 Α
1822 483 2029 538 tene:in
2059 449 2401 552 gententenim
2418 497 2657 554 magnam
2674 482 3013 554 faciameum.
3032 480 3129 538 Hic
3156 481 3419 553 Angelus,

181 580 409 637 iteraverat
430 579 599 643 pater.
632 569 787 626 Unde
812 580 865 627 et
890 585 958 626 ne
982 586 1086 642 qua
1121 583 1265 628 esset
1301 573 1560 629 dubitatio
1586 575 1713 645 quin

183 672 257 728 iste
292 664 504 722 Abrahae
549 661 746 734 hospes
794 663 1000 732 fuisset,
1050 664 1102 719 in
1146 664 1539 721 Sodomitarutn
1571 668 1715 721 exitu

182 763 349 839 ponitur
374 756 519 832 (Gen.
549 772 660 824 nx,
688 756 785 829 24)
811 776 824 812 :
852 758 1107 826 Quoniam
1138 758 1267 827 pluit
1291 759 1540 813 Dominus
1566 777 1718 829 super

184 861 424 921 Sodomam,
466 865 511 909 et
548 853 887 910 Gomorrltam
929 856 1095 926 ignem
1133 866 1180 910 et
1207 857 1421 926 sulphur
1445 872 1476 908 a
1502 855 1716 910 Domino

183 956 233 1010 de
266 952 384 1009 calo.
428 948 514 1004 Sic
559 949 703 1003 enim
736 957 793 1003 et
833 948 1128 1017 Prophetes
1179 964 1245 1002 ex
1296 963 1526 1017 persona
1576 948 1714 1003 Dei:

185 1045 487 1107 Sebmtiros,
512 1040 707 1111 inquit,
753 1043 881 1096 sicut
928 1042 1227 1097 subvertit‘.
1263 1041 1518 1096 Dominus
1548 1041 1718 1096 Sodo-

185 1156 289 1195 nteru
309 1148 347 1191 et
368 1135 691 1190 Gontorrlmm
717 1135 897 1207 (Amos
928 1151 999 1198 tv,
1028 1136 1140 1206 li).
1177 1136 1430 1190 Dominus
1456 1150 1583 1204 ergo
1612 1135 1713 1191 So-

179 1231 347 1286 domatn
376 1226 651 1291 subvertit,
681 1226 734 1281 id
766 1234 871 1293 est,
905 1226 1047 1281 Dens
1082 1226 1371 1282 Sodomam
1408 1227 1668 1282 subvertit
1698 1247 1710 1282 :

172 1322 244 1377 sed
266 1320 308 1374 in
331 1319 668 1373 subversione
694 1317 1052 1373 Sodomorum
1088 1319 1345 1373 Dominus
1373 1318 1508 1389 pluit
1536 1319 1714 1390 ignem

170 1427 192 1467 a
225 1412 442 1468 Domino.
492 1410 590 1467 Hic
633 1421 812 1467 autem
862 1412 1122 1467 Dominus
1169 1414 1315 1466 visus
1354 1420 1439 1467 est
1486 1412 1714 1467 Abrahae

169 1505 281 1564 Deus
306 1526 319 1561 :
350 1508 482 1562 Deus
505 1516 683 1562 autem
714 1506 803 1563 hic
832 1507 1027 1577 hospes
1052 1515 1135 1562 est
1155 1507 1406 1573 Abrahae,
1439 1505 1587 1563 visus
1615 1508 1715 1563 uti-

172 1616 247 1675 que
269 1601 377 1673 quia
405 1608 574 1656 tactus
602 1618 618 1658 :
651 1601 747 1657 sed
799 1616 923 1656 cum
975 1600 1204 1668 Pater’,
1246 1601 1366 1673 quia
1412 1601 1710 1668 invisibilis,

168 1712 248 1754 nec
269 1705 384 1750 tunc
430 1698 616 1766 utique
662 1696 809 1751 visus
835 1696 938 1762 sit;
967 1696 1116 1751 visus
1136 1709 1218 1753 εει
1241 1705 1297 1751 et
1323 1697 1344 1728 ³
1370 1696 1606 1766 ltOSpitio
1636 1712 1715 1752 re-

163 1798 316 1859 ceptus
353 1798 404 1842 et
447 1798 704 1858 acceptus
730 1796 816 1843 est
854 1787 899 1854 ⁴,
955 1789 1044 1859 qui
1088 1789 1282 1844 solitus
1311 1797 1392 1844 est
1436 1788 1599 1859 tangi,
1658 1796 1714 1844 et

1820 578 1864 629 si
1893 577 2127 647 Angelus
2151 587 2357 631 tantum
2385 587 2485 642 est,
2516 592 2613 631 cur
2636 576 2737 632 hoc
2764 576 2867 632 sibi
2894 576 3126 632 vindicat
3152 585 3210 629 ut
3234 576 3380 631 dicat
3404 595 3417 630 :

1820 669 1886 725 In
1917 682 2111 741 gentem
2141 673 2271 725 enim
2299 689 2537 742 magnam
2567 672 2754 742 faciant
2781 688 2913 737 eum,
2946 685 3067 727 cum
3107 668 3210 724 hoc
3240 671 3423 741 utique

1817 778 1987 834 genus
2017 765 2268 833 potentiae
2313 764 2401 819 Dei
2444 765 2535 829 sit,
2574 764 2764 833 Angeli
2805 778 2923 819 esse
2955 777 3060 818 non
3103 761 3306 833 possit?
3340 761 3421 818 Ex

1818 875 1924 930 quo
1982 860 2143 914 etiam
2172 862 2193 889 ⁸
2222 861 2363 915 Deus
2422 860 2773 915 confirmatur
2813 873 2934 914 esse
2974 858 3062 928 qui
3101 856 3205 912 hoc
3245 864 3424 925 potest

1819 951 1999 1008 facere
2033 971 2046 1007 :
2080 954 2327 1022 quoniam
2358 963 2415 1006 ut
2455 952 2556 1007 hoc
2590 954 2763 1021 ipsum
2801 952 3198 1021 comprobetur,
3231 949 3421 1019 adjici-

1821 1053 1907 1099 lttr
1955 1060 2053 1116 per
2093 1044 2421 1115 Scripturam
2465 1045 2642 1099 statim
2675 1060 2689 1099 :
2727 1043 2791 1097 Et
2835 1043 3034 1114 aperuit
3066 1040 3206 1097 Deus
3247 1041 3421 1096 oculos

1818 1142 1948 1211 ejus,
1980 1150 2025 1193 et
2065 1139 2187 1193 vidit
2229 1138 2444 1208 puleumf
2469 1153 2614 1208 aqua:
2641 1137 2783 1201 uivw,
2832 1145 2877 1189 et
2917 1135 3059 1200 abiit,
3106 1144 3151 1189 et
3193 1134 3421 1205 implevit

1817 1242 1981 1287 utrem
2006 1233 2068 1287 de
2095 1243 2267 1302 puteo,
2292 1242 2337 1285 et
2360 1231 2496 1285 dedit
2520 1246 2698 1301 puero,
2729 1239 2773 1283 et
2800 1239 2907 1284 erat
2940 1228 3076 1283 Deus
3101 1243 3213 1280 cum
3239 1243 3412 1298 puero.

1818 1326 1871 1382 Si
1911 1341 2038 1396 ergo
2075 1326 2160 1381 hic
2194 1326 2331 1380 Deus
2374 1332 2490 1379 erat
2525 1338 2647 1379 cum
2678 1338 2848 1393 puero
2876 1321 2965 1393 qui
2994 1319 3204 1389 aperuit
3235 1319 3420 1376 oculos

1818 1418 1983 1488 Agar,
2005 1427 2060 1472 ιιι
2076 1418 2282 1472 videret
2303 1428 2515 1487 puteum
2543 1431 2693 1487 aquai
2710 1416 2865 1481 virm,
2889 1424 2942 1468 et
2968 1412 3204 1467 hauriret
3225 1426 3416 1483 aquam

1818 1521 2037 1581 prepter
2091 1521 2364 1580 urgentem
2436 1510 2554 1564 sitis
2629 1508 3035 1570 necessitatem;
3105 1504 3193 1560 hic
3238 1515 3417 1560 autem

1817 1606 1992 1661 9Deus
2020 1606 2159 1661 cmlo
2192 1606 2333 1659 illam
2365 1614 2523 1661 vocat
2551 1605 2790 1676 Angelus
2812 1604 3009 1671 dictus,
3037 1617 3159 1659 cum
3173 1602 3419 1672 superius

1819 1713 2005 1754 vocem
2043 1699 2269 1753 audiens
2290 1698 2573 1753 clamantis
2620 1698 2770 1769 pueri
2798 1698 2863 1752 ¹⁰.
2889 1697 3029 1752 Deus
3053 1704 3197 1752 esset
3219 1696 3414 1765 potius,

1824 1807 1930 1848 non
1958 1792 2095 1846 alius
2144 1792 2460 1862 intelligitur
2484 1807 2640 1861 quam
2687 1791 2921 1862 Angelus
2962 1804 3083 1846 esse
3127 1789 3328 1859 pariter
3365 1795 3421 1843 et

159 1880 341 1936 videri:
369 1880 453 1934 hie
479 1888 661 1935 autem
691 1877 856 1934 Filius
878 1880 993 1945 Dei,
1022 1879 1270 1935 Dominus
1289 1898 1322 1934 a
1342 1880 1562 1935 Domino
1584 1880 1713 1950 pluit
1742 1898 1791 1958 Β
1821 1885 1981 1941 Deus.
2010 1884 2164 1953 Quod
2194 1900 2315 1939 cum
2346 1884 2492 1938 Patri
2522 1893 2838 1952 competens
2863 1894 2915 1939 et
2944 1883 3271 1938 conveniens
3299 1895 3421 1936 esse

151 1988 285 2042 super
312 1971 584 2027 Sodomam
625 1983 672 2028 et
711 1973 1048 2029 Gomorrhant
1084 1974 1301 2045 sulphur
1338 1984 1487 2045 atque
1524 1975 1712 2046 ignem.

147 2064 233 2120 llic
254 2074 422 2119 autem
452 2065 548 2121 Dei
575 2065 809 2121 Verbum
842 2076 925 2120 est
958 2082 972 2120 :
999 2066 1233 2121 Verbum
1264 2076 1440 2121 autem
1471 2066 1561 2122 Dei
1589 2081 1716 2121 caro

142 2156 319 2213 factum
346 2168 447 2224 est,
474 2166 530 2213 et
556 2158 815 2213 habitavit
840 2159 890 2212 in
923 2159 1078 2215 nobis
1107 2178 1118 2213 :
1156 2158 1243 2213 hic
1272 2168 1453 2213 autem
1474 2159 1717 2214 Cltristus

139 2261 229 2307 est.
275 2251 385 2306 Non
426 2251 587 2306 Pater
634 2252 793 2324 igitur
837 2253 976 2323 apud
1033 2252 1299 2309 Abraham
1349 2252 1565 2322 hoSpes,
1622 2251 1717 2309 sed

28 2350 41 2401 ί
136 2342 374 2399 Christus
421 2344 548 2408 fuit;
576 2358 678 2400 nec
703 2354 827 2399 tunc
856 2345 1016 2400 Pater
1036 2347 1185 2401 visus
1211 2355 1313 2411 est,
1355 2346 1448 2400 sed
1472 2346 1637 2401 Filius
1659 2348 1714 2412 5;

129 2436 271 2492 risus
306 2446 484 2493 autem
511 2449 593 2494 est
616 2437 883 2495 Christus.
936 2439 1124 2495 Merito
1164 2440 1325 2510 igitur
1353 2439 1620 2506 Christus,
1666 2448 1719 2496 et

126 2529 380 2586 Dominus
405 2540 461 2586 et
484 2531 626 2587 Deus
646 2540 750 2599 est,
770 2533 858 2603 qui
886 2548 990 2587 non
1017 2533 1171 2587 aliter
1194 2532 1425 2588 Abrahae
1447 2533 1591 2587 visus
1613 2541 1716 2598 est,

122 2623 225 2678 nisi
262 2624 385 2693 quia
423 2634 550 2680 ante
604 2626 777 2696 ipsum
810 2625 1104 2693 Abraham,
1134 2642 1197 2681 ex
1222 2626 1377 2682 Patre
1402 2627 1511 2682 Deo
1533 2627 1552 2658 ⁸
1579 2626 1720 2683 Deus

116 2713 309 2772 Sermo
335 2727 626 2787 generatus
662 2727 764 2774 est.
810 2718 1020 2785 Adhuc,
1063 2720 1253 2790 inquit,
1298 2720 1438 2775 idem
1483 2721 1727 2791 Angelus

10 2834 19 2841 -
113 2820 173 2866 et
202 2810 349 2867 Deus
375 2813 622 2868 eamdem
644 2815 786 2884 Agar
812 2814 1043 2885 fugatam
1065 2817 1132 2870 dc
1158 2815 1319 2872 domo
1348 2817 1576 2872 Abralue
1597 2832 1718 2873 cum

109 2919 307 2975 puero.
339 2907 653 2963 consolatur
680 2916 736 2964 et
762 2907 960 2963 visitat.
993 2908 1126 2963 Nam
1154 2925 1274 2965 cum
1308 2910 1392 2964 illa
1440 2912 1491 2965 in
1517 2910 1720 2970 .solitu—

106 2998 242 3055 dine
282 3002 625 3071 exposuisset
666 3000 947 3070 infantem,
992 3003 1111 3073 quia
1146 3018 1281 3073 aqua
1322 3002 1608 3059 defecisset
1653 3018 1717 3058 ex

109 3101 261 3161 utre,
289 3110 521 3166 cumque
544 3111 678 3166 puer
702 3096 793 3152 ille
822 3098 1129 3163 clamasset,
1156 3095 1337 3152 ﬂetum
1365 3105 1418 3151 et
1450 3098 1718 3167 planctum

119 3185 352 3243 levasset
400 3187 558 3258 (Gen.
606 3206 717 3253 XXI,
761 3190 851 3253 l7,
880 3189 969 3254 l8,
1001 3188 1092 3261 19)
1131 3191 1172 3255 ⁷,
1207 3189 1274 3243 Et
1304 3190 1517 3255 audivit,
1549 3190 1721 3258 inquit

1820 1994 1926 2034 non
1977 1978 2163 2048 possit,
2204 1979 2293 2047 qui
2340 1976 2709 2032 tantummodo
2755 1976 2895 2031 Dens
2931 1985 3014 2032 est
3055 1993 3067 2030 :
3106 1983 3420 2044 competens

1818 2080 1997 2126 autem
2021 2086 2142 2126 esse
2163 2072 2333 2141 possit
2352 2069 2588 2133 Christo,
2615 2068 2702 2138 qui
2730 2083 2832 2122 non
2865 2066 3233 2122 tantummodo
3258 2065 3417 2132 Deus,

1818 2164 1911 2220 sed
1940 2174 1994 2219 et
2018 2164 2253 2233 Angelus
2284 2163 2657 2233 pronuntiatus
2689 2171 2801 2227 est;
2849 2160 3131 2216 manifeste
3172 2166 3414 2231 apparet,

1817 2272 1925 2313 non
1967 2258 2180 2313 Patrem
2222 2258 2291 2312 ibi
2341 2268 2466 2311 tunc
2515 2257 2749 2311 locutum
2801 2253 2969 2310 fuisse
3007 2254 3073 2308 ad
3117 2256 3278 2324 Agar,
3325 2252 3419 2331 sed

1820 2352 2092 2407 Christum
2120 2352 2318 2421 potius,
2342 2365 2464 2406 cum
2491 2350 2632 2405 Deus
2653 2350 2740 2410 sit,
2770 2348 2856 2404 cui
2879 2348 3039 2403 etiam
3062 2348 3248 2417 Augeli
3273 2360 3420 2401 com-

1820 2446 1949 2515 petit
1995 2460 2221 2510 nomen;
2260 2445 2457 2515 quippe
2485 2458 2604 2497 cutn
2631 2442 2804 2513 magni
2832 2440 3032 2495 consilii
3062 2439 3284 2510 Angelus
3314 2438 3424 2493 fac-

1821 2548 1907 2593 tus
1944 2539 2013 2593 sit
2046 2537 2194 2610 (lsu.
2236 2553 2316 2602 ix,
2352 2535 2407 2607 6)
2445 2555 2457 2589 :
2494 2536 2733 2606 Angelus
2770 2546 2945 2589 autem
2978 2534 3067 2600 sit,
3096 2534 3222 2588 dum
3252 2546 3420 2601 expo-

1821 2632 1899 2685 nit
1943 2632 2119 2684 sinunt
2160 2630 2370 2695 Patris,
2400 2630 2536 2683 sicut
2581 2629 2814 2683 Joannes
2852 2627 3013 2681 edicit
3044 2624 3220 2698 (Joan.
3244 2623 3418 2696 1,18).

1825 2726 1865 2757 ¹¹
1899 2725 1952 2780 Si
1974 2725 2116 2779 enim
2138 2724 2252 2792 ipse
2269 2722 2505 2777 Joannes
2524 2722 2665 2776 hunc
2678 2719 2923 2776 eumdem
2940 2720 3026 2788 qui
3059 2721 3233 2774 sinum
3252 2732 3420 2787 expo-

1822 2820 1899 2874 nit
1926 2819 2122 2883 Patris,
2143 2816 2380 2872 Verbum
2399 2815 2528 2869 dicit
2546 2829 2761 2868 carnetn
2785 2813 2978 2867 factum
3002 2827 3142 2879 eSse,
3167 2820 3222 2865 ut
3242 2810 3416 2865 sinum

1822 2912 1998 2969 Patris
2029 2918 2211 2981 posset
2245 2909 2558 2977 exponere‘.
2589 2907 2781 2962 merito
2817 2904 3059 2959 Christus
3096 2918 3202 2958 non
3246 2903 3417 2957 solum

1823 3007 1987 3063 homo
2020 3016 2104 3060 est
2141 3006 2207 3073 ι’,
2241 3004 2333 3058 sed
2370 3012 2423 3058 et
2457 3002 2729 3071 Angelus;
2786 3014 2887 3055 nec
2915 2999 3150 3069 Angelus
3189 3007 3416 3060 tantum,

1822 3100 1916 3155 sed
1948 3108 2002 3154 et
2030 3098 2174 3153 Dens
2196 3112 2292 3167 per
2314 3095 2622 3164 Scripturas
2643 3093 2962 3156 ostettditnr,
2995 3100 3048 3146 et
3075 3107 3105 3146 a
3135 3091 3285 3145 nobis
3318 3091 3420 3145 hoc

1824 3171 1943 3246 esse
1981 3189 2215 3245 creditur
2249 3205 2261 3241 :
2293 3203 2380 3252 ne,
2419 3187 2463 3240 si
2493 3201 2599 3241 non
2637 3185 2905 3239 Christum
2933 3193 3059 3238 tunc
3086 3183 3319 3236 locutum
3351 3182 3418 3237 ad

124 3278 411 3352 Scriptura,
442 3281 583 3336 Deus
628 3298 798 3336 uocem
833 3283 975 3351 pueri
1020 3282 1085 3337 de
1136 3283 1246 3337 loco
1277 3282 1361 3336 ubi
1408 3291 1533 3336 erat.
1584 3281 1716 3337 Cum
1746 3291 1791 3355 ρ
1823 3284 1966 3354 Agar
1995 3280 2324 3335 voluerimus
2348 3279 2621 3348 accipere;
2650 3286 2742 3331 aut
2765 3276 3025 3346 Angelum
3058 3275 3228 3329 Deum
3258 3272 3417 3328 facia-

127 3369 287 3427 Deum
307 3388 429 3430 esse
460 3374 551 3444 qui
577 3389 765 3430 vocem
798 3374 1014 3429 infantis
1036 3375 1256 3442 audivit,
1291 3376 1591 3441 retulisset;
1621 3374 1714 3429 ad-

121 3464 251 3536 jecit
278 3483 290 3522 :
320 3466 381 3522 Et
405 3468 601 3523 uocauit
629 3467 851 3538 Angelus
880 3466 1089 3522 Domini
1115 3468 1279 3538 ipsum
1304 3468 1441 3538 Agar
1471 3468 1533 3521 de
1552 3468 1714 3532 coelo;

120 3560 373 3631 Angelum
400 3560 648 3618 referens
674 3575 797 3617 esse
824 3576 984 3630 quem
1014 3560 1180 3615 Deum
1205 3560 1433 3623 dixerat,
1455 3572 1509 3616 et
1532 3562 1715 3617 Domi-

124 3667 250 3708 num
295 3657 647 3725 pronuntians
694 3670 817 3712 esse
859 3670 1018 3727 quem
1068 3656 1329 3727 Angelum
1367 3657 1657 3713 collocarat
1694 3676 1710 3714 :

119 3745 313 3815 quique
341 3748 578 3819 Angelus
630 3757 684 3804 et
729 3748 870 3803 Deus
912 3746 1089 3803 adhuc
1128 3748 1228 3818 ipsi
1272 3747 1412 3820 Agar
1454 3750 1715 3820 promittit

118 3837 316 3906 majora
355 3840 563 3904 solatia,
608 3839 836 3895 dicendo
869 3859 882 3895 :
920 3839 1002 3895 Ne
1029 3841 1289 3907 timueris;
1315 3841 1552 3896 exaudiui
1578 3842 1712 3896 enim

118 3945 284 3986 metu
322 3933 466 4005 pueri
503 3934 568 3989 de
607 3933 718 3989 loco
745 3934 832 3988 ubi
857 3942 981 3991 erat.
1015 3932 1207 4006 Surge,
1235 3950 1377 3988 smne
1402 3949 1634 4004 puerum,
1665 3944 1711 3989 et

1818 3390 1959 3441 mus,
1990 3381 2081 3426 aut
2110 3373 2277 3427 Deum
2318 3371 2529 3426 Patrem
2560 3370 2985 3439 omnipotentem
3020 3366 3159 3420 inter
3187 3365 3417 3436 Angelos

1815 3478 2207 3540 computemus.

2232 3607 2461 3665 CAPUT
2501 3607 2643 3664 XIX.
2676 3609 2748 3662 al.
2780 3605 3000 3663 XXVII.

1822 3721 1972 3789 Quod
1995 3723 2147 3776 etiam
2172 3719 2334 3775 Jacob
2360 3720 2654 3791 apparuerit
2687 3717 2819 3772 Deus
2849 3717 3091 3789 Angelus,
3126 3730 3301 3786 nempe
3321 3711 3420 3767 Dei

2525 3810 2715 3866 Filius.

1889 3930 2024 3998 Quid
2049 3931 2094 3986 si
2121 3941 2173 3987 et
2198 3930 2304 3985 alio
2335 3930 2387 3984 iu
2418 3930 2538 3985 loco
2568 3926 2812 3982 similiter
2848 3926 3071 3993 legimus
3107 3923 3274 3977 Deum
3308 3922 3417 3976 An-

1252 4096 1530 4154 GALLAN
1543 4097 1632 4152 DII
1672 4096 2044 4154 COMMEN'I‘A
2056 4096 2234 4153 RIUS.

193 4217 210 4246 ¹
239 4214 505 4272 Dominus.
559 4217 652 4271 Sic
715 4215 1015 4281 Pamelius,
1057 4229 1282 4284 eamque
1322 4215 1606 4269 lectionem
1639 4214 1706 4269 ad

118 4295 349 4343 mentem
377 4288 652 4343 Novatiaui
694 4288 782 4357 qui
815 4288 1061 4343 eamdem
1099 4286 1261 4357 paulo
1320 4295 1439 4355 post
1489 4287 1704 4355 repetit,

120 4367 301 4413 tuetur
336 4359 648 4415 Jatksonus.
682 4359 767 4413 Al.
797 4358 953 4413 Deus.
1716 4360 1719 4361 ⁷

199 4430 222 4459 ³
254 4429 387 4496 Quia.
442 4431 519 4486 Ita
580 4440 727 4499 recte
785 4429 1099 4486 emendavit
1154 4427 1562 4494 Welchmanus,
1608 4441 1707 4499 pro

119 4496 281 4554 editi.
310 4518 415 4570 qua.
446 4496 702 4559 Jicssox'.

194 4570 489 4643 ’Hospitio.
521 4574 669 4629 Hanc
708 4574 868 4630 etiam
907 4587 1094 4627 vocem
1139 4571 1541 4643 reeterestituit
1568 4570 1707 4626 idem

110 4640 516 4716 Welcltmanus,
542 4661 638 4716 pro
660 4646 908 4714 impress.
945 4644 1246 4714 hospitibus.
1276 4642 1380 4699 Sed
1415 4643 1710 4716 tnale_omi-

115 4714 202 4787 sit
216 4717 369 4787 verba
400 4728 445 4771 et
473 4714 728 4785 acceptus,
759 4732 878 4787 qute
906 4719 1138 4787 retinent
1158 4730 1359 4787 omnes
1375 4714 1634 4787 editi._In.

188 4784 213 4816 ⁸
243 4786 336 4853 Qui
384 4788 565 4843 solitus
609 4798 703 4842 est.
767 4784 904 4842 Ante
937 4786 1052 4841 haec
1084 4788 1247 4840 verba
1276 4785 1486 4840 videtur
1516 4784 1709 4841 deesse

118 4854 308 4921 Filius,
337 4859 417 4913 vel
442 4857 538 4913 Dei
565 4857 756 4914 Filius.
790 4859 861 4913 In.

183 4929 207 4959 ⁸
257 4927 412 4984 Visus.
458 4931 649 4999 Aptior
685 4931 788 4997 erit
815 4942 1007 4984 sensus
1041 4927 1087 4981 si
1107 4927 1391 4998 legerimus
1406 4926 1581 4999 Filius
1611 4943 1707 4994 pro

106 5001 256 5056 nisus
288 5016 305 5055 :
341 4998 842 5073 quamgermanam
871 5014 993 5055 esse
1040 4999 1325 5055 lectionem
1364 4998 1459 5123 vis;
1495 4999 1703 5054 dubito.

1467 5087 1591 5123 υΕκ.

1467 5087 1591 5125 DE".

182 5143 205 5173 ⁸
250 5140 371 5198 Deus
424 5144 628 5202 Sermo.
677 5142 753 5198 lta
805 5142 1045 5199 editores
1083 5142 1382 5213 Anglicani.
1419 5140 1532 5196 Vox
1563 5141 1706 5197 Deus

105 5212 280 5284 deest
296 5216 425 5284 apud
460 5216 773 5270 Patnelinm.

179 5286 201 5316 "
241 5281 298 5338 Et
329 5281 560 5341 ‘audivit.
622 5286 786 5342 Forte
821 5285 1076 5340 exaudivit
1106 5301 1124 5338 :
1149 5301 1307 5354 quam
1346 5286 1564 5356 quidem
1604 5299 1702 5339 vo-

110 5370 238 5412 cem
280 5360 457 5428 paucis
499 5358 793 5424 interiectis
821 5359 1012 5426 repetit
1050 5356 1394 5412 Novatianus.
1422 5357 1541 5410 Mox
1570 5372 1700 5414 mss.

110 5428 347 5499 Wovqeri
379 5430 515 5499 apud
548 5429 895 5494 Jacksonum,
926 5444 1097 5499 vorent
1120 5429 1343 5499 audisset
1381 5431 1614 5498 infantis.

185 5500 211 5534 ⁸
236 5497 370 5552 Deus
410 5497 746 5565 conﬁrmatur
790 5517 916 5553 esse.
966 5500 1038 5554 Ita
1064 5498 1333 5555 Welchtu.
1366 5509 1421 5554 et
1441 5497 1698 5556 Jackson.

109 5573 205 5627 ΑΙ.
239 5570 367 5626 Deus
391 5574 726 5642 conﬁrmatur
749 5571 882 5626 Deus
903 5588 1010 5625 esse
1032 5587 1048 5621 :
1074 5572 1250 5625 minus
1271 5580 1436 5636 recte,
1472 5581 1529 5625 ut
1557 5573 1701 5627 vide-

109 5656 219 5700 tur.

179 5718 203 5749 ⁹
232 5711 363 5771 Deus
398 5733 425 5769 e
477 5717 672 5770 ca’lo...
707 5723 869 5768 vocat.
927 5713 1180 5767 Antumat
1210 5712 1594 5769 Welchmanus
1619 5715 1699 5771 le-

142 5784 362 5851 emlunt,
407 5786 546 5841 Deus
583 5787 670 5854 qui
713 5803 740 5840 e
781 5784 906 5839 caelo
936 5796 1096 5839 vocat.
1144 5785 1325 5839 Mallet
1379 5785 1696 5853 Jucksonus,

161 5873 259 5913 cus
281 5873 306 5911 e
325 5859 447 5913 calo
474 5857 621 5912 illam
648 5872 833 5912 uocans
856 5855 1080 5926 Angelus
1109 5865 1181 5910 est
1206 5855 1389 5912 dictus.
1411 5857 1516 5913 Sed
1544 5858 1701 5914 lectio

1812 4215 2018 4281 vulgata
2054 4214 2135 4269 his
2163 4211 2627 4268 emendatiouibus
2653 4225 2788 4280 opus
2819 4226 2926 4265 non
2961 4211 3139 4265 habet.

1887 4280 1928 4318 ³ο
1958 4285 2094 4338 Deus
2114 4295 2241 4338 esset
2268 4286 2452 4350 potius.
2483 4283 2572 4337 Sic
2595 4282 2721 4335 editi
2746 4284 2811 4334 atl
2838 4298 3001 4336 unum
3027 4296 3214 4335 omnes
3257 4280 3417 4336 Jac-It-

1812 4371 1977 4411 sonus
2011 4370 2184 4410 tamen
2211 4366 2412 4409 textum
2437 4352 2832 4407 emendandum
2863 4352 3086 4419 putavit.
3114 4352 3415 4422 ediditque,

1815 4429 1950 4482 Deus
1975 4437 2101 4481 esset
2126 4429 2352 4487 positus;
2377 4431 2659 4494 propterea
2691 4424 2913 4489 scilicet,
2939 4424 3131 4491 inquit,
3157 4424 3296 4492 quod
3323 4440 3416 4493 po—

1733 4498 1786 4557 D
1814 4502 1914 4555 tius
1943 4499 2144 4553 nullum
2173 4497 2365 4552 habeat
2390 4511 2607 4551 sensum
2637 4495 2687 4548 in
2718 4494 2856 4549 loco.
2894 4497 3043 4550 Ilane
3068 4510 3195 4549 vero
3224 4510 3413 4550 emen-

1813 4572 2085 4627 dationem
2109 4570 2193 4623 vix
2223 4566 2608 4621 admittendam
2636 4580 2834 4621 censeo
2860 4584 2873 4621 :
2905 4568 3111 4636 vulgata
3142 4568 3285 4619 enim
3314 4567 3417 4623 lec-

1814 4643 1889 4697 tio
1919 4643 2209 4712 legitimum
2246 4639 2471 4695 fundere
2498 4640 3091 4712 sensum_eomperitur.
3123 4637 3412 4712 Nimirum,

1811 4709 2000 4769 auctor
2030 4714 2204 4767 locum
2236 4712 2515 4769 Geneseos
2544 4725 2652 4771 xxx,
2686 4709 2751 4764 l7
2791 4709 3118 4774 edisserens,
3154 4710 3239 4763 ubi
3283 4709 3416 4779 legi-

1812 4795 1941 4841 tur:
1978 4785 2253 4839 Exnudivit
2296 4794 2464 4837 autem
2512 4783 2656 4837 Deus
2702 4797 2871 4835 vocem
2915 4783 3079 4852 pueri,
3122 4781 3415 4852 vocavitque

1810 4860 2060 4913 Amemus
2090 4857 2184 4910 Dei
2215 4856 2355 4926 Agar
2383 4856 2446 4908 de
2469 4855 2613 4913 cozlo,
2649 4854 2763 4907 hare
2786 4851 2946 4926 habet
2980 4868 2994 4907 :
3026 4851 3125 4905 Hic
3161 4851 3413 4926 Deus,—

1810 4929 2062 4985 ANGELUS
2099 4924 2285 4991 dictus,
2320 4943 2473 4993 quum
2501 4926 2737 4993 superius
2780 4955 2851 4964 —
2879 4925 3019 4979 Deus
3055 4933 3186 4977 esset
3221 4924 3410 4991 potius,

1810 5016 1911 5054 non
1942 5002 2074 5053 alius
2104 5000 2426 5068 intelligitur,
2456 5006 2560 5050 etc.
2596 4996 2823 5068 Perinde
2851 5011 2914 5068 ac
2940 4996 2983 5050 si
3013 4995 3237 5068 dixisset
3266 5010 3278 5045 :
3309 4993 3411 5061 Qui

1810 5070 2005 5125 dicitur
2039 5064 2286 5138 Angelus
2307 5068 2401 5122 Dei
2431 5081 2651 5121 vocasse
2679 5066 2823 5136 Agar
2850 5067 2918 5121 de
2945 5067 3104 5129 caelo,
3143 5064 3225 5119 hic
3253 5076 3410 5120 antea

1811 5141 1952 5195 Deus
1996 5155 2117 5196 esse
2162 5140 2477 5209 perhibetur
2523 5139 2612 5207 qui
2661 5139 2963 5209 exatulierit
2998 5138 3407 5209 vocenipueri.

1807 5212 1938 5268 Illtul
1968 5208 2178 5282 quoque
2207 5210 2433 5282 accedit.
2463 5209 2839 5282 emendatione
2860 5208 3110 5263 .lacksoui
3150 5208 3406 5282 admissa,

1806 5285 1917 5338 vim
1949 5278 2210 5338 orationis
2234 5282 2286 5334 in
2311 5280 2593 5335 Novatiani
2624 5290 2768 5335 textu
2803 5282 3053 5341 retundi;
3084 5294 3247 5349 quum
3276 5278 3408 5332 illtnl

1808 5354 1949 5409 Deus
1971 5364 2095 5409 esset
2118 5355 2285 5423 potius
2312 5353 2594 5423 plurimum
2620 5350 2814 5423 valeat,
2844 5365 3028 5405 contra
3053 5366 3181 5404 vero
3214 5351 3410 5420 frigore

1807 5428 2057 5493 frigescat
2076 5420 2428 5479 Jaekynniana
2460 5420 2725 5493 restitutio
2744 5420 2877 5474 Deus
2898 5432 3022 5476 esset
3053 5422 3267 5493 positus.

1882 5492 1922 5529 “
1957 5498 2018 5551 Si
2062 5498 2215 5550 enim.
2249 5494 2367 5549 Vet.
2399 5493 2552 5546 etlitt.
2600 5492 2706 5547 Sed
2741 5509 2801 5546 en
2824 5509 2873 5545 nt
2902 5509 2920 5547 :
2949 5494 3090 5563 quod
3129 5492 3410 5562 castigavit

1805 5578 1955 5624 recte
1982 5569 2270 5622 Patnelins.
2299 5565 2551 5620 lacusou.

1881 5640 1920 5670 ¹²
1946 5639 2052 5695 Sed
2090 5649 2135 5691 et
2184 5638 2427 5707 Angelus.
2456 5635 2652 5707 Vocem
2683 5644 2735 5687 et
2763 5647 2886 5688 ante
2913 5636 3137 5705 Angelus
3165 5635 3409 5703 reposuit

1805 5710 2075 5765 Patnelius
2101 5725 2166 5764 ex
2201 5706 2299 5761 ins.
2328 5706 2538 5776 Anglic.
2563 5718 2615 5759 et
2642 5708 2908 5774 geminam
2956 5707 3237 5761 lectionem
3281 5720 3406 5775 pro—

1803 5781 1894 5837 bat
1923 5783 2102 5836 statim
2135 5778 2274 5843 quod
2302 5780 2562 5848 sequitur,
2596 5777 2684 5831 sed
2709 5787 2756 5832 et
2796 5778 2953 5833 Deus.
2987 5778 3183 5833 Omisit
3211 5786 3403 5832 etcum

1804 5862 1909 5908 vet.
1944 5853 2100 5908 editt.
2133 5850 2517 5907 Welchmanus
2547 5850 2704 5904 male.
2748 5850 2820 5905 In.
