3716 6272
182 392 259 453 995'
1424 405 1511 463 DE
1542 405 1911 468 TRINITATE
1939 413 2164 473 LIBER.

3297 426 3400 484 926

172 513 347 585 populus
385 510 623 582 superior
668 512 915 570 inventus
962 515 1052 585 sit,
1104 518 1281 577 minor
1324 528 1568 594 repertus
1616 535 1700 582 est
1723 530 1778 594 Α
1806 532 2021 603 proprie
2052 524 2309 601 Angelum
2360 536 2453 592 aut
2504 537 2827 611 intelligere,
2861 551 2954 599 aut
3002 544 3404 618 intelligendum

167 608 262 669 dum
299 612 480 661 nocens
507 607 889 675 comprobatus
930 620 1033 666 est.
1064 612 1193 680 Quis
1223 614 1485 672 dubitabit
1516 618 1698 675 Chris-

166 699 317 760 tumin
342 708 440 768 quo
483 697 596 753 hate
638 700 1033 758 colluctationis
1080 704 1244 777 ﬁgura
1291 709 1553 779 completa
1595 720 1698 780 est,

168 808 251 851 non
274 791 508 845 hominem
533 796 759 855 tantum,
785 792 881 847 sed
912 802 964 849 et
996 796 1159 850 Deum
1181 806 1501 867 agnoscere:
1532 817 1700 873 quan-

168 882 395 955 doquidem
431 880 697 935 hominem
728 882 877 938 illum
908 895 961 940 et
994 887 1157 942 Deum
1180 889 1342 943 etiam
1374 892 1536 961 ligurn
1586 895 1695 963 ipsa

170 972 491 1034 collocationis
515 972 763 1028 videatur
790 979 1205 1047 comprobasse?
1234 981 1300 1035 Et
1332 990 1507 1037 tanien
1535 984 1695 1041 etiam

161 1078 263 1142 post
303 1066 395 1120 ha-c
418 1076 560 1133 atque
604 1081 711 1121 non
752 1079 929 1123 cessat
971 1072 1158 1126 eadem
1194 1071 1468 1142 Scriptura
1517 1076 1696 1134 divina

157 1161 373 1232 Angrltttu
412 1160 566 1213 Deum
610 1159 817 1227 dicere,
863 1171 917 1217 et
959 1165 975 1194 ¹
1020 1164 1186 1220 Deum
1248 1167 1508 1231 Angeium
1565 1184 1693 1239 pro-
1755 1166 1763 1171 ’

152 1253 372 1312 nuntiare.
413 1248 537 1304 Nam
573 1250 725 1323 (Gen.
761 1266 942 1320 sunt,
989 1257 1079 1322 Η.
1126 1256 1215 1329 15)
1256 1270 1374 1313 cum
1413 1258 1691 1317 Manassen

150 1357 281 1416 atque
318 1344 532 1416 Ephrem
573 1345 712 1401 illius
750 1346 950 1420 Joseph
999 1351 1375 1409 benedicturus
1417 1364 1562 1411 esset
1608 1356 1694 1412 hic

155 1445 247 1513 ipse
265 1438 437 1501 Jacob;
466 1441 785 1495 transversis
816 1456 978 1511 Super
1004 1445 1178 1514 capita
1210 1460 1492 1516 puerorum
1525 1450 1692 1504 maui-

157 1538 237 1591 hus
260 1533 518 1595 collocatis,
550 1530 709 1598 Deus,
745 1536 934 1605 inquit,
963 1539 1049 1604 qui
1076 1540 1236 1609 pascit
1266 1557 1345 1594 me
1372 1560 1402 1595 a
1426 1543 1693 1616 juventute

160 1645 248 1683 πιω
269 1642 396 1697 usque
420 1626 468 1679 in
498 1627 631 1679 hunc
656 1628 811 1693 diem,
849 1630 1074 1702 Angelus
1111 1633 1195 1702 qui
1238 1633 1463 1691 liberavit
1508 1655 1587 1692 me
1629 1655 1693 1693 ea:

171 1723 350 1779 omnibus
365 1721 511 1787 tantis,
565 1723 825 1777 benedicat
857 1736 1044 1791 pueros
1072 1726 1181 1782 hos.
1218 1727 1398 1801 Usque
1428 1732 1562 1788 adeo
1590 1744 1688 1788 au-

175 1828 264 1873 tem
293 1814 484 1870 muriam
508 1814 778 1886 Angelum
807 1821 956 1888 ponit
982 1828 1140 1890 quem
1181 1821 1347 1878 Detnn
1375 1822 1599 1893 dixerat,
1635 1837 1690 1883 ut

1805 636 1926 680 esse
1983 627 2350 695 contenderit,
2396 630 2444 685 in
2502 630 2604 687 hoc
2654 650 2865 707 quoque
2915 636 3123 694 viribus
3164 642 3406 700 veritatis

1803 714 2078 788 frangatur
2131 735 2349 775 necesse
2379 731 2481 778 est.
2508 725 2526 755 ⁷
2558 723 2688 779 Nam
2721 727 2764 780 si
2809 729 3059 784 omnibus
3096 731 3407 790 coelestibus

1804 812 2033 865 terrenis
2058 820 2111 865 et
2135 812 2359 870 infernis
2386 815 2599 871 Christo
2628 818 2876 886 subditis,
2913 823 3072 877 etiam
3114 822 3213 892 ipsi
3232 826 3408 895 Ange-

1801 900 1979 958 licum
2035 903 2284 961 omnibus
2333 906 2543 964 caeteris
2595 928 2946 986 quotcumque
3002 917 3238 985 subjema
3281 930 3408 977 sunt

1800 993 2012 1050 Christo
2037 994 2285 1054 dicuntur
2306 999 2399 1068 dii,
2431 1002 2550 1071 jure
2578 1015 2630 1057 et
2652 1002 2791 1060 Deus
2811 998 3077 1063 Christus.
3107 1002 3174 1064 Et
3218 1011 3262 1065 si
3285 1013 3406 1082 qui—

1800 1090 1878 1143 vis
1908 1087 2145 1161 Angelus
2170 1090 2416 1147 subditus
2446 1091 2663 1150 Christo
2685 1090 2817 1153 deus
2846 1111 3017 1167 potest
3054 1100 3190 1167 dici;
3219 1114 3274 1157 et
3305 1103 3406 1161 hoc

1798 1183 1840 1236 si
1871 1183 2131 1240 dicituret
2158 1184 2273 1241 sine
2296 1186 2629 1259 blasphemia
2649 1188 2674 1225 ⁸
2699 1191 2968 1261 profertur
2992 1214 3005 1249 :
3040 1198 3207 1251 multo
3230 1199 3398 1266 magis

1798 1277 1980 1345 utique
2008 1288 2058 1331 et
2083 1262 2185 1333 hoc
2215 1278 2313 1346 ipsi
2343 1279 2433 1336 Dei
2458 1278 2591 1336 Filio
2616 1280 2830 1338 Christo
2851 1294 3154 1356 competere
3199 1298 3399 1359 potest,

1797 1374 1854 1421 Ut
1881 1367 2017 1425 Deus
2043 1373 2436 1440 pronuntietur.
2465 1368 2519 1430 Si
2551 1376 2693 1430 enim
2713 1371 2734 1409 θ
2767 1379 2857 1448 qui
2879 1379 3154 1450 subjectus
3184 1379 3403 1439 Christo

1795 1459 2051 1529 Angelus.
2083 1454 2218 1517 Deus
2264 1466 2555 1534 promitur;
2592 1468 2756 1523 multo
2786 1468 2956 1540 magis
2985 1481 3036 1526 et
3066 1483 3402 1531 constantius

1796 1552 2059 1622 Christus,
2100 1557 2185 1611 cui
2213 1558 2339 1612 sunt
2364 1575 2553 1617 omnes
2584 1562 2772 1631 Angeli
2805 1563 3051 1633 subjecti,
3105 1566 3242 1621 Deus
3281 1583 3403 1625 esse

1794 1648 2020 1703 dicetur.
2046 1649 2152 1704 Nec
2178 1652 2320 1704 enim
2348 1665 2549 1708 naturae
2576 1659 2845 1725 congruit,
2878 1667 2935 1711 ut
2962 1674 3081 1729 qua:
3107 1661 3402 1717 minoribus

1792 1753 2047 1795 concessa
2088 1755 2234 1809 sunt,
2270 1736 2566 1815 majoribus
2595 1748 2950 1821 denegeutur.
2983 1751 3058 1806 lta
3094 1753 3401 1825 siAngelus

1792 1826 2009 1914 Christo
2063 1834 2239 1891 ntiuor
2280 1846 2383 1905 est,
2446 1834 2682 1907 Angelus
2730 1855 2907 1899 autem
2962 1840 3095 1901 deus
3161 1847 3397 1919 dicitur,

176 1909 440 1980 singulariter
468 1909 518 1963 in
548 1911 696 1965 exitu
726 1915 992 1968 sermonis
1022 1918 1105 1969 sui
1134 1918 1371 1987 posuerit
1401 1928 1683 1989 personam
1715 1930 1762 1990 Β
1791 1906 1961 1999 magis
2001 1941 2397 2000 consequenter
2440 1928 2687 1992 Christus
2735 1932 2873 1993 D‘eus
2926 1955 3048 1996 esse
3102 1942 3143 1972 ¹⁰
3182 1942 3397 2012 dicitur,

164 2002 309 2072 dequo
332 2001 649 2070 loquebatur,
696 2004 929 2060 dicendo
955 2008 1215 2061 benedicat
1255 2026 1440 2080 pueros
1477 2011 1588 2067 hos.
1630 2013 1688 2069 Si

150 2094 534 2148 enint'alterttm
593 2096 792 2162 Deum,
835 2098 1064 2153 alterum
1099 2099 1364 2172 Angelum
1418 2102 1677 2160 voluisset

143 2186 347 2255 intelligi,
396 2187 582 2255 plurali
629 2200 854 2245 numero
893 2190 1025 2245 duas
1070 2200 1330 2263 personas
1375 2195 1687 2266 complestis

139 2275 298 2333 luisset
324 2295 339 2331 :
370 2293 505 2335 nunc
527 2282 684 2337 unius
710 2294 957 2353 persona!
979 2284 1304 2355 singularem
1327 2298 1605 2344 numerum
1634 2282 1685 2345 in

132 2371 462 2429 benedictione
501 2374 770 2442 deposuit,
818 2390 883 2432 ex
924 2392 1029 2448 quo
1056 2381 1303 2436 eumdem
1335 2382 1498 2437 Deum
1527 2394 1687 2454 atque

135 2464 361 2534 Angelum
391 2465 609 2537 intelligi
639 2469 823 2523 voluit.
856 2464 962 2525 Sed
990 2472 1131 2525 enim
1164 2474 1300 2527 Deus
1338 2474 1493 2530 Pater
1517 2476 1687 2547 accipi

128 2570 210 2611 non
234 2566 400 2627 potest
430 2572 444 2613 :
478 2559 616 2615 Deus
643 2570 824 2617 autem
858 2571 912 2617 et
953 2564 1211 2633 Angelus,
1241 2564 1485 2622 Christus
1515 2570 1684 2640 accipi

122 2662 291 2720 potest.
324 2652 492 2720 Quem
525 2663 585 2709 ut
624 2656 779 2727 hujus
806 2658 1196 2714 benedictionis
1222 2671 1495 2717 auctorem
1524 2668 1684 2721 etiam

114 2752 428 2802 transversas
470 2760 632 2817 super
673 2764 868 2819 pueros
907 2758 1098 2806 manus
1127 2752 1295 2810 Iacob
1326 2756 1573 2822 ponendo
1614 2758 1685 2812 si-

103 2838 381 2907 gniﬁcavit,
437 2844 591 2911 quasi
634 2852 785 2912 pater
828 2844 1038 2900 illorum
1106 2860 1248 2902 esset
1281 2842 1527 2907 Christus
1559 2851 1579 2883 ³
1619 2868 1685 2909 ex

98 2944 200 2998 quo
248 2946 437 2987 manus
495 2946 697 3003 ponere
764 2938 984 3003 ligurum
1024 2944 1078 2993 et
1121 2939 1344 2995 formam
1387 2941 1410 2973 ⁸
1453 2940 1683 2999 futuram

100 3025 357 3092 passionis
378 3027 687 3082 ostendens.
716 3028 886 3083 Nemo
909 3031 1068 3099 igitur
1091 3030 1383 3099 Christum,
1416 3035 1554 3089 sicut
1577 3035 1687 3091 Au-

96 3117 261 3185 grhnn
307 3133 414 3172 non
457 3118 662 3174 dubitat
706 3122 906 3189 dicere,
952 3120 1023 3176 ita
1067 3125 1226 3179 etiam
1274 3126 1442 3181 Deum
1476 3128 1689 3187 hacsitet

100 3213 455 3276 pronuntiare,
529 3224 651 3267 cum
727 3219 868 3270 hunc
935 3217 1182 3271 eumdem
1216 3218 1257 3284 ³,
1303 3229 1352 3273 rt
1393 3236 1682 3291 puerorum

1790 2021 1879 2089 qui
1932 2028 2039 2075 non
2095 2036 2222 2088 uno,
2281 2018 2378 2080 sed
2426 2026 2676 2083 omnibus
2731 2028 2949 2100 Angelis
3014 2036 3069 2088 et
3120 2035 3292 2104 major
3348 2046 3405 2094 et

1789 2112 1981 2167 melior
2042 2114 2329 2169 invenitur.
2396 2116 2475 2173 Ac
2528 2118 2572 2174 si
2623 2116 2761 2175 stetit
2818 2118 2953 2178 Deus
3023 2116 3075 2179 in
3140 2142 3400 2200 synagoga

1790 2204 1998 2261 deorum
2070 2206 2123 2262 in
2199 2208 2366 2265 medio
2441 2218 2609 2267 autem
2665 2206 2706 2246 η
2758 2204 2895 2271 Deus
2959 2208 3082 2274 deos
3159 2221 3399 2278 discernit

1790 2297 1968 2365 (Psal.
2010 2312 2197 2368 Lxxxr,
2231 2298 2282 2368 l,
2313 2301 2409 2375 2);
2451 2306 2500 2359 in
2534 2316 2802 2379 synagoga
2854 2319 3033 2367 autem
3076 2312 3398 2383 aliquotiens

1788 2392 2033 2449 Christus
2063 2396 2243 2462 stetit;
2276 2392 2522 2454 Christus
2552 2414 2681 2472 ergo
2723 2404 2774 2456 in
2807 2416 3077 2475 synagOga
3109 2404 3247 2461 Deus
3288 2421 3399 2465 ste-

1790 2484 1884 2552 tit,
1916 2484 2217 2555 dijudicttns
2264 2488 2472 2545 scilicet
2516 2490 2645 2547 deus
2697 2494 2893 2564 quibus
2914 2490 3039 2553 dicit
3082 2490 3396 2574 :Usquequo

1788 2594 2030 2651 personas
2060 2578 2320 2637 hominum
2347 2584 2615 2655 accipitis?
2652 2602 2916 2645 accusans
2962 2590 3169 2650 scilicet
3206 2612 3396 2653 conse-

1789 2680 2017 2742 quenter
2047 2672 2290 2729 homines
2318 2684 2605 2749 synagogas
2648 2694 2752 2735 non
2785 2692 3100 2740 exercentes
3129 2686 3269 2755 justa
3307 2686 3395 2757 ju-

1786 2760 1946 2823 dicia.
1968 2767 2136 2823 Porro
2179 2769 2223 2824 si
2256 2764 2330 2825 illi
2362 2772 2452 2841 qui
2482 2770 2950 2843 reprehenduntur
2977 2784 3138 2847 atque
3174 2779 3393 2849 culpan-

1790 2870 1908 2927 tur,
1941 2872 2158 2933 propter
2194 2860 2421 2935 aliquam
2453 2874 2629 2921 tamcu
2677 2876 2897 2924 causam
2929 2860 3029 2926 hoc
3055 2882 3247 2926 nomen
3278 2873 3394 2929 adi-

1789 2954 1920 3025 pisci
1954 2954 2070 3011 sine
2098 2954 2427 3027 blasphemia
2464 2960 2732 3029 ridentur,
2767 2966 2821 3016 ut
2864 2960 2937 3025 dii
2970 2976 3347 3035 nuncupentur
3375 2983 3389 3023 :

1788 3042 1956 3103 multo
2001 3050 2169 3119 magis
2201 3046 2383 3122 utique
2412 3048 2497 3105 hic
2530 3050 2669 3107 Deus
2704 3048 2987 3110 habebitur
3026 3057 3113 3127 qui
3139 3074 3242 3112 non
3275 3068 3393 3114 tan—

1790 3146 1899 3197 tum
1939 3143 2078 3197 Deus
2104 3140 2146 3175 “
2171 3144 2223 3198 in
2264 3159 2532 3215 synagoga
2561 3138 2783 3200 deorum
2810 3148 3025 3204 Stetisse
3052 3148 3266 3217 dicitur,
3296 3151 3391 3207 sed

1787 3236 1945 3292 etiam
1974 3228 2106 3291 deos
2135 3236 2448 3291 diSCerueus
2469 3247 2520 3292 et
2542 3234 2837 3306 dijtidicans
2858 3281 2871 3304 ,
2897 3250 2962 3294 ex
2991 3241 3176 3295 eadem
3211 3242 3393 3299 lcetio-

100 3302 279 3355 horum
324 3303 776 3367 benedictionem.
826 3324 920 3376 per
961 3306 1365 3365 Sacramentum
1417 3315 1683 3384 passionis

1852 3344 1871 3382 s
1900 3329 2219 3384 auctoritate
2268 3328 2524 3397 aperitur.
2561 3302 2690 3385 AVISI
2720 3329 2825 3392 illi,
2855 3332 2941 3401 qui
2975 3342 3229 3403 tamquam
3262 3348 3392 3389 unus

119 3393 354 3464 digestum
387 3397 440 3451 in
468 3396 633 3469 ﬁgura
666 3404 940 3467 manuitm,
966 3410 1018 3456 et
1047 3401 1211 3458 Deum
1235 3408 1289 3459 et
1311 3404 1572 3475 Angelum
1602 3406 1681 3462 iu-

132 3484 293 3557 telligat
321 3489 624 3545 invocatum
651 3490 836 3547 fuisse.

544 3598 772 3661 CAPUT
803 3604 919 3671 XX,
956 3608 1027 3661 al.
1051 3608 1167 3664 XV.

125 3685 190 3744 Ex
223 3689 496 3762 Scripturis
564 3697 852 3767 probatur,
909 3699 1164 3755 Christum
1218 3700 1376 3771 fuisse
1427 3701 1677 3774 Angeltmt

175 3782 486 3854 appellatum.
529 3790 757 3843 Attamen
804 3801 849 3845 et
880 3788 1042 3846 Deum
1088 3810 1214 3862 esse,
1254 3812 1318 3850 ex
1345 3796 1461 3850 aliis
1518 3815 1677 3854 socrte

177 3876 442 3949 Scriptura:
470 3883 593 3937 locis
620 3884 923 3938 ostenditur.

1786 3422 1850 3475 de
1869 3418 2178 3492 principibus
2192 3418 2385 3477 eadunt
2420 3420 2581 3495 (Ibid.
2614 3438 2743 3478 vers.
2779 3422 2855 3495 7),
2886 3420 2957 3478 dii
2988 3433 3162 3481 tamen
3187 3440 3393 3483 nuncu—

1785 3525 2011 3586 pantur;
2046 3510 2211 3569 multo
2233 3510 2398 3587 magis
2432 3514 2569 3571 Deus
2613 3528 2735 3572 eSse
2770 3514 2997 3582 dicetur,
3026 3521 3114 3589 qui
3147 3534 3250 3575 non
3276 3531 3392 3577 tan-

1783 3616 1893 3661 tum
1941 3610 2208 3674 tamquam
2249 3614 2386 3662 tinus
2434 3618 2497 3663 ex
2555 3607 2885 3678 principibus
2930 3623 3036 3665 non
3081 3611 3253 3677 cadit;
3296 3613 3392 3667 sed

1779 3694 1951 3769 ipsum
1977 3704 2189 3770 quoque
2225 3694 2436 3755 malitia:
2464 3704 2517 3756 e‘t
2556 3708 2830 3757 auctorem
2868 3714 2920 3758 et
2948 3703 3242 3774 principem
3275 3704 3393 3758 vin-

1779 3794 1871 3849 cit.
1902 3790 2031 3862 Quae
2060 3804 2258 3856 autem,
2291 3794 2509 3856 malum.
2543 3795 2679 3849 ratio
2704 3804 2808 3862 est,
2838 3805 2893 3850 ut
2921 3808 3043 3851 cum
3073 3798 3249 3867 legant
3285 3794 3387 3853 hoc

1776 3885 1939 3941 etiam
1970 3882 2134 3958 Moysi
2162 3894 2359 3941 nomen
2386 3886 2592 3952 datum,
2623 3888 2751 3941 dum
2783 3884 2993 3950 dicitur,
3022 3888 3184 3942 Dettm
3210 3896 3258 3942 te
3285 3906 3385 3956 po-

176 3970 317 4027 At‘si
346 3972 539 4044 aliquis
564 3977 868 4040 haereticus,
903 3978 1246 4047 pertinaciter
1273 3979 1551 4037 obluctans
1580 3982 1675 4036 ad—
1776 3978 1854 4033 sui
1888 3974 2154 4033 Pharaoni
2179 3974 2373 4051 (Exod.
2407 3988 2503 4043 Vit,
2534 3978 2622 4050 1);
2652 3978 2866 4034 Christo
2893 3984 3136 4050 negetur,
3167 3978 3254 4050 qui
3282 3993 3388 4037 non

122 4070 272 4122 terstts
307 4068 609 4137 veritatem,
647 4070 877 4142 voluerit
914 4070 966 4125 in
998 4070 1078 4126 his
1124 4072 1374 4127 omnibus
1410 4074 1672 4144 exemplis

1778 4071 2046 4127 Pharaoni
2070 4072 2232 4138 Deus,
2265 4070 2363 4129 sed
2387 4068 2647 4129 universae
2669 4079 2932 4129 creaturae
2961 4082 3015 4130 et
3047 4075 3303 4132 Dominus
3335 4086 3391 4135 et

1225 4214 1601 4271 GALLANDII
1631 4213 2193 4273 COMMENTARIUS.

178 4348 195 4378 ¹
220 4347 275 4404 Et
295 4348 471 4406 Deum.
492 4348 581 4407 Sic
608 4360 834 4423 uterque
847 4351 1168 4423 Anglicanus
1184 4348 1487 4408 editor.Al.
1509 4349 1674 4405 omit-

128 4420 470 4492 tuntespulam
493 4430 560 4478 et.

185 4491 421 4549 tam".
448 4494 632 4547 Deum.
666 4494 770 4549 Has
799 4510 958 4550 voces
984 4510 1013 4549 a
1036 4494 1265 4550 librariis
1292 4503 1514 4565 propter
1541 4507 1674 4548 con-

1851 4349 1874 4381 "
1895 4342 2033 4403 Nam
2055 4348 2096 4402 si
2119 4344 2419 4421 omnibus...
2446 4343 2514 4421 Et
2534 4348 2578 4402 si
2596 4347 2757 4419 quivis
2774 4342 3018 4421 Angelus.
3050 4348 3137 4406 Sic
3169 4364 3388 4420 prorsus

1781 4421 1910 4491 legit
1931 4432 1985 4474 et
2012 4419 2226 4487 supplet
2256 4419 2545 4484 Pamelius,
2582 4421 2776 4485 partim
2804 4419 2869 4475 eti
2900 4421 3136 4477 editione
3162 4419 3384 4490 (ἒπειηωί

1781 4497 1978 4561 priore.
2012 4491 2183 4546 Locus
2209 4501 2387 4545 tamen
2410 4492 2585 4545 adhuc
2612 4491 2877 4559 implexus
2908 4493 3137 4549 videtur.
3182 4495 3388 4552 Monuit

115 4574 289 4619 sueta...
316 4569 364 4622 ει,
386 4567 785 4640 ὁμοιοτέλςυςοις
818 4568 1202 4640 negligentiam
1247 4563 1497 4640 uitiissas,
1529 4575 1676 4620 recte
1702 4564 1754 4624 D
1782 4568 1861 4640 uir
1889 4564 2290 4640 doctustroces
2320 4563 2413 4626 dii,
2430 4563 2552 4633 jure
2595 4574 2654 4640 et
2668 4563 2804 4618 Deus
2835 4563 3067 4640 Christus
3092 4568 3232 4621 visas
3263 4584 3385 4624 esse

117 4635 376 4693 restituisse
398 4630 643 4692 \lnlentur
675 4630 1056 4692 Welchmanns
1098 4648 1150 4691 et
1176 4630 1495 4693 Jacksonns.

176 4704 196 4735 ³
213 4700 287 4762 ετ
308 4724 403 4772 quo
426 4726 605 4763 manus
635 4722 841 4779 ponere.
876 4708 1092 4763 Pottrrct
1119 4712 1361 4763 rescribit
1385 4707 1679 4764 Cotelerius

118 4772 298 4832 locum
354 4781 495 4835 Eccl.
525 4772 783 4835 (ἔπἰυιιι.
819 4794 899 4846 nt,
933 4795 985 4849 p.
1013 4780 1135 4845 655,
1164 4782 1248 4833 cui
1273 4781 1548 4833 adha-rent
1575 4781 1680 4833 rdi-

117 4854 237 4903 tores
276 4854 571 4921 Anglicani.
605 4853 792 4907 Ca'cus
835 4869 995 4921 porro
1022 4860 1133 4913 est,
1165 4851 1334 4921 inquit
1365 4851 1675 4906 Welchma-

116 4925 323 4991 nu~.qni
375 4940 479 4978 non
527 4925 726 4988 videat,
760 4924 873 4977 lure
900 4924 964 4976 ad
1016 4924 1254 4991 proxime
1306 4923 1677 4977 antecedentia

115 4991 370 5061 pertinere,
404 5006 455 5048 et
479 4993 704 5065 proinde
735 4996 784 5048 itt
818 5010 914 5047 suo
957 4996 1073 5047 loco
1096 4993 1204 5062 jam
1236 4996 1420 5062 reponi
1458 5012 1469 5047 :
1506 5006 1671 5063 quum

115 5068 265 5116 latneu
291 5066 339 5119 in
370 5068 581 5121 caeteris
623 5068 871 5120 munibus
897 5066 1055 5119 editis
1097 5067 1252 5135 longe
1292 5080 1319 5118 a
1364 5080 1423 5121 se
1450 5066 1674 5119 imit-em

112 5144 415 5203 Separentur,
450 5138 532 5192 his
558 5140 609 5191 in
646 5138 794 5191 initio
816 5153 932 5206 cap.
972 5138 1061 5203 15,
1099 5139 1310 5205 positis,
1339 5138 1456 5191 istis
1485 5136 1538 5192 in
1569 5138 1677 5192 line

114 5216 215 5263 εει).
238 5207 319 5262 27.
351 5208 481 5263 Vide
507 5211 754 5263 superius
785 5210 1034 5261 adnotata
1067 5210 1131 5259 ad
1185 5224 1284 5263 can
1335 5209 1422 5263 i5.

203 5242 215 5255 ο
238 5226 319 5262 ΖΙ.
357 5226 481 5262 Viue
507 5226 754 5262 ειιιιθνιιιε
785 5226 1034 5261 3011013111
1067 5226 1131 5259 all
1185 5226 1284 5262 (Ἧι)
1335 5226 1422 5262 ιθ.

114 5216 215 5271 cap.
238 5207 319 5262 27.
351 5208 481 5263 Vide
507 5211 754 5276 superius
785 5210 1034 5261 adnotata
1067 5210 1131 5259 ad
1185 5224 1284 5275 cap
1335 5209 1422 5263 i5.

175 5274 467 5333 ‘Futuram.
495 5280 672 5334 Mallet
702 5285 890 5349 futurae
939 5278 1320 5334 Welchmanus
1350 5298 1363 5333 :
1392 5279 1487 5334 sed
1544 5279 1677 5335 nihil

114 5351 396 5405 mutandum
430 5364 617 5404 censet
647 5350 966 5406 JackSonus.

178 5416 282 5475 “Et.
295 5462 331 5476 ..
350 5423 762 5477 benedictionem.
788 5424 863 5477 Ed
872 5425 1088 5476 itionem
1108 5421 1470 5477 Pamelianam
1498 5422 1675 5491 sequi-

115 5498 234 5563 mur,
259 5508 412 5563 quam
466 5495 858 5547 entendamlam
888 5496 1214 5548 cxi~titnavit
1240 5492 1560 5556 J:n-ksnnu~,
1594 5508 1679 5548 re-

114 5559 326 5634 scriheus
376 5581 508 5619 ex...
553 5566 911 5619 benedictione.
936 5565 1320 5621 Welchmantts
1367 5574 1545 5618 autem
1578 5576 1676 5634 pro

112 5633 471 5705 (“deﬁgi-mlum
501 5636 554 5689 in
584 5635 926 5704 conjicieltat.

181 5701 273 5776 {Ai
305 5711 367 5762 si.
394 5708 465 5761 Ita
495 5701 705 5760 veteres
732 5708 879 5762 editi.
904 5708 1088 5776 Neque
1112 5708 1268 5763 aliter
1293 5705 1678 5763 Welchmanus

116 5779 169 5849 9t
188 5770 475 5849 iactantius.
509 5777 779 5832 Pamelins
807 5795 931 5835 vero
950 5770 1014 5835 ei
1039 5795 1138 5835 ms.
1167 5781 1371 5849 Anglic.
1390 5778 1524 5832 Atsi.
1557 5779 1674 5834 Mox

112 5841 354 5921 ξίιριςοιιο
387 5848 596 5921 Voweri
628 5864 730 5921 ms.
762 5860 945 5909 secuto
966 5895 980 5919 ,
1011 5841 1311 5908 contendere
1348 5858 1444 5921 pro
1469 5860 1676 5906 conten-

103 5912 225 5971 derit
249 5934 503 5990 reponere
531 5919 752 5991 placuit.

1783 4634 2001 4705 Gagnzt-i
2051 4632 2403 4699 additionem,
2432 4632 2505 4689 et
2549 4636 2777 4690 omissas
2823 4654 2850 4688 a
2883 4638 3131 4704 Geteuio,
3173 4640 3386 4695 vindice

1785 4722 1885 4761 ms.
1925 4707 2265 4780 Britannico;
2300 4706 2455 4775 cujus
2491 4707 2668 4774 lectio,
2704 4722 2815 4761 uno
2862 4709 3124 4764 voeabulo
3171 4711 3386 4780 subjecti

1782 4779 1867 4832 vel
1896 4777 2083 4832 subditi
2109 4778 2291 4832 addito
2321 4789 2441 4847 post
2467 4780 2689 4834 verbum
2713 4779 2971 4845 dicuntur,
3001 4780 3140 4836 hunc
3192 4777 3382 4837 saltum

1781 4850 2172 4904 editsensnm:
2212 4848 2347 4902 Nam
2373 4851 2417 4903 si
2463 4850 2696 4904 onmibus
2744 4852 3023 4904 coelestibus
3065 4857 3277 4908 terrenis
3337 4864 3384 4910 et

1780 4922 1994 4991 infernis
2026 4920 2225 4975 Christo
2255 4921 2487 4981 subditis.
2518 4923 2670 4975 etiam
2710 4918 2811 4989 ipsi
2841 4922 3022 4989 Angeli
3068 4941 3182 4977 cum
3214 4925 3381 4979 omni-

1781 4991 1871 5046 bus
1902 4994 2093 5047 cteteris
2113 5004 2441 5063 quiscumque
2470 4993 2696 5062 subjecta
2722 4996 2837 5047 sunt
2857 5033 2871 5057 ,
2900 4991 3100 5048 Christo
3143 4996 3383 5051 dicuntur

1807 5066 2032 5132 subjecti
2072 5066 2149 5118 vel
2194 5062 2453 5133 subditi);
2483 5073 2531 5116 et
2582 5075 2747 5117 tamen
2792 5066 2952 5129 quivis
2983 5065 3228 5137 Angelus,
3273 5080 3377 5124 etc.

1808 5137 1939 5205 hec,
1963 5147 2019 5189 ut
2046 5137 2293 5205 equidem
2336 5146 2481 5204 puto,
2520 5146 2600 5188 est
2627 5151 2877 5204 germana
2924 5137 3099 5191 lectio.
3129 5154 3378 5194 JACKSON.

1852 5200 2188 5277 “Profertur.
2239 5200 2441 5261 Um'ut-s
2492 5200 2858 5260 edit—Daniel.
2913 5209 3214 5277 proferetur.
3275 5211 3381 5265 Sed

1779 5288 1991 5334 veteres
2019 5279 2170 5332 editt.
2203 5282 2489 5349 profertur.
2512 5277 2696 5349 Recte.
2727 5279 2959 5333 Jacxson
2986 5289 3039 5332 et
3074 5278 3374 5337 Weccmu.

1850 5351 1873 5383 θ
1904 5350 2004 5417 Qui
2032 5344 2308 5420 subjectus:
2338 5344 2429 5403 Vel
2460 5347 2763 5420 Alt-gendum
2814 5351 2977 5417 quivis
3020 5352 3293 5420 subjectus,
3326 5362 3383 5407 ut

1783 5424 1940 5491 paulo
1967 5418 2129 5483 antei
2158 5421 2240 5473 vel
2269 5423 2354 5484 qui
2389 5418 2645 5491 subjectus
2692 5430 2781 5474 est.
2820 5422 2891 5475 Ita
2925 5419 3245 5476 Jacksontts.
3278 5423 3377 5480 Po-

1780 5490 2039 5548 etreutum
2071 5492 2298 5560 rtmjecit
2329 5505 2542 5560 quoque
2573 5490 2975 5545 Wt-lehmanus.

1855 5565 1897 5596 ὀ
1924 5562 2138 5618 Dicitur.
2176 5563 2336 5617 Forte
2361 5563 2575 5620 dicetur.
2602 5574 2656 5614 ut
2686 5564 2842 5630 paulo
2869 5574 3012 5617 ante.
3047 5562 3302 5621 lacuson.

1856 5638 1895 5668 ¹¹
1922 5635 2057 5688 Dens
2075 5637 2225 5688 Deos.
2246 5634 2443 5688 Vocem
2474 5632 2608 5686 Deus
2623 5635 2875 5703 expunxit
2893 5633 3194 5690 JncltsOnus
3210 5636 3378 5693 inita?-

1782 5724 1907 5763 rens
1941 5707 2071 5761 ileb.
2099 5722 2230 5775 cxx,
2261 5716 2318 5761 et
2340 5704 2498 5775 Vulg.
2527 5720 2687 5774 quam
2712 5717 2891 5761 tamen
2916 5706 3379 5767 exhibentomnes

1813 5780 1927 5834 diti.

1781 5797 1982 5903 θαᾘὶη
2008 5863 2288 5920 synagoga.
2315 5846 2440 5903 lltrc
2464 5846 2625 5920 verba
2655 5858 2799 5903 recte
2818 5847 3052 5904 restituit
3073 5848 3380 5907 Welchma-

1782 5936 1905 5992 nus,
1958 5918 2400 5978 seusu'auctoris
2448 5918 2807 5990 vindice3qui
2829 5927 2883 5976 et
2914 5920 3071 5992 paulo
3121 5931 3241 5993 post
3282 5938 3384 5995 pro
