1858 3136
184 170 236 199 927

908 175 1097 204 NOVATIANI

1722 194 1759 223 9-28

185 230 256 278 Deus
281 231 441 259 constitutus
464 238 524 259 esse
547 232 697 267 reperitur?
714 232 745 260 Et
771 233 796 259 iit
818 233 863 260 illo
874 233 980 268 quidem
995 235 1019 265 A
1034 235 1104 262 niam
1125 234 1271 262 secundum
1292 235 1453 264 divinitatem
1467 242 1526 266 ante
1544 246 1637 269 omnem
1655 251 1762 278 creaturam
1816 245 1817 277 ι

183 276 237 305 hoc
250 285 346 305 nomen
362 282 510 313 temperate
535 279 636 310 datum,
655 280 679 306 in
694 279 744 306 hoc
761 279 867 314 profuse
880 289 885 306 :
899 280 924 306 iu
939 280 984 307 illo

183 323 216 350 ad
234 331 395 362 mensuram,
412 324 438 350 in
462 323 513 351 hoc
533 332 614 360 supra
638 332 745 352 omnem
772 326 882 352 omnino
909 333 984 352 men—

183 377 284 397 suram.
311 370 371 397 Non
395 372 461 398 enim
487 372 521 398 ad
545 380 699 404 mensuram,
724 373 821 407 inquit.
849 373 893 399 dat
915 372 984 399 Filio

183 416 264 444 Pater
278 425 286 444 :
301 417 380 444 Pater
392 418 473 451 enim,
503 419 602 454 inquit,
617 419 702 455 diligit
723 418 817 446 Filium
833 418 922 455 (Joan.
941 427 981 453 ιιι1

182 464 229 497 54,
245 464 300 493 55).
316 463 344 490 lu
367 464 413 491 illo
440 464 472 491 ad
497 470 612 499 tempus,
640 465 665 492 in
691 466 741 492 hoc
764 465 822 492 sine
847 471 982 499 tempore;

183 510 264 538 divini
278 511 349 537 enim
364 511 479 539 nominis
496 517 652 547 petestatem
671 518 698 539 et
718 519 799 546 super
813 511 902 538 onmia
916 516 943 538 et
958 511 983 538 in

183 564 263 584 omne
279 561 384 591 tempus
406 558 516 592 accispit.
533 558 608 592 Quud
624 558 646 584 si
662 559 705 592 qui
721 558 797 585 unius
814 557 927 584 hominis
941 565 984 584 ac—

183 603 254 637 cepit
267 607 435 637 potestatem,
453 603 479 630 in
502 606 551 631 hac
566 604 710 639 exiguitate
724 603 802 638 hujus
822 603 892 630 data:
910 607 984 638 pote—

183 650 259 676 statis
275 656 371 676 nomen
385 654 472 677 tamen
489 651 557 678 istud
583 651 629 678 Dei
641 651 826 678 incunctanter
844 651 985 685 consequi—

184 700 242 728 tur;
254 701 354 730 quanto
368 697 450 731 magis
461 697 506 732 qui
519 698 544 723 in
560 697 646 731 ipsum
660 704 767 732 quoque
782 696 889 731 Moysen
905 696 985 723 habet

184 747 356 778 potestatem,
377 744 491 771 nominis
515 744 590 771 istius
609 743 795 771 auctoritatem
823 747 985 770 corisecutus

185 795 245 816 esse
259 789 384 817 credetur
399 790 411 817 ?

414 832 529 864 CAPUT
543 836 619 869 XXI,
630 836 666 863 al.
681 835 751 864 XVI.

208 880 331 908 Eamdem
349 882 461 909 divinam
476 882 633 917 majestate»:
646 883 671 908 in
682 882 783 909 Christo
798 881 856 908 aliis
869 881 960 908 iterum

430 928 571 964 Scripturis
584 929 742 963 conﬁrmari.

222 984 255 1011 Et
263 988 381 1019 poteram
389 984 495 1020 quidem
505 985 623 1012 omnium
631 984 828 1019 Scripturarum
836 984 984 1012 ctnlestium

186 1032 333 1059 eventilare
347 1036 485 1064 tractatus,
500 1038 527 1059 et
538 1032 671 1066 ingentem
689 1032 759 1060 circa
775 1032 853 1059 istam
868 1032 984 1065 speciem

185 1077 283 1105 Christi
298 1078 452 1110 divinitatis,
470 1082 498 1106 ut
513 1079 549 1106 ita
562 1078 676 1106 dixerim
686 1101 693 1111 ,
711 1079 806 1105 silvam
833 1085 986 1105 commove-

185 1132 215 1152 re
233 1133 240 1151 :
258 1125 307 1152 nisi
322 1126 449 1160 quoniam
464 1133 517 1153 non
528 1130 580 1152 tam
596 1125 660 1152 mihi
676 1130 769 1152 contra
781 1124 849 1151 hanc
862 1124 986 1151 haeresim

186 1173 353 1208 propositum
381 1176 421 1199 est
446 1172 545 1204 dicere.
565 1179 644 1207 quam
670 1172 796 1205 breviter,
811 1172 880 1199 circa
895 1179 988 1206 perso-

185 1226 247 1247 nam
260 1218 358 1246 Christi
369 1219 497 1254 Regulam
522 1219 641 1246 veritatis
662 1219 777 1253 aperire.
794 1218 922 1251 Quamvis
947 1222 988 1244 ta-

186 1272 247 1292 men
259 1264 291 1291 :td
305 1265 354 1292 alia
380 1265 515 1298 festinem,
532 1265 597 1292 illud
623 1273 676 1292 non
698 1265 815 1292 arbitror
829 1264 988 1299 prmtcrmit-

185 1311 314 1344 tendum,
329 1312 400 1347 quod
415 1312 441 1339 in
464 1312 610 1347 Evangelio
636 1312 763 1339 Dominus
789 1311 822 1339 ad
837 1311 988 1347 signitican-

186 1359 251 1387 tiam
281 1366 337 1386 sua:
369 1360 516 1394 majestatis
542 1360 679 1395 expressit
713 1359 827 1386 dicendo
861 1369 868 1386 τ
892 1358 990 1385 Solvite

186 1406 308 1441 templum
327 1406 383 1439 hoc,
400 1411 421 1433 et
437 1414 482 1441 ego
506 1407 533 1433 in
551 1407 636 1433 triduo
662 1405 789 1433 suscitabo
810 1406 876 1432 illud
898 1404 988 1440 (Joan.

187 1461 217 1486 ιι,
234 1453 290 1487 l9).
306 1454 358 1480 Aut
368 1453 475 1487 quando
487 1453 512 1480 in
525 1454 578 1480 alio
593 1453 663 1486 loco,
679 1457 705 1480 et
718 1452 769 1479 alia
785 1457 859 1487 parte
873 1459 990 1486 pronun-

188 1500 251 1527 tiat:
268 1498 423 1526 Potestatem
437 1499 516 1526 habeo
537 1500 650 1526 animam
664 1507 746 1525 meam
768 1499 879 1534 ponendi
894 1503 917 1525 et
931 1506 991 1524 rur~

188 1554 233 1574 lus
249 1547 257 1562 ¹
273 1547 385 1582 recipere
398 1555 454 1573 eam
465 1555 475 1573 :
486 1547 533 1573 Itot:
548 1547 615 1573 enim
640 1545 791 1572 mandatum
814 1546 925 1579 accepta
938 1544 990 1570 Pa—

190 1599 227 1621 tre
243 1593 333 1629 (Joan.
360 1602 387 1627 x,
405 1593 449 1629 18)
467 1612 473 1620 .
498 1593 563 1627 Quis
574 1597 615 1619 cst
632 1592 703 1620 enim
725 1592 768 1626 qui
791 1592 854 1619 dicit
874 1591 989 1618 animam

190 1648 265 1668 suam
282 1649 311 1668 se
326 1649 405 1676 posse
418 1648 529 1676 ponere,
545 1644 593 1668 aut
613 1640 730 1667 animam
754 1646 829 1666 suam
857 1646 936 1674 posse
958 1645 987 1665 se
1002 1633 1023 1663 ρ
1041 1638 1133 1656 rursus
1148 1630 1264 1661 indutus,
1283 1631 1416 1664 requirant
1438 1631 1567 1658 lueretiei.
1580 1631 1628 1659 Nos
1645 1629 1774 1659 cuiuscuiu-

190 1695 297 1715 rursum
318 1694 489 1723 recuperare,
515 1687 576 1721 quia
604 1687 655 1713 hoc
680 1685 835 1712 mandatum
855 1684 991 1718 acceperit

190 1741 206 1760 a
224 1732 322 1759 Patre?
340 1733 393 1759 Aut
422 1733 481 1767 quis
500 1732 580 1764 dicit.
612 1734 777 1760 destructum
803 1731 923 1766 corporis
950 1731 989 1757 sui

191 1779 321 1813 templum
341 1778 500 1806 resnscilare
511 1786 618 1805 rursum
634 1782 661 1805 et
674 1777 837 1805 rcmdilicarc
849 1784 878 1803 se
893 1783 971 1810 posse
984 1785 989 1802 :

192 1825 243 1852 nisi
267 1824 392 1858 quoniam
415 1824 510 1851 Sermo
530 1824 594 1855 ille,
613 1823 658 1858 qui
677 1831 708 1850 ex
732 1822 827 1851 Patre.
853 1822 897 1857 qui
921 1822 991 1856 apud

193 1870 317 1903 Patrem,
348 1879 393 1905 per
413 1879 485 1905 quem
509 1871 578 1905 facta
608 1874 666 1896 sunt
696 1870 799 1901 omnia,
821 1873 843 1895 et
866 1868 921 1894 sine
943 1876 992 1902 quo

193 1920 291 1955 factum
314 1923 350 1945 est
376 1918 442 1945 nihil
469 1918 558 1953 (Joan.
572 1926 590 1950 ι,
617 1918 656 1952 5).
681 1917 798 1944 imitator
821 1921 990 1951 paternorum

192 1972 304 2000 operum
319 1969 397 2000 atque
408 1965 544 1995 virtutum.
569 1964 654 1999 imago
677 1963 810 1990 invisibilis
823 1963 868 1989 Dei
879 1961 989 1998 (Coloss.

193 2020 213 2045 ι,
231 2011 285 2047 15),
296 2011 339 2046 qui
364 2011 492 2038 descendit
518 2010 549 2037 de
564 2010 626 2037 cazlo
642 2009 731 2046 (Jaan.
753 2018 791 2042 ut,
808 2009 852 2041 51,
865 2008 921 2042 59.),
947 2008 992 2042 qui

193 2066 251 2094 qua:
262 2058 324 2085 vidit
333 2062 356 2084 et
363 2058 460 2085 audivit
477 2058 624 2092 testiﬁcatus
637 2061 683 2090 est,
704 2057 749 2092 qui
763 2064 812 2083 non
828 2055 893 2082 venit
912 2059 938 2081 ut
950 2054 991 2089 fa-

193 2110 259 2132 ceret
270 2113 342 2131 suam
355 2104 509 2132 voluntatem
524 2104 614 2140 (Joau.
632 2112 668 2137 vr,
684 2104 742 2139 58),
759 2103 804 2130 sed
818 2102 939 2137 potiusitt
953 2103 994 2136 fu—

195 2152 245 2178 ciat
261 2151 346 2179 Patris
370 2153 540 2184 voluntatem,
562 2159 577 2179 a
600 2160 652 2187 quo
669 2151 765 2178 tuissus
784 2150 817 2177 ad
843 2149 894 2176 hoc
906 2149 993 2184 ipsum

195 2197 292 2230 fuerat,
309 2204 337 2226 ut
360 2201 447 2235 magni
473 2199 574 2226 consilii
587 2198 700 2234 Angelus
725 2197 810 2225 factus
835 2196 950 2231 (lsa.tx.
966 2195 994 2228 6)

196 2252 354 2272 arcanorum
377 2246 527 2274 cwlestium
554 2246 630 2272 nobis
648 2245 709 2279 jura
728 2247 873 2276 reserat-et,
897 2242 995 2278 quique

201 2289 308 2318 Verbum
320 2299 379 2317 caro
393 2293 476 2324 {actus
498 2291 619 2317 habitauit
628 2291 654 2316 in
668 2290 739 2317 nobis
756 2289 845 2321 (Joan.
859 2297 879 2321 I,
892 2288 948 2324 Η),
962 2296 994 2315 ex

195 2336 273 2363 nobis
293 2335 336 2363 hic
357 2335 479 2363 Christus
503 2343 555 2362 ttott
573 2336 651 2361 homo
675 2339 787 2366 tantum,
804 2335 864 2369 quia
880 2334 995 2360 hominis

197 2382 296 2414 Filius;
313 2382 358 2408 sed
370 2383 448 2409 etiam
474 2382 554 2412 Dens,
574 2382 634 2414 quia
657 2381 702 2407 Dei
727 2380 819 2411 Filius,
836 2379 995 2414 comproba-

197 2428 257 2455 tur?
273 2427 348 2461 Quod
363 2428 383 2454 si
399 2433 425 2454 et
440 2426 624 2462 primogenitus
648 2427 729 2452 omnis
739 2431 863 2452 creaturtc
877 2427 910 2452 ab
927 2427 995 2459 Apo-

197 2474 266 2501 stolo
288 2475 375 2502 dictus
403 2474 436 2500 sit
462 2473 586 2500 Christus
601 2472 710 2507 (Colass.
735 2480 754 2505 i,
775 2472 837 2508 55);
862 2472 996 2506 quomodo

197 2520 283 2548 omnis
297 2524 427 2548 creatura:
454 2519 646 2555 primogenitus
661 2527 720 2547 esse
743 2519 837 2555 potuit,
860 2519 911 2546 nisi
931 2526 996 2553 quo-

782 2574 970 2604 GALLANDII
988 2572 1269 2602 COMMENTARIUS.

196 2648 318 2682 aperitur,
337 2647 477 2682 legendum
494 2654 554 2675 esse
576 2649 702 2683 reperitur
714 2649 860 2681 existimat,
878 2651 906 2674 ut.
929 2653 991 2673 mox

197 2683 305 2717 quidem
321 2683 435 2717 ipsemet
445 2689 548 2711 auctor.
561 2683 686 2713 Jscxson.

235 2731 240 2745 ¹
259 2729 520 2766 Recipergﬁditores
533 2730 671 2764 Anglicani
684 2731 826 2766 legendum
847 2730 994 2763 conjiciunt

196 2766 347 2803 recipinrdt'.
366 2765 441 2801 Vulg.
464 2773 529 2793 sane
551 2767 681 2794 sumendi;
695 2765 887 2803 Séd_Gr:ecum
907 2768 993 2796 λαϐεῦι

196 2802 328 2835 expressit
340 2807 441 2829 θυι-ιον.

233 2849 243 2863 ²
255 2847 441 2876 Tantummodo
447 2854 516 2882 ante,
532 2853 585 2876 etc.
596 2849 748 2885 chendum
759 2856 833 2885 putat
846 2852 996 2881 Jacksonus

198 2886 371 2912 tantummodo
384 2885 454 2913 Deus
467 2890 536 2918 aute,
552 2890 618 2918 elc.,
634 2890 662 2912 ut
690 2887 851 2920 respondeat
871 2891 993 2921 sequenti

199 2921 372 2947 tantummodo
384 2921 468 2948 homo.
482 2921 590 2954 Verum,
605 2920 728 2956 quamvis
743 2929 793 2948 tton
806 2920 994 2960 legaturDeus,

1000 936 1023 964 Β
1039 938 1063 959 te
1075 941 1179 960 omnem
1193 940 1340 962 creaturam
1354 941 1395 962 est
1405 956 1412 967 ,
1430 936 1543 963 homoin
1557 937 1597 965 illo
1608 939 1726 967 subtractus
1735 942 1774 969 est’:

1037 290 1067 307 rx
1082 282 1159 308 Patre
1171 282 1226 309 Deo
1239 283 1332 309 Sermo
1346 284 1491 318 processit?
1505 285 1574 319 Quod
1584 288 1627 315 nisi
1644 290 1673 317 ita
1684 291 1766 325 heretici

1037 329 1343 362 arcrperiut,Christum
1365 329 1496 357 hominem
1509 332 1690 369 primogenitum
1709 344 1767 371 omnis

1037 381 1165 400 omnium
1182 380 1331 402 monstrare
1344 381 1485 410 cogentur;
1499 378 1564 412 quod
1578 379 1655 409 facere
1667 391 1708 411 non
1720 392 1769 420 μοις.

1038 426 1109 446 runt.
1122 421 1174 446 Ant
1191 421 1269 454 igitur
1284 426 1345 448 ante
1360 430 1465 449 munem
1480 428 1519 449 est
1529 429 1661 454 creaturam
1672 434 1694 455 ut
1704 431 1769 464 primo.

1037 467 1141 500 genitus
1156 467 1189 493 sit
1205 468 1292 494 omnis
1305 473 1445 500 creaturae,
1458 473 1483 496 et
1503 478 1551 496 non
1567 471 1638 500 homo
1648 480 1682 502 est
1692 480 1769 512 tantum,

1038 514 1096 546 quia
1121 513 1200 539 hoino
1223 519 1281 547 post
1302 522 1407 541 onmem
1430 521 1574 543 creaturam
1595 524 1646 552 est;
1664 526 1701 548 aut
1719 523 1771 554 homo

1037 563 1138 585 tantum
1154 565 1202 590 est,
1219 565 1245 587 et
1267 565 1308 587 est
1329 566 1388 595 post
1417 570 1522 590 omnem
1536 570 1676 594 creaturam.
1696 569 1771 607 Ειφιο.

1038 606 1116 632 modo
1133 607 1324 641 primogenitus
1338 614 1378 635 est
1391 611 1477 637 outuis
1492 617 1623 645 creaturzr,
1634 614 1676 641 nisi
1686 606 1770 650 quoniam
1812 606 1813 614 γ

1037 652 1099 678 dum
1118 653 1233 680 Verbum
1250 654 1312 681 illud
1328 656 1398 689 quod
1420 662 1459 683 est
1474 662 1534 684 ante
1550 665 1647 687 omnem
1659 668 1767 698 creaturam,
1812 655 1813 683 Ῑ

1038 704 1063 725 et
1076 699 1133 726 ideo
1147 700 1336 734 primogenitus
1357 703 1445 729 omnis
1461 709 1601 735 creatum.
1614 712 1667 732 caro
1679 708 1699 733 fil
1711 714 1729 736 et
1739 710 1769 737 ln-
1812 733 1813 740 η

1038 745 1102 772 bitat
1117 747 1141 773 iu
1155 748 1241 779 nobis,
1254 748 1303 774 hoc
1317 752 1368 780 est,
1383 749 1496 776 assumit
1510 750 1577 777 hunc
1588 751 1700 781 hominem
1710 757 1772 790 quiest

1038 797 1097 825 post
1123 800 1229 819 onmem
1254 800 1416 827 creaturam,
1441 800 1467 822 et
1495 797 1532 823 sic
1557 804 1612 824 cum
1631 798 1668 825 illo
1686 801 1774 830 cliuillo

1039 839 1138 865 habitat
1150 840 1173 866 iu
1188 840 1273 871 nobis,
1290 846 1316 867 ut
1329 849 1416 875 neque
1430 842 1510 869 homo
1527 841 1627 870 Christo
1642 845 1773 881 subtrahatur.

1040 894 1125 920 neque
1137 886 1260 913 divinitas
1280 889 1414 921 negetur?
1441 888 1507 915 Nam
1532 890 1553 916 si
1568 891 1736 920 1‘tantummodti
1745 902 1775 922 att-

1815 286 1817 441 Φ

1814 534 1817 672 l

1647 2515 1817 2672 Ἡ

1534 2672 1817 2826 δ’

1541 2729 1623 2752 vocem
1645 2732 1660 2754 ’
1756 2734 1767 2744 "

1534 2813 1559 2826 ιιι
1586 2814 1587 2819 η
1752 2791 1771 2817 κί’

1037 981 1057 1006 si
1074 986 1160 1007 autem
1186 982 1369 1009 tantummodo
1384 984 1466 1009 homo
1486 988 1537 1015 est,
1551 983 1659 1010 divinitas
1669 992 1713 1019 qua
1729 991 1772 1014 ante

1038 1034 1143 1053 Olllltt‘lll
1159 1033 1308 1054 creaturam
1321 1034 1372 1061 est,
1387 1030 1534 1063 intercopla
1547 1035 1595 1056 est.
1611 1030 1720 1067 Utrumque
1729 1040 1775 1068 ergo

1039 1075 1063 1101 in
1076 1075 1182 1101 Christo
1205 1076 1418 1104 confurtleratum
1441 1081 1500 1108 est,
1516 1082 1542 1104 et
1571 1082 1683 1113 utrumque
1696 1081 1776 1114 emittu-

1039 1126 1107 1147 rtum
1120 1126 1168 1150 est.
1185 1126 1211 1148 et
1225 1127 1364 1157 utrumque
1374 1131 1528 1150 connexum
1552 1128 1600 1152 est.
1613 1124 1641 1151 Et
1657 1125 1727 1153 merito
1735 1126 1777 1154 dum

1039 1173 1080 1194 est
1100 1169 1124 1194 in
1141 1169 1186 1195 illo
1199 1170 1298 1203 aliquid
1310 1171 1390 1205 quod
1404 1176 1518 1205 superat
1530 1175 1672 1204 creaturam,
1682 1172 1777 1207 pignerat:

1041 1214 1066 1240 in
1083 1215 1127 1241 illo
1150 1215 1295 1242 divinitatis
1311 1221 1338 1243 et
1360 1217 1369 1231 ³
1399 1217 1574 1244 humanitatis
1589 1217 1778 1246 videturesseeml-

1040 1260 1142 1287 ςωι-ιΙὶςι.
1172 1262 1285 1295 Propter
1304 1270 1383 1297 quant
1404 1270 1526 1293 causam,
1543 1264 1584 1297 qui
1607 1263 1706 1290 mediator
1718 1263 1751 1291 Dei
1764 1270 1778 1291 tt

1042 1307 1170 1333 hominum
1201 1308 1314 1335 effectus
1338 1309 1499 1343 exprimitur
1520 1308 1540 1344 (Ι
1562 1308 1621 1336 Tim.
1640 1317 1664 1343 ιι,
1684 1309 1715 1343 5),
1727 1309 1746 1336 in
1761 1317 1778 1337 te

1043 1353 1124 1379 limum
1153 1359 1178 1380 el
1203 1354 1337 1381 hominem
1368 1356 1489 1382 sociasse
1508 1356 1639 1390 reperitur.
1660 1357 1691 1383 Ac
1705 1357 1722 1383 si
1737 1356 1778 1384 ideo

1041 1401 1185 1435 Apostolus
1199 1401 1231 1427 de
1244 1401 1352 1428 Christo
1369 1401 1464 1433 refert,
1481 1407 1508 1428 ut
1522 1407 1697 1429 exutuscaruem
1708 1408 1781 1437 pm.

1042 1451 1076 1473 (es
1088 1447 1270 1480 dt'/It)ll€sl(ll‘il,
1294 1448 1379 1481 palam
1398 1449 1563 1483 triumphalis
1580 1449 1627 1475 illis
1648 1450 1671 1475 in
1689 1449 1782 1484 sentit)!

1043 1492 1151 1527 (Cu/oss.
1167 1494 1335 1527 ii,15);iitui
1359 1495 1452 1529 utique
1466 1496 1551 1523 otiose
1571 1499 1666 1522 exutum
1677 1501 1776 1531 amplo-

1042 1541 1145 1574 posuit,
1176 1541 1224 1567 nisi
1242 1542 1367 1575 quoniam
1392 1542 1401 1556 ⁵
1415 1547 1443 1569 et
1475 1543 1500 1569 in
1523 1543 1776 1571 resurreclionenttm

1043 1588 1161 1612 indutum
1178 1587 1257 1613 voluit
1275 1587 1397 1621 intelligi.
1412 1588 1479 1622 QUi\
1494 1593 1534 1615 est
1556 1597 1616 1623 ergo
1631 1589 1673 1616 iste
1689 1591 1776 1616 aliud

1046 1686 1105 1703 ιιιιιιι
1120 1678 1163 1704 Dei
1189 1678 1287 1704 scimus
1306 1678 1427 1705 indutum
1451 1679 1540 1706 carnis
1563 1678 1774 1710 substantiameltt-

1045 1724 1158 1758 dcmque
1176 1732 1280 1750 rursum
1308 1730 1417 1751 exutum
1454 1724 1549 1753 eadem
1571 1725 1675 1759 corporis
1692 1722 1775 1754 mittit.

1045 1779 1123 1804 quam
1143 1778 1234 1797 rursus
1258 1770 1282 1796 in
1302 1772 1502 1798 resurrectione
1525 1772 1664 1806 suseepitet
1683 1767 1775 1806 quasin-

1046 1816 1202 1843 dumeutum
1220 1816 1373 1850 resumpsit.
1387 1816 1441 1843 Sed
1457 1817 1529 1844 enim
1547 1824 1626 1852 neque
1636 1820 1709 1844 exutus
1719 1820 1776 1849 uti!

1047 1862 1153 1889 indutus
1175 1863 1309 1889 hominem
1329 1862 1452 1890 Christus
1473 1863 1576 1895 fuisset,
1597 1863 1616 1890 si
1633 1862 1694 1890 homo
1708 1864 1776 1888 uotum

1046 1909 1148 1936 inisset.
1165 1909 1248 1936 Nemo
1259 1910 1329 1936 enim
1346 1918 1472 1944 nmquam
1489 1917 1517 1937 se
1529 1910 1584 1945 ipso
1594 1913 1633 1936 aut
1646 1907 1776 1944 spdilllltll

1046 1953 1172 1981 induitur.
1187 1956 1225 1982 Sit
1240 1956 1310 1982 enim
1326 1963 1437 1982 necesse
1449 1960 1490 1983 est
1505 1955 1584 1988 aliud,
1596 1950 1776 1990 quidqttitllline

1045 2006 1089 2027 aut
1105 2002 1237 2036 spoliatur
1250 2006 1295 2028 aut
1311 2002 1439 2029 induitur.
1457 2002 1495 2029 Ex
1507 2010 1559 2037 quo
1573 2002 1653 2029 merito
1664 1996 1774 2028 Somno

1047 2048 1103 2078 fuit.
1121 2050 1164 2083 qui
1180 2054 1276 2075 exutus
1292 2055 1333 2076 est
1355 2057 1463 2076 carnem
1479 2054 1506 2076 et
1530 2049 1554 2075 in
1575 2046 1775 2076 resurretliouentt-

1046 2103 1091 2121 sns
1107 2095 1222 2122 indutus.
1239 2095 1341 2122 Exntns
1357 2101 1457 2128 autent,
1476 2095 1596 2130 quoniam
1610 2098 1633 2121 et
1651 2092 1672 2120 in
1683 2089 1774 2118 mliti?!“

1047 2141 1131 2168 fuerat
1148 2142 1264 2168 iudtttus.
1294 2142 1385 2176 Itaque
1408 2142 1432 2168 iu
1447 2142 1553 2168 Christo
1567 2141 1626 2168 Deus
1635 2133 1774 2173 estquiw'

1048 2195 1098 2219 tur.
1112 2194 1192 2223 atque
1204 2189 1283 2215 etiam
1300 2195 1397 2216 exutus
1411 2189 1444 2215 sit
1466 2192 1570 2223 oportet
1584 2197 1589 2214 :
1602 2179 1772 2222 ριόριθιᾯιίιῄ

1048 2236 1175 2266 induitur.
1194 2236 1293 2270 pariter
1304 2240 1330 2262 et
1344 2240 1455 2262 exuratur
1471 2242 1578 2262 necesse
1587 2228 1774 2271 est.

1049 2287 1099 2308 tem
1114 2287 1140 2309 et
1150 2282 1255 2308 exuitur
1270 2282 1359 2312 homo,
1378 2281 1451 2316 quasi
1466 2280 1578 2315 quadam
1590 2276 1779 2316 conmﬂm:

1050 2287 1099 2308 tem
1114 2287 1140 2309 et
1150 2282 1255 2308 exuitur
1270 2282 1359 2312 homo,
1378 2281 1451 2316 quasi
1466 2280 1578 2315 quadam
1590 2276 1695 2307 contexti

1050 2329 1147 2356 tunica.
1164 2330 1201 2355 Ac
1215 2333 1355 2363 propterea
1369 2333 1562 2363 consequenter
1574 2324 1676 2355 Sermol
1702 2339 1713 2366 ιι
1765 2331 1774 2347 τ

1048 2377 1145 2407 ximus,
1163 2376 1224 2408 Dei;
1242 2376 1287 2410 qui
1299 2375 1379 2402 modo
1394 2374 1511 2408 indutus,
1525 2373 1600 2402 ntodo
1608 2367 1771 2410 εκιιιωψ

1050 2424 1160 2457 iveritur.
1177 2422 1230 2448 lloc
1246 2422 1317 2448 enim
1330 2422 1410 2448 etiam
1424 2422 1448 2448 in
1464 2411 1767 2457 benetlictiouihnsm

1049 2469 1115 2496 dixit
1128 2478 1133 2494 :
1147 2468 1251 2494 Luvabit
1264 2468 1354 2494 stolam
1370 2476 1443 2494 suam
1455 2468 1481 2494 in
1493 2467 1556 2498 vino,
1577 2469 1599 2492 el
1610 2464 1667 2491 iuni

1049 2517 1168 2543 inuictum
1183 2524 1256 2542 suum
1270 2514 1346 2551 (Gen.
1360 2522 1431 2547 XLIX.
1442 2515 1497 2548 Η).
1507 2514 1532 2542 Si
1543 2512 1605 2540 stula
1618 2511 1641 2538 iu

1047 2652 1143 2671 sensus
1159 2645 1260 2678 integer
1281 2649 1381 2672 manet.

1086 2691 1095 2705 ³
1110 2690 1283 2718 Humanitatis
1303 2690 1384 2724 Editi,
1393 2689 1548 2723 humilitatis,
1556 2689 1673 2724 οηιτιιριορέ

1048 2728 1179 2753 inanitatis
1205 2734 1266 2754 cum
1281 2726 1325 2753 Fr.
1341 2726 1438 2759 .luuio;
1452 2733 1527 2761 quam
1541 2729 1623 2752 vocem
1639 2728 1653 2754 ἓ

1048 2762 1251 2790 Ἒνθιιξιιιιιηιιιιε.
1266 2762 1392 2790 Jacuson.

1087 2809 1095 2823 "
1106 2808 1138 2834 Et
1155 2809 1179 2834 in
1194 2809 1388 2836 resurrectione.
1407 2808 1486 2840 Edili,

1050 2853 1141 2872 sensu.
1158 2844 1294 2877 Rescripsi
1315 2849 1338 2871 et
1354 2845 1379 2870 in
1394 2843 1567 2871 resurrectione
1578 2846 1629 2877 cum

1051 2881 1124 2907 tiano
1140 2880 1228 2906 statim
1246 2875 1271 2906 in
1286 2880 1461 2913 sequentibus
1471 2875 1618 2909 nuntiandi

1046 2916 1156 2951 jectavit
1171 2915 1300 2943 Latinius.
1316 2915 1354 2942 In.
1614 2920 1618 2926 '

1502 2810 1525 2835 et

1534 2813 1559 2833 τε
