3716 6272
120 273 213 341 9Ξ9

1352 274 1438 335 DE
1479 267 1852 336 TRINITATF.
1890 269 2111 336 LIBER.

3254 280 3362 342 930

114 404 206 457 est,
221 398 266 447 et
290 387 562 442 ‘amictum
599 386 772 459 ipsum
803 402 1000 460 corpus
1024 397 1128 458 est,
1153 392 1491 463 requiratur’
1521 395 1667 463 quis-
1694 398 1745 456 Α
1770 406 2035 452 creaturae
2079 397 2313 452 divinam
2341 396 2591 453 obtinens
2622 405 2945 470 potestatem
2968 443 2983 468 ,
3014 409 3066 458 et
3105 401 3250 458 Deus
3279 409 3362 458 est

108 486 218 555 quis
248 490 315 536 est
354 480 439 534 ille
486 481 637 550 cujus
684 495 882 550 corpus
936 483 1195 538 amictum
1248 493 1351 547 est,
1408 496 1461 540 et
1523 488 1659 541 stola

107 572 404 636 caro.Nobis
447 574 588 628 enim
637 575 972 632 manifestum
1005 587 1088 632 est
1135 593 1350 634 carnem
1387 580 1578 636 stolam
1608 593 1662 636 et

107 682 275 740 corpus
295 666 537 721 amictum
569 666 728 723 Verbi
754 667 920 725 fuisse
966 668 1004 736 ³,
1041 670 1238 740 quique
1281 673 1559 742 sanguine,
1610 673 1662 728 id

106 774 188 823 est
201 762 319 825 vino,
347 758 467 813 lavit
495 760 847 815 substantiam
878 762 1140 831 corporis,
1165 771 1220 817 et
1248 764 1524 818 materiam
1546 779 1665 819 car-

111 858 189 916 nis
219 854 433 917 abluens,
464 866 530 907 ex
563 864 714 921 parte
742 853 977 924 suscepti
1019 853 1249 909 hominis
1282 859 1550 924 passione.
1587 856 1663 910 Ex

114 964 215 1023 quo
230 945 457 1018 siquidem
481 944 691 1001 lavatur
711 988 727 1013 ,
759 947 922 1004 homo
944 959 1026 1005 est
1051 965 1066 1015 ;
1097 948 1218 1020 quia
1246 951 1498 1005 amictum
1522 952 1664 1021 quod

118 1049 311 1105 lavatur,
329 1055 439 1096 caro
467 1050 551 1095 est
582 1059 593 1096 :
625 1042 716 1112 qui
746 1049 924 1098 autem
958 1043 1132 1111 lavat,
1164 1044 1398 1100 Verbum
1429 1045 1524 1100 Dei
1550 1054 1663 1111 est;

117 1137 200 1208 qui
225 1147 268 1191 ut
291 1135 470 1189 lavaret
494 1135 773 1201 amictum,
802 1137 985 1191 amicti
1013 1147 1292 1209 susceptor
1314 1137 1534 1194 ell‘ectus
1561 1150 1664 1194 est.

106 1228 273 1285 Merito
296 1241 352 1281 ex
378 1241 436 1280 ea
462 1225 785 1292 substantia,
816 1244 935 1298 quia
986 1240 1203 1299 recepta
1252 1240 1335 1286 est
1374 1241 1431 1286 ut
1461 1231 1668 1287 lavare-

105 1333 201 1385 tur,
241 1319 385 1374 homo
434 1319 758 1389 exprimitur
786 1320 847 1387 *;
882 1325 1116 1394 sicutjex
1148 1323 1308 1379 Verbi
1350 1325 1666 1381 auctoritate

102 1415 184 1488 qui
201 1411 330 1482 lavit,
361 1413 498 1469 Deus
518 1429 640 1471 esse
662 1425 1019 1473 monstratur.
1517 1417 1520 1420 ’

489 1571 722 1628 CAPUT
762 1572 930 1640 XXII,
964 1575 1036 1629 al.
1062 1573 1228 1631 XVII.

168 1730 385 1787 Eandem
413 1731 639 1786 diuinam
662 1734 979 1799 maiestatem
1000 1717 1053 1789 in
1075 1735 1279 1792 Christo
1297 1738 1414 1793 aliis
1438 1738 1619 1793 iterum

576 1825 862 1898 Scripturis
883 1828 1173 1895 conﬁrmat.

165 1979 257 2035 Cur
275 1988 471 2047 autem,
507 1980 627 2036 licet
657 1981 725 2037 ad
768 1982 924 2037 aliam
961 1993 1167 2054 partem
1189 1984 1501 2055 disputandi
1523 1986 1669 2041 festi-

91 2088 211 2130 nare
237 2073 520 2141 videamur,
547 2074 695 2129 illum
737 2085 1123 2145 praetereamus
1163 2078 1307 2147 apud
1341 2079 1667 2149 Apostolum

83 2165 288 2221 locum?
318 2165 419 2232 Qui
445 2181 560 2220 cum
588 2167 831 2239 informa
855 2166 953 2223 Dei
984 2178 1143 2237 esset,
1184 2187 1287 2224 non
1325 2172 1562 2239 rapinam
1583 2188 1669 2225 ar-

78 2258 290 2313 bitratus
323 2268 395 2312 est
433 2260 681 2329 aqualem
721 2276 777 2315 se
834 2259 946 2315 Deo
1012 2278 1158 2328 esse;
1207 2264 1297 2317 sed
1342 2272 1669 2334 semetipsum

70 2355 348 2409 exinanioit
373 2354 593 2424 formam
619 2356 747 2409 servi
773 2356 1028 2427 accipiens
1046 2398 1060 2422 ,
1084 2358 1105 2389 ⁵
1128 2358 1180 2411 in
1211 2358 1546 2412 similitudine
1574 2359 1667 2412 Ito-

68 2447 266 2499 nzinum
282 2449 471 2513 factus,
495 2456 540 2501 et
562 2446 738 2501 habitu
757 2449 988 2503 inventus
1009 2458 1064 2503 ut
1086 2449 1236 2504 homo
1265 2465 1283 2503 :
1312 2450 1600 2505 humiliavit
1618 2468 1672 2506 se

64 2539 309 2595 olndiens
329 2541 498 2610 factus
516 2557 672 2611 usque
685 2543 754 2595 ad
780 2555 1014 2609 mortem,
1038 2553 1249 2599 mortem
1276 2556 1446 2600 autem
1466 2547 1632 2601 crucis
1652 2563 1670 2600 :

61 2645 338 2705 ptoptcrea
357 2644 400 2687 et
417 2633 556 2688 Deus
576 2633 725 2689 illum
741 2637 1217 2706 superea'altavit,et
1235 2639 1374 2694 dedit
1389 2640 1465 2693 illi
1485 2656 1668 2694 nomen

62 2727 213 2796 quod
235 2738 303 2782 est
330 2744 484 2798 super
514 2745 660 2783 omne
680 2746 901 2794 nomen;
933 2740 984 2784 ut
1014 2748 1072 2785 in
1112 2732 1317 2786 nomine
1353 2731 1483 2786 Jesu
1523 2749 1671 2786 onme

86 2835 212 2890 genu
234 2819 487 2887 ﬂectatur,
514 2820 823 2888 caelestium,
871 2823 1184 2877 terrestrium
1216 2832 1261 2876 et
1310 2824 1630 2893 infernarum
1652 2867 1667 2891 ,

102 2923 144 2966 et
162 2914 304 2967 omnis
333 2914 509 2984 lingua
530 2915 853 2984 conﬁteatur,
887 2917 1130 2983 quoniam
1160 2916 1413 2973 Dominus
1432 2918 1587 2973 Iesus
1616 2920 1671 2974 in

103 3005 245 3075 gloria
258 3018 328 3062 est
342 3006 440 3062 Dei
458 3006 631 3062 Patris
657 3007 882 3081 (Philip.
904 3026 965 3078 ιι,
984 3009 1072 3065 6-1
1089 3014 1102 3067 l
1118 3008 1162 3082 ).
1185 3011 1285 3076 Qui
1302 3028 1416 3065 cum
1434 3013 1487 3065 in
1507 3015 1673 3085 forma

100 3096 185 3152 Dei
204 3110 354 3167 esset,
385 3100 578 3171 inquit.
610 3101 667 3156 Si
696 3103 859 3157 homo
891 3104 1263 3159 tantummodo
1285 3104 1530 3159 Christus
1552 3146 1567 3170 ,
1617 3106 1668 3160 in

1766 490 2017 559 exemplo
2066 490 2239 545 Patris
2272 507 2284 542 :
2320 489 2422 546 hoc
2451 491 2624 561 ipsum
2671 501 2847 548 tamen
2892 508 2922 547 a
2954 493 3114 550 Patre
3147 494 3362 564 proprio

1766 594 2118 650 consecutus,
2167 592 2223 640 ιιι
2262 587 2499 640 omnium
2532 598 2586 642 et
2616 588 2757 643 Deus
2786 599 2961 657 esset,
3007 598 3063 644 et
3106 590 3363 646 Dominus

1767 688 1941 742 esset,
1995 686 2050 731 et
2091 678 2233 733 Deus
2262 678 2328 733 ad
2359 679 2580 749 formam
2632 681 2729 736 Dei
2777 682 2951 737 Patris
3004 698 3072 737 ex
3111 682 3230 754 ipso
3268 699 3363 753 ge-

1768 771 1913 825 nitus
1960 782 2125 841 atque
2177 776 2441 844 prolatus.
2497 776 2594 831 llic
2643 792 2773 848 ergo
2820 777 3068 848 quamvis
3115 787 3262 834 esset
3311 779 3365 834 in

1768 868 1937 935 [arma
1965 866 2095 935 Dei,
2158 885 2259 922 non
2290 879 2363 924 est
2405 872 2641 941 rapinam
2692 872 2968 926 arbitratus
3013 873 3262 945 a'qualem
3313 890 3367 928 se

1768 958 1878 1013 Deo
1921 978 2045 1015 esse.
2100 961 2353 1030 Quamvis
2382 965 2524 1018 enim
2556 980 2615 1019 se
2639 980 2706 1019 ex
2736 964 2843 1018 Deo
2866 965 3024 1021 Patre
3048 966 3212 1021 Deum
3244 981 3366 1023 esse

1769 1054 2139 1119 meminisset,
2209 1072 2499 1126 nmnqnam
2549 1072 2608 1111 se
2660 1057 2769 1112 Deo
2816 1056 2961 1112 Patri
3007 1068 3099 1113 aut
3143 1074 3364 1129 compa-

1771 1147 1911 1201 ravit
1934 1156 2025 1201 aut
2054 1149 2314 1216 contulit,
2361 1165 2569 1205 memor
2595 1165 2655 1205 se
2685 1165 2805 1206 esse
2851 1166 2916 1206 ex
2958 1166 3056 1206 suo
3080 1152 3267 1219 Patre,
3313 1161 3368 1207 et

1778 1238 1880 1294 hoc
1913 1240 2087 1310 ipsum
2116 1241 2259 1312 quod
2289 1255 2371 1297 est
2406 1242 2605 1299 habere
2632 1258 2721 1311 se,
2764 1245 2885 1314 quia
2917 1244 3076 1299 Pater
3102 1244 3363 1301 dedisset.

1775 1331 1903 1387 Inde
1951 1333 2184 1404 denique
2223 1345 2278 1390 et
2329 1343 2457 1391 ante
2521 1338 2699 1391 carnis
2748 1337 3214 1407 assumptionem,
3271 1336 3366 1393 sed

1771 1434 1824 1478 et
1874 1436 1996 1495 post
2045 1427 2470 1500 assumptionem
2518 1428 2795 1498 corporis,
2848 1440 2968 1499 post
3014 1430 3182 1499 ipsam
3223 1444 3366 1499 pra:-

1772 1525 1922 1574 terea
1961 1522 2417 1577 resurrectionem
2441 1563 2455 1586 ,
2503 1537 2718 1576 omnem
2751 1522 2893 1576 Patri
2921 1521 2973 1577 in
2997 1522 3247 1577 omnibus
3277 1538 3367 1578 re-

1772 1613 1874 1668 bus
1924 1616 2285 1670 obedientiam
2341 1616 2623 1685 ριεεδιίιὶι,
2672 1615 2875 1685 pariter
2918 1631 2980 1671 ac
3021 1625 3256 1686 prmstat.
3291 1615 3367 1671 Ex

1772 1722 1879 1775 quo
1910 1706 2170 1775 probatur
2200 1723 2493 1777 numquam
2524 1708 2838 1762 arbitratum
2894 1707 3038 1762 illum
3080 1721 3201 1762 esse
3228 1708 3370 1777 rapi-

1696 1791 1745 1851 B
1775 1813 1897 1851 nam
1947 1800 2235 1868 quamdam
2282 1799 2651 1864 divinitatem,
2708 1809 2766 1854 nt
2816 1807 3059 1869 aequaret
3112 1814 3170 1854 se
3220 1800 3369 1854 Patri

1776 1893 1933 1948 Deo:
1968 1894 2095 1962 quin
2153 1894 2318 1948 immo
2367 1904 2589 1959 contra,
2640 1894 2785 1948 omni
2839 1893 3007 1963 ipsius
3060 1892 3286 1962 imperio
3314 1901 3371 1948 et

1772 1984 2034 2039 voluntati
2082 1984 2342 2040 obediens
2391 1996 2551 2055 atque
2593 1986 2899 2054 subjectus,
2942 1985 3150 2041 7etiam
3183 1995 3239 2040 ut
3261 1984 3372 2039 for-

1774 2090 1915 2130 mam
1962 2076 2105 2131 servi
2152 2077 2451 2146 susciperet
2482 2087 2773 2132 contentus
2813 2076 2913 2132 fuit
2939 2076 2959 2149 (
2984 2078 3088 2132 hoc
3118 2088 3238 2140 est,
3269 2077 3370 2133 ho-

1773 2169 1973 2224 minem
2002 2169 2149 2224 illum
2195 2167 2350 2242 ﬁeri)
2383 2180 2437 2224 et
2481 2169 2837 2225 substantiam
2889 2170 3068 2226 carnis
3100 2183 3155 2227 et
3183 2186 3373 2241 corpo-

1773 2260 1848 2316 ris
1868 2303 1882 2326 ,
1937 2278 2098 2331 quam
2127 2277 2190 2315 ex
2218 2273 2567 2333 paternorum
2597 2262 2618 2294 ⁸
2648 2270 2701 2317 et
2747 2261 3043 2317 secundum
3090 2261 3368 2319 hominem

1772 2354 2090 2411 delictorum
2135 2355 2397 2411 servitute
2440 2355 2744 2410 venientem
2779 2355 3054 2411 nascendo
3087 2356 3370 2424 suscepit:

1773 2466 1880 2521 quo
1927 2459 2169 2519 tempore
2217 2465 2277 2505 se
2307 2450 2469 2504 etiam
2517 2450 2844 2516 oxinanivit,
2878 2448 3005 2504 dum
3035 2452 3055 2483 θ
3081 2449 3370 2505 humanam

1773 2542 2096 2597 conditionis
2149 2541 2487 2611 fragilitatem
2556 2541 2833 2611 suscipere
2897 2557 3004 2597 non
3066 2543 3362 2598 recusavit.

1773 2634 2035 2701 Quoniam
2088 2634 2131 2687 si
2162 2634 2321 2687 homo
2372 2633 2741 2689 tantummodo
2788 2643 2946 2689 natus
2989 2633 3215 2701 fuisset,
3275 2650 3372 2706 per

1775 2728 1879 2783 hoc
1910 2727 2217 2782 cxinanitus
2246 2742 2349 2782 non
2383 2736 2525 2781 esset
2556 2744 2569 2780 :
2606 2728 2767 2782 homo
2811 2728 2954 2784 enim
3000 2744 3231 2786 nascens
3275 2747 3373 2784 au-

1774 2831 1947 2893 getur,
1981 2838 2086 2875 non
2116 2821 2421 2875 exinanitur
2448 2837 2461 2874 :
2493 2836 2615 2874 nam
2662 2819 2790 2875 dum
2838 2821 3022 2891 incipit
3070 2837 3194 2878 esse
3231 2822 3374 2893 quod

1775 2933 1896 2972 cum
1928 2932 2030 2970 non
2058 2925 2204 2971 esset
2229 2915 2429 2970 habere
2467 2930 2570 2969 non
2602 2916 2804 2984 potuit,
2852 2925 2911 2970 ut
2950 2917 3214 2984 diximus,
3267 2934 3374 2974 non

1776 3009 2099 3075 exinanitur,
2151 3008 2247 3063 sed
2302 3008 2478 3078 potius
2528 3016 2755 3078 augetur
2783 3018 2942 3079 atque
2974 3008 3177 3064 ditatur
3209 3010 3270 3064 ιο.
3304 3010 3373 3066 At

1776 3103 1823 3158 si
1850 3102 2091 3157 Christus
2116 3102 2420 3164 exinanitur
2465 3102 2515 3155 in
2563 3116 2628 3156 eo
2656 3101 2796 3172 quod
2846 3103 3101 3170 nascitur,
3144 3103 3375 3159 formam

104 3193 295 3264 imagine
309 3196 609 3265 Dei,nonin
634 3201 801 3267 [arma
822 3196 915 3251 Dei
937 3198 1138 3253 relatus
1163 3198 1669 3255 fuisset.Hominem
1698 3183 1743 3246 C
1780 3196 1922 3252 servi
1952 3194 2293 3263 accipiendo,
2321 3193 2593 3264 quomodo
2642 3194 2806 3250 homo
2853 3196 3221 3252 tantummodo
3253 3198 3378 3251 est?

101 3290 227 3344 enim
241 3292 433 3346 scimus
450 3291 520 3344 ad
560 3291 834 3363 imaginem
860 3291 1018 3364 (Gen.
1036 3308 1073 3359 ι,
1094 3292 1212 3364 27),
1239 3308 1347 3348 non
1366 3294 1434 3347 ad
1456 3295 1676 3364 formam

102 3384 416 3441 Dcilactum.
448 3385 580 3454 Quis
625 3402 756 3457 ergo
812 3393 898 3441 est
943 3387 1077 3452 iste,
1121 3388 1288 3458 quiin
1336 3391 1503 3458 [arma
1551 3388 1674 3454 Dei,

102 3481 397 3550 ntdiximus,
423 3485 595 3539 lactus
616 3493 701 3540 est
715 3484 990 3556 Angelus?
1014 3485 1117 3540 Sed
1144 3501 1243 3541 nec
1268 3487 1320 3540 in
1340 3487 1558 3558 Angelis
1576 3487 1678 3543 l‘or-

98 3591 231 3631 mam
258 3578 349 3633 Dei
377 3579 601 3650 legimus
621 3621 635 3644 ,
668 3580 768 3634 nisi
793 3580 1045 3650 quoniam
1071 3580 1157 3634 hic
1189 3582 1491 3651 praecipuus
1517 3590 1676 3652 atque

94 3686 374 3742 generosus
389 3689 498 3745 prae
520 3673 788 3741 omnibus,
808 3674 899 3728 Dei
913 3674 1344 3742 Filius,Verbum
1364 3676 1478 3742 Dei,
1498 3676 1675 3731 imita-

98 3774 182 3818 tor
198 3767 425 3822 omnium
445 3778 792 3837 paternorum
810 3768 1189 3838 operum,dum
1213 3780 1266 3825 et
1288 3771 1402 3841 ipse
1419 3780 1676 3841 operatur

94 3857 227 3913 sicut
246 3869 298 3916 et
322 3858 482 3915 Pater
499 3859 613 3931 ejus
635 3858 819 3931 (Joan.
838 3877 894 3926 v,
917 3860 1028 3932 19).
1051 3851 1146 3915 ἰιιθ
1168 3863 1333 3931 forma
1356 3858 1436 3937 (ul
1453 3879 1678 3933 exiires-

94 3950 299 4022 simus)
328 3965 410 4009 est
437 3954 529 4009 Dei
561 3955 754 4009 Patris.
787 3954 854 4009 Et
883 3957 1077 4009 merito
1107 3956 1158 4009 in
1216 3960 1385 4028 forma
1438 3973 1678 4027 pronun-

97 4043 253 4101 tiatus
275 4056 354 4102 est
389 4047 519 4113 Dei,
552 4048 678 4103 dum
724 4058 777 4103 et
825 4048 940 4118 ipse
989 4062 1151 4119 super
1178 4050 1358 4103 omnia
1382 4091 1395 4114 ,
1426 4060 1479 4104 et
1505 4051 1683 4105 omnis

1780 3290 1847 3345 de
1873 3302 1980 3359 quo
2007 3288 2189 3342 verius
2248 3285 2451 3341 dictum
2509 3284 2730 3351 fuisset,
2786 3287 3172 3357 locupletatum
3222 3289 3376 3344 illum

1779 3396 1900 3438 esse
1957 3390 2084 3435 tunc
2134 3395 2254 3435 cum
2301 3387 2636 3442 nasceretur,
2686 3394 2790 3433 non
2839 3380 3219 3448 exinanitum;
3276 3382 3379 3437 nisi

1778 3474 2030 3545 quoniam
2070 3471 2358 3527 auctoritas
2407 3469 2572 3524 divini
2614 3469 2818 3538 Verbi,
2864 3472 2929 3526 ad
2973 3472 3377 3542 suscipiendum

1781 3569 2052 3622 hominem
2095 3564 2308 3621 interim
2350 3564 2777 3635 conquiescens,
2813 3580 2913 3619 nec
2950 3579 3010 3620 se
3038 3566 3149 3619 suis
3180 3565 3384 3622 viribus

1784 3663 1822 3693 ¹¹
1852 3674 2133 3718 exercens.
2157 3657 2340 3728 dejicit
2372 3673 2429 3713 se
2461 3656 2526 3711 ad
2560 3664 2773 3726 tempus
2803 3667 2961 3727 atque
2992 3656 3234 3726 deponit,
3256 3658 3383 3713 dum

1781 3755 2050 3809 hominem
2082 3754 2184 3807 fert
2213 3767 2374 3822 quem
2398 3751 2657 3819 suscepit.
2688 3751 2730 3781 ¹²
2764 3748 3020 3804 Exinanit
3047 3764 3125 3819 se,
3158 3751 3285 3806 dum
3318 3751 3387 3807 ad

1784 3848 2011 3917 injurias
2055 3844 2520 3914 contumeliasque
2560 3842 2879 3908 descendit,
2931 3843 3060 3897 dum
3105 3845 3252 3900 audit
3303 3847 3398 3900 ἱιις.

1787 3945 1945 4000 fanda
1969 3985 1984 4010 ,
2037 3942 2318 4011 experitur
2350 3938 2569 4008 indigna
2606 3955 2619 3990 :
2651 3937 2804 4007 cujus
2852 3945 3029 3992 tamen
3064 3937 3384 3995 humilitatis

1787 4043 1942 4097 adest
1967 4037 2147 4092 statim
2187 4032 2435 4105 egregius
2466 4029 2693 4085 fructus.
2727 4030 2950 4100 Accepit
2976 4032 3122 4086 enim
3170 4048 3385 4101 nomen,

1262 4164 1638 4221 GALLANDII
1675 4152 2250 4242 COMMENTARIUS.

177 4279 191 4307 ¹
215 4279 453 4333 Antictum
478 4281 667 4348 ipsum.
698 4278 995 4333 Frobenius
1025 4292 1147 4334 eum
1184 4279 1419 4350 Gagnmo
1458 4281 1686 4334 Amictns

1868 4273 1972 4339 8,In
1987 4274 2173 4337 forma.
2193 4263 2330 4339 [εδει]
2351 4262 2606 4339 omittunt
2628 4262 2678 4314 in
2696 4276 2854 4333 quam
2874 4273 3018 4320 recte
3038 4267 3391 4337 postWelch-

95 4348 268 4427 ἕρπε
313 4360 363 4408 el.
411 4333 701 4427 siciedidit
749 4333 1151 4427 Welclrntanus.
1199 4333 1328 4427 isé’u'
1363 4333 1525 4422 quum
1566 4350 1682 4427 alia
1707 4353 1762 4412 1)
1792 4333 2008 4427 manum
2041 4338 2279 4427 restituit

100 4420 341 4490 inusitata
407 4422 569 4478 verba
642 4423 977 4490 usurpaverit
1026 4420 1393 4485 Novatianns,
1445 4423 1682 4476 inSnlens

100 4489 320 4564 verbum
342 4495 583 4548 amictum
611 4489 854 4548 neutrius
880 4496 1093 4564 generis
1135 4495 1188 4549 in
1241 4495 1381 4549 illius
1425 4503 1682 4550 contextu

92 4559 308 4636 reliqui.
333 4565 501 4621 Habet
522 4565 682 4620 etiam
735 4559 923 4621 auctor
966 4569 1124 4635 paulo
1176 4577 1297 4636 post
1348 4567 1587 4619 amictum
1631 4574 1686 4619 et

92 4634 294 4689 amicti.
323 4636 574 4693 Jscxson.

176 4705 200 4735 ’
233 4706 473 4781 Quisquis.
530 4707 916 4781 Welchmanus
970 4710 1151 4765 mallet
1179 4711 1330 4781 quis;
1357 4718 1516 4779 atque
1548 4707 1686 4763 hanc

94 4788 235 4833 esse
252 4794 421 4834 veram
444 4780 731 4834 lectionem
764 4783 856 4834 vix
877 4780 1081 4836 dubitat
1112 4781 1432 4836 Jacksnnus.

176 4849 410 4921 ’Quique
434 4852 717 4923 sanguine,
746 4859 851 4906 cte.
897 4850 1073 4906 Locus
1120 4853 1205 4906 hic
1247 4852 1532 4916 obscurus,
1574 4851 1689 4906 sive

94 4923 269 4981 etiam
295 4922 509 4977 mutilus
534 4930 589 4976 et
615 4932 901 4991 corruptus
924 4922 1132 4977 videtur
1151 4924 1407 4977 I’amelin.
1426 4924 1687 4979 Medelam

94 4991 323 5065 exhibet
342 4992 728 5049 Welchmanus
756 4995 827 5047 ita
852 4993 1065 5064 legens:
1089 4994 1190 5058 Qui
1207 5010 1317 5049 uvas
1341 4997 1609 5065 sanguine,
1634 4993 1690 5046 id

90 5075 181 5121 est
210 5064 348 5123 uiuo.
378 5064 501 5119 lavit
539 5065 874 5120 substantiam
914 5066 1175 5132 corporis,
1209 5064 1474 5119 materiam
1523 5066 1692 5119 carnis

94 5137 318 5191 abluens
349 5138 531 5261 Xsive,
585 5147 630 5189 et
670 5136 936 5189 materiam
998 5138 1167 5190 carnis
1203 5138 1361 5190 abluit
1393 5138 1408 5201 )
1442 5154 1504 5192 ea:
1550 5146 1694 5206 parte

97 5207 328 5261 suscepti
385 5209 568 5261 ominis
606 5208 857 5261 passione.
916 5208 1084 5261 Paulo
1131 5208 1288 5260 aliter
1333 5209 1456 5261 leait
1507 5209 1694 5261 distin-

97 5207 328 5274 suscepti
350 5207 568 5261 hominis
604 5208 857 5276 passione.
916 5208 1084 5261 Paulo
1131 5208 1288 5260 aliter
1333 5209 1456 5276 legit
1507 5209 1695 5262 dislill-

97 5280 347 5353 gnitquei
366 5295 488 5334 cum
518 5278 609 5353 Fr.
641 5278 801 5353 Junio
835 5277 1132 5353 .Iacksonus
1157 5297 1169 5331 :
1203 5278 1302 5353 Qui
1322 5282 1377 5332 in
1407 5280 1653 5353 sanguine
1676 5320 1691 5341 ,

101 5350 170 5406 id
195 5361 263 5404 est
305 5352 451 5412 vino,
510 5350 633 5403 lavit
673 5352 1007 5404 substantiam
1051 5352 1278 5415 corporis
1338 5360 1383 5403 et
1432 5351 1697 5403 nmlcriam

102 5423 315 5486 carnis,
346 5422 558 5476 abluens
583 5437 647 5475 ea:
676 5431 821 5491 parte
850 5425 1069 5489 suscepti
1114 5422 1333 5476 hominis
1364 5422 1621 5490 passione.

193 5491 497 5547 ‘Sicut.....
544 5502 879 5546 monstratur.
924 5492 1009 5546 Al.
1054 5495 1125 5548 sic
1176 5502 1316 5546 ut...
1368 5501 1694 5547 monstretur.

102 5565 291 5622 Minus
314 5575 458 5620 recte
481 5607 497 5631 ,
530 5574 587 5619 ut
615 5564 844 5618 videtur.

197 5636 223 5669 ⁸
242 5633 305 5709 Iit
329 5635 681 5691 similitudine.
712 5634 914 5690 Grmcis
942 5638 991 5690 ἐν
1022 5636 1304 5709 ὁμοιώματι
1325 5634 1552 5689 inhaeret
1577 5648 1702 5709 auc-

104 5719 236 5783 tor.
283 5706 370 5762 Sic
417 5718 472 5764 et
515 5722 638 5763 mox
699 5711 968 5776 expressit
1027 5706 1342 5783 ὑπερύψωσε
1404 5707 1700 5775 sanet-exat-

99 5778 269 5851 ιαυὶι.

1860 4419 1880 4448 ⁷
1908 4415 2100 4469 Etiam.
2135 4408 2284 4464 Hane
2316 4419 2503 4460 vocem
2527 4404 2727 4459 omittit
2758 4405 3056 4472 Pamelius,
3091 4424 3251 4480 quam
3299 4413 3391 4469 alii

1854 4489 2043 4542 tinent.

1790 4505 2491 4623 ι’θέιηὲἶῗμοοιιῇιιιιιξιξριιιξιιι
2544 4546 2807 4617 ejusmodi
2841 4548 2986 4605 velut
3032 4551 3391 4623 importunam

1789 4631 2072 4688 delendam
2104 4618 2288 4679 censet
2314 4618 2723 4676 Welclnnanus.

1861 4706 1882 4735 θ
1911 4700 2207 4755 ﬂuinanam
2261 4691 2566 4747 conditionis
2607 4689 2962 4761 fragilitatem.
3019 4693 3239 4752 Frustra
3271 4708 3396 4754 sunt

1792 4774 2184 4830 Welclimanus
2214 4775 2270 4821 et
2310 4761 2644 4827 Jacksonus,
2677 4763 2764 4832 qui
2797 4763 2936 4818 hanc
2976 4769 3392 4835 prtecedentinm

1793 4845 2087 4900 editionum
2117 4839 2404 4893 lectionem
2435 4836 2729 4888 sollicitare
2761 4843 3001 4900 tentant,
3033 4842 3396 4897 rescribentes

1796 4920 2034 4972 humana:
2060 4908 2366 4966 conditionis
2408 4906 2760 4975 fragilitatem.
2814 4906 3077 4961 Minucius
3105 4910 3157 4962 in
3213 4910 3392 4967 Octav.

1795 5005 1914 5057 cap.
1946 4999 2133 5057 xxxvi,
2168 4980 2363 5057 eadem
2380 4976 2633 5057 loquendi
2658 4976 2865 5057 ratione
2891 4993 3017 5057 usus
3043 4984 3393 5057 competitor,

1795 5048 2037 5130 Co'rporis
2068 5056 2289 5108 humana
2316 5049 2436 5130 uitia
2480 5063 2575 5114 pro
2619 5048 2855 5130 corporis
2897 5049 3111 5130 humani
3147 5048 3286 5130 vitia.
3315 5048 3397 5111 Ad

1798 5120 1956 5202 que-tn
1990 5130 2165 5182 locum
2207 5120 2715 5202 compluraprofert
2748 5120 3024 5202 ejusmodi.
3063 5120 3397 5202 locutionum

1798 5190 2048 5268 exempla
2098 5195 2340 5268 eruditus
2376 5190 2620 5268 Davisius
2643 5231 2657 5253 ,
2694 5190 2835 5268 inter
2859 5191 3152 5268 quaiistnd
3182 5211 3399 5267 quoque

1799 5259 2081 5327 Novat'iani
2111 5264 2347 5322 occurrit
2388 5276 2494 5328 quo
2539 5261 2607 5315 de
2660 5259 2890 5323 agimus;
2939 5259 3153 5319 Videsis
3197 5259 3326 5324 iom'.
3362 5285 3399 5323 ιι

1802 5355 2000 5399 nostrm
2031 5339 2166 5394 Bibl.
2202 5336 2302 5390 l’P.
2327 5375 2340 5395 ,
2375 5348 2493 5402 pag.
2528 5332 2651 5389 402.
2687 5340 2797 5385 not.
2836 5333 2919 5386 12.

1876 5416 1919 5445 ¹⁰
1953 5416 2017 5467 At
2042 5412 2105 5465 si.
2154 5410 2227 5462 Ita
2277 5405 2512 5460 editores
2542 5402 2822 5471 Anglicani
2869 5420 2933 5457 ex
2966 5402 3222 5474 Gagnmo,
3266 5408 3401 5464 Fro-

1802 5488 1986 5545 benio,
2018 5494 2123 5537 ctc.
2154 5479 2344 5555 Λιβία
2384 5480 2448 5530 si.
2529 5545 2549 5555 _
2631 5544 2641 5554 .
2688 5544 2698 5555 .

1879 5559 1919 5589 ¹¹
1951 5557 2220 5610 Exercens.
2251 5548 2506 5601 Exserens
2529 5545 2787 5599 Latinius.

1883 5632 1923 5660 ι’
1944 5624 2207 5682 Exinanit.
2238 5619 2462 5688 Siclego
2483 5632 2605 5670 cum
2631 5614 2889 5688 Gagnaro,
2915 5615 3165 5674 Barrensi
3191 5631 3243 5676 et
3269 5623 3399 5678 edit.

1810 5702 1977 5771 prima
2010 5693 2284 5771 Frobeuii.
2332 5686 2652 5771 .Le‘ctinnem
2679 5686 2999 5771 continuant
3045 5693 3402 5771 ppa‘cedeqm

1817 5758 2018 5842 dejicit,
2049 5764 2291 5837 deponit,
2322 5762 2456 5831 fert,
2486 5771 2536 5814 et
2566 5759 2843 5827 sequentia
2868 5758 3125 5815 descendit
3150 5804 3164 5830 ,
3218 5766 3364 5820 audit
3385 5810 3400 5841 ,
