1858 3136
49 118 119 155 (’55

658 113 702 146 DE
723 116 909 157 remittit:
929 117 1041 153 LIBER.

1643 119 1697 150 954

53 170 152 206 putant
173 167 207 191 est
230 166 253 190 et
281 162 401 190 habitavit
420 163 447 190 in
473 164 544 191 nobis
563 163 664 201 (Joan.
687 174 705 198 i,
725 165 791 201 lt);
810 165 841 192 Et
855 168 880 196 Α
895 174 946 193 non
964 166 1032 198 fuit;
1049 170 1076 192 iit
1091 166 1274 201 principalitas
1303 167 1420 195 nominis
1444 166 1530 195 istius'
1547 167 1631 195 Filius
1646 168 1695 195 Dei

54 211 173 240 ,v‘orabitis
187 218 273 236 nomen
288 210 344 244 ejus
358 209 525 243 Ennnmiucl,
542 212 611 246 quod
630 217 666 238 est
691 212 844 247 interpreta-

58 267 117 288 nutn
130 256 255 283 Nobiscum
272 254 342 282 Deus
357 256 468 292 (Matth.
487 265 506 289 ι,
520 257 585 292 25).
604 258 760 294 Propomtnt
775 260 846 287 cnitii

58 312 136 340 atque
150 304 190 330 illa
207 302 390 338 pra-tendunt,
417 311 476 338 qua:
500 304 525 331 in
543 304 686 339 Evangelia
707 306 787 333 Luca:
801 314 845 333 re-

59 356 116 380 lata
128 354 196 382 sunt,
212 357 243 376 ex
259 349 356 389 quibus
370 357 493 376 asserere
519 356 653 377 conantur
666 371 673 383 ,
698 359 750 378 non
773 351 846 386 quod

57 403 119 430 θέει,
142 396 183 423 sed
208 400 308 422 tantum
334 395 399 422 illud
421 395 492 430 quod
519 397 612 423 volunt
635 404 696 424 esse
711 405 716 422 :
733 397 847 432 Spiritus

53 447 69 474 ,ς
91 449 164 471 tinctus
177 442 253 469 veniet
266 442 292 468 in
318 447 357 474 te,
386 447 408 469 et
434 443 513 469 virtus
538 443 663 469 Altissimi
689 443 847 470 obumbrabit

54 494 66 520 ti
90 491 251 524 bi;proptereo
263 489 366 523 etquod
382 496 413 515 ea:
425 493 448 515 te
463 495 579 516 nascetur
594 494 719 523 sanctum,
741 491 845 517 vocabi-

54 547 67 567 Η
83 547 106 564 ιν
120 536 191 564 Filius
207 535 252 562 Dei
269 535 344 571 (Luc.
362 544 381 566 ι,
404 535 462 572 55).
478 536 505 563 Si
520 545 601 572 ergo,
626 537 769 571 inquiunt,
786 539 843 565 Ati-

52 587 132 624 gueius
143 585 183 612 Dei
197 584 260 616 dicit
283 585 316 612 ad
334 585 444 612 Mariam
456 606 462 617 ,
478 588 546 621 quod
559 595 589 613 ca:
604 591 627 613 te
642 592 760 614 nascetur
773 595 847 614 sanc-

52 640 129 664 tum,
150 639 178 658 ex
192 630 273 658 Maria
300 635 342 658 est
368 632 517 659 substantia
539 634 629 661 carnis
651 638 677 661 et
702 635 842 669 c0rporis;

53 682 123 707 hanc
135 682 217 704 autem
240 677 419 705 substantiam
431 699 439 712 ,
463 678 488 705 id
509 684 550 707 est
564 685 687 707 sanctum
703 680 754 707 hoc
774 680 846 716 quod

63 732 94 753 ex
114 724 151 750 illa
175 723 295 758 genitum
324 728 384 757 est,
410 724 506 752 Filium
535 726 579 753 Dei
606 734 667 754 esse
682 728 844 761 proposuit:

69 773 140 802 homo,
156 770 296 804 inquiunt,
320 771 395 805 ipse,
423 777 450 799 et
465 773 509 799 illa
524 781 587 800 caro
614 774 754 808 corporis,
781 774 845 802 illitd

68 816 121 852 quod
133 822 250 843 sanciunt
267 821 307 843 est
328 817 445 851 dictum,
472 818 559 853 ipsum
586 823 626 846 cst
640 819 723 846 Filius
740 820 796 847 Dei.
811 820 847 848 Ut.

900 213 925 239 iu
939 213 1040 247 Spiritu
1063 213 1097 240 sit
1122 213 1245 245 Domini,
1272 214 1315 249 qui
1339 215 1479 242 descendit.
1505 221 1531 243 et.
1552 216 1640 248 venit;
1669 220 1697 243 tit

899 260 1007 293 scqitcla
1025 259 1141 286 nominis
1155 261 1164 275 '
1179 260 1204 286 in
1222 259 1289 287 Filio
1304 261 1350 288 Dei
1367 266 1393 288 et
1408 260 1525 288 hominis
1539 262 1587 292 sit,
1601 267 1627 289 et
1635 254 1695 288 ine-

899 306 950 332 rito
964 312 1161 340 consequenter
1177 306 1220 334 hic
1234 307 1317 334 Filius
1333 308 1378 335 Dei
1395 308 1479 335 factus
1493 309 1528 336 sit
1541 330 1548 341 ,
1567 309 1629 336 duiu
1643 317 1696 337 non

900 352 1083 387 principaliter
1096 352 1178 379 Filius
1192 354 1238 381 Dei
1252 359 1302 381 est.
1318 357 1406 389 Atque
1422 355 1482 382 ideo
1493 356 1696 390 dispositionem

899 397 977 425 istaut
993 398 1112 433 Angelus
1125 399 1217 427 videns
1229 421 1236 433 ,
1251 405 1278 427 et
1291 401 1413 428 ordinent
1440 404 1519 429 istum
1535 403 1697 429 sacramenti

900 445 1061 479 expediens,
1088 454 1140 473 non
1167 447 1207 474 sic
1230 453 1325 474 cuneta
1352 447 1518 475 confundens
1543 453 1572 475 ut
1596 449 1696 476 nullum

899 492 1041 526 vestigium
1057 492 1238 520 distinctionis
1253 494 1410 526 collocarit,
1434 495 1633 523 distinctionem
1649 503 1697 531 p0—

899 537 952 564 suit
966 557 974 570 ,
987 537 1118 565 dicendo:
1135 538 1276 574 Propterea
1291 545 1314 567 et
1328 541 1396 574 quod
1412 548 1530 569 nascetur
1545 550 1576 569 ea:
1587 547 1610 569 te
1622 551 1697 570 satic-

899 588 970 615 tum,
999 586 1130 612 vocabitur
1156 585 1240 613 Filius
1267 586 1343 613 Dei:
1366 595 1400 614 ne
1427 588 1448 614 si
1476 588 1695 616 distributionem

899 630 976 657 istam
991 638 1051 659 cum
1066 631 1234 659 libramentis
1249 633 1305 660 suis
1321 641 1373 660 non
1385 633 1585 669 dispensasset,
1600 635 1647 662 sed
1670 636 1696 662 in

898 677 1012 704 eonfuso
1039 680 1198 713 permixtam
1232 680 1399 715 reliquisset,
1436 689 1499 709 vere
1525 682 1696 710 occasionem

899 723 1033 752 haereticis
1048 725 1222 759 contulisset,
1238 732 1267 753 ιιι
1282 726 1398 754 hominis
1414 727 1527 760 Filium,
1551 736 1603 763 qua
1616 728 1696 756 homo

897 775 954 803 est,
971 771 1095 798 eumdem
1112 777 1138 799 et.
1152 772 1162 788 ³
1176 772 1222 799 Dci
1240 772 1391 800 cthontinis
1405 773 1503 801 Filium
1525 776 1697 808 pronuntiare

898 816 1037 844 deberent.
1065 817 1139 845 Nunc
1164 823 1252 846 autent
1276 819 1456 854 particulatim
1479 828 1617 855 exponens
1641 826 1695 849 tam

66 869 147 891 etcum
162 863 225 890 dicit
238 862 376 897 Scripttira
392 870 527 897 sanciunt,
542 864 678 893 Chrisuim
696 867 777 893 filiuni
795 867 844 893 lio~
860 865 883 895 Β
899 864 986 897 magni
1002 864 1162 891 sacramenti
1175 864 1296 892 ordinem
1311 871 1391 900 atque
1402 867 1544 900 rationem,
1558 867 1697 894 evidenter

64 910 128 936 minis
137 909 271 936 hominem
288 910 488 945 intelligamus;
504 916 599 938 etcum
614 911 712 938 Filium
724 912 773 939 Dei
782 920 843 947 pro-

21 980 25 984 .
63 958 133 991 ponit,
148 957 154 971 ¹
165 964 217 983 non
231 956 379 987 hominem,
390 957 436 984 sed
447 957 530 984 Deum
541 959 842 993 percipercdelteamus.

62 1002 104 1030 Sed
112 1002 178 1029 enim
192 1002 329 1038 Scriptura
340 1003 441 1033 divina,
452 1003 641 1031 liazreticorum
656 1009 682 1031 et
697 1004 805 1031 fraudes
818 1009 845 1032 et.

60 1049 117 1077 furta
134 1049 208 1076 facile
222 1050 360 1077 convincit
375 1054 402 1077 et
424 1050 536 1085 detegit.
561 1051 589 1078 Si
613 1053 684 1078 enim
710 1052 749 1079 sic
772 1057 845 1079 esset.

61 1096 230 1123 tantummodo
241 1117 248 1128 ,
265 1096 380 1130 Spiritus
397 1097 479 1123 ueniet
494 1097 521 1123 in
537 1102 575 1130 te,
589 1103 613 1124 et
628 1099 705 1124 virtus
719 1098 845 1125 Altissimi

58 1143 202 1173 obunibrabit
214 1143 273 1176 tibi,
289 1148 424 1177 propterea
434 1143 503 1178 quod
514 1150 632 1172 nascetur
643 1153 674 1172 ex
685 1150 708 1171 te
717 1150 842 1178 sanctum,

57 1189 172 1216 vocabitur
187 1188 271 1216 Filius
285 1188 348 1221 Dei;
362 1189 476 1220 fortasse
492 1190 544 1220 alio
559 1194 633 1218 esset
652 1190 729 1222 nobis~
745 1198 844 1225 genere

57 1236 173 1263 adversus
187 1236 248 1264 illos
262 1237 463 1270 reluctandum,
480 1241 507 1264 et
521 1237 573 1264 alia
589 1237 665 1265 nobis
688 1243 779 1265 essent
798 1246 844 1264 ar-

56 1288 167 1317 gumenta
182 1284 325 1319 quaerenda
340 1288 366 1311 et
388 1291 462 1312 arma
487 1284 636 1316 sumenda,
664 1284 761 1325 quibus
783 1284 843 1311 illo~

55 1336 107 1356 rum
123 1334 147 1356 et
162 1329 272 1358 insidias
294 1334 321 1361 et.
343 1330 491 1365 praestigias
506 1330 675 1359 vinceremus
691 1340 697 1357 :
714 1339 775 1358 cttm
796 1339 845 1357 au-

57 1379 103 1402 tem
117 1375 169 1411 ipsa
182 1375 322 1411 Scriptura
334 1376 437 1405 ctelesti
449 1377 589 1403 abundans
604 1377 770 1411 plenitudine
784 1385 845 1405 sese

54 1421 232 1450 brcreticorum
242 1423 351 1449 istorum
361 1422 502 1449 calumniis
510 1428 605 1455 exuat;
619 1422 695 1450 facile
705 1424 764 1458 ipso
773 1424 844 1459 quod

53 1470 172 1504 scriptum
188 1475 230 1497 est
253 1470 372 1503 nitimur,
389 1475 414 1497 et
429 1478 537 1498 errores
551 1471 617 1498 istos
634 1471 693 1498 sine
714 1472 766 1499 ulla
795 1472 844 1499 du-

53 1514 173 1544 bitatione
199 1524 366 1553 superamus.
393 1516 452 1544 Non
476 1517 548 1544 enini
572 1517 658 1550 dixit,
685 1523 713 1545 ut
726 1518 781 1554 jam
797 1526 844 1546 ex-

895 910 1024 943 expressit
1037 930 1044 943 ,
1062 916 1089 937 ιιι
1104 912 1221 945 diceret,
1238 916 1260 938 et
1273 912 1340 946 quod
1354 920 1385 939 ea:
1399 917 1422 939 te
1434 919 1553 940 nascetur
1563 918 1691 946 sanctum,

894 955 1023 982 vocabitur
1038 956 1122 983 Filius
1147 957 1215 988 Dei;
1245 959 1360 990 probans
1385 959 1512 992 quoniam
1542 959 1625 986 F'tlius
1649 959 1696 986 Dei

895 1000 1034 1029 descendit
1051 1011 1057 1029 :
1074 1004 1116 1037 qiti
1133 1003 1195 1029 dum
1214 1003 1309 1030 Filium
1335 1004 1452 1031 hominis
1474 1005 1501 1032 in
1517 1012 1546 1032 se
1558 1006 1694 1039 suscepit,

895 1053 1092 1082 consequi-nter
1106 1049 1179 1075 illum
1195 1049 1292 1076 Filtttiii
1311 1050 1356 1077 Dei
1371 1049 1452 1083 fecit;
1467 1053 1593 1085 quoniam
1621 1051 1696 1078 illum

896 1094 906 1109 ⁵
919 1094 1002 1121 Filius
1022 1095 1073 1122 sibi
1089 1095 1133 1122 Dei
1145 1096 1256 1123 sociavnt
1271 1102 1294 1122 et
1309 1096 1409 1131 junxit.
1426 1096 1461 1124 Ut.
1473 1097 1536 1124 ditiii
1551 1097 1634 1125 Filius
1648 1098 1697 1125 ho-

895 1141 975 1167 niitiis
998 1141 1119 1168 adhaeret
1132 1142 1159 1168 in
1173 1142 1183 1158 ⁵
1196 1143 1362 1169 nativitatem
1377 1142 1445 1170 Filio
1462 1143 1525 1175 Dei;
1552 1145 1609 1178 ipsa
1633 1152 1695 1179 per-

896 1187 1026 1214 mixtione
1042 1188 1191 1215 feneratum
1215 1193 1243 1216 et
1267 1194 1417 1216 mutuatum
1432 1194 1553 1223 teneret,
1571 1191 1641 1224 quod
1663 1200 1697 1219 ex

895 1239 990 1260 natura
1006 1235 1112 1268 propria
1128 1235 1265 1269 possidere
1280 1244 1332 1262 non
1349 1241 1449 1270 posset.
1467 1238 1505 1264 Ac
1519 1238 1557 1264 sic
1572 1237 1639 1264 facta
1654 1243 1697 1266 est

898 1279 992 1314 Angeli
1007 1271 1074 1307 'voee
1087 1302 1094 1314 ,
1107 1283 1177 1316 quod
1193 1283 1286 1309 nolunt
1298 1282 1417 1310 li.rrelici
1430 1304 1436 1314 ,
1453 1283 1523 1310 inter
1537 1284 1632 1310 Filium
1650 1285 1695 1312 Dei

897 1327 1082 1363 hominiSque,
1099 1337 1158 1355 cum
1175 1336 1222 1355 sua
1239 1334 1327 1356 tamen
1343 1329 1492 1356 sociatione
1504 1351 1512 1362 ,
1536 1330 1693 1363 distinctio;

897 1374 1018 1409 urgendo
1038 1375 1098 1401 illos
1114 1375 1150 1401 uti
1165 1374 1302 1402 Christum
1317 1396 1323 1407 ,
1341 1376 1351 1391 θ
1364 1375 1481 1402 hominis
1507 1375 1621 1409 Filium,
1648 1376 1697 1404 lio-

897 1422 997 1449 minem
1014 1423 1164 1456 intelligant
1179 1430 1286 1460 quoque
1302 1422 1347 1449 Dei
1369 1423 1484 1456 Filium,
1511 1428 1537 1450 et
1560 1423 1695 1450 ltomincm

897 1468 946 1495 Dei
963 1468 1058 1495 Filium
1070 1490 1076 1500 ,
1092 1468 1117 1495 id
1132 1474 1173 1495 est
1188 1469 1234 1496 Dei
1254 1468 1369 1496 Verbuui
1385 1468 1474 1505 (sicut
1488 1469 1619 1504 scriptum
1633 1469 1696 1505 est.)

897 1514 980 1541 Deutn
1004 1515 1139 1549 accipiant
1160 1524 1166 1541 :
1187 1518 1266 1554 atque
1288 1514 1349 1542 ideo
1368 1515 1506 1542 Christum
1528 1515 1620 1543 Jcsum
1642 1516 1696 1543 Do-

54 1563 211 1596 prcssimus,
233 1568 368 1598 propterea
382 1563 451 1599 quod
468 1572 499 1591 ea:
523 1569 546 1591 te
566 1570 684 1592 nascetur
708 1570 840 1599 sanctum;
854 1562 876 1598 C
894 1562 1015 1595 milium,
1032 1562 1041 1576 ⁷
1054 1570 1086 1588 PX
1108 1567 1221 1596 utroque
1246 1568 1397 1589 COnnexum
1415 1562 1465 1598 (υι
1489 1562 1524 1589 ila
1547 1562 1661 1589 dixerim
1673 1560 1695 1597 ),

53 1607 95 1634 Sed
118 1608 214 1643 adjecit
240 1608 457 1643 conjunctiOnem
474 1618 480 1635 :
497 1610 535 1637 ait
553 1611 641 1644 enim,
670 1617 805 1646 propterea
821 1616 844 1639 et

52 1656 114 1689 quod
130 1663 159 1683 ea:
180 1661 203 1683 te
226 1661 343 1683 nascetur
365 1661 500 1689 sanctum;
526 1661 555 1684 ut
580 1657 643 1684 illud
670 1658 840 1692 ostenderet,

53 1710 105 1730 non
125 1703 302 1738 principaliter
317 1703 368 1731 hoc
379 1710 500 1735 sanctum
515 1704 586 1740 quod
600 1712 632 1731 ex
647 1704 691 1735 illa
709 1705 841 1738 nascitur,

50 1748 77 1776 id
90 1749 217 1777 estistain
234 1750 322 1778 carnis
345 1751 519 1787 corporisque
543 1750 719 1778 substantiam
745 1751 839 1780 Filium

51 1795 94 1823 Dei
113 1804 188 1831 esse,
222 1797 270 1824 sed
298 1803 495 1833 consequenter
514 1803 541 1831 et
563 1799 589 1826 iii
614 1799 732 1831 secundo
757 1800 839 1827 loco:

48 1842 227 1877 principaliter
245 1847 334 1870 autem
350 1843 445 1871 Filium
464 1844 508 1871 Dei
529 1852 589 1877 esse
604 1844 722 1874 Verbum
738 1846 783 1872 Dei
801 1846 842 1873 in-

49 1894 181 1916 cantatam
194 1897 241 1925 pu-r
256 1889 329 1919 illum
345 1889 484 1925 Spiritum,
499 1890 532 1917 de
543 1898 596 1931 quo
608 1890 726 1926 Angelus
738 1891 839 1919 refert:

50 1934 159 1969 Spiritus
172 1936 252 1963 veniet
263 1937 287 1962 in
302 1941 334 1968 te,
352 1941 374 1963 et
389 1937 468 1965 virtus
481 1936 605 1969 Altissimi
616 1939 773 1969 obumhrahit
786 1939 840 1966 tibi.

49 1980 96 2009 Hic
119 1988 156 2010 est
178 1984 250 2011 enim
276 1983 411 2018 legitimus
434 1983 479 2010 Dei
506 1983 590 2011 Filius
603 1985 646 2023 qui
662 1992 694 2012 ex
714 1986 771 2020 ipso
787 1985 841 2013 Deo

48 2034 103 2062 est,
119 2030 160 2064 qni
176 2030 240 2056 dum
255 2038 370 2060 sanctum
394 2029 464 2058 istud
487 2032 616 2064 assumit,
638 2035 665 2057 et
678 2031 727 2057 sibi
742 2031 838 2058 Filium

49 2073 160 2104 hominis
173 2078 310 2110 qnnecdt,
326 2082 351 2103 et
368 2076 440 2103 illutn
465 2077 497 2104 ad
517 2085 546 2110 se
566 2078 634 2112 rapit
658 2083 739 2113 atque
753 2083 841 2105 trans-

48 2119 139 2155 ducit,
152 2122 316 2150 eounexione
331 2130 378 2150 sua
393 2127 419 2149 et
441 2123 619 2163 permixtione
644 2124 744 2153 sociata
769 2132 836 2159 ιιι·;υ‹

49 2172 119 2202 stat,
133 2173 157 2196 et
168 2169 264 2196 Filium
276 2170 348 2197 illum
366 2169 413 2197 Dei
427 2170 501 2203 facit,
517 2170 587 2205 quod
609 2170 655 2198 illc
680 2170 838 2198 naturaliter

896 1617 929 1636 ex
946 1613 1058 1643 utroque
1073 1613 1227 1635 contextum
1250 1612 1329 1643 atque
1354 1613 1527 1641 concretum,
1556 1613 1583 1636 et
1604 1609 1630 1636 in
1653 1616 1694 1636 ea-

895 1656 956 1683 dem
981 1657 1120 1691 utriusque
1150 1655 1308 1682 substantiae
1333 1655 1479 1682 concordia
1500 1656 1584 1682 mutui
1600 1656 1632 1683 ad
1653 1656 1695 1683 in-

896 1703 982 1730 vicem
1000 1702 1110 1730 ftedcris
1123 1702 1334 1730 contibulatione
1349 1703 1479 1730 sociatum
1493 1723 1500 1736 ,
1519 1702 1655 1730 hominem
1667 1708 1694 1731 et

896 1749 996 1782 Deum,
1012 1749 1158 1784 Scriptura:
1172 1750 1223 1776 hoc
1238 1749 1325 1783 ipsum
1347 1748 1465 1776 dicentis
1489 1749 1621 1783 veritate,
1646 1757 1695 1777 co-

895 1800 1035 1831 gnoscattt.

1119 1831 1234 1860 CAPUT
1256 1830 1338 1864 XXV,
1356 1831 1393 1859 at.
1409 1831 1470 1859 XX.

895 1878 985 1914 Neque
997 1878 1056 1905 inde
1066 1879 1146 1913 sequi,
1161 1878 1220 1913 quia
1234 1877 1349 1905 Christus
1364 1884 1489 1911 mortuus,
1512 1879 1589 1907 etiam
1613 1879 1695 1908 Deum

930 1930 1055 1952 mortuum
1070 1926 1152 1960 accipi
1167 1933 1177 1952 :
1192 1933 1242 1952 non
1262 1926 1327 1951 enim
1352 1925 1527 1952 tantummodo
1538 1924 1635 1961 Deum,
1652 1926 1696 1953 sed

929 1976 952 1998 et
966 1972 1092 1998 hominem
1115 1971 1244 1998 Christum
1262 1970 1398 2005 Scriptura
1422 1970 1551 2005 proponit.

930 2029 1011 2064 Ergo,
1029 2029 1162 2063 inquiunt,
1179 2030 1200 2054 si
1214 2027 1339 2055 Christus
1361 2035 1413 2054 non
1427 2027 1509 2054 homo
1525 2032 1567 2055 est
1577 2033 1694 2061 tantum.

893 2076 940 2103 sed
956 2080 983 2103 et.
998 2076 1078 2108 Deus,
1102 2074 1240 2101 Christum
1262 2080 1351 2101 autem
1367 2074 1450 2101 refert
1472 2074 1608 2109 Scriptura
1625 2083 1696 2102 inor-

894 2127 967 2150 luuin
994 2130 1042 2157 pro
1066 2121 1143 2148 nobis
1165 2125 1192 2148 et
1220 2120 1442 2153 ressuscitalum;
1463 2120 1518 2155 jam
1543 2121 1620 2148 docet
1645 2129 1695 2148 nos

892 2169 1031 2204 Scriptura
1045 2167 1158 2195 credere
1174 2168 1257 2195 Deum
1272 2171 1407 2194 mortuum
1423 2176 1430 2194 :
1446 2172 1492 2194 aut
1514 2167 1535 2194 si
1557 2168 1627 2196 Deus
1642 2176 1694 2196 non

620 2240 804 2268 GALLANltll
817 2237 1097 2269 COMMENTARIUS.

50 2306 127 2333 movit
140 2308 259 2341 quosdam
274 2307 422 2341 eﬂrctmtitts
438 2311 460 2334 et
474 2308 579 2340 effusius
599 2310 625 2334 in
648 2307 749 2335 Christo
766 2308 834 2335 divi-
850 2309 876 2338 D
890 2307 948 2338 sibi,
964 2306 1172 2334 cthACCKSoN.

50 2342 152 2368 nitatem
177 2343 306 2373 conﬁteri,
324 2348 351 2370 ut
372 2348 499 2377 putarent.
517 2349 581 2376 etc.;
598 2344 648 2371 nisi
672 2345 731 2379 quis
755 2345 837 2379 conﬁ-

51 2382 127 2404 teutu
138 2387 184 2414 pro
194 2380 310 2411 conﬁteri
323 2379 411 2413 legere
423 2386 541 2407 censeat.

91 2414 98 2428 ¹
112 2413 167 2440 Non
180 2415 307 2441 hominem
317 2436 323 2446 ,
336 2416 380 2441 sed
396 2414 487 2441 Deum.
513 2415 548 2442 Ila
572 2415 705 2442 Pamelius
730 2416 838 2451 aliiqttc.

51 2448 238 2477 Welchmanus
248 2457 455 2485 tameuenmquc
464 2456 571 2478 secutus
579 2451 735 2483 Jacksonus.
745 2448 839 2482 ordine

51 2485 156 2512 inverso
178 2487 335 2518 ediderunt.
364 2495 414 2513 non
439 2487 519 2513 Deum
533 2487 577 2513 sed
597 2487 723 2514 hominem
740 2496 749 2514 :
762 2496 839 2522 argu-

50 2523 131 2549 menti
146 2523 268 2549 nimirum
282 2523 395 2555 ratione,
411 2522 496 2558 inquit
510 2524 651 2559 posterior,
668 2523 736 2550 hanc
752 2529 838 2551 trans-

51 2559 206 2591 positiont-in
223 2559 382 2592 postulante.

91 2593 144 2621 ἕΙη
160 2594 226 2622 Filio
239 2594 284 2621 Dei
306 2598 328 2622 et
354 2594 473 2622 hominis.
489 2594 669 2622 Pamelianam
695 2595 839 2623 editionem

50 2633 242 2664 expres~itnus,
256 2632 466 2665 priccedeutihus
476 2635 678 2665 congruentem.
688 2631 740 2660 llas
751 2637 838 2658 autem

52 2672 129 2693 vocas
150 2667 194 2693 Dei
217 2673 240 2693 et
259 2668 349 2694 omisit
369 2667 560 2695 Welcnutanus
588 2674 594 2694 :
623 2667 701 2701 eique
725 2669 838 2702 primum

51 2707 198 2730 acoesserat
216 2702 383 2730 Jacksontts:
405 2703 450 2730 sed
466 2708 556 2735 postea
573 2706 670 2728 mutata
694 2702 838 2737 sententia,

53 2738 253 2765 rescribendum
267 2739 446 2770 existimabat,
462 2737 544 2764 Filius
562 2738 608 2764 Dei
624 2738 649 2763 in
663 2738 764 2764 homine
777 2739 817 2765 sit.

94 2772 155 2801 ‘Dei
176 2779 197 2801 et
222 2774 333 2804 hominis
350 2773 455 2801 Filium.
481 2773 544 2805 llcic
570 2773 674 2800 Pariter
689 2774 837 2802 Painclium

50 2811 195 2857 sequimur.
208 2810 311 2857 Delev'i‘t
323 2809 515 2857 Wel‘climanus
528 2815 553 2837 et
568 2809 687 2857 hominis:

110 2845 190 2874 Filius
207 2846 254 2873 sibi
281 2845 338 2873 Dei.
366 2845 439 2873 Ordo
457 2846 599 2872 verborum
625 2845 728 2872 facilior
750 2845 839 2873 eritsi

47 2878 202 2918 legerimus,
219 2882 291 2909 illum
304 2881 352 2910 sibi
367 2880 451 2909 Filius
466 2880 525 2915 Dei,
547 2881 588 2909 vel
604 2880 679 2909 illum
694 2879 779 2911 Filius
793 2880 840 2909 Dei

928 2343 939 2359 '
957 2342 988 2369 Ιη
1014 2344 1180 2369 nativitatem.
1204 2341 1238 2369 In
1259 2342 1392 2373 nativitatis
1416 2343 1528 2371 omnino
1552 2343 1693 2375 legendum

891 2384 966 2414 putat
980 2378 1129 2410 Jaclisouus
1146 2387 1152 2404 :
1169 2386 1255 2413 neque
1270 2378 1350 2408 aliter
1363 2378 1525 2414 conjiciebat
1537 2379 1694 2408 Wclcbma-

892 2422 953 2442 Πυδ-

928 2450 938 2467 θ
955 2450 988 2483 Et
1002 2451 1129 2479 hominem
1156 2449 1202 2476 Dei
1235 2449 1331 2477 Filium
1345 2465 1381 2470 -—
1395 2450 1474 2477 Deum
1498 2451 1633 2482 accipiant.
1650 2450 1695 2478 Sic

892 2486 1036 2513 Paiiiclius.
1049 2485 1137 2512 Etiitio
1147 2486 1314 2513 Frobeniana
1327 2495 1332 2513 :
1345 2486 1376 2512 Et
1386 2486 1513 2512 hominem
1523 2486 1569 2513 Dei
1585 2486 1691 2520 Filium,

891 2523 918 2548 id
940 2527 975 2549 est
1005 2522 1120 2554 Verbum,
1150 2522 1213 2548 sicut
1235 2522 1357 2555 scriptum
1377 2527 1423 2550 est.
1449 2521 1531 2548 Dettm
1555 2523 1692 2555 accipiant.

893 2558 978 2591 Qum"
1004 2558 1111 2592 quidem
1135 2557 1279 2584 lectionem
1295 2564 1402 2584 secutus
1423 2563 1464 2584 est
1487 2556 1691 2585 Welchinanus.

893 2594 1012 2623 Luxatus
1036 2593 1109 2619 locus
1123 2593 1228 2619 videtur
1250 2592 1396 2624 .Iacksttnu,
1413 2593 1610 2627 legendumque
1629 2602 1635 2620 :
1660 2593 1692 2620 Et

892 2629 941 2655 Dei
958 2628 1067 2660 Filium,
1083 2628 1110 2654 id
1125 2633 1160 2655 est
1177 2627 1223 2654 Dei
1244 2627 1471 2655 Verbum—Dauni
1497 2629 1637 2663 accipiant.
1661 2629 1691 2656 In

892 2664 1184 2701 eaindenrsentetitiam
1203 2663 1388 2699 Vesselingius
1407 2663 1540 2693 Probubil.
1561 2672 1622 2701 cap.
1644 2665 1691 2700 56,

974 2700 1035 2726 5³22.

974 2708 1035 2726 .22.

891 2708 995 2762 pain;
1011 2740 1116 2770 utroque
1144 2740 1298 2768 conten-tum.
1323 2735 1377 2763 Has
1397 2742 1478 2763 voces
1498 2743 1563 2770 quas
1584 2743 1639 2771 prie
1661 2743 1691 2763 se

891 2773 982 2801 ferunt
1004 2779 1098 2798 omnes
1113 2771 1188 2802 editi,
1209 2772 1301 2804 omisit
1322 2772 1488 2804 Jaeksonus;
1509 2772 1607 2806 quippe
1630 2780 1691 2807 qua:

892 2808 1017 2836 nimirum
1045 2812 1111 2833 orta:
1137 2807 1278 2834 videantur
1303 2816 1334 2834 eti
1359 2807 1502 2842 negligeuti
1528 2808 1690 2841 repetitione

892 2845 1011 2880 priorum
1024 2850 1055 2868 civ
1075 2847 1180 2880 utrpque
1189 2851 1340 2870 connexum.
1359 2843 1464 2878 Easque
1480 2843 1579 2880 pariter
1593 2843 1689 2873 delen-

894 2877 942 2909 das
956 2880 1073 2914 jusserat
1086 2877 1289 2907 Welchmanus.
