3716 6272
427 228 533 286 955

1871 224 2249 285 NOVATIANI

3464 253 3531 310 936

425 346 675 412 moritur,
711 344 956 402 Christus
996 352 1175 400 autem
1203 353 1449 402 mortuus
1480 345 1744 414 refertur;
1777 363 1884 404 non
1918 348 2022 403 erit
2046 352 2100 413 Α
2125 355 2346 402 cruenta
2377 347 2579 403 saevitia
2608 346 2862 404 adversus
2888 347 3133 419 homines,
3168 369 3300 425 quam
3320 367 3538 425 ottsotom.
3636 410 3637 421 χ

427 440 675 498 Christus
701 440 866 503 Deus,
895 438 1149 509 quoniam
1178 439 1319 494 Deus
1340 456 1448 496 non
1474 449 1653 510 potest
1679 441 1849 510 accipi
1878 455 2024 497 mor-

428 535 641 591 tuus.Si
663 548 914 603 umquam
932 532 1303 603 intelligerint,
1332 544 1426 589 aut
1454 535 1850 591 intellexissent
1877 534 2021 605 quod

424 632 643 700 legunt,
676 641 967 696 numquam
996 634 1102 681 tam
1145 627 1452 698 periculose
1482 628 1700 682 omnino
1733 628 2022 698 loqueren-

424 726 528 772 tur.
549 717 656 773 Sed
671 720 873 775 erroris
900 735 1116 791 semper
1145 731 1228 777 est
1254 721 1479 792 abrupta
1505 720 1811 787 dementia;
1836 729 1890 776 et
1914 735 2020 775 non

422 820 729 865 estnovum
780 813 829 866 si
877 826 1046 883 usque
1075 813 1141 867 ad
1176 814 1477 883 periculosa
1520 812 1877 881 descendunt,
1930 811 2022 883 qui

424 906 585 960 fidem
614 905 909 977 legitimam
938 907 1291 977 reliquerunt.
1324 907 1381 963 Si
1413 909 1557 964 enim
1592 908 1867 977 Scriptura
1898 922 2023 977 pro-

421 1012 645 1070 poneret
674 1000 950 1056 Christum
982 1001 1355 1057 tantummodo
1379 1002 1569 1067 Deum,
1599 1011 1653 1057 et
1679 1001 1821 1056 ntilla
1849 1003 1902 1055 in
1930 1000 2022 1055 illo

418 1092 725 1165 fragilitatis
777 1094 1029 1149 humanae
1059 1095 1283 1150 sociatio
1313 1105 1456 1149 esset
1504 1096 1789 1164 permixta,
1825 1092 2021 1147 merito

416 1188 633 1243 illorum
679 1186 800 1242 heic
844 1187 1050 1258 aliquid
1098 1188 1357 1242 valuisset
1386 1203 1568 1242 sermo
1611 1197 1910 1242 contortus.
1963 1186 2020 1241 Si

416 1280 663 1337 Christus
696 1281 859 1349 Deus,
894 1279 1142 1337 Christus
1165 1292 1346 1337 autem
1379 1291 1648 1347 mortuus,
1698 1296 1827 1351 ergo
1872 1296 2020 1335 mor-

418 1384 541 1429 tuus
571 1383 653 1429 est
686 1373 845 1429 Deus.
893 1373 999 1429 Sed
1028 1388 1149 1428 etun
1184 1390 1288 1429 non
1320 1372 1696 1428 tantummodo
1744 1372 1917 1436 illum,
1966 1380 2024 1427 ut

414 1466 751 1522 ostendimus
793 1467 904 1537 jam
934 1465 1267 1537 frequenter,
1305 1468 1494 1534 Deum,
1537 1466 1633 1521 sed
1664 1474 1718 1520 et
1748 1465 2020 1521 hominem

411 1561 1385 1631 Scripturaconstituat;consequens
1410 1571 1514 1627 est,
1553 1559 1695 1630 quod
1741 1561 1757 1591 ¹
1807 1559 2022 1614 innuer-

412 1655 517 1710 tale
551 1661 654 1721 est,
696 1655 1063 1723 incorruptum
1099 1654 1361 1708 mansisse
1400 1663 1667 1708 teneatur.
1708 1652 1840 1721 Quis
1872 1652 2017 1708 enim

2128 439 2290 494 modo
2311 454 2507 509 corpus
2533 440 2776 505 occidat;
2802 451 2992 511 quanto
3012 447 3164 516 magis
3184 452 3336 519 utique
3352 453 3393 507 in
3405 455 3544 519 Christo

2129 549 2235 588 non
2287 534 2483 588 valebit
2512 575 2530 600 ,
2583 548 2742 604 quam
2787 543 2844 588 ut
2892 537 3025 592 idem
3050 536 3071 567 ³
3094 544 3399 601 tantummodo
3426 563 3552 622 corpus

2125 626 2338 681 occidat
2368 646 2381 679 :
2412 635 2471 682 ut
2495 626 2623 682 dum
2654 642 2747 697 per
2762 627 2875 683 lucc
2892 630 3139 700 colligitur
3158 648 3247 689 non
3271 635 3355 690 nisi
3371 638 3552 702 hominem

2123 718 2179 773 in
2226 718 2443 773 Christo
2498 717 2857 786 interfectum,
2915 733 3149 792 appareat
3190 725 3246 780 ad
3289 732 3555 793 mortalitatem

2123 813 2441 870 Sermonem
2487 812 2509 843 ⁸
2561 813 2614 868 in
2666 813 2785 869 loco
2840 830 2943 869 non
2994 830 3104 872 esse
3149 818 3405 877 deductum.
3425 825 3556 886 Namsi

2125 907 2417 974 Abraham,
2446 916 2501 962 et
2531 907 2696 974 Isaac,
2745 919 2801 963 ct
2841 908 3004 964 Jacob
3027 925 3149 981 quos
3174 914 3379 971 homines
3407 929 3557 979 tantum-

2125 1001 2287 1056 modo
2317 1008 2531 1057 constat
2560 1000 2746 1064 fuisse,
2776 1000 3104 1057 manifestum
3128 1015 3201 1060 est
3242 1008 3393 1062 vivere
3415 1008 3559 1080 (omnes

2124 1098 2293 1161 enim,
2338 1095 2531 1165 inquit,
2561 1093 2633 1148 illi
2664 1094 2854 1149 vivunt
2879 1095 2985 1150 Deo
3009 1093 3147 1167 (Luc.
3178 1098 3371 1168 xx,38),
3393 1118 3562 1163 necnon

2124 1190 2178 1244 in
2208 1189 2313 1243 illis
2346 1189 2579 1243 animam
2615 1186 2848 1257 perimit,
2879 1203 2997 1258 quae
3022 1203 3226 1260 corpora
3259 1191 3354 1261 ipsa
3375 1194 3560 1264 diSSUiVil;

2119 1283 2209 1352 jus
2231 1282 2377 1337 enim
2405 1297 2565 1336 suum
2591 1295 2852 1336 ext-rccre
2880 1280 3045 1350 potuit
3071 1282 3122 1336 in
3140 1297 3356 1354 corpora,
3374 1287 3409 1341 in
3425 1290 3563 1347 animas

2124 1391 2382 1433 exercere
2425 1391 2531 1430 non
2561 1374 2736 1429 valuit
2765 1393 2779 1428 :
2810 1374 2953 1429 aliud
2987 1375 3122 1431 enim
3148 1376 3198 1431 in
3223 1376 3315 1432 illis
3336 1384 3500 1448 mortale,
3526 1394 3564 1440 et

2123 1468 2246 1523 ideo
2275 1483 2546 1524 mortuum
2571 1484 2586 1533 ;
2619 1467 2766 1522 aliud
2794 1467 2851 1522 in
2880 1468 2986 1524 illis
3016 1468 3310 1539 immortale,
3350 1484 3393 1528 et
3416 1472 3500 1531 ideo
3513 1478 3564 1533 io-

2126 1562 2380 1633 telligitur
2433 1579 2538 1616 non
2586 1563 2917 1617 extinctum!
2963 1562 3032 1618 ob
3073 1579 3221 1635 quam
3258 1580 3426 1622 causam
3454 1573 3566 1627 virere

2130 1655 2237 1711 Deo
2267 1656 2619 1725 pronuntiati,
2651 1665 2708 1710 et
2733 1655 2866 1710 dicti
2893 1654 3049 1728 sunt)
3076 1674 3091 1722 ;
3140 1658 3288 1713 multo
3312 1660 3440 1731 magis
3457 1663 3568 1733 utique

413 1764 521 1803 non
550 1748 835 1819 intelligat,
880 1747 1022 1818 quod
1052 1746 1400 1816 impassihilis
1428 1745 1496 1800 sit
1524 1746 1797 1809 divinitas,
1842 1746 2015 1815 passi-
2046 1748 2095 1807 B
2124 1764 2272 1805 mors
2298 1748 2355 1805 in
2385 1749 2598 1805 Christo
2625 1749 2914 1805 adversum
2946 1750 3112 1805 solam
3153 1752 3386 1807 materiam
3417 1760 3569 1825 corporis

414 1840 537 1895 bilis
566 1856 695 1896 vero
724 1842 794 1895 sit
825 1840 1054 1895 humana
1083 1839 1378 1911 fragilitas?
1406 1840 1540 1894 Cum
1564 1854 1692 1908 ergo
1721 1849 1826 1894 tam
1858 1855 1924 1895 ex
1947 1853 2013 1895 eo

412 1932 555 2004 quod
588 1934 727 1988 Deus
753 1943 857 1997 est,
890 1949 1049 2002 quam
1080 1931 1240 1986 etiam
1288 1948 1354 1986 ex
1386 1931 1481 1985 illo
1510 1932 1653 2002 quod
1700 1931 1865 1986 homo
1904 1942 2010 1992 est.

411 2026 662 2082 Christus
689 2026 1020 2097 intelligatur
1046 2040 1169 2081 esse
1216 2026 1517 2095 permixtus
1567 2034 1622 2080 et
1670 2042 1791 2081 esse
1837 2027 2012 2081 socia-

412 2128 497 2175 tus
529 2137 542 2173 :
584 2119 799 2174 Verbum
824 2120 968 2175 enim
996 2135 1115 2173 caro
1142 2122 1334 2189 factum
1356 2128 1449 2186 est,
1482 2128 1528 2172 et
1550 2119 1794 2172 habitavit
1824 2119 1879 2172 in
1918 2136 2012 2173 no-

411 2212 487 2267 bis
517 2211 699 2284 (Joan.
737 2211 773 2277 l,
808 2211 910 2281 M)
931 2253 946 2278 ,
978 2211 1097 2281 quis
1129 2224 1236 2265 non
1260 2210 1379 2265 sine
1409 2210 1518 2265 ullo
1549 2211 1806 2278 magistro
1851 2220 2012 2280 atque

411 2305 709 2375 interprete
736 2319 802 2358 ex
823 2318 943 2359 sese
968 2304 1122 2359 facile
1143 2313 1453 2375 cognoscat,
1485 2320 1591 2358 non
1621 2303 1749 2358 illud
1774 2304 1825 2357 in
1851 2303 2011 2360 Chri-

414 2405 499 2453 sto
540 2408 812 2453 mortuum
841 2412 962 2451 esse
1008 2396 1150 2466 quod
1194 2397 1334 2451 Deus
1378 2407 1482 2463 est,
1538 2397 1630 2452 sed
1676 2396 1803 2450 illud
1832 2397 1886 2450 in
1917 2396 2012 2452 illo

410 2498 685 2546 mortuum
708 2504 828 2545 esse
855 2489 996 2560 quod
1021 2489 1184 2545 homo
1206 2490 1324 2544 est?
1351 2490 1487 2557 Quid
1513 2490 1656 2544 enim
1684 2492 1729 2545 si
1758 2489 2010 2545 divinitas

412 2581 466 2636 in
496 2580 715 2637 Christo
742 2596 847 2635 non
880 2580 1129 2644 moritur,
1162 2580 1258 2636 sed
1290 2581 1473 2637 carnis
1511 2581 1678 2635 solius
1707 2581 2008 2637 substantia

409 2672 772 2742 extinguitur;
826 2671 1041 2743 quando
1087 2681 1141 2727 et
1187 2673 1239 2726 in
1284 2674 1494 2727 caeteris
1536 2672 1867 2738 hominibus,
1917 2671 2007 2742 qui

408 2780 515 2821 non
550 2774 675 2821 sunt
701 2780 829 2820 caro
857 2765 1251 2831 tantummodo,
1284 2764 1376 2821 sed
1405 2781 1532 2821 caro
1565 2777 1619 2821 et
1647 2767 1850 2834 anima,
1881 2781 2007 2822 caro

403 2858 618 2929 quidem
659 2859 773 2913 sola
835 2860 1109 2914 incursum
1153 2859 1405 2915 interitus
1446 2860 1741 2931 mortisque
1786 2861 2002 2930 patitur,

403 2962 556 3008 extra
590 2953 736 3023 leges
764 2962 945 3008 autem
987 2953 1238 3008 interitus
1283 2963 1338 3009 et
1388 2954 1576 3008 mortis
1607 2954 1783 3008 anima
1828 2954 2005 3008 incor-

402 3056 560 3117 rupta
591 3046 883 3101 cernatur?
914 3045 1028 3100 Hoc
1055 3045 1198 3099 enim
1234 3054 1290 3100 et
1336 3045 1452 3115 ipse
1484 3046 1739 3101 Dominus
1781 3044 2003 3101 hortans

2119 1845 2293 1914 potuit
2334 1845 2539 1912 valere,
2592 1843 2859 1899 adversus
2918 1843 3243 1901 divinitatem
3283 1850 3481 1904 sermonis
3509 1867 3571 1908 non

2119 1940 2292 2009 potuit
2352 1954 2413 1995 se
2473 1954 2732 1995 exercere
2789 1940 2833 1992 ⁵.
2900 1938 3181 2010 Frangitur
3249 1941 3363 1996 enim
3418 1954 3573 2013 potestas

2116 2035 2334 2101 mortis,
2372 2034 2457 2090 ubi
2497 2033 2778 2090 intercedit
2819 2034 3114 2089 auctoritas
3140 2034 3473 2094 immortalitatis.

2545 2144 2779 2202 CAPUT
2805 2145 3005 2215 XXVI,
3048 2147 3118 2202 at.
3146 2146 3275 2203 XXI.

2115 2262 2381 2318 Adversus
2420 2272 2591 2317 autem
2643 2261 2972 2318 Sabellianos
3004 2261 3271 2333 Scripturis
3304 2264 3439 2335 probat
3470 2266 3572 2320 aliain

2485 2371 2592 2410 esse
2619 2352 2840 2424 Filium,
2868 2355 3033 2409 alium
3064 2354 3272 2411 Patrem.

2191 2467 2296 2524 Sed
2333 2484 2399 2524 ex
2422 2468 2523 2523 hac
2548 2470 2834 2525 occasione
2855 2469 2983 2538 quia
3005 2468 3240 2526 Christus
3265 2485 3352 2527 non
3367 2469 3484 2525 homo
3501 2480 3572 2525 tan-

2064 2606 2067 2607 ν
2115 2572 2248 2630 ιιιηι,
2278 2564 2372 2618 sed
2404 2572 2460 2619 et
2508 2564 2673 2643 Deus,
2705 2563 3024 2619 Divinarum
3053 2563 3340 2620 Litterarum
3364 2565 3487 2620 sacris
3513 2580 3570 2619 ao-

2110 2656 2449 2712 ctoritatibns
2507 2657 2873 2727 approbatur,
2931 2656 3027 2712 alii
3074 2656 3295 2714 haeretici
3338 2665 3569 2725 erumpentes

2112 2759 2313 2804 statum
2354 2750 2406 2805 in
2437 2749 2654 2805 Christo
2680 2751 2969 2822 religionis
2994 2760 3268 2807 concutere
3293 2749 3566 2809 machinatum,

2111 2844 2213 2899 hoc
2258 2847 2375 2915 ipso
2403 2845 2618 2901 Patrem
2653 2847 2825 2901 Deum
2863 2847 3109 2902 volentes
3129 2845 3377 2901 ostendere
3395 2844 3567 2899 Christum

2108 2953 2248 3006 esse,
2278 2939 2405 2993 dum
2435 2955 2544 2993 non
2579 2939 2744 2994 homo
2791 2948 3005 2995 tantum
3044 2940 3302 3002 asseritur,
3339 2936 3410 2992 sed
3432 2947 3468 2991 et
3489 2934 3567 2988 Deus

2109 3033 2394 3103 promitur.
2447 3032 2537 3089 Sic
2588 3032 2757 3100 enim,
2808 3033 3106 3105 inquiunt:
3135 3032 3178 3088 si
3219 3048 3343 3087 unus
3376 3045 3457 3086 esse
3482 3029 3568 3083 Deus

404 3156 505 3196 nos
537 3140 603 3195 ad
633 3141 950 3212 martyrium
978 3147 1033 3194 et
1056 3137 1124 3192 ad
1150 3147 1519 3208 contemptum
1550 3141 1725 3193 omnis
1754 3139 1979 3195 humana

2109 3124 2393 3195 promitur,
2423 3123 2670 3180 Christus
2711 3134 2901 3182 autem
2942 3126 3117 3190 Deus;
3161 3139 3297 3192 ergo,
3342 3120 3567 3192 inquiunt,si

402 3236 682 3305 potestatis
721 3236 898 3290 aiebat
938 3252 952 3292 :
999 3235 1082 3289 Ne
1111 3236 1379 3290 timueritis
1410 3253 1494 3290 eos
1530 3237 1617 3305 qui
1641 3253 1828 3306 corpus
1872 3243 2003 3291 occi-

400 3333 549 3397 dunt,
599 3333 827 3384 animant
855 3342 1024 3385 autem
1054 3331 1284 3387 occidere
1313 3348 1415 3385 non
1443 3342 1657 3399 possunt
1701 3330 1915 3402 (Matth.
1945 3348 1999 3396 ι,

398 3426 522 3495 28).
558 3425 711 3493 Quod
740 3426 784 3480 si
814 3425 993 3481 anima
1046 3426 1369 3482 immortalis
1415 3427 1589 3482 occidi
1636 3439 1727 3483 aut
1772 3428 2000 3484 interﬁci

398 3534 507 3573 non
539 3525 718 3588 potest
740 3518 790 3570 iu
815 3518 1004 3587 quovis
1035 3518 1162 3583 alio,
1194 3519 1321 3573 licet
1360 3520 1381 3550 ²
1408 3533 1604 3588 corpus
1635 3528 1687 3574 et
1734 3534 1862 3574 caro
1887 3519 1999 3575 sola

397 3608 570 3679 possit
597 3608 850 3673 interﬁci,
901 3617 1103 3677 quanto
1133 3612 1302 3680 magis
1326 3620 1512 3680 utique
1542 3611 1776 3665 Verbum
1828 3612 1919 3667 Dei
1946 3623 2001 3667 et

396 3701 541 3757 Deus
589 3700 643 3756 in
693 3700 911 3756 Christo
958 3700 1192 3755 interﬁci
1236 3700 1461 3755 omnino
1509 3717 1615 3755 non
1650 3702 1841 3771 potuit,
1875 3717 1996 3758 cum

394 3809 524 3849 caro
554 3794 667 3849 sola
691 3803 754 3867 et
780 3808 979 3864 corpus
1002 3794 1241 3849 occisum
1270 3793 1380 3848 sit?
1413 3793 1469 3849 Si
1499 3794 1644 3849 enim
1676 3794 1813 3849 hanc
1838 3794 1999 3851 habet

396 3888 813 3958 generositatem
836 3885 1261 3941 immortalitatis
1275 3887 1452 3939 anima
1468 3886 1518 3940 in
1543 3886 1734 3957 quovis
1756 3885 1995 3957 homine,

395 3988 452 4034 ut
484 3996 590 4035 nou
616 3980 787 4051 possit
817 3978 1073 4045 interﬁci,
1109 3980 1282 4033 multo
1318 3978 1489 4048 magis
1521 3977 1659 4032 hanc
1702 3977 1864 4033 habet
1904 3994 1998 4047 po—

394 4081 643 4128 testatem
672 4062 1010 4142 generesitas
1040 4069 1201 4125 Verbi
1237 4070 1349 4137 Dei,
1385 4078 1440 4123 ut
1469 4085 1573 4123 non
1601 4070 1766 4139 possit
1793 4068 1990 4124 occidi.

388 4164 525 4221 Nam
569 4165 613 4220 si
647 4173 886 4236 potestas
915 4163 1193 4219 hominum
1225 4162 1292 4218 ad
1324 4160 1748 4217 interficiendum
1782 4176 1993 4217 sacram

388 4260 482 4316 Dei
514 4269 858 4331 potestatem,
891 4269 944 4315 et
985 4259 1031 4315 si
1071 4258 1363 4314 crudelitas
1401 4257 1637 4312 humana
1668 4257 1733 4311 ad
1784 4257 1992 4312 interﬁ-

385 4353 631 4409 ciendum
655 4354 888 4411 animam
914 4351 1128 4415 deﬁcit;
1159 4352 1328 4407 multo
1356 4351 1526 4420 magis
1547 4350 1615 4404 ad
1639 4350 1733 4405 Dei
1762 4349 1991 4405 Verbum

385 4445 817 4503 interﬁciendum
840 4444 1076 4500 deﬁcere
1092 4444 1328 4499 debebit.
1355 4442 1487 4497 Nam
1508 4458 1628 4498 cum
1654 4444 1765 4513 ipsa
1784 4444 1985 4511 anima,

2108 3214 2267 3270 Pater
2296 3226 2352 3271 et
2379 3216 2627 3272 Christus
2653 3228 2737 3273 est
2764 3232 2909 3273 unus
2939 3218 3096 3281 Deus,
3147 3214 3364 3272 Christus
3395 3213 3503 3268 Pater
3518 3209 3567 3265 di-

2107 3322 2279 3368 cetur.
2300 3312 2357 3367 In
2386 3329 2491 3384 quo
2515 3328 2700 3369 errare
2720 3313 3030 3384 probantur
3055 3309 3307 3367 Christum
3329 3326 3409 3366 non
3428 3320 3564 3363 noscen-

2105 3413 2208 3471 tes,
2260 3404 2354 3459 sed
2386 3419 2574 3460 sonum
2619 3406 2861 3462 nominis
2892 3405 3248 3479 approbantes
3274 3425 3286 3461 :
3311 3403 3454 3460 nolunt
3482 3398 3563 3456 enim

2105 3498 2252 3552 illum
2304 3499 2594 3554 secundam
2638 3514 2764 3556 esse
2803 3516 3102 3572 personam
3152 3508 3264 3571 post
3302 3498 3476 3560 Patrem.
3508 3490 3564 3546 sed

2103 3592 2279 3662 ipsum
2306 3591 2542 3646 Patrem.
2570 3591 2776 3659 Quibus
2799 3595 2930 3665 quia
2958 3593 3117 3650 facile
3138 3590 3446 3663 reSpomletur,
3465 3597 3565 3658 pauca

2100 3684 2368 3740 dicentur.
2400 3685 2532 3753 Quis
2555 3687 2702 3741 enim
2728 3702 2838 3742 non
2867 3689 3164 3744 secundam
3190 3686 3293 3742 Filii
3318 3693 3408 3755 post
3426 3682 3566 3736 Patrem

2101 3787 2361 3848 agnoscat
2385 3792 2505 3833 esse
2547 3794 2856 3848 personam,
2887 3797 3018 3836 cum
3059 3782 3197 3853 legat
3223 3778 3377 3835 dictum
3405 3789 3427 3827 ει
3456 3770 3569 3827 Patre

2099 3880 2491 3941 consequenter
2518 3869 2584 3924 ad
2613 3869 2809 3926 Filium
2842 3890 2857 3927 :
2882 3872 3166 3929 Faciamus
3193 3865 3566 3928 hanuneaadinw-

2098 3967 2267 4036 ginem
2284 3975 2329 4022 et
2356 3967 2741 4022 similitudinem
2762 3979 2999 4024 nostram
3025 3969 3177 4043 (Gen.
3200 3987 3237 4037 ι,
3252 3964 3567 4031 26,27);ειιιοει

2099 4059 2216 4116 llaec
2255 4061 2504 4130 relatum,
2526 4072 2577 4117 et
2596 4062 2716 4133 fecit
2739 4060 2882 4118 Deus
2910 4066 3189 4130 Immineat,
3210 4062 3272 4117 ad
3289 4058 3486 4127 imaginem
3502 4049 3566 4105 Dei

2098 4155 2215 4224 fecit
2244 4156 2428 4210 illum?
2468 4156 2576 4212 Aut
2608 4170 2730 4211 cum
2758 4157 2899 4213 inter
2926 4174 3120 4214 manus
3149 4166 3340 4216 teneat:
3363 4150 3467 4208 Plsit
3488 4146 3559 4201 Do-

2098 4255 2266 4305 minus
2286 4268 2436 4323 super
2463 4251 2744 4307 Sodomam
2766 4261 2813 4307 et
2842 4251 3186 4309 Gomorrham
3206 4254 3346 4324 ignem
3369 4256 3405 4302 et
3420 4240 3559 4311 sulle

2094 4362 2128 4399 a
2162 4344 2382 4400 Domino
2410 4346 2473 4401 de
2507 4348 2676 4403 caelo?
2699 4346 2854 4421 (Gen.
2881 4366 3004 4416 xu,
3031 4347 3261 4422 24.)Aut
3280 4362 3377 4404 cum
3399 4342 3449 4398 ad
3466 4337 3559 4395 Chri-

2094 4451 2234 4495 stum
2272 4441 2293 4472 ⁶
2322 4458 2335 4494 :
2367 4439 2538 4495 Filius
2574 4457 2713 4497 meus
2763 4460 2815 4498 es
2854 4452 2945 4512 tu,
2998 4461 3090 4514 ego
3127 4442 3263 4498 hodie
3292 4434 3557 4512 genuini!"

385 4556 505 4611 qua:
552 4554 647 4608 per
697 4538 791 4592 Dei
837 4536 1073 4591 Verbum
1116 4536 1253 4591 facta
1282 4545 1388 4599 est,
1433 4537 1501 4590 ab
1530 4537 1838 4594 hominibus
1879 4554 1985 4595 non
2013 4538 2065 4600 D
2092 4536 2269 4589 stulaa
2296 4550 2394 4601 me,
2423 4543 2467 4588 et
2494 4535 2627 4590 dabo
2646 4536 2736 4590 tibi
2761 4545 2937 4606 gentes
2954 4537 3282 4592 hereditate»:
3304 4536 3556 4597 Μηνᾶν

383 4629 681 4697 occiditur;
721 4628 891 4683 multo
921 4627 1092 4697 magis
1136 4628 1322 4696 utique
1371 4625 1603 4682 Verbum
1658 4629 1749 4685 Dei
1797 4631 1987 4699 perimi

385 4741 493 4782 non
523 4738 683 4797 posse
708 4720 980 4778 credetur.
1032 4718 1101 4773 Et
1129 4718 1174 4772 si
1204 4718 1321 4787 plus
1348 4731 1456 4773 non
1497 4729 1676 4790 potest
1705 4721 1983 4779 hominum

2093 4632 2368 4687 sessionem
2395 4640 2531 4684 tuam
2564 4631 2803 4685 terminos
2833 4640 2984 4686 terra:
3004 4631 3029 4683 ?
3054 4630 3219 4702 (Psal.
3248 4645 3299 4691 ιι,
3337 4626 3379 4689 7,
3417 4617 3555 4689 ΜΝ

2091 4740 2212 4781 cum
2242 4725 2404 4780 etiam
2427 4724 2517 4780 ille
2537 4722 2879 4780 desideratus
2910 4723 3091 4781 scriba
3117 4724 3188 4780 ait
3215 4740 3228 4776 :
3255 4710 3555 4775 Dia-itm

1559 4873 1936 4934 GALLANDll
1975 4878 2528 4938 COMMENTARIUS.

457 5056 472 5086 ³
504 5054 676 5123 Quod.
707 5048 850 5107 Nihil
896 5062 993 5102 nos
1046 5047 1190 5123 cogit
1219 5058 1278 5103 ut
1309 5062 1431 5103 cum
1460 5045 1757 5105 editoribus
1789 5049 1978 5120 Angli-

378 5120 543 5183 canis'
573 5128 810 5197 legamus
845 5130 898 5175 ut
925 5120 1078 5191 quod.

454 5202 472 5230 ²
496 5192 655 5253 Licet.
687 5195 835 5250 Hanc
880 5207 1065 5247 vocem
1097 5199 1404 5261 corruptam
1454 5192 1723 5247 existimat
1760 5192 1981 5248 Weleh-

379 5284 593 5333 mauus,
624 5267 857 5336 legitque
883 5280 1039 5335 quum
1082 5262 1293 5336 scilicet.
1345 5261 1627 5318 Consentit
1651 5263 1974 5332 Jacksonus,

379 5341 631 5414 quamvis
669 5335 737 5393 de
791 5337 890 5391 loci
942 5335 1281 5414 restitutione
1330 5336 1708 5414 subtluliitetiu
1739 5335 1976 5414 Uterque

380 5406 559 5469 tamen
584 5410 785 5480 absque
814 5408 1020 5464 sontica
1048 5422 1261 5480 causa,_
1284 5417 1340 5459 ut
1381 5406 1609 5480 videtur.
1643 5406 1816 5461 Minus
1849 5407 1974 5480 item

377 5485 510 5539 mihi
565 5476 820 5553 probatur
859 5479 1099 5547 ejusdem
1149 5476 1405 5553 Jackspni
1430 5480 1718 5553 sententia,
1754 5479 1980 5553 legentis

377 5554 537 5627 paulo
565 5548 711 5627 post,
739 5552 1043 5607 immortalis
1065 5566 1255 5604 annua.
1282 5548 1402 5605 Vox
1417 5552 1559 5627 enim
1579 5548 1981 5627 immortalitatis

376 5620 441 5684 ad
469 5620 856 5698 generositatem
883 5631 1139 5698 spectare
1159 5636 1318 5676 nemo
1345 5636 1450 5676 non
1476 5621 1621 5677 videt
1654 5640 1666 5674 :
1699 5620 1982 5698 quinis-que

374 5692 648 5754 cva'nescit
695 5692 1016 5767 ambiguitas
1032 5735 1055 5767 ,_
1098 5694 1278 5767 siqua
1310 5704 1505 5767 tamen
1537 5702 1638 5767 est,
1681 5692 1767 5747 ubi
1803 5693 1978 5767 Nova:

375 5769 501 5831 tiani
544 5769 714 5829 oratio
749 5763 973 5824 hac'aut
1015 5764 1179 5821 simili
1222 5764 1432 5821 ratione
1468 5763 1839 5821 conformetur
1872 5782 1884 5821 :
1919 5765 1980 5822 Si

2084 5050 2216 5104 enim
2258 5048 2432 5102 anima
2453 5047 2505 5100 in
2530 5045 2705 5117 quovis
2733 5045 2938 5100 [tantine
2958 5044 3092 5117 hanc
3113 5045 3247 5117 habet
3268 5026 3549 5095 immoti“

2081 5120 2490 5192 generositatem,
2516 5116 2694 5192 utnon
2718 5116 3150 5192 _po_ssit_i_nterﬁci,
3178 5124 3271 5170 etc.

2155 5172 2367 5244 “fidem.
2421 5172 2617 5243 Eadem
2667 5172 2838 5244 edidit
2866 5172 3258 5252 Welchmanus,
3295 5172 3545 5239 secqu-

2079 5262 2678 5336 gumum.Crtericun_1
2705 5259 3126 5336 Pamelioident.
3381 5331 3411 5336 __

2154 5336 2175 5367 ’⁵
2204 5334 2271 5389 1η
2302 5335 2432 5388 loco.
2492 5332 2735 5387 Latinius
2779 5331 2891 5385 vult
2943 5331 3047 5399 legi
3084 5332 3134 5384 in
3175 5329 3255 5383 illo
3283 5331 3418 5399 :rapte
3442 5326 3543 5399 satis

2080 5386 2223 5476 Quid
2242 5386 2604 5475 isi—scripserit
2631 5386 2746 5474 ipse
2775 5412 2962 5458 auctor
2987 5386 3136 5456 inlice
3166 5414 3250 5472 pro
3275 5386 3415 5451 illico!
3439 5386 3543 5446 ιωο

2078 5494 2175 5536 SON
2183 5520 2196 5533 .

2152 5551 2172 5581 ⁵
2202 5548 2471 5604 Exercere.
2521 5548 2655 5602 Cum
2687 5547 2900 5603 Latinio
2955 5545 3087 5600 forte
3114 5540 3536 5615 legendumﬁffj

2078 5620 2475 5719 quam‘qui‘dem
2498 5619 2866 5690 conjecturam
2888 5604 3251 5674 Welehmahus
3264 5604 3537 5719 εόιιιόᾝμι

2080 5695 2208 5750 item
2240 5692 2565 5748 luchs-onus.

2680 5764 2737 5821 Si
2779 5760 3095 5820 Jaclt50num
3150 5756 3337 5822 audias,
