3716 6272
178 252 273 324 9H

1376 242 1465 298 DE
1504 230 1881 306 TRINITATE
1922 239 2147 304 LIBER.

3322 250 3428 310 942

173 368 295 447 (In.
317 376 411 429 vni,
435 359 527 432 3),
569 364 616 413 et
649 355 841 423 accessi
886 359 956 413 ad
989 360 1007 395 ι
1029 359 1432 431 praphetissam,
1479 349 1722 427 dicebat,

1953 377 1999 421 et
2020 383 2111 439 ego
2136 367 2296 423 dilexi
2323 382 2447 422 vos:
2474 375 2670 423 manete
2691 368 2746 423 in
2762 382 2873 424 mea
2900 370 3165 425 charitate.
3197 370 3257 425 Si
3284 386 3430 424 nian-

171 474 224 524 ει
242 454 424 525 concepit
450 460 495 507 et
524 452 721 523 peperit
745 452 932 522 ﬁlium.
991 451 1059 507 Et
1106 468 1225 509 cum
1275 452 1515 511 nondum
1546 453 1723 509 sinum

173 549 321 616 Patris
359 544 594 601 Christus
624 544 996 615 exposuisset,
1042 544 1311 601 referebat
1354 562 1368 599 :
1401 543 1468 597 Et
1516 547 1536 576 ²
1574 561 1723 599 voca-

178 646 293 704 bitur
310 653 473 693 nomen
512 636 620 708 ejus
660 637 833 710 magni
860 638 1062 693 consilii
1086 637 1312 708 Angelus
1343 635 1505 709 (Ibid.
1535 653 1609 703 Ix,
1645 636 1725 708 6).

179 745 353 805 Etcum
378 734 606 791 nondum
638 735 828 792 fuisset
855 752 1043 808 passus
1064 777 1079 802 ,
1111 738 1261 807 quasi
1290 737 1396 793 ouis
1421 776 1435 802 ,
1482 752 1727 807 pronun-

184 833 345 901 tiabat,
370 829 433 884 ad
475 829 849 900 iugulalionem
897 829 1151 886 adductus
1202 840 1275 886 est
1303 830 1466 901 (Ibid.
1499 846 1587 885 Lm
1610 871 1625 894 ,
1647 830 1727 900 7).

191 930 348 988 Etcum
371 922 536 978 adhuc
552 937 687 979 crux
714 938 978 994 nusquam
1020 933 1205 990 esset,
1240 922 1418 980 aiebat
1450 940 1463 977 :
1500 921 1627 977 Tota
1651 921 1734 977 die

194 1019 364 1095 expendi
384 1034 559 1073 manus
584 1035 726 1077 meas
749 1019 819 1073 ad
849 1018 1100 1090 papulum
1128 1036 1231 1074 non
1253 1020 1540 1074 credentem
1567 1017 1729 1090 (Ibid.

193 1112 372 1185 uni).
401 1110 615 1167 Etcum
656 1110 893 1167 nondum
938 1111 1197 1183 iniuriose
1243 1122 1457 1182 potatus
1500 1112 1733 1177 fuisset;

183 1213 227 1267 in
261 1207 349 1273 siti,
374 1205 480 1271 ait,
536 1221 648 1260 mea
677 1214 980 1272 putaverunt
1023 1222 1101 1260 me
1143 1214 1286 1260 aceto
1314 1205 1491 1273 (Psal.
1532 1220 1692 1260 vam
1719 1244 1735 1271 ,

172 1303 267 1373 εἳ).
290 1299 346 1355 Et
384 1313 502 1355 cum
546 1299 814 1371 spoliatus
854 1301 1031 1357 adhuc
1077 1315 1182 1356 non
1225 1298 1461 1367 fuisset,
1491 1299 1736 1355 dicebat:

171 1395 311 1463 Super
343 1401 520 1447 vestem
560 1408 724 1447 meam
755 1392 1000 1448 miserunt
1041 1401 1230 1448 sortem
1254 1409 1274 1448 :
1314 1403 1360 1448 et
1388 1393 1741 1447 dinumerare-

171 1497 266 1546 runt
282 1502 381 1541 ossa
407 1503 518 1541 mea
538 1503 557 1541 :
579 1486 871 1557 effoderunt
897 1502 1077 1541 manus
1104 1503 1241 1543 meas
1260 1527 1275 1554 ,
1314 1496 1361 1541 et
1382 1485 1534 1557 pedes
1562 1484 1738 1558 (Psal.

173 1580 376 1649 “1,19.
419 1581 509 1637 i8.
549 1582 614 1636 17
641 1583 682 1653 ).
710 1580 1007 1637 Providens
1050 1582 1194 1637 enim
1244 1579 1522 1649 Scriptura
1564 1579 1743 1635 divina

175 1689 250 1747 pro
282 1673 419 1729 factis
448 1675 580 1731 dicit
606 1691 725 1746 quae
752 1674 930 1732 futura
956 1675 1059 1731 scit
1085 1717 1099 1739 ,
1128 1682 1185 1731 et
1207 1690 1304 1745 pro
1335 1672 1588 1745 perfectis
1612 1674 1745 1728 dicit

1829 461 1951 514 data
1973 478 2082 515 mea
2102 462 2418 517 servaveritis
2438 504 2453 529 ,
2482 463 2747 517 manebitis
2770 463 2824 516 in
2845 480 2954 518 mea
2980 464 3228 518 claaritate
3254 480 3273 528 ;
3302 463 3433 516 sicut

1831 572 1923 625 ego
1952 555 2126 609 Putris
2183 556 2426 610 mandata
2455 558 2651 612 servavi
2676 598 2690 622 ,
2723 566 2769 611 et
2798 574 2976 612 maneo
3021 558 3074 611 in
3125 559 3234 629 ejus
3261 558 3432 611 chari-

1835 657 1937 703 tate
1963 646 2145 720 (Ioan.
2171 665 2256 715 xv,
2284 648 2336 715 9,
2366 646 2479 721 10).
2526 649 2714 704 Adhuc
2740 650 2968 721 ingerit,
3024 656 3075 704 et
3101 649 3230 705 dicit
3265 666 3280 705 :
3310 646 3441 703 Dixi

1835 748 2005 793 autem
2031 758 2117 794 vos
2147 742 2358 805 amicos,
2389 743 2511 814 quia
2533 744 2704 797 omnia
2729 760 2841 814 qua:
2860 743 3033 798 audivi
3060 761 3090 798 a
3122 742 3278 798 Patre
3303 759 3436 811 meo,

1839 840 1961 884 nota
1993 832 2132 886 vobis
2158 834 2257 900 feci
2280 829 2440 904 (Ibid.
2467 852 2514 890 v.
2546 831 2658 909 15).
2682 837 2949 908 Aggregat
2968 837 3127 891 etiam
3162 835 3263 890 hoc
3288 852 3307 890 :
3330 835 3439 891 Sed

1840 925 1947 979 Itazc
1986 926 2157 979 omnia
2195 930 2385 998 facient
2435 927 2574 983 vobis
2604 942 2813 1002 propter
2853 947 3033 985 nomen
3082 947 3282 997 meum,
3321 930 3443 1000 quia

1840 1018 2083 1088 ignorant
2108 1037 2223 1074 eum
2271 1022 2358 1091 qui
2409 1037 2488 1076 me
2530 1023 2665 1077 misit
2689 1023 2853 1098 (Ibid.
2885 1040 2933 1077 υ.
2980 1021 3095 1095 2t).
3143 1024 3269 1078 Haec
3311 1039 3441 1095 ergo

1844 1126 2134 1182 numquam
2170 1123 2288 1185 post
2317 1115 2405 1169 illa
2437 1115 2716 1173 evidenter
2742 1118 2891 1172 illum
2925 1132 3029 1172 non
3062 1117 3274 1172 Patrem
3303 1158 3316 1181 ,
3352 1116 3450 1172 sed

1845 1203 2043 1259 Filium
2072 1222 2193 1262 esse
2221 1209 2471 1264 testantia
2496 1251 2509 1275 ,
2541 1210 2803 1265 Dominus
2840 1209 3165 1265 subdidisset
3193 1226 3207 1277 ;
3263 1209 3306 1263 si
3360 1218 3454 1264 aut

1847 1298 2061 1355 Patrem
2090 1316 2149 1358 se
2176 1317 2297 1359 esse
2319 1303 2653 1360 meminisset
2678 1346 2693 1370 ,
2726 1315 2818 1361 aut
2848 1304 3061 1361 Patrem
3092 1320 3152 1360 se
3178 1302 3340 1360 vellet
3368 1304 3451 1359 in-

1848 1391 2057 1464 telligi:
2095 1394 2197 1450 nisi
2229 1399 2482 1467 quoniam
2514 1404 2576 1452 ut
2618 1396 2749 1452 illud
2797 1398 3169 1469 exprimeret,
3224 1396 3450 1468 perinde

1851 1501 2292 1560 unumquemque
2332 1490 2442 1560 jam
2480 1489 2682 1545 habere
2709 1489 2908 1546 debere
2944 1532 2957 1557 ,
3005 1489 3132 1546 dum
3166 1490 3452 1561 imaginem

1852 1581 1946 1639 Dei
1974 1583 2148 1639 Patris
2178 1601 2277 1656 per
2298 1585 2491 1641 Filium
2514 1586 2661 1642 ridet
2683 1629 2698 1655 ,
2722 1595 2883 1657 atque
2905 1586 2949 1641 si
2974 1582 3168 1642 viderit
3200 1584 3451 1640 Patrem:

1854 1677 2287 1749 quandoquidem
2321 1679 2692 1750 unusquisque
2721 1679 2951 1735 credens
2981 1677 3260 1734 in'Filium
3297 1692 3456 1732 exer-

177 1782 267 1836 qua:
292 1766 452 1822 futura
481 1766 667 1836 habet,
699 1784 819 1839 quae
847 1770 965 1833 sine
990 1743 1575 1824 dubitationeﬁveutura
1591 1773 1736 1821 sunt.
1775 1743 1822 1803 Β
1851 1743 2039 1825 deatur
2068 1743 2122 1825 in
2151 1771 2398 1842 imaginis
2428 1743 2884 1843 contemplatione
2908 1813 2922 1839 ,
2951 1784 3007 1826 ut
3028 1769 3361 1825 assuefactus
3388 1765 3457 1822 ad

180 1857 231 1912 Et
252 1860 354 1914 ideo
402 1860 660 1918 Dominus
693 1863 750 1918 in
789 1863 1038 1932 praesenti
1089 1862 1211 1918 loco
1258 1861 1510 1917 dicebat:
1545 1860 1744 1915 Amodo

62 1948 71 1959 ⁴
174 1953 302 2007 nostis
324 1953 465 2008 illum
485 1994 500 2019 ,
540 1965 586 2009 et
608 1955 826 2010 vidistis.
859 1955 1080 2012 Dicebat
1107 1956 1252 2012 enim
1281 1956 1455 2010 visum
1484 1955 1548 2008 iri
1579 1953 1648 2008 ab
1677 1968 1746 2009 eo

180 2042 350 2100 Patrem
376 2086 389 2111 ,
420 2044 661 2117 quisquis
690 2046 886 2102 Filium
908 2058 1126 2103 secutus
1161 2045 1388 2113 fuisset;
1438 2060 1547 2100 non
1590 2042 1744 2114 quasi

178 2138 314 2199 Filius
338 2137 447 2211 ipse
498 2150 646 2195 esset
698 2139 859 2196 Pater
886 2141 1070 2207 visus,
1117 2139 1215 2195 sed
1264 2138 1410 2210 quod
1462 2136 1745 2209 praemium

181 2242 520 2288 consecuturus
555 2241 738 2298 esset,
769 2233 1013 2303 quisquis
1039 2232 1192 2288 illum
1223 2233 1375 2304 sequi
1420 2240 1477 2287 et
1504 2230 1745 2301 discipu-

182 2327 247 2383 lus
267 2326 367 2398 ejus
391 2342 512 2384 esse
534 2326 815 2394 voluisset,
846 2327 1099 2383 utvidere
1120 2328 1335 2384 Patrem
1365 2334 1585 2397 posset:
1621 2339 1745 2379 nam

183 2431 223 2477 et
244 2420 398 2491 imago
443 2430 529 2478 est
556 2421 649 2477 Dei
690 2420 908 2476 Patris:
937 2428 997 2475 ut
1035 2420 1120 2475 his
1149 2421 1325 2488 etiam
1368 2417 1498 2473 illud
1524 2415 1750 2472 accedat

184 2515 392 2586 quoniam
420 2516 548 2570 sicut
590 2514 748 2570 Pater
777 2525 1017 2585 operatur
1051 2557 1065 2581 ,
1096 2514 1169 2568 ita
1191 2520 1437 2584 operatur
1475 2520 1523 2565 et
1551 2509 1746 2579 Filias,

187 2609 329 2682 (loco.
360 2627 410 2678 v,
442 2607 555 2683 17).
588 2608 656 2665 Et
685 2610 923 2667 imitator
949 2620 1031 2665 est
1061 2608 1231 2664 Filius
1256 2606 1498 2661 omnium
1524 2619 1748 2676 operum

185 2712 524 2772 paternorum;
556 2710 618 2757 ut
666 2702 891 2772 perinde
916 2701 1114 2758 habeat
1159 2701 1525 2772 unusquisque
1555 2737 1573 2767 ,
1598 2698 1750 2769 quasi

182 2794 272 2866 jam
294 2794 475 2851 viderit
498 2794 715 2852 Patrem
738 2837 753 2861 ,
799 2794 926 2851 dum
950 2810 1073 2850 eum
1103 2793 1253 2849 videt
1295 2793 1387 2863 qui
1429 2790 1752 2859 invisibilem

186 2890 361 2948 Patrem
386 2893 439 2948 in
467 2891 719 2948 erunibus
746 2892 1005 2963 operibus
1025 2905 1242 2961 semper
1282 2889 1544 2944 imitatur.
1576 2886 1756 2941 Crete“

187 3001 281 3043 rum
312 2987 353 3042 si
374 2986 485 3058 ipse
510 2987 669 3043 Pater
711 2995 798 3042 est
831 2985 1077 3042 Christus
1106 3025 1123 3054 ,
1154 2981 1425 3056 quomodo
1464 2981 1755 3038 confestim

188 3078 409 3152 adjicitet
431 3081 581 3146 dicit,
617 3080 719 3146 Qui
755 3079 919 3136 credit
946 3081 999 3134 in
1029 3096 1131 3147 nte,
1154 3094 1310 3148 opera
1341 3091 1457 3148 qua:
1495 3091 1590 3148 ego
1620 3075 1755 3146 facio

191 3174 328 3244 etipse
348 3174 529 3243 faciet:
556 3184 604 3230 et
625 3176 826 3245 majora
855 3174 935 3229 bis
952 3175 1106 3245 faciet
1125 3213 1140 3240 ,
1166 3174 1285 3243 quia
1315 3187 1408 3243 ego
1447 3172 1516 3226 ad
1544 3169 1756 3224 Patrem

192 3264 294 3321 mdo
315 3266 338 3321 ?
361 3265 537 3339 (Joan.
570 3281 699 3333 xn‘,
736 3266 854 3333 12.)
880 3266 950 3322 Ει
992 3266 1169 3322 adhuc
1196 3265 1466 3321 subnectit
1495 3281 1509 3319 :
1544 3262 1604 3319 Si
1634 3262 1758 3316 dili-

197 3359 285 3429 gitis
306 3376 395 3429 me,
426 3371 679 3433 precepta
705 3377 817 3417 mea
841 3370 1036 3417 seruate
1064 3378 1083 3417 :
1111 3372 1159 3417 et
1183 3378 1276 3434 ego
1300 3359 1491 3432 rogabo
1517 3356 1756 3427 Patrem,

195 3460 234 3504 et
255 3452 392 3507 alium
414 3456 719 3511 advocatum
748 3454 891 3510 dabit
916 3455 1056 3510 vobis
1082 3454 1251 3527 (Ibid.
1294 3470 1341 3507 υ.
1362 3453 1451 3508 15.
1485 3451 1602 3523 16).
1632 3451 1757 3506 Post

188 3559 285 3615 qua:
315 3548 467 3604 etiam
496 3549 623 3605 illud
647 3549 955 3606 subnectit:
985 3549 1181 3621 Siquis
1210 3565 1288 3603 me
1326 3546 1496 3617 diligit
1522 3586 1535 3610 ,
1560 3560 1754 3599 sermo-

187 3653 280 3694 nem
303 3658 457 3697 nteant
484 3643 735 3698 custodiet
762 3651 850 3698 :et
894 3640 1053 3697 Pater
1080 3658 1220 3698 meus
1262 3641 1439 3712 diliget
1479 3640 1626 3694 illum
1650 3679 1666 3706 ,
1714 3647 1761 3693 et

182 3729 241 3785 ad
263 3749 368 3790 eum
396 3737 678 3804 veniemus,
709 3746 754 3790 et
786 3737 1103 3791 mansionem
1132 3735 1273 3804 apud
1310 3733 1460 3789 illum
1512 3732 1762 3804 faciemus

183 3821 329 3895 (Ibid.
371 3844 416 3883 υ.
446 3826 559 3900 2'5).
595 3829 702 3885 Nec
756 3846 863 3883 non
916 3830 1081 3885 etiam
1128 3829 1147 3859 ³
1174 3827 1409 3885 subdidit
1464 3826 1593 3882 illud
1623 3839 1761 3896 quo-

185 3936 305 3991 que;
332 3925 611 3983 Adsecutus
638 3937 809 3982 autem
846 3928 938 3991 ille
976 3928 1202 4000 Spiritus
1245 3939 1450 3983 sanctus
1476 3943 1622 3998 quem
1642 3927 1762 3980 mis.

184 4030 315 4077 sum
350 4032 415 4076 est
440 4021 614 4087 Pater,
643 4023 733 4079 ille
758 4039 845 4076 vos
867 4024 1061 4078 docebit
1080 4034 1128 4078 et
1156 4021 1567 4077 commemorabit
1590 4020 1763 4074 omnia

187 4125 482 4185 quiscumque
526 4116 704 4171 dixero
738 4114 905 4191 (Ibid.
961 4133 1010 4173 υ.
1060 4115 1179 4190 26).
1228 4114 1249 4148 δ
1279 4115 1563 4170 Prmmittit
1589 4114 1764 4168 adhuc

187 4203 331 4264 istum
356 4210 544 4280 locum,
576 4228 685 4281 quo
716 4212 965 4270 ostendat
990 4226 1051 4268 se
1074 4225 1196 4267 esse
1225 4210 1415 4265 Filium
1435 4252 1449 4276 ,
1477 4217 1533 4264 et
1561 4207 1756 4262 merito

190 4302 402 4361 subdidit
425 4349 441 4374 ,
470 4316 526 4362 et
546 4307 677 4363 dicit
706 4326 719 4363 :
756 4307 816 4365 Si
844 4325 922 4363 me
943 4307 1219 4379 diligentis
1242 4349 1256 4373 ,
1286 4303 1574 4377 gauderetis
1598 4343 1611 4367 ,
1643 4300 1765 4372 quia

192 4396 734 4472 «adPatrem:quia
779 4399 938 4456 Pater
962 4401 1131 4472 major
1179 4400 1201 4431 '
1249 4414 1327 4453 me
1369 4407 1444 4451 est
1500 4393 1663 4465 (Ibid.
1712 4408 1761 4448 υ.

187 4483 293 4562 28).
321 4491 448 4560 Quid
491 4505 670 4551 autem
696 4510 821 4551 cum
844 4496 1006 4550 etiam
1039 4494 1128 4549 illa
1162 4491 1470 4555 subnectit;
1508 4487 1622 4560 Ego
1648 4502 1763 4542 sum

1849 1863 2186 1920 divinitatem
2242 1866 2527 1922 videndam
2561 1867 2613 1921 in
2646 1867 2912 1937 imagine,
2969 1864 3235 1936 prolicere
3285 1861 3455 1933 possit

1849 1968 1903 2014 et
1924 1973 2174 2014 crescere
2206 1973 2377 2029 usque
2396 1960 2461 2014 ad
2496 1959 2589 2015 Dei
2620 1960 2797 2015 Patris
2837 1957 3224 2030 omnipotentis
3247 1954 3460 2027 perfec-

1851 2059 1960 2107 tam
2000 2052 2546 2121 contemplationem.
2606 2052 2676 2108 Et
2721 2052 2971 2123 quoniam
3027 2048 3252 2122 quihoc
3277 2049 3460 2104 animo

1850 2160 1914 2201 ac
1942 2155 2120 2201 mente
2139 2146 2481 2211 combiberit,
2513 2154 2570 2202 et
2599 2148 2666 2202 de
2691 2145 2941 2201 omnibus
2961 2145 3041 2199 sle
3070 2142 3308 2199 futurum
3335 2156 3457 2198 esse

1851 2238 2181 2305 crediderit,
2213 2239 2422 2294 Patrem
2447 2252 2607 2310 quem
2647 2238 2862 2294 visurus
2886 2236 2975 2301 sit,
3002 2238 3154 2307 quasi
3177 2238 3289 2306 jam
3316 2250 3455 2304 quo-

1852 2330 2143 2386 dammodo
2168 2329 2384 2399 \‘itICl‘ll,
2415 2339 2470 2387 et
2496 2331 2582 2386 hic
2602 2329 2713 2401 jam
2740 2330 2819 2385 sic
2844 2328 3059 2394 haheat,
3093 2327 3246 2398 quasi
3274 2337 3455 2382 teneat

1853 2424 1996 2493 quod
2026 2424 2331 2479 habiturmn
2355 2439 2416 2479 se
2447 2438 2544 2493 pro
2566 2431 2715 2478 certo
2756 2422 2908 2477 sciat.
2944 2420 3234 2488 Craterum,
3263 2420 3307 2475 si
3336 2419 3451 2490 ipse

1854 2515 2016 2573 Pater
2044 2516 2232 2572 fuisset
2264 2559 2279 2584 ,
2312 2515 2440 2587 quid
2472 2515 2623 2586 quasi
2674 2513 2912 2569 futurum
2955 2514 3233 2585 [triennium
3270 2526 3457 2580 repro-

1856 2612 2107 2668 mittebat
2156 2610 2297 2682 quod
2346 2609 2455 2680 jam
2524 2610 2851 2680 prmstiterat
2899 2618 2953 2664 et
3008 2609 3271 2664 dederat?
3321 2607 3457 2664 Nam

1856 2708 2110 2777 quoniam
2142 2705 2271 2761 dicit
2300 2722 2313 2761 :
2361 2703 2510 2759 Beati
2538 2703 2728 2758 mundo
2767 2704 2917 2758 eorde
2944 2745 2958 2769 ,
2992 2704 3113 2772 quia
3166 2703 3265 2774 ipsi
3293 2702 3458 2758 Deum

1858 2800 2094 2856 videbunt
2127 2799 2339 2871 (Matth.
2367 2812 2401 2851 v
2425 2840 2438 2863 ,
2486 2795 2566 2869 8);
2600 2795 2842 2867 polliceri
2872 2794 3292 2868 deprehenditur
3331 2811 3462 2851 con-

1861 2892 2265 2963 templationem
2314 2898 2368 2946 et
2397 2896 2676 2958 aspectum
2705 2887 2880 2943 Patris
2906 2903 2921 2954 ;
2949 2901 3076 2958 ergo
3105 2884 3341 2942 nondum
3368 2888 3462 2943 de-

1860 2983 2046 3039 derat:
2071 2998 2169 3038 cur
2213 2980 2356 3037 enim
2387 2980 2819 3050 repromitteret,
2849 2978 2894 3033 si
2914 2978 3024 3049 jam
3051 2978 3333 3034 dedisset?
3355 2979 3463 3035 De-

1861 3077 2014 3133 derat
2041 3076 2183 3131 enim
2231 3074 2276 3130 si
2307 3074 2468 3131 Pater
2489 3081 2633 3129 esset
2658 3088 2674 3138 ;
2703 3070 2987 3127 videbatur
3013 3073 3156 3127 enim
3177 3066 3283 3139 ,'et
3324 3086 3459 3127 con-

1783 3140 1827 3203 C
1863 3170 2184 3243 tingebatur.
2208 3167 2435 3236 Quando
2461 3176 2642 3223 autem
2656 3165 2781 3221 dum
2808 3167 3133 3237 contingitur
3154 3166 3268 3237 ipse
3280 3164 3466 3222 Chris-

1867 3274 1952 3319 tus
1980 3273 2034 3319 et
2056 3262 2299 3329 videtur,
2329 3262 2658 3333 repromittit
2701 3258 2877 3315 tamen
2906 3268 2960 3315 et
2987 3260 3114 3315 dicit
3142 3301 3157 3324 ,
3210 3259 3463 3329 quoniam

1864 3357 1954 3427 qui
1979 3356 2178 3412 mundo
2210 3355 2370 3411 fuerit
2391 3354 2575 3417 corde.
2608 3354 2774 3409 Deum
2797 3338 3035 3419 videbit;
3071 3352 3173 3410 hoc
3194 3354 3310 3425 ipso
3343 3369 3467 3425 pro-

1865 3448 1958 3504 bat
1979 3449 2192 3504 Patrem
2222 3464 2281 3505 se
2311 3462 2418 3503 non
2445 3461 2565 3503 esse
2584 3489 2598 3513 ,
2634 3447 2724 3517 qui
2753 3455 2883 3502 tunc
2908 3460 3145 3516 prmseus
3170 3461 3289 3501 cum
3316 3445 3467 3502 vide-

1864 3550 2014 3596 retur
2038 3540 2476 3611 repromittehat,
2507 3538 2649 3610 quod
2672 3539 2887 3593 Patrem
2917 3538 3130 3594 visurus
3147 3546 3294 3594 esset
3315 3541 3461 3609 quis-

1864 3637 1985 3708 quis
2040 3636 2243 3691 mundo
2297 3634 2461 3691 corde
2513 3632 2721 3688 fuisset.
2757 3631 2890 3687 Erat
2928 3648 3058 3704 ergo
3089 3633 3473 3704 repromittens

1866 3731 2020 3794 haec.
2052 3747 2160 3786 non
2192 3733 2351 3785 Pater
2380 3773 2394 3795 ,
2428 3729 2523 3784 sed
2575 3726 2778 3783 Filius:
2812 3728 2934 3798 quia
2967 3726 3059 3797 qui
3099 3725 3269 3783 Filius
3312 3734 3428 3782 erat
3454 3768 3471 3793 ,

1864 3824 2008 3897 quod
2038 3824 2205 3880 videri
2238 3822 2467 3878 habebat
2497 3818 2939 3891 repromittebat;
2987 3818 3140 3888 cujus
3180 3820 3472 3889 repromis-

1866 3918 1947 3973 sio
1997 3931 2327 3988 supervacua
2361 3914 2550 3969 fuisset
2578 3955 2591 3977 ,
2617 3908 2717 3966 nisi
2748 3906 2913 3965 Filius
2946 3908 3153 3964 fuisset.
3183 3909 3292 3965 Cur
3320 3912 3465 3967 enim

1866 4010 2278 4083 repromittebat
2322 4006 2538 4061 mundis
2567 4004 2732 4060 corde
2760 4013 2819 4059 ut
2846 4002 3094 4060 viderent
3143 4004 3355 4060 Patrem
3378 4049 3392 4073 ,
3425 4006 3474 4063 si

1861 4106 1972 4179 jam
1999 4115 2123 4160 tunc
2150 4104 2241 4173 qui
2267 4110 2563 4172 prmsentes
2591 4109 2766 4163 erant,
2786 4096 2998 4151 Patrem
3030 4094 3304 4151 Christum
3326 4097 3471 4154 vidc-

1867 4203 1997 4257 hant
2020 4204 2043 4253 ’ἔ
2092 4197 2197 4255 Sed
2221 4197 2343 4268 quia
2378 4194 2545 4249 Filius
2592 4200 2704 4246 erat
2736 4233 2749 4255 ,
2800 4206 2905 4245 non
2935 4189 3135 4255 Pater;
3188 4191 3384 4247 merito
3414 4198 3471 4247 et

1868 4296 2035 4353 Filius
2058 4337 2072 4359 ,
2106 4291 2229 4362 quia
2268 4288 2448 4358 Imago
2485 4285 2576 4341 Dei
2611 4325 2624 4349 ,
2659 4293 2787 4339 tunc
2834 4283 3117 4340 videbatur
3143 4302 3158 4353 ;
3183 4296 3234 4341 et
3261 4285 3423 4341 Pater
3454 4329 3473 4354 ,

1869 4390 1992 4460 quia
2023 4383 2332 4449 invisibilis,
2366 4377 2579 4435 mundis
2607 4375 2771 4432 corde
2803 4417 2817 4441 ,
2852 4383 2912 4430 ut
2936 4376 3209 4432 videretur
3232 4420 3246 4444 ,
3281 4393 3471 4448 repro-

1872 4480 2102 4536 mittitur
2122 4483 2177 4532 et
2197 4482 2427 4530 notatur.
2460 4470 2588 4526 Haec
2606 4468 2764 4541 igitur
2791 4467 2920 4524 satis
2947 4468 3016 4523 sit
3040 4511 3055 4536 ,
3089 4468 3252 4524 etiam
3274 4470 3471 4526 adver-

42 4608 73 4657 ,
307 4601 413 4640 ,ιτα
442 4628 457 4655 ’
481 4599 528 4643 ει
558 4584 715 4644 pum
740 4607 881 4645 me,“
907 4590 1134 4663 αθνεεοια
1168 4603 1186 4644 ε
1238 4603 1402 4643 οηηηε
1445 4544 1764 4640 “ngenium
1789 4544 1843 4606 Β
1868 4590 1960 4631 sus
1978 4573 2138 4629 istum
2157 4567 2469 4623 luereticum
2495 4563 2727 4619 dictasse
2748 4605 2761 4629 ,
2795 4576 2964 4633 pauca
2988 4562 3056 4618 de
3084 4562 3283 4618 multis.
3314 4562 3473 4618 Cam-

120 4654 332 4765 ,εῆμξε
374 4654 468 4734 non
489 4679 711 4749 alerent
738 4654 964 4755 fructum
1001 4682 1137 4738 tollit
1176 4681 1307 4736 illud
1332 4723 1348 4750 ,
1379 4691 1423 4735 et
1451 4694 1598 4734 omne
1618 4681 1763 4749 fruc-

401 4740 603 4846 purgiu,
659 4785 714 4831 ut
738 4740 973 4850 fructum
1000 4775 1303 4847 ampliorem
1333 4740 1522 4845 ferat?
1552 4772 1572 4844 (
1601 4740 1760 4825 ⁸θοιιη.

168 4873 267 4933 δ’,
302 4865 355 4932 ί,
375 4864 451 4940 Β.)
469 4868 639 4927 Instat
668 4871 845 4927 adhuc
862 4879 920 4927 et
942 4869 1152 4940 adjicit:
1179 4867 1327 4925 Sicut
1343 4866 1524 4921 dilexit
1550 4878 1629 4920 me
1658 4862 1768 4917 Pa-

1870 4683 1972 4741 pus
1987 4665 2156 4732 enim,
2190 4672 2244 4717 et
2264 4659 2479 4733 quidem
2510 4657 2650 4712 latus
2680 4670 2744 4711 ac
2764 4656 2912 4711 fusus
2940 4655 3231 4728 aperietur,
3263 4654 3473 4727 plenius

1871 4758 2184 4819 lizereticum
2211 4754 2375 4811 istum
2422 4752 2471 4808 si
2500 4751 2704 4822 agitare
2745 4747 3112 4815 voluerimus;
3142 4747 3477 4819 quandoqui-

1868 4862 1992 4918 dem
2043 4856 2065 4889 ⁸
2120 4854 2328 4911 duobus
2356 4850 2474 4907 istis
2500 4849 2634 4905 locis
2659 4888 2674 4914 ,
2726 4844 3044 4917 quibusdam
3070 4841 3280 4899 emissis
3309 4842 3470 4900 lumi-

1311 5000 1685 5066 GALLANDII
1722 4991 2288 5060 COMMENTARIUS.

248 5149 267 5183 ⁸
304 5144 703 5228 prophetissam.
754 5152 844 5211 Sic
891 5151 1284 5228 vetere§_e_di_ti,
1314 5160 1373 5205 ut
1413 5149 1577 5228 habet
1606 5146 1762 5228 Vulg.

217 5236 341 5280 nam
369 5222 647 5285 lectionem
677 5237 894 5283 secutus
941 5237 1021 5281 est
1056 5222 1464 5279 Welclnnauus.
1499 5222 1767 5276 Pometios

227 5300 503 5370 rophetam.
545 5300 846 5357 Jacksonus
874 5296 1191 5370 PrOplteten,
1215 5294 1354 5366 apud
1393 5310 1550 5367 quem
1577 5292 1769 5349 Junius

177 5369 291 5423 “Ill
325 5372 423 5441 legi
451 5372 756 5440 Prophetin.

246 5441 281 5521 ἦ
309 5434 597 5521 Υοὲαρζςμζ.
637 5445 763 5521 [hoc
788 5450 868 5497 est
902 5439 1197 5521 editionum
1247 5437 1557 5521 Novatiani.
1583 5434 1768 5521 lectio.

178 5508 308 5587 891.
330 5508 527 5587 inquit?
549 5514 876 5577 Iacksmius,
905 5528 1067 5587 quum
1093 5515 1231 5587 ratio
1258 5508 1558 5587 argumenti
1580 5518 1771 5587 aucto-

180 5582 266 5660 [is
287 5579 517 5656 postulet
545 5589 647 5660 legi
676 5595 903 5649 vocatur,
924 5579 1071 5660 "quin,
1102 5584 1177 5639 ita
1206 5584 1337 5660 ipsg
1342 5579 1634 5660 scripserit
1665 5593 1773 5633 non

180 5651 418 5731 (illium.
446 5651 621 5731 quue
633 5660 743 5731 jam
772 5668 926 5731 antea
955 5651 1698 5731 conjecera‘tWelchmanus.

204 5716 280 5767 *³
303 5716 557 5789 Subdidii.
581 5716 714 5788 Helo
734 5738 788 5786 et
804 5726 965 5801 paulo
980 5716 1121 5801 poét',
1148 5726 1321 5784 subdit
1338 5716 1625 5798 legendum
1644 5737 1776 5780 cou-

1869 5140 2044 5199 teudit
2070 5138 2392 5197 Jacksonus.
2426 5143 2485 5189 ut
2526 5129 2700 5187 oratio
2746 5127 3014 5198 prioribus
3063 5134 3116 5182 et
3156 5128 3475 5198 posteriori.

1869 5217 1969 5273 bus
1995 5215 2289 5276 colurreat,
2319 5207 2517 5276 adjicit.
2562 5203 2705 5276 dicit,
2729 5201 2998 5262 subnectit,
3030 5208 3137 5276 etc.

1946 5285 1967 5317 ³⁸
1992 5269 2287 5339 Ρνιεηιὶιιὶιξ
2320 5269 2410 5335 Sic
2431 5276 2560 5332 editi
2584 5292 2596 5327 :
2626 5274 2803 5328 minus
2828 5280 3060 5335 recte,ut
3086 5269 3474 5328 videtur.Wel‘

1873 5359 2137 5414 clunanus
2164 5352 2443 5420 rescripsit
2471 5346 2656 5415 promit
2686 5360 2714 5420 εΔ
2737 5353 2897 5420 atque
2928 5342 2997 5394 ita
3029 5342 3259 5420 fortasse
3300 5347 3476 5420 scrip-

1874 5433 1945 5486 sit
1995 5414 2350 5484 Novmianus.‘
2389 5414 2577 5489 Neque
2631 5416 2773 5470 enim
2832 5414 3003 5482 placet
3048 5414 3191 5489 quod
3240 5415 3474 5487 conjecit

1875 5501 2176 5558 Jaeksonus
2203 5493 2389 5564 promit
2415 5487 2735 5564 et,;pi‘0pter
2764 5498 3000 5554 sequens
3026 5487 3215 5564 adhuc.

1953 5553 2099 5624 δπΜι».
2130 5553 2294 5623 Deest
2314 5564 2454 5635 apud
2484 5553 2781 5617 Pamciium
2813 5553 3114 5628 pronomen
3138 5553 3302 5625 istud,
3326 5558 3472 5629 quod

1880 5644 2134 5702 exhibent
2157 5640 2266 5694 alii.

1956 5696 2219 5769 i3"Duobus
2254 5709 2367 5766 istis
2404 5703 2529 5762 locis
2562 5741 2600 5759 ..
2651 5697 2849 5769 effossis
2886 5696 3181 5756 luminibus.
3210 5696 3479 5763 Videlicet
