  <div class='ocr_page' id='page_1' title='image "/cluster/home/n/w/nwhite01/storage/ocr_20150623/3/uva.x000669812/523.png"; bbox 0 0 1871 3141; ppageno 0'>
   <div class='ocr_carea' id='block_1_1' title="bbox 134 148 187 175">
    <p class='ocr_par' dir='ltr' id='par_1_1' title="bbox 134 148 187 175">
     <span class='ocr_line' id='line_1_1' title="bbox 134 148 187 175; baseline 0 0"><span class='ocrx_word' id='word_1_1' title='bbox 134 148 187 175; x_wconf 72' lang='grc' dir='ltr'><strong>9ίὸ</strong></span> 
     </span>
    </p>
   </div>
   <div class='ocr_carea' id='block_1_2' title="bbox 865 142 1054 172">
    <p class='ocr_par' dir='ltr' id='par_1_2' title="bbox 865 142 1054 172">
     <span class='ocr_line' id='line_1_2' title="bbox 865 142 1054 172; baseline 0.005 -1"><span class='ocrx_word' id='word_1_2' title='bbox 865 142 1054 172; x_wconf 70' lang='grc' dir='ltr'><strong>ΝονΑτιΑΝι</strong></span> 
     </span>
    </p>
   </div>
   <div class='ocr_carea' id='block_1_3' title="bbox 1717 144 1761 173">
    <p class='ocr_par' dir='ltr' id='par_1_3' title="bbox 1717 144 1761 173">
     <span class='ocr_line' id='line_1_3' title="bbox 1717 144 1761 173; baseline 0.045 -2"><span class='ocrx_word' id='word_1_3' title='bbox 1717 144 1761 173; x_wconf 68' lang='grc' dir='ltr'><strong>ὓμ</strong></span> 
     </span>
    </p>
   </div>
   <div class='ocr_carea' id='block_1_4' title="bbox 135 200 1762 238">
    <p class='ocr_par' dir='ltr' id='par_1_4' title="bbox 135 200 1762 238">
     <span class='ocr_line' id='line_1_4' title="bbox 135 200 1762 238; baseline -0.002 -5"><span class='ocrx_word' id='word_1_4' title='bbox 135 207 214 233; x_wconf 84' lang='lat' dir='ltr'><strong>uibus</strong></span> <span class='ocrx_word' id='word_1_5' title='bbox 227 205 336 233; x_wconf 91' lang='lat' dir='ltr'><strong>orbatus</strong></span> <span class='ocrx_word' id='word_1_6' title='bbox 348 225 355 238; x_wconf 89' lang='lat'><strong>,</strong></span> <span class='ocrx_word' id='word_1_7' title='bbox 373 208 443 231; x_wconf 87' lang='lat' dir='ltr'><strong>totus</strong></span> <span class='ocrx_word' id='word_1_8' title='bbox 454 203 488 230; x_wconf 90' lang='lat' dir='ltr'><strong>sit</strong></span> <span class='ocrx_word' id='word_1_9' title='bbox 501 203 527 230; x_wconf 91' lang='lat' dir='ltr'><strong>in</strong></span> <span class='ocrx_word' id='word_1_10' title='bbox 543 202 672 230; x_wconf 60' lang='lat' dir='ltr'><strong>doctrina!</strong></span> <span class='ocrx_word' id='word_1_11' title='bbox 686 209 741 230; x_wconf 82' lang='lat' dir='ltr'><strong>suae</strong></span> <span class='ocrx_word' id='word_1_12' title='bbox 753 202 873 230; x_wconf 57' lang='lat' dir='ltr'><strong>eiecitate</strong></span> <span class='ocrx_word' id='word_1_13' title='bbox 884 210 928 229; x_wconf 86' lang='lat' dir='ltr'><strong>su-</strong></span> <span class='ocrx_word' id='word_1_14' title='bbox 945 203 971 231; x_wconf 83' lang='lat' dir='ltr'><strong>A</strong></span> <span class='ocrx_word' id='word_1_15' title='bbox 985 203 1048 230; x_wconf 88' lang='lat' dir='ltr'><strong>ritus</strong></span> <span class='ocrx_word' id='word_1_16' title='bbox 1061 202 1182 235; x_wconf 76' lang='lat' dir='ltr'><strong>veritatis,</strong></span> <span class='ocrx_word' id='word_1_17' title='bbox 1197 202 1241 229; x_wconf 84' lang='lat' dir='ltr'><strong>ille</strong></span> <span class='ocrx_word' id='word_1_18' title='bbox 1253 209 1294 228; x_wconf 87' lang='lat' dir='ltr'><strong>vos</strong></span> <span class='ocrx_word' id='word_1_19' title='bbox 1306 201 1396 235; x_wconf 83' lang='lat' dir='ltr'><strong>diriget</strong></span> <span class='ocrx_word' id='word_1_20' title='bbox 1407 200 1433 228; x_wconf 84' lang='lat' dir='ltr'><strong>in</strong></span> <span class='ocrx_word' id='word_1_21' title='bbox 1443 208 1543 228; x_wconf 82' lang='lat' dir='ltr'><strong><em>onmem</em></strong></span> <span class='ocrx_word' id='word_1_22' title='bbox 1553 200 1676 228; x_wconf 83' lang='lat' dir='ltr'><strong>veritatem</strong></span> <span class='ocrx_word' id='word_1_23' title='bbox 1687 200 1762 237; x_wconf 66' lang='lat' dir='ltr'><strong>tJoan.</strong></span> 
     </span>
    </p>
   </div>
   <div class='ocr_carea' id='block_1_5' title="bbox 138 257 256 288">
    <p class='ocr_par' dir='ltr' id='par_1_5' title="bbox 138 257 256 288">
     <span class='ocr_line' id='line_1_5' title="bbox 138 257 256 288; baseline 0 -10"><span class='ocrx_word' id='word_1_24' title='bbox 138 257 256 288; x_wconf 85' lang='lat' dir='ltr'><strong>peralus.</strong></span> 
     </span>
    </p>
   </div>
   <div class='ocr_carea' id='block_1_6' title="bbox 419 306 647 334">
    <p class='ocr_par' dir='ltr' id='par_1_6' title="bbox 419 306 647 334">
     <span class='ocr_line' id='line_1_6' title="bbox 419 306 647 334; baseline -0.004 0"><span class='ocrx_word' id='word_1_25' title='bbox 419 306 531 334; x_wconf 80' lang='lat' dir='ltr'><strong>CAPUT</strong></span> <span class='ocrx_word' id='word_1_26' title='bbox 551 306 647 334; x_wconf 69' lang='lat' dir='ltr'><strong>XXIX.</strong></span> 
     </span>
    </p>
   </div>
   <div class='ocr_carea' id='block_1_7' title="bbox 139 365 936 403">
    <p class='ocr_par' dir='ltr' id='par_1_7' title="bbox 139 365 936 403">
     <span class='ocr_line' id='line_1_7' title="bbox 139 365 936 403; baseline -0.008 -6"><span class='ocrx_word' id='word_1_27' title='bbox 139 369 264 403; x_wconf 81' lang='lat' dir='ltr'><strong>Deinceps</strong></span> <span class='ocrx_word' id='word_1_28' title='bbox 281 367 341 401; x_wconf 78' lang='lat' dir='ltr'><strong>ﬁdei</strong></span> <span class='ocrx_word' id='word_1_29' title='bbox 362 365 538 392; x_wconf 71' lang='lat' dir='ltr'><strong>auctoritatem</strong></span> <span class='ocrx_word' id='word_1_30' title='bbox 558 365 694 392; x_wconf 83' lang='lat' dir='ltr'><strong>admonere</strong></span> <span class='ocrx_word' id='word_1_31' title='bbox 713 374 757 392; x_wconf 87' lang='lat' dir='ltr'><strong>nos</strong></span> <span class='ocrx_word' id='word_1_32' title='bbox 771 366 843 392; x_wconf 78' lang='lat' dir='ltr'><strong>(locet</strong></span> <span class='ocrx_word' id='word_1_33' title='bbox 857 386 863 396; x_wconf 83' lang='lat'><strong>,</strong></span> <span class='ocrx_word' id='word_1_34' title='bbox 881 371 936 400; x_wconf 82' lang='lat' dir='ltr'><strong>post</strong></span> 
     </span>
    </p>
   </div>
   <div class='ocr_carea' id='block_1_8' title="bbox 176 413 936 445">
    <p class='ocr_par' dir='ltr' id='par_1_8' title="bbox 176 413 936 445">
     <span class='ocr_line' id='line_1_8' title="bbox 176 413 936 445; baseline -0.003 -3"><span class='ocrx_word' id='word_1_35' title='bbox 176 416 279 442; x_wconf 84' lang='lat' dir='ltr'><strong>Putrem</strong></span> <span class='ocrx_word' id='word_1_36' title='bbox 299 419 321 441; x_wconf 83' lang='lat' dir='ltr'><strong>et</strong></span> <span class='ocrx_word' id='word_1_37' title='bbox 339 413 455 445; x_wconf 72' lang='lat' dir='ltr'><strong>Filium,</strong></span> <span class='ocrx_word' id='word_1_38' title='bbox 470 413 571 439; x_wconf 80' lang='lat' dir='ltr'><strong>credere</strong></span> <span class='ocrx_word' id='word_1_39' title='bbox 592 413 666 439; x_wconf 86' lang='lat' dir='ltr'><strong>etiam</strong></span> <span class='ocrx_word' id='word_1_40' title='bbox 687 422 711 440; x_wconf 85' lang='lat' dir='ltr'><strong>IN</strong></span> <span class='ocrx_word' id='word_1_41' title='bbox 726 413 854 441; x_wconf 76' lang='lat' dir='ltr'><strong>SPIRITUM</strong></span> <span class='ocrx_word' id='word_1_42' title='bbox 874 421 936 441; x_wconf 72' lang='lat' dir='ltr'><strong>SAN-</strong></span> 
     </span>
    </p>
   </div>
   <div class='ocr_carea' id='block_1_9' title="bbox 173 458 852 496">
    <p class='ocr_par' dir='ltr' id='par_1_9' title="bbox 173 458 852 496">
     <span class='ocr_line' id='line_1_9' title="bbox 173 458 852 496; baseline -0.006 -7"><span class='ocrx_word' id='word_1_43' title='bbox 173 469 242 490; x_wconf 82' lang='lat' dir='ltr'><strong>cruu</strong></span> <span class='ocrx_word' id='word_1_44' title='bbox 256 470 261 488; x_wconf 93' lang='lat'>:</span> <span class='ocrx_word' id='word_1_45' title='bbox 274 461 347 496; x_wconf 86' lang='lat' dir='ltr'><strong>cujus</strong></span> <span class='ocrx_word' id='word_1_46' title='bbox 361 459 518 495; x_wconf 87' lang='lat' dir='ltr'><strong>operationes</strong></span> <span class='ocrx_word' id='word_1_47' title='bbox 531 467 561 486; x_wconf 73' lang='lat' dir='ltr'><strong>ex</strong></span> <span class='ocrx_word' id='word_1_48' title='bbox 575 458 716 494; x_wconf 87' lang='lat' dir='ltr'><strong>Scripturis</strong></span> <span class='ocrx_word' id='word_1_49' title='bbox 731 464 852 486; x_wconf 78' lang='lat' dir='ltr'><strong>recenset.</strong></span> 
     </span>
    </p>
   </div>
   <div class='ocr_carea' id='block_1_10' title="bbox 173 527 937 561">
    <p class='ocr_par' dir='ltr' id='par_1_10' title="bbox 173 527 937 561">
     <span class='ocr_line' id='line_1_10' title="bbox 173 527 937 561; baseline -0.007 -3"><span class='ocrx_word' id='word_1_50' title='bbox 173 530 225 558; x_wconf 88' lang='lat' dir='ltr'><strong>Sed</strong></span> <span class='ocrx_word' id='word_1_51' title='bbox 241 530 311 558; x_wconf 90' lang='lat' dir='ltr'><strong>enim</strong></span> <span class='ocrx_word' id='word_1_52' title='bbox 327 529 393 556; x_wconf 86' lang='lat' dir='ltr'><strong>ordo</strong></span> <span class='ocrx_word' id='word_1_53' title='bbox 407 528 520 555; x_wconf 87' lang='lat' dir='ltr'><strong>rationis</strong></span> <span class='ocrx_word' id='word_1_54' title='bbox 532 533 559 555; x_wconf 92' lang='lat' dir='ltr'><strong>et</strong></span> <span class='ocrx_word' id='word_1_55' title='bbox 575 527 649 554; x_wconf 83' lang='lat' dir='ltr'><strong>Fidei</strong></span> <span class='ocrx_word' id='word_1_56' title='bbox 665 528 810 554; x_wconf 82' lang='lat' dir='ltr'><strong>auctoritas</strong></span> <span class='ocrx_word' id='word_1_57' title='bbox 825 527 937 561; x_wconf 74' lang='lat' dir='ltr'><strong>digestis</strong></span> 
     </span>
    </p>
   </div>
   <div class='ocr_carea' id='block_1_11' title="bbox 137 574 937 609">
    <p class='ocr_par' dir='ltr' id='par_1_11' title="bbox 137 574 937 609">
     <span class='ocr_line' id='line_1_11' title="bbox 137 574 937 609; baseline -0.005 -4"><span class='ocrx_word' id='word_1_58' title='bbox 137 579 247 606; x_wconf 73' lang='lat' dir='ltr'><strong>\ocihus</strong></span> <span class='ocrx_word' id='word_1_59' title='bbox 268 577 417 606; x_wconf 86' lang='lat' dir='ltr'><strong>etLitteris</strong></span> <span class='ocrx_word' id='word_1_60' title='bbox 440 575 561 608; x_wconf 91' lang='lat' dir='ltr'><strong>Domini,</strong></span> <span class='ocrx_word' id='word_1_61' title='bbox 578 574 703 602; x_wconf 88' lang='lat' dir='ltr'><strong>admonet</strong></span> <span class='ocrx_word' id='word_1_62' title='bbox 727 582 791 605; x_wconf 88' lang='lat' dir='ltr'><strong>nos,</strong></span> <span class='ocrx_word' id='word_1_63' title='bbox 807 578 868 609; x_wconf 89' lang='lat' dir='ltr'><strong>post</strong></span> <span class='ocrx_word' id='word_1_64' title='bbox 880 574 937 601; x_wconf 79' lang='lat' dir='ltr'><strong>ha-c</strong></span> 
     </span>
    </p>
   </div>
   <div class='ocr_carea' id='block_1_12' title="bbox 137 621 936 658">
    <p class='ocr_par' dir='ltr' id='par_1_12' title="bbox 137 621 936 658">
     <span class='ocr_line' id='line_1_12' title="bbox 137 621 936 658; baseline -0.006 -5"><span class='ocrx_word' id='word_1_65' title='bbox 137 625 248 653; x_wconf 81' lang='lat' dir='ltr'><strong><em>credere</em></strong></span> <span class='ocrx_word' id='word_1_66' title='bbox 260 625 341 652; x_wconf 86' lang='lat' dir='ltr'><strong>etiam</strong></span> <span class='ocrx_word' id='word_1_67' title='bbox 354 624 380 650; x_wconf 94' lang='lat' dir='ltr'><strong>in</strong></span> <span class='ocrx_word' id='word_1_68' title='bbox 391 623 519 658; x_wconf 83' lang='lat' dir='ltr'><strong>Spiritum</strong></span> <span class='ocrx_word' id='word_1_69' title='bbox 532 626 664 654; x_wconf 87' lang='lat' dir='ltr'><strong>sanctum,</strong></span> <span class='ocrx_word' id='word_1_70' title='bbox 677 622 741 649; x_wconf 88' lang='lat' dir='ltr'><strong>olim</strong></span> <span class='ocrx_word' id='word_1_71' title='bbox 754 621 881 648; x_wconf 77' lang='lat' dir='ltr'><strong>Ecclesia:</strong></span> <span class='ocrx_word' id='word_1_72' title='bbox 895 630 936 648; x_wconf 18' lang='lat' dir='ltr'><strong>rei</strong></span> 
     </span>
    </p>
   </div>
   <div class='ocr_carea' id='block_1_13' title="bbox 138 667 938 707">
    <p class='ocr_par' dir='ltr' id='par_1_13' title="bbox 138 667 938 707">
     <span class='ocr_line' id='line_1_13' title="bbox 138 667 938 707; baseline -0.005 -8"><span class='ocrx_word' id='word_1_73' title='bbox 138 672 318 707; x_wconf 87' lang='lat' dir='ltr'><strong>promissum,</strong></span> <span class='ocrx_word' id='word_1_74' title='bbox 331 670 377 696; x_wconf 87' lang='lat' dir='ltr'><strong>sed</strong></span> <span class='ocrx_word' id='word_1_75' title='bbox 398 669 504 696; x_wconf 77' lang='lat' dir='ltr'><strong>statutis</strong></span> <span class='ocrx_word' id='word_1_76' title='bbox 524 673 673 703; x_wconf 90' lang='lat' dir='ltr'><strong>temporum</strong></span> <span class='ocrx_word' id='word_1_77' title='bbox 695 667 938 703; x_wconf 76' lang='lat' dir='ltr'><strong>opportunitatibus</strong></span> 
     </span>
    </p>
   </div>
   <div class='ocr_carea' id='block_1_14' title="bbox 137 714 938 750">
    <p class='ocr_par' dir='ltr' id='par_1_14' title="bbox 137 714 938 750">
     <span class='ocr_line' id='line_1_14' title="bbox 137 714 938 750; baseline -0.007 -4"><span class='ocrx_word' id='word_1_78' title='bbox 137 718 281 746; x_wconf 88' lang='lat' dir='ltr'><strong>redditum.</strong></span> <span class='ocrx_word' id='word_1_79' title='bbox 299 717 346 744; x_wconf 85' lang='lat' dir='ltr'><strong>Est</strong></span> <span class='ocrx_word' id='word_1_80' title='bbox 360 716 431 744; x_wconf 91' lang='lat' dir='ltr'><strong>enim</strong></span> <span class='ocrx_word' id='word_1_81' title='bbox 448 724 493 750; x_wconf 87' lang='lat' dir='ltr'><strong>per</strong></span> <span class='ocrx_word' id='word_1_82' title='bbox 506 715 608 743; x_wconf 83' lang='lat' dir='ltr'><strong>Joelem</strong></span> <span class='ocrx_word' id='word_1_83' title='bbox 624 715 780 749; x_wconf 78' lang='lat' dir='ltr'><strong>prophetam</strong></span> <span class='ocrx_word' id='word_1_84' title='bbox 792 714 938 749; x_wconf 90' lang='lat' dir='ltr'><strong>repromis-</strong></span> 
     </span>
    </p>
   </div>
   <div class='ocr_carea' id='block_1_15' title="bbox 137 761 936 798">
    <p class='ocr_par' dir='ltr' id='par_1_15' title="bbox 137 761 936 798">
     <span class='ocr_line' id='line_1_15' title="bbox 137 761 936 798; baseline -0.009 -5"><span class='ocrx_word' id='word_1_85' title='bbox 137 774 192 797; x_wconf 84' lang='lat' dir='ltr'><strong>sus,</strong></span> <span class='ocrx_word' id='word_1_86' title='bbox 210 765 257 793; x_wconf 90' lang='lat' dir='ltr'><strong>sed</strong></span> <span class='ocrx_word' id='word_1_87' title='bbox 273 772 320 798; x_wconf 84' lang='lat' dir='ltr'><strong>per</strong></span> <span class='ocrx_word' id='word_1_88' title='bbox 328 763 463 791; x_wconf 86' lang='lat' dir='ltr'><strong>Christum</strong></span> <span class='ocrx_word' id='word_1_89' title='bbox 483 762 612 789; x_wconf 88' lang='lat' dir='ltr'><strong>redditus.</strong></span> <span class='ocrx_word' id='word_1_90' title='bbox 625 761 658 788; x_wconf 87' lang='lat' dir='ltr'><strong>lu</strong></span> <span class='ocrx_word' id='word_1_91' title='bbox 673 761 823 792; x_wconf 76' lang='lat' dir='ltr'><strong>novissimis,</strong></span> <span class='ocrx_word' id='word_1_92' title='bbox 842 761 936 795; x_wconf 79' lang='lat' dir='ltr'><strong>inquit,</strong></span> 
     </span>
    </p>
   </div>
   <div class='ocr_carea' id='block_1_16' title="bbox 137 806 938 845">
    <p class='ocr_par' dir='ltr' id='par_1_16' title="bbox 137 806 938 845">
     <span class='ocr_line' id='line_1_16' title="bbox 137 806 938 845; baseline -0.01 -5"><span class='ocrx_word' id='word_1_93' title='bbox 137 813 224 840; x_wconf 74' lang='lat' dir='ltr'><strong>diebus</strong></span> <span class='ocrx_word' id='word_1_94' title='bbox 239 810 370 845; x_wconf 71' lang='lat' dir='ltr'><strong>effundam</strong></span> <span class='ocrx_word' id='word_1_95' title='bbox 384 809 415 836; x_wconf 83' lang='lat' dir='ltr'><strong>de</strong></span> <span class='ocrx_word' id='word_1_96' title='bbox 429 808 529 843; x_wconf 85' lang='lat' dir='ltr'><strong>Spiritu</strong></span> <span class='ocrx_word' id='word_1_97' title='bbox 541 816 595 834; x_wconf 88' lang='lat' dir='ltr'><strong>meo</strong></span> <span class='ocrx_word' id='word_1_98' title='bbox 607 816 682 842; x_wconf 83' lang='lat' dir='ltr'><strong>super</strong></span> <span class='ocrx_word' id='word_1_99' title='bbox 692 815 776 834; x_wconf 77' lang='lat' dir='ltr'><strong>servos</strong></span> <span class='ocrx_word' id='word_1_100' title='bbox 790 812 813 833; x_wconf 89' lang='lat' dir='ltr'><strong>et</strong></span> <span class='ocrx_word' id='word_1_101' title='bbox 829 806 938 833; x_wconf 81' lang='lat' dir='ltr'><strong>ancillas</strong></span> 
     </span>
    </p>
   </div>
   <div class='ocr_carea' id='block_1_17' title="bbox 135 853 938 893">
    <p class='ocr_par' dir='ltr' id='par_1_17' title="bbox 135 853 938 893">
     <span class='ocr_line' id='line_1_17' title="bbox 135 853 938 893; baseline -0.009 -7"><span class='ocrx_word' id='word_1_102' title='bbox 135 867 203 886; x_wconf 84' lang='lat' dir='ltr'><strong>meus</strong></span> <span class='ocrx_word' id='word_1_103' title='bbox 219 857 297 893; x_wconf 87' lang='lat' dir='ltr'><strong>(Joel.</strong></span> <span class='ocrx_word' id='word_1_104' title='bbox 316 865 344 888; x_wconf 92' lang='grc' dir='ltr'><strong>ιι⁷</strong></span> <span class='ocrx_word' id='word_1_105' title='bbox 361 856 417 890; x_wconf 69' lang='lat'><strong>‘28).</strong></span> <span class='ocrx_word' id='word_1_106' title='bbox 435 855 565 881; x_wconf 87' lang='lat' dir='ltr'><strong>Dominus</strong></span> <span class='ocrx_word' id='word_1_107' title='bbox 588 858 676 881; x_wconf 89' lang='lat' dir='ltr'><strong>autem</strong></span> <span class='ocrx_word' id='word_1_108' title='bbox 691 863 697 880; x_wconf 88' lang='lat'><strong>:</strong></span> <span class='ocrx_word' id='word_1_109' title='bbox 712 854 825 888; x_wconf 76' lang='lat' dir='ltr'><strong>Accipite</strong></span> <span class='ocrx_word' id='word_1_110' title='bbox 850 853 938 887; x_wconf 88' lang='lat' dir='ltr'><strong>Spiri-</strong></span> 
     </span>
    </p>
   </div>
   <div class='ocr_carea' id='block_1_18' title="bbox 988 247 1767 284">
    <p class='ocr_par' dir='ltr' id='par_1_18' title="bbox 988 247 1767 284">
     <span class='ocr_line' id='line_1_18' title="bbox 988 247 1767 284; baseline 0 -9"><span class='ocrx_word' id='word_1_111' title='bbox 988 257 1041 282; x_wconf 83' lang='lat' dir='ltr'><strong>xvt,</strong></span> <span class='ocrx_word' id='word_1_112' title='bbox 1052 249 1107 283; x_wconf 80' lang='grc'><strong>15).</strong></span> <span class='ocrx_word' id='word_1_113' title='bbox 1118 249 1149 275; x_wconf 81' lang='lat' dir='ltr'><strong>Et</strong></span> <span class='ocrx_word' id='word_1_114' title='bbox 1163 248 1287 284; x_wconf 89' lang='lat' dir='ltr'><strong>quoniam</strong></span> <span class='ocrx_word' id='word_1_115' title='bbox 1298 248 1460 275; x_wconf 88' lang='lat' dir='ltr'><strong>Dominusin</strong></span> <span class='ocrx_word' id='word_1_116' title='bbox 1477 247 1561 275; x_wconf 62' lang='lat' dir='ltr'><strong>caelos</strong></span> <span class='ocrx_word' id='word_1_117' title='bbox 1574 252 1643 275; x_wconf 83' lang='lat' dir='ltr'><strong>esset.</strong></span> <span class='ocrx_word' id='word_1_118' title='bbox 1650 247 1767 281; x_wconf 83' lang='lat' dir='ltr'><strong>abiturus,</strong></span> 
     </span>
    </p>
   </div>
   <div class='ocr_carea' id='block_1_19' title="bbox 989 293 1771 328">
    <p class='ocr_par' dir='ltr' id='par_1_19' title="bbox 989 293 1771 328">
     <span class='ocr_line' id='line_1_19' title="bbox 989 293 1771 328; baseline -0.001 -7"><span class='ocrx_word' id='word_1_119' title='bbox 989 295 1147 322; x_wconf 72' lang='lat' dir='ltr'><strong>Paraclitum</strong></span> <span class='ocrx_word' id='word_1_120' title='bbox 1169 294 1307 328; x_wconf 84' lang='lat' dir='ltr'><strong>discipulis</strong></span> <span class='ocrx_word' id='word_1_121' title='bbox 1323 294 1477 321; x_wconf 86' lang='lat' dir='ltr'><strong>necessario</strong></span> <span class='ocrx_word' id='word_1_122' title='bbox 1491 293 1582 326; x_wconf 88' lang='lat' dir='ltr'><strong>dabat,</strong></span> <span class='ocrx_word' id='word_1_123' title='bbox 1599 301 1630 321; x_wconf 93' lang='lat' dir='ltr'><strong>ne</strong></span> <span class='ocrx_word' id='word_1_124' title='bbox 1644 293 1700 321; x_wconf 80' lang='lat' dir='ltr'><strong>illos</strong></span> <span class='ocrx_word' id='word_1_125' title='bbox 1714 301 1771 328; x_wconf 87' lang='lat' dir='ltr'><strong>quo-</strong></span> 
     </span>
    </p>
   </div>
   <div class='ocr_carea' id='block_1_20' title="bbox 986 339 1773 376">
    <p class='ocr_par' dir='ltr' id='par_1_20' title="bbox 986 339 1773 376">
     <span class='ocr_line' id='line_1_20' title="bbox 986 339 1773 376; baseline 0.001 -10"><span class='ocrx_word' id='word_1_126' title='bbox 986 340 1131 368; x_wconf 89' lang='lat' dir='ltr'><strong>dammodo</strong></span> <span class='ocrx_word' id='word_1_127' title='bbox 1143 340 1267 376; x_wconf 86' lang='lat' dir='ltr'><strong>pupillos,</strong></span> <span class='ocrx_word' id='word_1_128' title='bbox 1278 340 1349 376; x_wconf 87' lang='lat' dir='ltr'><strong>quod</strong></span> <span class='ocrx_word' id='word_1_129' title='bbox 1362 340 1470 367; x_wconf 91' lang='lat' dir='ltr'><strong>minime</strong></span> <span class='ocrx_word' id='word_1_130' title='bbox 1480 340 1602 374; x_wconf 82' lang='lat' dir='ltr'><strong>decebat,</strong></span> <span class='ocrx_word' id='word_1_131' title='bbox 1613 339 1773 375; x_wconf 83' lang='lat' dir='ltr'><strong>relinqueret,</strong></span> 
     </span>
    </p>
   </div>
   <div class='ocr_carea' id='block_1_21' title="bbox 988 386 1776 423">
    <p class='ocr_par' dir='ltr' id='par_1_21' title="bbox 988 386 1776 423">
     <span class='ocr_line' id='line_1_21' title="bbox 988 386 1776 423; baseline -0.001 -8"><span class='ocrx_word' id='word_1_132' title='bbox 988 392 1015 415; x_wconf 84' lang='lat' dir='ltr'><strong>et</strong></span> <span class='ocrx_word' id='word_1_133' title='bbox 1029 388 1086 415; x_wconf 85' lang='lat' dir='ltr'><strong>sine</strong></span> <span class='ocrx_word' id='word_1_134' title='bbox 1101 388 1233 415; x_wconf 88' lang='lat' dir='ltr'><strong>advocato</strong></span> <span class='ocrx_word' id='word_1_135' title='bbox 1247 393 1274 415; x_wconf 90' lang='lat' dir='ltr'><strong>et</strong></span> <span class='ocrx_word' id='word_1_136' title='bbox 1290 387 1407 423; x_wconf 87' lang='lat' dir='ltr'><strong>quodam</strong></span> <span class='ocrx_word' id='word_1_137' title='bbox 1421 392 1509 414; x_wconf 87' lang='lat' dir='ltr'><strong>tutore</strong></span> <span class='ocrx_word' id='word_1_138' title='bbox 1522 387 1670 414; x_wconf 90' lang='lat' dir='ltr'><strong>desereret.</strong></span> <span class='ocrx_word' id='word_1_139' title='bbox 1685 386 1729 414; x_wconf 88' lang='lat' dir='ltr'><strong>Hic</strong></span> <span class='ocrx_word' id='word_1_140' title='bbox 1740 392 1776 414; x_wconf 86' lang='lat' dir='ltr'><strong>est</strong></span> 
     </span>
    </p>
   </div>
   <div class='ocr_carea' id='block_1_22' title="bbox 988 434 1775 469">
    <p class='ocr_par' dir='ltr' id='par_1_22' title="bbox 988 434 1775 469">
     <span class='ocr_line' id='line_1_22' title="bbox 988 434 1775 469; baseline -0.001 -7"><span class='ocrx_word' id='word_1_141' title='bbox 988 434 1058 462; x_wconf 91' lang='lat' dir='ltr'><strong>enim</strong></span> <span class='ocrx_word' id='word_1_142' title='bbox 1074 435 1119 469; x_wconf 88' lang='lat' dir='ltr'><strong>qni</strong></span> <span class='ocrx_word' id='word_1_143' title='bbox 1139 435 1257 469; x_wconf 85' lang='lat' dir='ltr'><strong>ipsorum</strong></span> <span class='ocrx_word' id='word_1_144' title='bbox 1278 435 1382 462; x_wconf 88' lang='lat' dir='ltr'><strong>animos</strong></span> <span class='ocrx_word' id='word_1_145' title='bbox 1406 439 1565 469; x_wconf 79' lang='lat' dir='ltr'><strong>mentesque</strong></span> <span class='ocrx_word' id='word_1_146' title='bbox 1589 434 1718 466; x_wconf 80' lang='lat' dir='ltr'><strong>ﬁrmavit,</strong></span> <span class='ocrx_word' id='word_1_147' title='bbox 1736 435 1775 468; x_wconf 93' lang='lat' dir='ltr'><strong>qui</strong></span> 
     </span>
    </p>
   </div>
   <div class='ocr_carea' id='block_1_23' title="bbox 989 480 1777 515">
    <p class='ocr_par' dir='ltr' id='par_1_23' title="bbox 989 480 1777 515">
     <span class='ocr_line' id='line_1_23' title="bbox 989 480 1777 515; baseline 0 -8"><span class='ocrx_word' id='word_1_148' title='bbox 989 480 1146 515; x_wconf 79' lang='lat' dir='ltr'><strong>Evangelica</strong></span> <span class='ocrx_word' id='word_1_149' title='bbox 1162 481 1334 508; x_wconf 76' lang='lat' dir='ltr'><strong>Sacramenta</strong></span> <span class='ocrx_word' id='word_1_150' title='bbox 1356 480 1496 512; x_wconf 76' lang='lat' dir='ltr'><strong>distinxit,</strong></span> <span class='ocrx_word' id='word_1_151' title='bbox 1512 480 1556 515; x_wconf 91' lang='lat' dir='ltr'><strong>qui</strong></span> <span class='ocrx_word' id='word_1_152' title='bbox 1572 480 1598 507; x_wconf 91' lang='lat' dir='ltr'><strong>in</strong></span> <span class='ocrx_word' id='word_1_153' title='bbox 1613 480 1676 515; x_wconf 81' lang='lat' dir='ltr'><strong>ipsis</strong></span> <span class='ocrx_word' id='word_1_154' title='bbox 1689 480 1777 507; x_wconf 87' lang='lat' dir='ltr'><strong>illumi-</strong></span> 
     </span>
    </p>
   </div>
   <div class='ocr_carea' id='block_1_24' title="bbox 989 526 1777 562">
    <p class='ocr_par' dir='ltr' id='par_1_24' title="bbox 989 526 1777 562">
     <span class='ocr_line' id='line_1_24' title="bbox 989 526 1777 562; baseline 0.001 -9"><span class='ocrx_word' id='word_1_155' title='bbox 989 530 1066 553; x_wconf 88' lang='lat' dir='ltr'><strong>nator</strong></span> <span class='ocrx_word' id='word_1_156' title='bbox 1088 534 1177 553; x_wconf 88' lang='lat' dir='ltr'><strong>rerum</strong></span> <span class='ocrx_word' id='word_1_157' title='bbox 1201 526 1353 554; x_wconf 82' lang='lat' dir='ltr'><strong>Divinarum</strong></span> <span class='ocrx_word' id='word_1_158' title='bbox 1369 527 1434 560; x_wconf 89' lang='lat' dir='ltr'><strong>fuit,</strong></span> <span class='ocrx_word' id='word_1_159' title='bbox 1447 527 1492 562; x_wconf 86' lang='lat' dir='ltr'><strong>qui</strong></span> <span class='ocrx_word' id='word_1_160' title='bbox 1507 527 1657 554; x_wconf 87' lang='lat' dir='ltr'><strong>confirmati</strong></span> <span class='ocrx_word' id='word_1_161' title='bbox 1678 534 1724 562; x_wconf 87' lang='lat' dir='ltr'><strong>pro</strong></span> <span class='ocrx_word' id='word_1_162' title='bbox 1737 535 1777 554; x_wconf 92' lang='lat' dir='ltr'><strong>no-</strong></span> 
     </span>
    </p>
   </div>
   <div class='ocr_carea' id='block_1_25' title="bbox 989 573 1778 607">
    <p class='ocr_par' dir='ltr' id='par_1_25' title="bbox 989 573 1778 607">
     <span class='ocr_line' id='line_1_25' title="bbox 989 573 1778 607; baseline 0.003 -8"><span class='ocrx_word' id='word_1_163' title='bbox 989 573 1061 600; x_wconf 89' lang='lat' dir='ltr'><strong>mine</strong></span> <span class='ocrx_word' id='word_1_164' title='bbox 1082 573 1186 601; x_wconf 86' lang='lat' dir='ltr'><strong>Domini</strong></span> <span class='ocrx_word' id='word_1_165' title='bbox 1207 582 1257 602; x_wconf 82' lang='lat' dir='ltr'><strong>nec</strong></span> <span class='ocrx_word' id='word_1_166' title='bbox 1278 582 1403 602; x_wconf 73' lang='lat' dir='ltr'><strong>carceres</strong></span> <span class='ocrx_word' id='word_1_167' title='bbox 1427 583 1476 602; x_wconf 88' lang='lat' dir='ltr'><strong>nec</strong></span> <span class='ocrx_word' id='word_1_168' title='bbox 1501 574 1605 602; x_wconf 82' lang='lat' dir='ltr'><strong>vincula</strong></span> <span class='ocrx_word' id='word_1_169' title='bbox 1630 574 1778 607; x_wconf 80' lang='lat' dir='ltr'><strong>timuerunt;</strong></span> 
     </span>
    </p>
   </div>
   <div class='ocr_carea' id='block_1_26' title="bbox 990 620 1780 656">
    <p class='ocr_par' dir='ltr' id='par_1_26' title="bbox 990 620 1780 656">
     <span class='ocr_line' id='line_1_26' title="bbox 990 620 1780 656; baseline 0.001 -9"><span class='ocrx_word' id='word_1_170' title='bbox 990 620 1054 655; x_wconf 91' lang='lat' dir='ltr'><strong>quin</strong></span> <span class='ocrx_word' id='word_1_171' title='bbox 1071 620 1153 648; x_wconf 89' lang='lat' dir='ltr'><strong>immo</strong></span> <span class='ocrx_word' id='word_1_172' title='bbox 1173 621 1244 655; x_wconf 87' lang='lat' dir='ltr'><strong>ipsas</strong></span> <span class='ocrx_word' id='word_1_173' title='bbox 1257 621 1347 649; x_wconf 75' lang='lat' dir='ltr'><strong>saeculi</strong></span> <span class='ocrx_word' id='word_1_174' title='bbox 1363 626 1509 656; x_wconf 87' lang='lat' dir='ltr'><strong>potestates</strong></span> <span class='ocrx_word' id='word_1_175' title='bbox 1523 627 1551 649; x_wconf 89' lang='lat' dir='ltr'><strong>et</strong></span> <span class='ocrx_word' id='word_1_176' title='bbox 1562 626 1692 648; x_wconf 76' lang='lat' dir='ltr'><strong>tormenta</strong></span> <span class='ocrx_word' id='word_1_177' title='bbox 1705 621 1780 648; x_wconf 84' lang='lat' dir='ltr'><strong>calca-</strong></span> 
     </span>
    </p>
   </div>
   <div class='ocr_carea' id='block_1_27' title="bbox 990 666 1778 702">
    <p class='ocr_par' dir='ltr' id='par_1_27' title="bbox 990 666 1778 702">
     <span class='ocr_line' id='line_1_27' title="bbox 990 666 1778 702; baseline 0.003 -10"><span class='ocrx_word' id='word_1_178' title='bbox 990 671 1100 699; x_wconf 77' lang='lat' dir='ltr'><strong>verunt,</strong></span> <span class='ocrx_word' id='word_1_179' title='bbox 1117 667 1211 694; x_wconf 87' lang='lat' dir='ltr'><strong>aruiati</strong></span> <span class='ocrx_word' id='word_1_180' title='bbox 1226 666 1282 702; x_wconf 88' lang='lat' dir='ltr'><strong>jam</strong></span> <span class='ocrx_word' id='word_1_181' title='bbox 1302 667 1404 694; x_wconf 73' lang='lat' dir='ltr'><strong>sciliCet</strong></span> <span class='ocrx_word' id='word_1_182' title='bbox 1420 675 1466 702; x_wconf 69' lang='lat' dir='ltr'><strong>per</strong></span> <span class='ocrx_word' id='word_1_183' title='bbox 1483 668 1570 702; x_wconf 89' lang='lat' dir='ltr'><strong>ipsum</strong></span> <span class='ocrx_word' id='word_1_184' title='bbox 1583 673 1663 702; x_wconf 92' lang='lat' dir='ltr'><strong>atquc</strong></span> <span class='ocrx_word' id='word_1_185' title='bbox 1679 667 1778 700; x_wconf 81' lang='lat' dir='ltr'><strong>firmati,</strong></span> 
     </span>
    </p>
   </div>
   <div class='ocr_carea' id='block_1_28' title="bbox 990 713 1780 749">
    <p class='ocr_par' dir='ltr' id='par_1_28' title="bbox 990 713 1780 749">
     <span class='ocr_line' id='line_1_28' title="bbox 990 713 1780 749; baseline 0.003 -9"><span class='ocrx_word' id='word_1_186' title='bbox 990 713 1119 740; x_wconf 82' lang='lat' dir='ltr'><strong>habentes</strong></span> <span class='ocrx_word' id='word_1_187' title='bbox 1134 714 1159 740; x_wconf 94' lang='lat' dir='ltr'><strong>in</strong></span> <span class='ocrx_word' id='word_1_188' title='bbox 1173 721 1202 741; x_wconf 89' lang='lat' dir='ltr'><strong>se</strong></span> <span class='ocrx_word' id='word_1_189' title='bbox 1216 714 1297 747; x_wconf 89' lang='lat' dir='ltr'><strong>dona,</strong></span> <span class='ocrx_word' id='word_1_190' title='bbox 1311 722 1371 749; x_wconf 72' lang='lat' dir='ltr'><strong>qua:</strong></span> <span class='ocrx_word' id='word_1_191' title='bbox 1386 714 1428 741; x_wconf 86' lang='lat' dir='ltr'><strong>hic</strong></span> <span class='ocrx_word' id='word_1_192' title='bbox 1451 714 1521 742; x_wconf 90' lang='lat' dir='ltr'><strong>idem</strong></span> <span class='ocrx_word' id='word_1_193' title='bbox 1538 714 1653 749; x_wconf 85' lang='lat' dir='ltr'><strong>Spiritus</strong></span> <span class='ocrx_word' id='word_1_194' title='bbox 1667 715 1780 742; x_wconf 51' lang='lat' dir='ltr'><strong>Ecclesia:</strong></span> 
     </span>
    </p>
   </div>
   <div class='ocr_carea' id='block_1_29' title="bbox 990 760 1781 796">
    <p class='ocr_par' dir='ltr' id='par_1_29' title="bbox 990 760 1781 796">
     <span class='ocr_line' id='line_1_29' title="bbox 990 760 1781 796; baseline 0.003 -9"><span class='ocrx_word' id='word_1_195' title='bbox 990 760 1087 788; x_wconf 74' lang='lat' dir='ltr'><strong>Chriin</strong></span> <span class='ocrx_word' id='word_1_196' title='bbox 1101 768 1206 794; x_wconf 72' lang='lat' dir='ltr'><strong>sponsa:</strong></span> <span class='ocrx_word' id='word_1_197' title='bbox 1220 761 1295 796; x_wconf 88' lang='lat' dir='ltr'><strong>quasi</strong></span> <span class='ocrx_word' id='word_1_198' title='bbox 1310 761 1432 796; x_wconf 57' lang='lat' dir='ltr'><strong>quaedam</strong></span> <span class='ocrx_word' id='word_1_199' title='bbox 1444 766 1602 789; x_wconf 87' lang='lat' dir='ltr'><strong>ornamenta</strong></span> <span class='ocrx_word' id='word_1_200' title='bbox 1616 761 1748 788; x_wconf 82' lang='lat' dir='ltr'><strong>distribuit</strong></span> <span class='ocrx_word' id='word_1_201' title='bbox 1758 767 1781 789; x_wconf 82' lang='lat' dir='ltr'><strong>et</strong></span> 
     </span>
    </p>
   </div>
   <div class='ocr_carea' id='block_1_30' title="bbox 990 807 1781 843">
    <p class='ocr_par' dir='ltr' id='par_1_30' title="bbox 990 807 1781 843">
     <span class='ocr_line' id='line_1_30' title="bbox 990 807 1781 843; baseline 0.001 -9"><span class='ocrx_word' id='word_1_202' title='bbox 990 807 1086 841; x_wconf 71' lang='lat' dir='ltr'><strong>dirigit.</strong></span> <span class='ocrx_word' id='word_1_203' title='bbox 1103 807 1151 834; x_wconf 91' lang='lat' dir='ltr'><strong>Hic</strong></span> <span class='ocrx_word' id='word_1_204' title='bbox 1160 813 1200 835; x_wconf 89' lang='lat' dir='ltr'><strong>est</strong></span> <span class='ocrx_word' id='word_1_205' title='bbox 1211 809 1282 835; x_wconf 89' lang='lat' dir='ltr'><strong>enim</strong></span> <span class='ocrx_word' id='word_1_206' title='bbox 1298 808 1342 842; x_wconf 87' lang='lat' dir='ltr'><strong>qui</strong></span> <span class='ocrx_word' id='word_1_207' title='bbox 1356 808 1505 843; x_wconf 78' lang='lat' dir='ltr'><strong>Prophetas</strong></span> <span class='ocrx_word' id='word_1_208' title='bbox 1515 808 1542 835; x_wconf 93' lang='lat' dir='ltr'><strong>in</strong></span> <span class='ocrx_word' id='word_1_209' title='bbox 1556 808 1675 836; x_wconf 60' lang='lat' dir='ltr'><strong>Ecclesia</strong></span> <span class='ocrx_word' id='word_1_210' title='bbox 1690 810 1781 836; x_wconf 90' lang='lat' dir='ltr'><strong>consti-</strong></span> 
     </span>
    </p>
   </div>
   <div class='ocr_carea' id='block_1_31' title="bbox 992 854 1781 894">
    <p class='ocr_par' dir='ltr' id='par_1_31' title="bbox 992 854 1781 894">
     <span class='ocr_line' id='line_1_31' title="bbox 992 854 1781 894; baseline 0.003 -14"><span class='ocrx_word' id='word_1_211' title='bbox 992 854 1050 887; x_wconf 85' lang='lat' dir='ltr'><strong>tuit,</strong></span> <span class='ocrx_word' id='word_1_212' title='bbox 1064 854 1205 894; x_wconf 69' lang='lat' dir='ltr'><strong>Magistros</strong></span> <span class='ocrx_word' id='word_1_213' title='bbox 1219 854 1305 881; x_wconf 87' lang='lat' dir='ltr'><strong>erudit</strong></span> <span class='ocrx_word' id='word_1_214' title='bbox 1316 875 1323 887; x_wconf 93' lang='lat'><strong>,</strong></span> <span class='ocrx_word' id='word_1_215' title='bbox 1340 854 1445 889; x_wconf 81' lang='lat' dir='ltr'><strong>linguas</strong></span> <span class='ocrx_word' id='word_1_216' title='bbox 1460 855 1564 889; x_wconf 79' lang='lat' dir='ltr'><strong>dirigit,</strong></span> <span class='ocrx_word' id='word_1_217' title='bbox 1581 856 1694 882; x_wconf 83' lang='lat' dir='ltr'><strong>virtutes</strong></span> <span class='ocrx_word' id='word_1_218' title='bbox 1706 859 1731 883; x_wconf 92' lang='lat' dir='ltr'><strong>et</strong></span> <span class='ocrx_word' id='word_1_219' title='bbox 1743 863 1781 882; x_wconf 65' lang='lat' dir='ltr'><strong>sa-</strong></span> 
     </span>
    </p>
   </div>
   <div class='ocr_carea' id='block_1_32' title="bbox 135 900 1782 937">
    <p class='ocr_par' dir='ltr' id='par_1_32' title="bbox 135 900 1782 937">
     <span class='ocr_line' id='line_1_32' title="bbox 135 900 1782 937; baseline -0.002 -4"><span class='ocrx_word' id='word_1_220' title='bbox 135 911 189 933; x_wconf 85' lang='lat' dir='ltr'><strong>tum</strong></span> <span class='ocrx_word' id='word_1_221' title='bbox 204 909 339 936; x_wconf 77' lang='lat' dir='ltr'><strong>sanciunt;</strong></span> <span class='ocrx_word' id='word_1_222' title='bbox 354 910 462 936; x_wconf 86' lang='lat' dir='ltr'><strong>quorum</strong></span> <span class='ocrx_word' id='word_1_223' title='bbox 477 901 624 928; x_wconf 83' lang='lat' dir='ltr'><strong>remiseritis</strong></span> <span class='ocrx_word' id='word_1_224' title='bbox 641 905 752 935; x_wconf 61' lang='lat' dir='ltr'><strong>pltccala,</strong></span> <span class='ocrx_word' id='word_1_225' title='bbox 766 905 839 926; x_wconf 87' lang='lat' dir='ltr'><strong>erunt</strong></span> <span class='ocrx_word' id='word_1_226' title='bbox 851 900 940 926; x_wconf 87' lang='lat' dir='ltr'><strong>remis-</strong></span> <span class='ocrx_word' id='word_1_227' title='bbox 955 902 977 931; x_wconf 84' lang='grc' dir='ltr'><strong>Β</strong></span> <span class='ocrx_word' id='word_1_228' title='bbox 993 901 1089 928; x_wconf 84' lang='lat' dir='ltr'><strong>uitales</strong></span> <span class='ocrx_word' id='word_1_229' title='bbox 1105 900 1176 932; x_wconf 87' lang='lat' dir='ltr'><strong>facit,</strong></span> <span class='ocrx_word' id='word_1_230' title='bbox 1193 908 1275 936; x_wconf 85' lang='lat' dir='ltr'><strong>opera</strong></span> <span class='ocrx_word' id='word_1_231' title='bbox 1297 901 1430 929; x_wconf 84' lang='lat' dir='ltr'><strong>mirabilia</strong></span> <span class='ocrx_word' id='word_1_232' title='bbox 1444 902 1530 937; x_wconf 79' lang='lat' dir='ltr'><strong>gerit,</strong></span> <span class='ocrx_word' id='word_1_233' title='bbox 1546 901 1722 929; x_wconf 83' lang='lat' dir='ltr'><strong>discretiones</strong></span> <span class='ocrx_word' id='word_1_234' title='bbox 1734 902 1782 937; x_wconf 86' lang='lat' dir='ltr'><strong>spi-</strong></span> 
     </span>
    </p>
   </div>
   <div class='ocr_carea' id='block_1_33' title="bbox 134 946 937 985">
    <p class='ocr_par' dir='ltr' id='par_1_33' title="bbox 134 946 937 985">
     <span class='ocr_line' id='line_1_33' title="bbox 134 946 937 985; baseline -0.01 -5"><span class='ocrx_word' id='word_1_235' title='bbox 134 962 179 985; x_wconf 76' lang='lat' dir='ltr'><strong>S’l,’</strong></span> <span class='ocrx_word' id='word_1_236' title='bbox 193 957 215 979; x_wconf 92' lang='lat' dir='ltr'><strong>et</strong></span> <span class='ocrx_word' id='word_1_237' title='bbox 231 958 338 985; x_wconf 88' lang='lat' dir='ltr'><strong>quorttm</strong></span> <span class='ocrx_word' id='word_1_238' title='bbox 354 948 523 979; x_wconf 63' lang='lat' dir='ltr'><strong>retinueritis,</strong></span> <span class='ocrx_word' id='word_1_239' title='bbox 546 952 618 973; x_wconf 84' lang='lat' dir='ltr'><strong>erunt</strong></span> <span class='ocrx_word' id='word_1_240' title='bbox 642 952 738 973; x_wconf 80' lang='lat' dir='ltr'><strong>retenta</strong></span> <span class='ocrx_word' id='word_1_241' title='bbox 759 947 826 981; x_wconf 80' lang='lat' dir='ltr'><strong>(Act.</strong></span> <span class='ocrx_word' id='word_1_242' title='bbox 844 954 872 977; x_wconf 82' lang='lat' dir='ltr'><strong>It,</strong></span> <span class='ocrx_word' id='word_1_243' title='bbox 894 946 937 972; x_wconf 81' lang='grc'><strong>17.</strong></span> 
     </span>
    </p>
   </div>
   <div class='ocr_carea' id='block_1_34' title="bbox 136 992 940 1030">
    <p class='ocr_par' dir='ltr' id='par_1_34' title="bbox 136 992 940 1030">
     <span class='ocr_line' id='line_1_34' title="bbox 136 992 940 1030; baseline -0.01 -5"><span class='ocrx_word' id='word_1_244' title='bbox 136 998 216 1025; x_wconf 77' lang='lat' dir='ltr'><strong>Joan.</strong></span> <span class='ocrx_word' id='word_1_245' title='bbox 233 1005 277 1028; x_wconf 70' lang='lat' dir='ltr'><strong>xx,</strong></span> <span class='ocrx_word' id='word_1_246' title='bbox 289 994 402 1030; x_wconf 66' lang='lat'><strong>22,25).</strong></span> <span class='ocrx_word' id='word_1_247' title='bbox 417 995 492 1021; x_wconf 90' lang='lat' dir='ltr'><strong>IIunc</strong></span> <span class='ocrx_word' id='word_1_248' title='bbox 506 999 594 1020; x_wconf 88' lang='lat' dir='ltr'><strong>autem</strong></span> <span class='ocrx_word' id='word_1_249' title='bbox 605 993 733 1027; x_wconf 88' lang='lat' dir='ltr'><strong>Spiritum</strong></span> <span class='ocrx_word' id='word_1_250' title='bbox 749 998 871 1019; x_wconf 88' lang='lat' dir='ltr'><strong>sanctum</strong></span> <span class='ocrx_word' id='word_1_251' title='bbox 889 992 940 1018; x_wconf 88' lang='lat' dir='ltr'><strong>Do-</strong></span> 
     </span>
    </p>
   </div>
   <div class='ocr_carea' id='block_1_35' title="bbox 135 1038 939 1076">
    <p class='ocr_par' dir='ltr' id='par_1_35' title="bbox 135 1038 939 1076">
     <span class='ocr_line' id='line_1_35' title="bbox 135 1038 939 1076; baseline -0.01 -4"><span class='ocrx_word' id='word_1_252' title='bbox 135 1045 224 1073; x_wconf 84' lang='lat' dir='ltr'><strong>minus</strong></span> <span class='ocrx_word' id='word_1_253' title='bbox 237 1043 362 1071; x_wconf 85' lang='lat' dir='ltr'><strong>Christus</strong></span> <span class='ocrx_word' id='word_1_254' title='bbox 375 1041 455 1068; x_wconf 90' lang='lat' dir='ltr'><strong>modo</strong></span> <span class='ocrx_word' id='word_1_255' title='bbox 474 1040 563 1076; x_wconf 85' lang='lat' dir='ltr'><strong>(Joan.</strong></span> <span class='ocrx_word' id='word_1_256' title='bbox 580 1048 635 1070; x_wconf 85' lang='lat' dir='ltr'><strong>xtv,</strong></span> <span class='ocrx_word' id='word_1_257' title='bbox 655 1040 698 1072; x_wconf 77' lang='grc'><strong>16,</strong></span> <span class='ocrx_word' id='word_1_258' title='bbox 714 1038 758 1073; x_wconf 79' lang='grc'>17)</span> <span class='ocrx_word' id='word_1_259' title='bbox 779 1038 939 1065; x_wconf 75' lang='lat' dir='ltr'><strong>Paraclitum</strong></span> 
     </span>
    </p>
   </div>
   <div class='ocr_carea' id='block_1_36' title="bbox 135 1084 939 1126">
    <p class='ocr_par' dir='ltr' id='par_1_36' title="bbox 135 1084 939 1126">
     <span class='ocr_line' id='line_1_36' title="bbox 135 1084 939 1126; baseline -0.01 -8"><span class='ocrx_word' id='word_1_260' title='bbox 135 1091 261 1126; x_wconf 81' lang='lat' dir='ltr'><strong>appellat,</strong></span> <span class='ocrx_word' id='word_1_261' title='bbox 276 1088 355 1116; x_wconf 88' lang='lat' dir='ltr'><strong>tnodo</strong></span> <span class='ocrx_word' id='word_1_262' title='bbox 369 1086 497 1122; x_wconf 82' lang='lat' dir='ltr'><strong>Spiritum</strong></span> <span class='ocrx_word' id='word_1_263' title='bbox 509 1086 620 1112; x_wconf 79' lang='lat' dir='ltr'><strong>veritatis</strong></span> <span class='ocrx_word' id='word_1_264' title='bbox 634 1092 694 1112; x_wconf 86' lang='lat' dir='ltr'><strong>esse</strong></span> <span class='ocrx_word' id='word_1_265' title='bbox 710 1084 880 1119; x_wconf 88' lang='lat' dir='ltr'><strong>pronuntiat;</strong></span> <span class='ocrx_word' id='word_1_266' title='bbox 893 1084 939 1119; x_wconf 91' lang='lat' dir='ltr'><strong>qui</strong></span> 
     </span>
    </p>
   </div>
   <div class='ocr_carea' id='block_1_37' title="bbox 135 1131 939 1168">
    <p class='ocr_par' dir='ltr' id='par_1_37' title="bbox 135 1131 939 1168">
     <span class='ocr_line' id='line_1_37' title="bbox 135 1131 939 1168; baseline -0.009 -4"><span class='ocrx_word' id='word_1_267' title='bbox 135 1145 190 1164; x_wconf 90' lang='lat' dir='ltr'><strong>non</strong></span> <span class='ocrx_word' id='word_1_268' title='bbox 201 1142 242 1163; x_wconf 88' lang='lat' dir='ltr'><strong>est</strong></span> <span class='ocrx_word' id='word_1_269' title='bbox 256 1135 280 1162; x_wconf 91' lang='lat' dir='ltr'><strong>in</strong></span> <span class='ocrx_word' id='word_1_270' title='bbox 296 1133 442 1168; x_wconf 77' lang='lat' dir='ltr'><strong>Evangelio</strong></span> <span class='ocrx_word' id='word_1_271' title='bbox 457 1140 552 1163; x_wconf 87' lang='lat' dir='ltr'><strong>novus,</strong></span> <span class='ocrx_word' id='word_1_272' title='bbox 568 1131 615 1158; x_wconf 87' lang='lat' dir='ltr'><strong>sed</strong></span> <span class='ocrx_word' id='word_1_273' title='bbox 628 1139 676 1158; x_wconf 93' lang='lat' dir='ltr'><strong>nec</strong></span> <span class='ocrx_word' id='word_1_274' title='bbox 686 1139 754 1158; x_wconf 88' lang='lat' dir='ltr'><strong>nove</strong></span> <span class='ocrx_word' id='word_1_275' title='bbox 767 1131 845 1158; x_wconf 81' lang='lat' dir='ltr'><strong>datus</strong></span> <span class='ocrx_word' id='word_1_276' title='bbox 858 1139 864 1157; x_wconf 86' lang='lat'>:</span> <span class='ocrx_word' id='word_1_277' title='bbox 878 1139 939 1157; x_wconf 88' lang='lat' dir='ltr'><strong>nam</strong></span> 
     </span>
    </p>
   </div>
   <div class='ocr_carea' id='block_1_38' title="bbox 135 1177 941 1218">
    <p class='ocr_par' dir='ltr' id='par_1_38' title="bbox 135 1177 941 1218">
     <span class='ocr_line' id='line_1_38' title="bbox 135 1177 941 1218; baseline -0.009 -7"><span class='ocrx_word' id='word_1_278' title='bbox 135 1184 178 1211; x_wconf 85' lang='lat' dir='ltr'><strong>hic</strong></span> <span class='ocrx_word' id='word_1_279' title='bbox 188 1184 244 1218; x_wconf 86' lang='lat' dir='ltr'><strong>ipse</strong></span> <span class='ocrx_word' id='word_1_280' title='bbox 260 1187 288 1210; x_wconf 88' lang='lat' dir='ltr'><strong>et</strong></span> <span class='ocrx_word' id='word_1_281' title='bbox 302 1182 326 1209; x_wconf 92' lang='lat' dir='ltr'><strong>in</strong></span> <span class='ocrx_word' id='word_1_282' title='bbox 339 1180 481 1215; x_wconf 84' lang='lat' dir='ltr'><strong>Prophetis</strong></span> <span class='ocrx_word' id='word_1_283' title='bbox 493 1179 619 1214; x_wconf 88' lang='lat' dir='ltr'><strong>populum</strong></span> <span class='ocrx_word' id='word_1_284' title='bbox 632 1179 776 1208; x_wconf 83' lang='lat' dir='ltr'><strong>accusavit.</strong></span> <span class='ocrx_word' id='word_1_285' title='bbox 787 1183 814 1205; x_wconf 89' lang='lat' dir='ltr'><strong>et</strong></span> <span class='ocrx_word' id='word_1_286' title='bbox 826 1178 851 1204; x_wconf 89' lang='lat' dir='ltr'><strong>in</strong></span> <span class='ocrx_word' id='word_1_287' title='bbox 866 1177 941 1212; x_wconf 85' lang='lat' dir='ltr'><strong>Apo-</strong></span> 
     </span>
    </p>
   </div>
   <div class='ocr_carea' id='block_1_39' title="bbox 134 1224 941 1263">
    <p class='ocr_par' dir='ltr' id='par_1_39' title="bbox 134 1224 941 1263">
     <span class='ocr_line' id='line_1_39' title="bbox 134 1224 941 1263; baseline -0.007 -7"><span class='ocrx_word' id='word_1_288' title='bbox 134 1227 421 1256; x_wconf 80' lang='lat' dir='ltr'><strong>stolisadvocationem</strong></span> <span class='ocrx_word' id='word_1_289' title='bbox 429 1225 558 1253; x_wconf 76' lang='lat' dir='ltr'><strong>Gentibus</strong></span> <span class='ocrx_word' id='word_1_290' title='bbox 569 1224 772 1260; x_wconf 69' lang='lat' dir='ltr'><strong>pratstitit.Nam</strong></span> <span class='ocrx_word' id='word_1_291' title='bbox 784 1224 820 1251; x_wconf 89' lang='lat' dir='ltr'><strong>illi</strong></span> <span class='ocrx_word' id='word_1_292' title='bbox 830 1228 941 1263; x_wconf 77' lang='lat' dir='ltr'><strong>utaccu-</strong></span> 
     </span>
    </p>
   </div>
   <div class='ocr_carea' id='block_1_40' title="bbox 136 1271 940 1307">
    <p class='ocr_par' dir='ltr' id='par_1_40' title="bbox 136 1271 940 1307">
     <span class='ocr_line' id='line_1_40' title="bbox 136 1271 940 1307; baseline -0.006 -5"><span class='ocrx_word' id='word_1_293' title='bbox 136 1279 261 1302; x_wconf 84' lang='lat' dir='ltr'><strong>sarcntur</strong></span> <span class='ocrx_word' id='word_1_294' title='bbox 276 1274 457 1306; x_wconf 78' lang='lat' dir='ltr'><strong>merebantur,</strong></span> <span class='ocrx_word' id='word_1_295' title='bbox 474 1272 535 1307; x_wconf 90' lang='lat' dir='ltr'><strong>quia</strong></span> <span class='ocrx_word' id='word_1_296' title='bbox 550 1277 769 1306; x_wconf 82' lang='lat' dir='ltr'><strong>contempserant</strong></span> <span class='ocrx_word' id='word_1_297' title='bbox 781 1271 880 1305; x_wconf 72' lang='lat' dir='ltr'><strong>Legem</strong></span> <span class='ocrx_word' id='word_1_298' title='bbox 893 1279 899 1297; x_wconf 72' lang='grc' dir='ltr'>ε</span> <span class='ocrx_word' id='word_1_299' title='bbox 913 1275 940 1297; x_wconf 88' lang='lat' dir='ltr'><strong>et</strong></span> 
     </span>
    </p>
   </div>
   <div class='ocr_carea' id='block_1_41' title="bbox 136 1317 939 1357">
    <p class='ocr_par' dir='ltr' id='par_1_41' title="bbox 136 1317 939 1357">
     <span class='ocr_line' id='line_1_41' title="bbox 136 1317 939 1357; baseline -0.006 -9"><span class='ocrx_word' id='word_1_300' title='bbox 136 1321 181 1357; x_wconf 87' lang='lat' dir='ltr'><strong>qui</strong></span> <span class='ocrx_word' id='word_1_301' title='bbox 196 1329 227 1348; x_wconf 80' lang='lat' dir='ltr'><strong>ex</strong></span> <span class='ocrx_word' id='word_1_302' title='bbox 242 1319 373 1348; x_wconf 84' lang='lat' dir='ltr'><strong>Gentibus</strong></span> <span class='ocrx_word' id='word_1_303' title='bbox 388 1319 512 1351; x_wconf 88' lang='lat' dir='ltr'><strong>credunt,</strong></span> <span class='ocrx_word' id='word_1_304' title='bbox 528 1323 554 1345; x_wconf 90' lang='lat' dir='ltr'><strong>ut</strong></span> <span class='ocrx_word' id='word_1_305' title='bbox 570 1318 719 1353; x_wconf 87' lang='lat' dir='ltr'><strong>patrocinio</strong></span> <span class='ocrx_word' id='word_1_306' title='bbox 732 1318 847 1352; x_wconf 89' lang='lat' dir='ltr'><strong>Spiritus</strong></span> <span class='ocrx_word' id='word_1_307' title='bbox 861 1317 923 1352; x_wconf 89' lang='lat' dir='ltr'><strong>adju</strong></span> <span class='ocrx_word' id='word_1_308' title='bbox 933 1333 939 1337; x_wconf 69' lang='grc' dir='ltr'><strong>ι</strong></span> 
     </span>
    </p>
   </div>
   <div class='ocr_carea' id='block_1_42' title="bbox 139 1364 941 1400">
    <p class='ocr_par' dir='ltr' id='par_1_42' title="bbox 139 1364 941 1400">
     <span class='ocr_line' id='line_1_42' title="bbox 139 1364 941 1400; baseline -0.002 -7"><span class='ocrx_word' id='word_1_309' title='bbox 139 1373 237 1395; x_wconf 76' lang='lat' dir='ltr'><strong>ventur</strong></span> <span class='ocrx_word' id='word_1_310' title='bbox 261 1371 409 1399; x_wconf 83' lang='lat' dir='ltr'><strong>merentur,</strong></span> <span class='ocrx_word' id='word_1_311' title='bbox 437 1366 497 1400; x_wconf 87' lang='lat' dir='ltr'><strong>quia</strong></span> <span class='ocrx_word' id='word_1_312' title='bbox 522 1365 555 1392; x_wconf 92' lang='lat' dir='ltr'><strong>ad</strong></span> <span class='ocrx_word' id='word_1_313' title='bbox 582 1365 773 1399; x_wconf 81' lang='lat' dir='ltr'><strong>Evangelicam</strong></span> <span class='ocrx_word' id='word_1_314' title='bbox 796 1364 941 1399; x_wconf 81' lang='lat' dir='ltr'><strong>pervenire</strong></span> 
     </span>
    </p>
   </div>
   <div class='ocr_carea' id='block_1_43' title="bbox 136 1410 940 1448">
    <p class='ocr_par' dir='ltr' id='par_1_43' title="bbox 136 1410 940 1448">
     <span class='ocr_line' id='line_1_43' title="bbox 136 1410 940 1448; baseline -0.005 -7"><span class='ocrx_word' id='word_1_315' title='bbox 136 1415 253 1448; x_wconf 62' lang='lat' dir='ltr'><strong>gestiunt</strong></span> <span class='ocrx_word' id='word_1_316' title='bbox 267 1414 363 1448; x_wconf 74' lang='lat' dir='ltr'><strong>legem.</strong></span> <span class='ocrx_word' id='word_1_317' title='bbox 379 1412 530 1440; x_wconf 85' lang='lat' dir='ltr'><strong>Dill‘ercntia</strong></span> <span class='ocrx_word' id='word_1_318' title='bbox 546 1420 610 1439; x_wconf 84' lang='lat' dir='ltr'><strong>sane</strong></span> <span class='ocrx_word' id='word_1_319' title='bbox 625 1412 650 1438; x_wconf 93' lang='lat' dir='ltr'><strong>in</strong></span> <span class='ocrx_word' id='word_1_320' title='bbox 664 1411 710 1438; x_wconf 89' lang='lat' dir='ltr'><strong>illo</strong></span> <span class='ocrx_word' id='word_1_321' title='bbox 725 1419 823 1446; x_wconf 80' lang='lat' dir='ltr'><strong>genera</strong></span> <span class='ocrx_word' id='word_1_322' title='bbox 838 1410 940 1438; x_wconf 91' lang='lat' dir='ltr'><strong>oflicio-</strong></span> 
     </span>
    </p>
   </div>
   <div class='ocr_carea' id='block_1_44' title="bbox 136 1457 938 1494">
    <p class='ocr_par' dir='ltr' id='par_1_44' title="bbox 136 1457 938 1494">
     <span class='ocr_line' id='line_1_44' title="bbox 136 1457 938 1494; baseline -0.006 -6"><span class='ocrx_word' id='word_1_323' title='bbox 136 1469 195 1488; x_wconf 92' lang='lat' dir='ltr'><strong>rum</strong></span> <span class='ocrx_word' id='word_1_324' title='bbox 208 1460 347 1494; x_wconf 85' lang='lat' dir='ltr'><strong>:quoniam</strong></span> <span class='ocrx_word' id='word_1_325' title='bbox 360 1459 385 1487; x_wconf 91' lang='lat' dir='ltr'><strong>in</strong></span> <span class='ocrx_word' id='word_1_326' title='bbox 394 1458 558 1493; x_wconf 83' lang='lat' dir='ltr'><strong>temporibus</strong></span> <span class='ocrx_word' id='word_1_327' title='bbox 567 1457 693 1485; x_wconf 74' lang='lat' dir='ltr'><strong>differens</strong></span> <span class='ocrx_word' id='word_1_328' title='bbox 705 1457 771 1484; x_wconf 90' lang='lat' dir='ltr'><strong>ratio</strong></span> <span class='ocrx_word' id='word_1_329' title='bbox 780 1464 938 1484; x_wconf 85' lang='lat' dir='ltr'><strong>causarum:</strong></span> 
     </span>
    </p>
   </div>
   <div class='ocr_carea' id='block_1_45' title="bbox 138 1503 939 1540">
    <p class='ocr_par' dir='ltr' id='par_1_45' title="bbox 138 1503 939 1540">
     <span class='ocr_line' id='line_1_45' title="bbox 138 1503 939 1540; baseline -0.007 -5"><span class='ocrx_word' id='word_1_330' title='bbox 138 1515 189 1535; x_wconf 88' lang='lat' dir='ltr'><strong>nec</strong></span> <span class='ocrx_word' id='word_1_331' title='bbox 203 1515 236 1534; x_wconf 78' lang='lat' dir='ltr'><strong>ex</strong></span> <span class='ocrx_word' id='word_1_332' title='bbox 251 1507 301 1534; x_wconf 88' lang='lat' dir='ltr'><strong>hoc</strong></span> <span class='ocrx_word' id='word_1_333' title='bbox 316 1511 402 1532; x_wconf 87' lang='lat' dir='ltr'><strong>tatnen</strong></span> <span class='ocrx_word' id='word_1_334' title='bbox 418 1505 476 1540; x_wconf 88' lang='lat' dir='ltr'><strong>ipse</strong></span> <span class='ocrx_word' id='word_1_335' title='bbox 499 1505 507 1519; x_wconf 76' lang='grc' dir='ltr'>ί</span> <span class='ocrx_word' id='word_1_336' title='bbox 533 1504 666 1535; x_wconf 79' lang='lat' dir='ltr'><strong>diversus,</strong></span> <span class='ocrx_word' id='word_1_337' title='bbox 681 1503 726 1538; x_wconf 89' lang='lat' dir='ltr'><strong>qui</strong></span> <span class='ocrx_word' id='word_1_338' title='bbox 741 1503 799 1530; x_wconf 72' lang='lat' dir='ltr'><strong>hinc</strong></span> <span class='ocrx_word' id='word_1_339' title='bbox 811 1503 849 1530; x_wconf 88' lang='lat' dir='ltr'><strong>sic</strong></span> <span class='ocrx_word' id='word_1_340' title='bbox 861 1503 939 1538; x_wconf 83' lang='lat' dir='ltr'><strong>gerit;</strong></span> 
     </span>
    </p>
   </div>
   <div class='ocr_carea' id='block_1_46' title="bbox 136 1549 938 1585">
    <p class='ocr_par' dir='ltr' id='par_1_46' title="bbox 136 1549 938 1585">
     <span class='ocr_line' id='line_1_46' title="bbox 136 1549 938 1585; baseline -0.005 -4"><span class='ocrx_word' id='word_1_341' title='bbox 136 1561 187 1581; x_wconf 81' lang='lat' dir='ltr'><strong>nec</strong></span> <span class='ocrx_word' id='word_1_342' title='bbox 200 1553 268 1580; x_wconf 82' lang='lat' dir='ltr'><strong>alter</strong></span> <span class='ocrx_word' id='word_1_343' title='bbox 282 1557 333 1585; x_wconf 88' lang='lat' dir='ltr'><strong>est,</strong></span> <span class='ocrx_word' id='word_1_344' title='bbox 351 1551 413 1579; x_wconf 92' lang='lat' dir='ltr'><strong>dum</strong></span> <span class='ocrx_word' id='word_1_345' title='bbox 430 1551 468 1578; x_wconf 88' lang='lat' dir='ltr'><strong>sic</strong></span> <span class='ocrx_word' id='word_1_346' title='bbox 488 1550 540 1585; x_wconf 82' lang='lat' dir='ltr'><strong>agit</strong></span> <span class='ocrx_word' id='word_1_347' title='bbox 555 1559 560 1576; x_wconf 90' lang='lat'>:</span> <span class='ocrx_word' id='word_1_348' title='bbox 575 1549 623 1576; x_wconf 78' lang='lat' dir='ltr'><strong>sed</strong></span> <span class='ocrx_word' id='word_1_349' title='bbox 639 1557 708 1576; x_wconf 87' lang='lat' dir='ltr'><strong>unus</strong></span> <span class='ocrx_word' id='word_1_350' title='bbox 722 1554 801 1584; x_wconf 89' lang='lat' dir='ltr'><strong>atque</strong></span> <span class='ocrx_word' id='word_1_351' title='bbox 815 1550 871 1583; x_wconf 88' lang='lat' dir='ltr'><strong>ipse</strong></span> <span class='ocrx_word' id='word_1_352' title='bbox 887 1555 938 1582; x_wconf 84' lang='lat' dir='ltr'><strong>est,</strong></span> 
     </span>
    </p>
   </div>
   <div class='ocr_carea' id='block_1_47' title="bbox 991 947 1777 982">
    <p class='ocr_par' dir='ltr' id='par_1_47' title="bbox 991 947 1777 982">
     <span class='ocr_line' id='line_1_47' title="bbox 991 947 1777 982; baseline 0.001 -8"><span class='ocrx_word' id='word_1_353' title='bbox 991 947 1089 974; x_wconf 88' lang='lat' dir='ltr'><strong>ritnmn</strong></span> <span class='ocrx_word' id='word_1_354' title='bbox 1115 947 1239 982; x_wconf 81' lang='lat' dir='ltr'><strong>porrigit,</strong></span> <span class='ocrx_word' id='word_1_355' title='bbox 1260 948 1468 982; x_wconf 71' lang='lat' dir='ltr'><strong>gubernationes</strong></span> <span class='ocrx_word' id='word_1_356' title='bbox 1490 948 1652 981; x_wconf 84' lang='lat' dir='ltr'><strong>contribuit,</strong></span> <span class='ocrx_word' id='word_1_357' title='bbox 1675 948 1777 976; x_wconf 89' lang='lat' dir='ltr'><strong>consilia</strong></span> 
     </span>
    </p>
   </div>
   <div class='ocr_carea' id='block_1_48' title="bbox 991 994 1782 1029">
    <p class='ocr_par' dir='ltr' id='par_1_48' title="bbox 991 994 1782 1029">
     <span class='ocr_line' id='line_1_48' title="bbox 991 994 1782 1029; baseline 0.001 -8"><span class='ocrx_word' id='word_1_358' title='bbox 991 994 1117 1028; x_wconf 59' lang='lat' dir='ltr'><strong>suggerit,</strong></span> <span class='ocrx_word' id='word_1_359' title='bbox 1130 1001 1243 1029; x_wconf 67' lang='lat' dir='ltr'><strong>quicque</strong></span> <span class='ocrx_word' id='word_1_360' title='bbox 1257 994 1307 1020; x_wconf 93' lang='lat' dir='ltr'><strong>alia</strong></span> <span class='ocrx_word' id='word_1_361' title='bbox 1321 999 1385 1021; x_wconf 91' lang='lat' dir='ltr'><strong>sunt</strong></span> <span class='ocrx_word' id='word_1_362' title='bbox 1394 994 1587 1021; x_wconf 89' lang='lat' dir='ltr'><strong>charismatum</strong></span> <span class='ocrx_word' id='word_1_363' title='bbox 1601 995 1666 1021; x_wconf 91' lang='lat' dir='ltr'><strong>dona</strong></span> <span class='ocrx_word' id='word_1_364' title='bbox 1682 1002 1782 1029; x_wconf 83' lang='lat' dir='ltr'><strong>compo—</strong></span> 
     </span>
    </p>
   </div>
   <div class='ocr_carea' id='block_1_49' title="bbox 992 1040 1779 1077">
    <p class='ocr_par' dir='ltr' id='par_1_49' title="bbox 992 1040 1779 1077">
     <span class='ocr_line' id='line_1_49' title="bbox 992 1040 1779 1077; baseline 0 -9"><span class='ocrx_word' id='word_1_365' title='bbox 992 1041 1029 1068; x_wconf 90' lang='lat' dir='ltr'><strong>nit</strong></span> <span class='ocrx_word' id='word_1_366' title='bbox 1044 1046 1070 1068; x_wconf 89' lang='lat' dir='ltr'><strong>et</strong></span> <span class='ocrx_word' id='word_1_367' title='bbox 1082 1040 1197 1075; x_wconf 79' lang='lat' dir='ltr'><strong>digerit;</strong></span> <span class='ocrx_word' id='word_1_368' title='bbox 1214 1045 1240 1067; x_wconf 90' lang='lat' dir='ltr'><strong>et</strong></span> <span class='ocrx_word' id='word_1_369' title='bbox 1253 1040 1314 1068; x_wconf 90' lang='lat' dir='ltr'><strong>ideo</strong></span> <span class='ocrx_word' id='word_1_370' title='bbox 1331 1041 1479 1068; x_wconf 84' lang='lat' dir='ltr'><strong>Ecclesiam</strong></span> <span class='ocrx_word' id='word_1_371' title='bbox 1498 1041 1605 1068; x_wconf 90' lang='lat' dir='ltr'><strong>Domini</strong></span> <span class='ocrx_word' id='word_1_372' title='bbox 1620 1041 1735 1077; x_wconf 72' lang='lat' dir='ltr'><strong>undique,</strong></span> <span class='ocrx_word' id='word_1_373' title='bbox 1754 1046 1779 1068; x_wconf 90' lang='lat' dir='ltr'><strong>et</strong></span> 
     </span>
    </p>
   </div>
   <div class='ocr_carea' id='block_1_50' title="bbox 991 1087 1777 1122">
    <p class='ocr_par' dir='ltr' id='par_1_50' title="bbox 991 1087 1777 1122">
     <span class='ocr_line' id='line_1_50' title="bbox 991 1087 1777 1122; baseline 0 -8"><span class='ocrx_word' id='word_1_374' title='bbox 991 1088 1017 1114; x_wconf 93' lang='lat' dir='ltr'><strong>in</strong></span> <span class='ocrx_word' id='word_1_375' title='bbox 1033 1087 1159 1114; x_wconf 88' lang='lat' dir='ltr'><strong>omnibus</strong></span> <span class='ocrx_word' id='word_1_376' title='bbox 1175 1087 1322 1122; x_wconf 84' lang='lat' dir='ltr'><strong>perfectam</strong></span> <span class='ocrx_word' id='word_1_377' title='bbox 1337 1091 1363 1114; x_wconf 92' lang='lat' dir='ltr'><strong>et</strong></span> <span class='ocrx_word' id='word_1_378' title='bbox 1376 1093 1591 1115; x_wconf 83' lang='lat' dir='ltr'><strong>consummatam</strong></span> <span class='ocrx_word' id='word_1_379' title='bbox 1607 1087 1668 1115; x_wconf 73' lang='lat' dir='ltr'><strong>facit.</strong></span> <span class='ocrx_word' id='word_1_380' title='bbox 1681 1087 1728 1114; x_wconf 83' lang='lat' dir='ltr'><strong>Hic</strong></span> <span class='ocrx_word' id='word_1_381' title='bbox 1741 1092 1777 1115; x_wconf 84' lang='lat' dir='ltr'><strong>est</strong></span> 
     </span>
    </p>
   </div>
   <div class='ocr_carea' id='block_1_51' title="bbox 991 1133 1780 1169">
    <p class='ocr_par' dir='ltr' id='par_1_51' title="bbox 991 1133 1780 1169">
     <span class='ocr_line' id='line_1_51' title="bbox 991 1133 1780 1169; baseline 0.001 -9"><span class='ocrx_word' id='word_1_382' title='bbox 991 1134 1036 1168; x_wconf 90' lang='lat' dir='ltr'><strong>qui</strong></span> <span class='ocrx_word' id='word_1_383' title='bbox 1052 1134 1077 1160; x_wconf 88' lang='lat' dir='ltr'><strong>in</strong></span> <span class='ocrx_word' id='word_1_384' title='bbox 1093 1133 1202 1160; x_wconf 91' lang='lat' dir='ltr'><strong>modum</strong></span> <span class='ocrx_word' id='word_1_385' title='bbox 1216 1133 1360 1166; x_wconf 61' lang='lat' dir='ltr'><strong>columbas,</strong></span> <span class='ocrx_word' id='word_1_386' title='bbox 1377 1138 1552 1169; x_wconf 84' lang='lat' dir='ltr'><strong>posteaquam</strong></span> <span class='ocrx_word' id='word_1_387' title='bbox 1568 1134 1689 1161; x_wconf 87' lang='lat' dir='ltr'><strong>Dominus</strong></span> <span class='ocrx_word' id='word_1_388' title='bbox 1698 1134 1780 1169; x_wconf 86' lang='lat' dir='ltr'><strong>bapti-</strong></span> 
     </span>
    </p>
   </div>
   <div class='ocr_carea' id='block_1_52' title="bbox 991 1179 1779 1215">
    <p class='ocr_par' dir='ltr' id='par_1_52' title="bbox 991 1179 1779 1215">
     <span class='ocr_line' id='line_1_52' title="bbox 991 1179 1779 1215; baseline 0.001 -9"><span class='ocrx_word' id='word_1_389' title='bbox 991 1184 1067 1206; x_wconf 84' lang='lat' dir='ltr'><strong>zatus</strong></span> <span class='ocrx_word' id='word_1_390' title='bbox 1081 1183 1132 1212; x_wconf 87' lang='lat' dir='ltr'><strong>est,</strong></span> <span class='ocrx_word' id='word_1_391' title='bbox 1149 1186 1231 1213; x_wconf 87' lang='lat' dir='ltr'><strong>super</strong></span> <span class='ocrx_word' id='word_1_392' title='bbox 1245 1186 1305 1206; x_wconf 88' lang='lat' dir='ltr'><strong>eum</strong></span> <span class='ocrx_word' id='word_1_393' title='bbox 1321 1179 1395 1206; x_wconf 86' lang='lat' dir='ltr'><strong>venit</strong></span> <span class='ocrx_word' id='word_1_394' title='bbox 1406 1184 1434 1206; x_wconf 87' lang='lat' dir='ltr'><strong>et</strong></span> <span class='ocrx_word' id='word_1_395' title='bbox 1445 1179 1544 1206; x_wconf 88' lang='lat' dir='ltr'><strong>mansit</strong></span> <span class='ocrx_word' id='word_1_396' title='bbox 1558 1179 1660 1215; x_wconf 75' lang='lat' dir='ltr'><strong>(Matth.</strong></span> <span class='ocrx_word' id='word_1_397' title='bbox 1674 1188 1708 1212; x_wconf 89' lang='grc' dir='ltr'>ιιι,</span> <span class='ocrx_word' id='word_1_398' title='bbox 1730 1179 1779 1214; x_wconf 77' lang='lat' dir='ltr'><strong>lli),</strong></span> 
     </span>
    </p>
   </div>
   <div class='ocr_carea' id='block_1_53' title="bbox 992 1224 1780 1261">
    <p class='ocr_par' dir='ltr' id='par_1_53' title="bbox 992 1224 1780 1261">
     <span class='ocr_line' id='line_1_53' title="bbox 992 1224 1780 1261; baseline 0.003 -10"><span class='ocrx_word' id='word_1_399' title='bbox 992 1224 1115 1252; x_wconf 85' lang='lat' dir='ltr'><strong>habitans</strong></span> <span class='ocrx_word' id='word_1_400' title='bbox 1132 1225 1158 1252; x_wconf 91' lang='lat' dir='ltr'><strong>in</strong></span> <span class='ocrx_word' id='word_1_401' title='bbox 1173 1224 1232 1252; x_wconf 90' lang='lat' dir='ltr'><strong>solo</strong></span> <span class='ocrx_word' id='word_1_402' title='bbox 1242 1224 1349 1251; x_wconf 87' lang='lat' dir='ltr'><strong>Christo</strong></span> <span class='ocrx_word' id='word_1_403' title='bbox 1360 1225 1456 1259; x_wconf 82' lang='lat' dir='ltr'><strong>plenus</strong></span> <span class='ocrx_word' id='word_1_404' title='bbox 1466 1231 1493 1253; x_wconf 90' lang='lat' dir='ltr'><strong>et</strong></span> <span class='ocrx_word' id='word_1_405' title='bbox 1508 1230 1590 1259; x_wconf 82' lang='lat' dir='ltr'><strong>totus,</strong></span> <span class='ocrx_word' id='word_1_406' title='bbox 1606 1233 1652 1253; x_wconf 86' lang='lat' dir='ltr'><strong>nec</strong></span> <span class='ocrx_word' id='word_1_407' title='bbox 1665 1227 1688 1253; x_wconf 93' lang='lat' dir='ltr'><strong>in</strong></span> <span class='ocrx_word' id='word_1_408' title='bbox 1700 1226 1780 1261; x_wconf 82' lang='lat' dir='ltr'><strong>aliqua</strong></span> 
     </span>
    </p>
   </div>
   <div class='ocr_carea' id='block_1_54' title="bbox 991 1271 1779 1306">
    <p class='ocr_par' dir='ltr' id='par_1_54' title="bbox 991 1271 1779 1306">
     <span class='ocr_line' id='line_1_54' title="bbox 991 1271 1779 1306; baseline 0.001 -8"><span class='ocrx_word' id='word_1_409' title='bbox 991 1279 1118 1298; x_wconf 88' lang='lat' dir='ltr'><strong>mensura</strong></span> <span class='ocrx_word' id='word_1_410' title='bbox 1134 1275 1180 1298; x_wconf 88' lang='lat' dir='ltr'><strong>aut</strong></span> <span class='ocrx_word' id='word_1_411' title='bbox 1204 1271 1329 1306; x_wconf 88' lang='lat' dir='ltr'><strong>portione</strong></span> <span class='ocrx_word' id='word_1_412' title='bbox 1356 1272 1512 1303; x_wconf 88' lang='lat' dir='ltr'><strong>mutilatus,</strong></span> <span class='ocrx_word' id='word_1_413' title='bbox 1530 1271 1577 1299; x_wconf 89' lang='lat' dir='ltr'><strong>sed</strong></span> <span class='ocrx_word' id='word_1_414' title='bbox 1591 1279 1650 1299; x_wconf 94' lang='lat' dir='ltr'><strong>cum</strong></span> <span class='ocrx_word' id='word_1_415' title='bbox 1674 1275 1724 1299; x_wconf 87' lang='lat' dir='ltr'><strong>tota</strong></span> <span class='ocrx_word' id='word_1_416' title='bbox 1741 1280 1779 1299; x_wconf 85' lang='lat' dir='ltr'><strong>sua</strong></span> 
     </span>
    </p>
   </div>
   <div class='ocr_carea' id='block_1_55' title="bbox 993 1318 1781 1352">
    <p class='ocr_par' dir='ltr' id='par_1_55' title="bbox 993 1318 1781 1352">
     <span class='ocr_line' id='line_1_55' title="bbox 993 1318 1781 1352; baseline 0.001 -7"><span class='ocrx_word' id='word_1_417' title='bbox 993 1318 1171 1345; x_wconf 85' lang='lat' dir='ltr'><strong>redundantia</strong></span> <span class='ocrx_word' id='word_1_418' title='bbox 1194 1318 1204 1333; x_wconf 86' lang='grc'><em>³</em></span> <span class='ocrx_word' id='word_1_419' title='bbox 1228 1319 1364 1346; x_wconf 88' lang='lat' dir='ltr'><strong>cumulate</strong></span> <span class='ocrx_word' id='word_1_420' title='bbox 1385 1319 1543 1346; x_wconf 85' lang='lat' dir='ltr'><strong>distributus</strong></span> <span class='ocrx_word' id='word_1_421' title='bbox 1557 1324 1585 1347; x_wconf 91' lang='lat' dir='ltr'><strong>et</strong></span> <span class='ocrx_word' id='word_1_422' title='bbox 1597 1320 1705 1352; x_wconf 87' lang='lat' dir='ltr'><strong>missus;</strong></span> <span class='ocrx_word' id='word_1_423' title='bbox 1720 1324 1781 1346; x_wconf 78' lang='lat' dir='ltr'><strong>utex</strong></span> 
     </span>
    </p>
   </div>
   <div class='ocr_carea' id='block_1_56' title="bbox 991 1364 1781 1399">
    <p class='ocr_par' dir='ltr' id='par_1_56' title="bbox 991 1364 1781 1399">
     <span class='ocr_line' id='line_1_56' title="bbox 991 1364 1781 1399; baseline 0.001 -8"><span class='ocrx_word' id='word_1_424' title='bbox 991 1364 1037 1391; x_wconf 93' lang='lat' dir='ltr'><strong>illo</strong></span> <span class='ocrx_word' id='word_1_425' title='bbox 1051 1364 1243 1392; x_wconf 87' lang='lat' dir='ltr'><strong>delibationem</strong></span> <span class='ocrx_word' id='word_1_426' title='bbox 1265 1365 1409 1399; x_wconf 88' lang='lat' dir='ltr'><strong>quamdam</strong></span> <span class='ocrx_word' id='word_1_427' title='bbox 1425 1365 1572 1399; x_wconf 78' lang='lat' dir='ltr'><strong>gratiarum</strong></span> <span class='ocrx_word' id='word_1_428' title='bbox 1588 1365 1675 1393; x_wconf 66' lang='lat' dir='ltr'><strong>ueteri</strong></span> <span class='ocrx_word' id='word_1_429' title='bbox 1693 1372 1781 1393; x_wconf 78' lang='lat' dir='ltr'><strong>conse-</strong></span> 
     </span>
    </p>
   </div>
   <div class='ocr_carea' id='block_1_57' title="bbox 992 1411 1783 1446">
    <p class='ocr_par' dir='ltr' id='par_1_57' title="bbox 992 1411 1783 1446">
     <span class='ocr_line' id='line_1_57' title="bbox 992 1411 1783 1446; baseline 0.004 -9"><span class='ocrx_word' id='word_1_430' title='bbox 992 1411 1035 1446; x_wconf 91' lang='lat' dir='ltr'><strong>qui</strong></span> <span class='ocrx_word' id='word_1_431' title='bbox 1060 1412 1178 1446; x_wconf 80' lang='lat' dir='ltr'><strong>possint;</strong></span> <span class='ocrx_word' id='word_1_432' title='bbox 1202 1411 1283 1438; x_wconf 88' lang='lat' dir='ltr'><strong>totius</strong></span> <span class='ocrx_word' id='word_1_433' title='bbox 1303 1411 1389 1438; x_wconf 89' lang='lat' dir='ltr'><strong>sancti</strong></span> <span class='ocrx_word' id='word_1_434' title='bbox 1412 1411 1529 1446; x_wconf 90' lang='lat' dir='ltr'><strong>Spiritus</strong></span> <span class='ocrx_word' id='word_1_435' title='bbox 1549 1412 1576 1439; x_wconf 88' lang='lat' dir='ltr'><strong>in</strong></span> <span class='ocrx_word' id='word_1_436' title='bbox 1594 1412 1696 1440; x_wconf 86' lang='lat' dir='ltr'><strong>ChriSto</strong></span> <span class='ocrx_word' id='word_1_437' title='bbox 1718 1412 1783 1440; x_wconf 77' lang='lat' dir='ltr'><strong>fut-te</strong></span> 
     </span>
    </p>
   </div>
   <div class='ocr_carea' id='block_1_58' title="bbox 992 1457 1778 1494">
    <p class='ocr_par' dir='ltr' id='par_1_58' title="bbox 992 1457 1778 1494">
     <span class='ocr_line' id='line_1_58' title="bbox 992 1457 1778 1494; baseline 0.004 -11"><span class='ocrx_word' id='word_1_438' title='bbox 992 1462 1147 1485; x_wconf 87' lang='lat' dir='ltr'><strong>remanente</strong></span> <span class='ocrx_word' id='word_1_439' title='bbox 1158 1479 1165 1490; x_wconf 92' lang='lat'><strong>,</strong></span> <span class='ocrx_word' id='word_1_440' title='bbox 1182 1462 1211 1484; x_wconf 93' lang='lat' dir='ltr'><strong>ut</strong></span> <span class='ocrx_word' id='word_1_441' title='bbox 1223 1465 1256 1485; x_wconf 76' lang='lat' dir='ltr'><strong>ex</strong></span> <span class='ocrx_word' id='word_1_442' title='bbox 1276 1457 1322 1484; x_wconf 87' lang='lat' dir='ltr'><strong>illo</strong></span> <span class='ocrx_word' id='word_1_443' title='bbox 1342 1457 1475 1485; x_wconf 87' lang='lat' dir='ltr'><strong>donorum</strong></span> <span class='ocrx_word' id='word_1_444' title='bbox 1493 1463 1573 1494; x_wconf 88' lang='lat' dir='ltr'><strong>atque</strong></span> <span class='ocrx_word' id='word_1_445' title='bbox 1590 1466 1696 1493; x_wconf 87' lang='lat' dir='ltr'><strong>operum</strong></span> <span class='ocrx_word' id='word_1_446' title='bbox 1709 1466 1778 1486; x_wconf 68' lang='lat' dir='ltr'><strong>vena:</strong></span> 
     </span>
    </p>
   </div>
   <div class='ocr_carea' id='block_1_59' title="bbox 991 1503 1779 1539">
    <p class='ocr_par' dir='ltr' id='par_1_59' title="bbox 991 1503 1779 1539">
     <span class='ocr_line' id='line_1_59' title="bbox 991 1503 1779 1539; baseline 0.004 -8"><span class='ocrx_word' id='word_1_447' title='bbox 991 1503 1165 1537; x_wconf 84' lang='lat' dir='ltr'><strong>ducerentur,</strong></span> <span class='ocrx_word' id='word_1_448' title='bbox 1182 1504 1283 1539; x_wconf 87' lang='lat' dir='ltr'><strong>Spiritu</strong></span> <span class='ocrx_word' id='word_1_449' title='bbox 1302 1510 1396 1533; x_wconf 88' lang='lat' dir='ltr'><strong>sancto</strong></span> <span class='ocrx_word' id='word_1_450' title='bbox 1411 1505 1439 1533; x_wconf 87' lang='lat' dir='ltr'><strong>in</strong></span> <span class='ocrx_word' id='word_1_451' title='bbox 1460 1504 1570 1533; x_wconf 83' lang='lat' dir='ltr'><strong>Christo</strong></span> <span class='ocrx_word' id='word_1_452' title='bbox 1591 1506 1723 1534; x_wconf 82' lang='lat' dir='ltr'><strong>afﬂuenter</strong></span> <span class='ocrx_word' id='word_1_453' title='bbox 1732 1506 1779 1534; x_wconf 81' lang='lat' dir='ltr'><strong>ha-</strong></span> 
     </span>
    </p>
   </div>
   <div class='ocr_carea' id='block_1_60' title="bbox 992 1551 1775 1588">
    <p class='ocr_par' dir='ltr' id='par_1_60' title="bbox 992 1551 1775 1588">
     <span class='ocr_line' id='line_1_60' title="bbox 992 1551 1775 1588; baseline 0.004 -10"><span class='ocrx_word' id='word_1_454' title='bbox 992 1551 1104 1579; x_wconf 87' lang='lat' dir='ltr'><strong>bitante.</strong></span> <span class='ocrx_word' id='word_1_455' title='bbox 1122 1552 1179 1580; x_wconf 83' lang='lat' dir='ltr'><strong>Hoc</strong></span> <span class='ocrx_word' id='word_1_456' title='bbox 1193 1553 1293 1580; x_wconf 89' lang='lat' dir='ltr'><strong>etenim</strong></span> <span class='ocrx_word' id='word_1_457' title='bbox 1312 1552 1369 1588; x_wconf 86' lang='lat' dir='ltr'><strong>jam</strong></span> <span class='ocrx_word' id='word_1_458' title='bbox 1396 1552 1562 1588; x_wconf 87' lang='lat' dir='ltr'><strong>prophetans</strong></span> <span class='ocrx_word' id='word_1_459' title='bbox 1587 1553 1667 1581; x_wconf 85' lang='lat' dir='ltr'><strong>Isaias</strong></span> <span class='ocrx_word' id='word_1_460' title='bbox 1687 1554 1775 1581; x_wconf 81' lang='lat' dir='ltr'><strong>aiebat:</strong></span> 
     </span>
    </p>
   </div>
   <div class='ocr_carea' id='block_1_61' title="bbox 137 1596 1778 1636">
    <p class='ocr_par' dir='ltr' id='par_1_61' title="bbox 137 1596 1778 1636">
     <span class='ocr_line' id='line_1_61' title="bbox 137 1596 1778 1636; baseline 0.001 -9"><span class='ocrx_word' id='word_1_461' title='bbox 137 1600 259 1627; x_wconf 84' lang='lat' dir='ltr'><strong>dividens</strong></span> <span class='ocrx_word' id='word_1_462' title='bbox 270 1598 358 1626; x_wconf 81' lang='lat' dir='ltr'><strong>ofﬁcia</strong></span> <span class='ocrx_word' id='word_1_463' title='bbox 370 1606 417 1625; x_wconf 88' lang='lat' dir='ltr'><strong>sua</strong></span> <span class='ocrx_word' id='word_1_464' title='bbox 431 1605 479 1633; x_wconf 90' lang='lat' dir='ltr'><strong>per</strong></span> <span class='ocrx_word' id='word_1_465' title='bbox 494 1602 625 1631; x_wconf 86' lang='lat' dir='ltr'><strong>tempora,</strong></span> <span class='ocrx_word' id='word_1_466' title='bbox 640 1600 664 1623; x_wconf 91' lang='lat' dir='ltr'><strong>et</strong></span> <span class='ocrx_word' id='word_1_467' title='bbox 680 1603 769 1623; x_wconf 91' lang='lat' dir='ltr'><strong>rerum</strong></span> <span class='ocrx_word' id='word_1_468' title='bbox 784 1596 939 1623; x_wconf 73' lang='lat' dir='ltr'><strong>occasiones</strong></span> <span class='ocrx_word' id='word_1_469' title='bbox 953 1598 974 1628; x_wconf 69' lang='grc' dir='ltr'><strong>(ἶ</strong></span> <span class='ocrx_word' id='word_1_470' title='bbox 993 1598 1026 1625; x_wconf 86' lang='grc' dir='ltr'>Ει</span> <span class='ocrx_word' id='word_1_471' title='bbox 1050 1598 1059 1613; x_wconf 75' lang='grc'>⁸</span> <span class='ocrx_word' id='word_1_472' title='bbox 1086 1600 1234 1635; x_wconf 75' lang='lat' dir='ltr'><strong>requiescet,</strong></span> <span class='ocrx_word' id='word_1_473' title='bbox 1263 1600 1360 1635; x_wconf 88' lang='lat' dir='ltr'><strong>inquit,</strong></span> <span class='ocrx_word' id='word_1_474' title='bbox 1376 1608 1453 1635; x_wconf 77' lang='lat' dir='ltr'><strong>super</strong></span> <span class='ocrx_word' id='word_1_475' title='bbox 1467 1608 1524 1628; x_wconf 88' lang='lat' dir='ltr'><strong>eum</strong></span> <span class='ocrx_word' id='word_1_476' title='bbox 1540 1600 1654 1635; x_wconf 80' lang='lat' dir='ltr'><strong>Spiritus</strong></span> <span class='ocrx_word' id='word_1_477' title='bbox 1665 1601 1778 1636; x_wconf 64' lang='lat' dir='ltr'><strong>rapientia:</strong></span> 
     </span>
    </p>
   </div>
   <div class='ocr_carea' id='block_1_62' title="bbox 138 1642 937 1681">
    <p class='ocr_par' dir='ltr' id='par_1_62' title="bbox 138 1642 937 1681">
     <span class='ocr_line' id='line_1_62' title="bbox 138 1642 937 1681; baseline -0.005 -8"><span class='ocrx_word' id='word_1_478' title='bbox 138 1651 218 1681; x_wconf 86' lang='lat' dir='ltr'><strong>atque</strong></span> <span class='ocrx_word' id='word_1_479' title='bbox 230 1650 374 1673; x_wconf 85' lang='lat' dir='ltr'><strong>momenta.</strong></span> <span class='ocrx_word' id='word_1_480' title='bbox 387 1644 505 1678; x_wconf 86' lang='lat' dir='ltr'><strong>Denique</strong></span> <span class='ocrx_word' id='word_1_481' title='bbox 516 1643 659 1678; x_wconf 81' lang='lat' dir='ltr'><strong>Apostolus</strong></span> <span class='ocrx_word' id='word_1_482' title='bbox 670 1642 768 1670; x_wconf 86' lang='lat' dir='ltr'><strong>Paulus</strong></span> <span class='ocrx_word' id='word_1_483' title='bbox 781 1652 787 1669; x_wconf 92' lang='lat'><strong>:</strong></span> <span class='ocrx_word' id='word_1_484' title='bbox 802 1642 937 1674; x_wconf 80' lang='lat' dir='ltr'><strong>Habentes,</strong></span> 
     </span>
    </p>
   </div>
   <div class='ocr_carea' id='block_1_63' title="bbox 138 1689 940 1728">
    <p class='ocr_par' dir='ltr' id='par_1_63' title="bbox 138 1689 940 1728">
     <span class='ocr_line' id='line_1_63' title="bbox 138 1689 940 1728; baseline -0.006 -8"><span class='ocrx_word' id='word_1_485' title='bbox 138 1693 234 1728; x_wconf 86' lang='lat' dir='ltr'><strong>inquit,</strong></span> <span class='ocrx_word' id='word_1_486' title='bbox 250 1693 364 1720; x_wconf 85' lang='lat' dir='ltr'><strong>eumdem</strong></span> <span class='ocrx_word' id='word_1_487' title='bbox 380 1690 523 1726; x_wconf 86' lang='lat' dir='ltr'><strong>Spiritum,</strong></span> <span class='ocrx_word' id='word_1_488' title='bbox 539 1689 602 1716; x_wconf 83' lang='lat' dir='ltr'><strong>sicut</strong></span> <span class='ocrx_word' id='word_1_489' title='bbox 625 1690 746 1724; x_wconf 83' lang='lat' dir='ltr'><strong>scriptum</strong></span> <span class='ocrx_word' id='word_1_490' title='bbox 771 1694 806 1716; x_wconf 87' lang='lat' dir='ltr'><strong>est</strong></span> <span class='ocrx_word' id='word_1_491' title='bbox 820 1689 940 1716; x_wconf 81' lang='lat' dir='ltr'><strong>:Credidi</strong></span> 
     </span>
    </p>
   </div>
   <div class='ocr_carea' id='block_1_64' title="bbox 140 1737 938 1774">
    <p class='ocr_par' dir='ltr' id='par_1_64' title="bbox 140 1737 938 1774">
     <span class='ocr_line' id='line_1_64' title="bbox 140 1737 938 1774; baseline -0.003 -9"><span class='ocrx_word' id='word_1_492' title='bbox 140 1745 244 1774; x_wconf 79' lang='lat' dir='ltr'><strong>propter</strong></span> <span class='ocrx_word' id='word_1_493' title='bbox 259 1738 326 1773; x_wconf 85' lang='lat' dir='ltr'><strong>quod</strong></span> <span class='ocrx_word' id='word_1_494' title='bbox 342 1738 441 1764; x_wconf 81' lang='lat' dir='ltr'><strong>locutus</strong></span> <span class='ocrx_word' id='word_1_495' title='bbox 452 1745 525 1768; x_wconf 80' lang='lat' dir='ltr'><strong>sntit;</strong></span> <span class='ocrx_word' id='word_1_496' title='bbox 541 1742 562 1763; x_wconf 83' lang='lat' dir='ltr'><strong>et</strong></span> <span class='ocrx_word' id='word_1_497' title='bbox 577 1745 622 1763; x_wconf 83' lang='lat' dir='ltr'><strong>nos</strong></span> <span class='ocrx_word' id='word_1_498' title='bbox 636 1737 772 1767; x_wconf 78' lang='lat' dir='ltr'><strong>credimus,</strong></span> <span class='ocrx_word' id='word_1_499' title='bbox 786 1737 842 1763; x_wconf 82' lang='lat' dir='ltr'><strong>ideo</strong></span> <span class='ocrx_word' id='word_1_500' title='bbox 857 1737 938 1772; x_wconf 87' lang='lat' dir='ltr'><strong>loqui-</strong></span> 
     </span>
    </p>
   </div>
   <div class='ocr_carea' id='block_1_65' title="bbox 140 1782 941 1821">
    <p class='ocr_par' dir='ltr' id='par_1_65' title="bbox 140 1782 941 1821">
     <span class='ocr_line' id='line_1_65' title="bbox 140 1782 941 1821; baseline -0.002 -9"><span class='ocrx_word' id='word_1_501' title='bbox 140 1794 198 1812; x_wconf 87' lang='lat' dir='ltr'><strong>mur</strong></span> <span class='ocrx_word' id='word_1_502' title='bbox 213 1785 246 1821; x_wconf 81' lang='lat' dir='ltr'><strong>(II</strong></span> <span class='ocrx_word' id='word_1_503' title='bbox 262 1785 319 1812; x_wconf 84' lang='lat' dir='ltr'><strong>Cor.</strong></span> <span class='ocrx_word' id='word_1_504' title='bbox 338 1792 377 1815; x_wconf 87' lang='lat' dir='ltr'><strong>iv,</strong></span> <span class='ocrx_word' id='word_1_505' title='bbox 394 1782 449 1818; x_wconf 78' lang='grc'>15).</span> <span class='ocrx_word' id='word_1_506' title='bbox 467 1783 541 1811; x_wconf 84' lang='lat' dir='ltr'><strong>Unus</strong></span> <span class='ocrx_word' id='word_1_507' title='bbox 553 1792 617 1818; x_wconf 79' lang='lat' dir='ltr'><strong>ergo</strong></span> <span class='ocrx_word' id='word_1_508' title='bbox 631 1790 658 1810; x_wconf 86' lang='lat' dir='ltr'><strong>et.</strong></span> <span class='ocrx_word' id='word_1_509' title='bbox 674 1784 742 1811; x_wconf 89' lang='lat' dir='ltr'><strong>ideiu</strong></span> <span class='ocrx_word' id='word_1_510' title='bbox 757 1784 881 1818; x_wconf 80' lang='lat' dir='ltr'><strong>Spiritus,</strong></span> <span class='ocrx_word' id='word_1_511' title='bbox 897 1784 941 1818; x_wconf 91' lang='lat' dir='ltr'><strong>qui</strong></span> 
     </span>
    </p>
   </div>
   <div class='ocr_carea' id='block_1_66' title="bbox 141 1829 941 1864">
    <p class='ocr_par' dir='ltr' id='par_1_66' title="bbox 141 1829 941 1864">
     <span class='ocr_line' id='line_1_66' title="bbox 141 1829 941 1864; baseline -0.003 -6"><span class='ocrx_word' id='word_1_512' title='bbox 141 1832 169 1858; x_wconf 89' lang='lat' dir='ltr'><strong>in</strong></span> <span class='ocrx_word' id='word_1_513' title='bbox 185 1830 324 1864; x_wconf 71' lang='lat' dir='ltr'><strong>l’rophctis</strong></span> <span class='ocrx_word' id='word_1_514' title='bbox 333 1835 359 1856; x_wconf 87' lang='lat' dir='ltr'><strong>et</strong></span> <span class='ocrx_word' id='word_1_515' title='bbox 370 1829 520 1864; x_wconf 81' lang='lat' dir='ltr'><strong>Apostolis;</strong></span> <span class='ocrx_word' id='word_1_516' title='bbox 532 1830 580 1856; x_wconf 76' lang='lat' dir='ltr'><strong>ni~i</strong></span> <span class='ocrx_word' id='word_1_517' title='bbox 592 1830 716 1864; x_wconf 85' lang='lat' dir='ltr'><strong>quoniam</strong></span> <span class='ocrx_word' id='word_1_518' title='bbox 730 1830 765 1856; x_wconf 91' lang='lat' dir='ltr'><strong>ibi</strong></span> <span class='ocrx_word' id='word_1_519' title='bbox 777 1830 808 1856; x_wconf 81' lang='lat' dir='ltr'><strong>ad</strong></span> <span class='ocrx_word' id='word_1_520' title='bbox 822 1838 941 1857; x_wconf 87' lang='lat' dir='ltr'><strong>momen-</strong></span> 
     </span>
    </p>
   </div>
   <div class='ocr_carea' id='block_1_67' title="bbox 141 1876 941 1911">
    <p class='ocr_par' dir='ltr' id='par_1_67' title="bbox 141 1876 941 1911">
     <span class='ocr_line' id='line_1_67' title="bbox 141 1876 941 1911; baseline -0.001 -6"><span class='ocrx_word' id='word_1_521' title='bbox 141 1883 209 1911; x_wconf 86' lang='lat' dir='ltr'><strong>tum,</strong></span> <span class='ocrx_word' id='word_1_522' title='bbox 227 1877 285 1904; x_wconf 89' lang='lat' dir='ltr'><strong>heic</strong></span> <span class='ocrx_word' id='word_1_523' title='bbox 305 1884 421 1911; x_wconf 85' lang='lat' dir='ltr'><strong>semper.</strong></span> <span class='ocrx_word' id='word_1_524' title='bbox 438 1876 570 1904; x_wconf 71' lang='lat' dir='ltr'><strong>Cazterum</strong></span> <span class='ocrx_word' id='word_1_525' title='bbox 595 1876 646 1908; x_wconf 89' lang='lat' dir='ltr'><strong>ibi,</strong></span> <span class='ocrx_word' id='word_1_526' title='bbox 668 1884 721 1903; x_wconf 90' lang='lat' dir='ltr'><strong>non</strong></span> <span class='ocrx_word' id='word_1_527' title='bbox 745 1881 772 1902; x_wconf 91' lang='lat' dir='ltr'><strong>ut</strong></span> <span class='ocrx_word' id='word_1_528' title='bbox 794 1884 901 1911; x_wconf 86' lang='lat' dir='ltr'><strong>semper</strong></span> <span class='ocrx_word' id='word_1_529' title='bbox 916 1877 941 1904; x_wconf 89' lang='lat' dir='ltr'><strong>in</strong></span> 
     </span>
    </p>
   </div>
   <div class='ocr_carea' id='block_1_68' title="bbox 140 1922 943 1958">
    <p class='ocr_par' dir='ltr' id='par_1_68' title="bbox 140 1922 943 1958">
     <span class='ocr_line' id='line_1_68' title="bbox 140 1922 943 1958; baseline 0 -7"><span class='ocrx_word' id='word_1_530' title='bbox 140 1924 193 1951; x_wconf 90' lang='lat' dir='ltr'><strong>illis</strong></span> <span class='ocrx_word' id='word_1_531' title='bbox 209 1924 308 1951; x_wconf 74' lang='lat' dir='ltr'><strong>inesset</strong></span> <span class='ocrx_word' id='word_1_532' title='bbox 322 1933 328 1950; x_wconf 72' lang='grc' dir='ltr'><strong>ι</strong></span> <span class='ocrx_word' id='word_1_533' title='bbox 343 1923 401 1950; x_wconf 90' lang='lat' dir='ltr'><strong>heic</strong></span> <span class='ocrx_word' id='word_1_534' title='bbox 411 1944 418 1955; x_wconf 92' lang='lat'><strong>,</strong></span> <span class='ocrx_word' id='word_1_535' title='bbox 435 1927 463 1950; x_wconf 89' lang='lat' dir='ltr'><strong>ut</strong></span> <span class='ocrx_word' id='word_1_536' title='bbox 476 1923 501 1949; x_wconf 90' lang='lat' dir='ltr'><strong>in</strong></span> <span class='ocrx_word' id='word_1_537' title='bbox 518 1922 570 1950; x_wconf 79' lang='lat' dir='ltr'><strong>illis</strong></span> <span class='ocrx_word' id='word_1_538' title='bbox 590 1930 697 1958; x_wconf 88' lang='lat' dir='ltr'><strong>semper</strong></span> <span class='ocrx_word' id='word_1_539' title='bbox 714 1929 835 1951; x_wconf 85' lang='lat' dir='ltr'><strong>maneret</strong></span> <span class='ocrx_word' id='word_1_540' title='bbox 848 1933 854 1951; x_wconf 91' lang='lat'><strong><em>:</em></strong></span> <span class='ocrx_word' id='word_1_541' title='bbox 867 1929 894 1951; x_wconf 90' lang='lat' dir='ltr'><strong>ct</strong></span> <span class='ocrx_word' id='word_1_542' title='bbox 908 1925 943 1951; x_wconf 90' lang='lat' dir='ltr'><strong>ibi</strong></span> 
     </span>
    </p>
   </div>
   <div class='ocr_carea' id='block_1_69' title="bbox 142 1968 945 2004">
    <p class='ocr_par' dir='ltr' id='par_1_69' title="bbox 142 1968 945 2004">
     <span class='ocr_line' id='line_1_69' title="bbox 142 1968 945 2004; baseline 0.001 -7"><span class='ocrx_word' id='word_1_543' title='bbox 142 1969 313 1998; x_wconf 85' lang='lat' dir='ltr'><strong>mediocriter</strong></span> <span class='ocrx_word' id='word_1_544' title='bbox 327 1969 483 1997; x_wconf 89' lang='lat' dir='ltr'><strong>distributus</strong></span> <span class='ocrx_word' id='word_1_545' title='bbox 496 1990 502 2000; x_wconf 85' lang='lat'><strong>,</strong></span> <span class='ocrx_word' id='word_1_546' title='bbox 517 1968 578 1996; x_wconf 88' lang='lat' dir='ltr'><strong>heic</strong></span> <span class='ocrx_word' id='word_1_547' title='bbox 599 1974 669 1996; x_wconf 90' lang='lat' dir='ltr'><strong>totus</strong></span> <span class='ocrx_word' id='word_1_548' title='bbox 685 1969 785 1997; x_wconf 80' lang='lat' dir='ltr'><strong>effusus</strong></span> <span class='ocrx_word' id='word_1_549' title='bbox 798 1978 804 2002; x_wconf 89' lang='lat'>;</span> <span class='ocrx_word' id='word_1_550' title='bbox 817 1970 851 1997; x_wconf 88' lang='lat' dir='ltr'><strong>ibi</strong></span> <span class='ocrx_word' id='word_1_551' title='bbox 867 1978 945 2004; x_wconf 88' lang='lat' dir='ltr'><strong>parce</strong></span> 
     </span>
    </p>
   </div>
   <div class='ocr_carea' id='block_1_70' title="bbox 143 2016 946 2052">
    <p class='ocr_par' dir='ltr' id='par_1_70' title="bbox 143 2016 946 2052">
     <span class='ocr_line' id='line_1_70' title="bbox 143 2016 946 2052; baseline 0 -8"><span class='ocrx_word' id='word_1_552' title='bbox 143 2016 233 2050; x_wconf 82' lang='lat' dir='ltr'><strong>datus,</strong></span> <span class='ocrx_word' id='word_1_553' title='bbox 248 2016 306 2044; x_wconf 80' lang='lat' dir='ltr'><strong>heic</strong></span> <span class='ocrx_word' id='word_1_554' title='bbox 317 2016 390 2052; x_wconf 82' lang='lat' dir='ltr'><strong>large</strong></span> <span class='ocrx_word' id='word_1_555' title='bbox 402 2017 601 2048; x_wconf 86' lang='lat' dir='ltr'><strong>commodatus;</strong></span> <span class='ocrx_word' id='word_1_556' title='bbox 617 2023 666 2043; x_wconf 91' lang='lat' dir='ltr'><strong>nec</strong></span> <span class='ocrx_word' id='word_1_557' title='bbox 679 2020 767 2043; x_wconf 87' lang='lat' dir='ltr'><strong>tamen</strong></span> <span class='ocrx_word' id='word_1_558' title='bbox 782 2021 843 2044; x_wconf 87' lang='lat' dir='ltr'><strong>ante</strong></span> <span class='ocrx_word' id='word_1_559' title='bbox 856 2024 946 2045; x_wconf 89' lang='lat' dir='ltr'><strong>resur-</strong></span> 
     </span>
    </p>
   </div>
   <div class='ocr_carea' id='block_1_71' title="bbox 146 2063 946 2098">
    <p class='ocr_par' dir='ltr' id='par_1_71' title="bbox 146 2063 946 2098">
     <span class='ocr_line' id='line_1_71' title="bbox 146 2063 946 2098; baseline -0.001 -6"><span class='ocrx_word' id='word_1_560' title='bbox 146 2065 295 2093; x_wconf 87' lang='lat' dir='ltr'><strong>rectionem</strong></span> <span class='ocrx_word' id='word_1_561' title='bbox 310 2064 413 2091; x_wconf 89' lang='lat' dir='ltr'><strong>Domini</strong></span> <span class='ocrx_word' id='word_1_562' title='bbox 428 2063 576 2096; x_wconf 83' lang='lat' dir='ltr'><strong>exhibitus,</strong></span> <span class='ocrx_word' id='word_1_563' title='bbox 592 2063 638 2090; x_wconf 76' lang='lat' dir='ltr'><strong>sed</strong></span> <span class='ocrx_word' id='word_1_564' title='bbox 664 2064 673 2079; x_wconf 74' lang='grc'><em>³</em></span> <span class='ocrx_word' id='word_1_565' title='bbox 697 2069 757 2098; x_wconf 91' lang='lat' dir='ltr'><strong>post</strong></span> <span class='ocrx_word' id='word_1_566' title='bbox 773 2065 946 2091; x_wconf 85' lang='lat' dir='ltr'><strong>resurrectio-</strong></span> 
     </span>
    </p>
   </div>
   <div class='ocr_carea' id='block_1_72' title="bbox 144 2110 946 2146">
    <p class='ocr_par' dir='ltr' id='par_1_72' title="bbox 144 2110 946 2146">
     <span class='ocr_line' id='line_1_72' title="bbox 144 2110 946 2146; baseline -0.001 -7"><span class='ocrx_word' id='word_1_567' title='bbox 144 2120 207 2139; x_wconf 85' lang='lat' dir='ltr'><strong>nem</strong></span> <span class='ocrx_word' id='word_1_568' title='bbox 221 2111 319 2138; x_wconf 87' lang='lat' dir='ltr'><strong>Christi</strong></span> <span class='ocrx_word' id='word_1_569' title='bbox 341 2112 518 2138; x_wconf 89' lang='lat' dir='ltr'><strong>contrilmtus.</strong></span> <span class='ocrx_word' id='word_1_570' title='bbox 545 2110 650 2146; x_wconf 82' lang='lat' dir='ltr'><strong>Rogabo</strong></span> <span class='ocrx_word' id='word_1_571' title='bbox 667 2112 736 2138; x_wconf 88' lang='lat' dir='ltr'><strong>enim</strong></span> <span class='ocrx_word' id='word_1_572' title='bbox 751 2132 758 2143; x_wconf 84' lang='lat'><strong>,</strong></span> <span class='ocrx_word' id='word_1_573' title='bbox 773 2112 876 2144; x_wconf 87' lang='lat' dir='ltr'><strong>aiebat,</strong></span> <span class='ocrx_word' id='word_1_574' title='bbox 893 2111 946 2139; x_wconf 82' lang='lat' dir='ltr'><strong>Pn-</strong></span> 
     </span>
    </p>
   </div>
   <div class='ocr_carea' id='block_1_73' title="bbox 149 2158 948 2190">
    <p class='ocr_par' dir='ltr' id='par_1_73' title="bbox 149 2158 948 2190">
     <span class='ocr_line' id='line_1_73' title="bbox 149 2158 948 2190; baseline 0.003 -5"><span class='ocrx_word' id='word_1_575' title='bbox 149 2164 211 2185; x_wconf 73' lang='lat' dir='ltr'><strong>trcm</strong></span> <span class='ocrx_word' id='word_1_576' title='bbox 227 2164 268 2186; x_wconf 86' lang='lat' dir='ltr'><strong>:et</strong></span> <span class='ocrx_word' id='word_1_577' title='bbox 282 2158 360 2185; x_wconf 82' lang='lat' dir='ltr'><strong>alium</strong></span> <span class='ocrx_word' id='word_1_578' title='bbox 380 2159 531 2185; x_wconf 78' lang='lat' dir='ltr'><strong>advocatum</strong></span> <span class='ocrx_word' id='word_1_579' title='bbox 545 2158 614 2184; x_wconf 81' lang='lat' dir='ltr'><strong>tlubit</strong></span> <span class='ocrx_word' id='word_1_580' title='bbox 629 2158 696 2184; x_wconf 82' lang='lat' dir='ltr'><strong>vobis</strong></span> <span class='ocrx_word' id='word_1_581' title='bbox 710 2179 715 2190; x_wconf 83' lang='lat'><strong>,</strong></span> <span class='ocrx_word' id='word_1_582' title='bbox 733 2163 759 2184; x_wconf 88' lang='lat' dir='ltr'><strong>ut</strong></span> <span class='ocrx_word' id='word_1_583' title='bbox 776 2160 900 2186; x_wconf 81' lang='lat' dir='ltr'><strong>vobiscum</strong></span> <span class='ocrx_word' id='word_1_584' title='bbox 916 2161 948 2187; x_wconf 87' lang='lat' dir='ltr'><strong>sit</strong></span> 
     </span>
    </p>
   </div>
   <div class='ocr_carea' id='block_1_74' title="bbox 147 2204 947 2239">
    <p class='ocr_par' dir='ltr' id='par_1_74' title="bbox 147 2204 947 2239">
     <span class='ocr_line' id='line_1_74' title="bbox 147 2204 947 2239; baseline 0.003 -8"><span class='ocrx_word' id='word_1_585' title='bbox 147 2204 175 2231; x_wconf 81' lang='lat' dir='ltr'><strong>in</strong></span> <span class='ocrx_word' id='word_1_586' title='bbox 186 2210 319 2237; x_wconf 68' lang='lat' dir='ltr'><strong>a’ternum,</strong></span> <span class='ocrx_word' id='word_1_587' title='bbox 332 2204 459 2239; x_wconf 83' lang='lat' dir='ltr'><strong>Spiritum</strong></span> <span class='ocrx_word' id='word_1_588' title='bbox 472 2205 584 2231; x_wconf 84' lang='lat' dir='ltr'><strong>veritatis</strong></span> <span class='ocrx_word' id='word_1_589' title='bbox 598 2204 686 2239; x_wconf 86' lang='lat' dir='ltr'><strong>(.Ioan.</strong></span> <span class='ocrx_word' id='word_1_590' title='bbox 703 2212 757 2237; x_wconf 79' lang='lat' dir='ltr'><strong>xiv,</strong></span> <span class='ocrx_word' id='word_1_591' title='bbox 773 2205 813 2237; x_wconf 70' lang='lat' dir='ltr'><strong>Ili,</strong></span> <span class='ocrx_word' id='word_1_592' title='bbox 830 2205 886 2237; x_wconf 77' lang='grc'>17).</span> <span class='ocrx_word' id='word_1_593' title='bbox 900 2206 947 2233; x_wconf 80' lang='lat' dir='ltr'><strong>Et:</strong></span> 
     </span>
    </p>
   </div>
   <div class='ocr_carea' id='block_1_75' title="bbox 149 2250 951 2285">
    <p class='ocr_par' dir='ltr' id='par_1_75' title="bbox 149 2250 951 2285">
     <span class='ocr_line' id='line_1_75' title="bbox 149 2250 951 2285; baseline 0.001 -8"><span class='ocrx_word' id='word_1_594' title='bbox 149 2251 214 2278; x_wconf 84' lang='lat' dir='ltr'><strong>Cum</strong></span> <span class='ocrx_word' id='word_1_595' title='bbox 228 2251 320 2277; x_wconf 76' lang='lat' dir='ltr'><strong>venerit</strong></span> <span class='ocrx_word' id='word_1_596' title='bbox 333 2250 470 2277; x_wconf 80' lang='lat' dir='ltr'><strong>advocatus</strong></span> <span class='ocrx_word' id='word_1_597' title='bbox 486 2250 539 2283; x_wconf 81' lang='lat' dir='ltr'><strong>ille,</strong></span> <span class='ocrx_word' id='word_1_598' title='bbox 556 2258 629 2285; x_wconf 86' lang='lat' dir='ltr'><strong>quem</strong></span> <span class='ocrx_word' id='word_1_599' title='bbox 644 2258 690 2284; x_wconf 75' lang='lat' dir='ltr'><strong>ego</strong></span> <span class='ocrx_word' id='word_1_600' title='bbox 702 2251 825 2277; x_wconf 79' lang='lat' dir='ltr'><strong>missurus</strong></span> <span class='ocrx_word' id='word_1_601' title='bbox 839 2259 894 2277; x_wconf 85' lang='lat' dir='ltr'><strong>sum</strong></span> <span class='ocrx_word' id='word_1_602' title='bbox 908 2260 951 2278; x_wconf 89' lang='lat' dir='ltr'><strong>vo-</strong></span> 
     </span>
    </p>
   </div>
   <div class='ocr_carea' id='block_1_76' title="bbox 993 1647 1780 1683">
    <p class='ocr_par' dir='ltr' id='par_1_76' title="bbox 993 1647 1780 1683">
     <span class='ocr_line' id='line_1_76' title="bbox 993 1647 1780 1683; baseline 0.003 -10"><span class='ocrx_word' id='word_1_603' title='bbox 993 1651 1016 1673; x_wconf 89' lang='lat' dir='ltr'><strong>et</strong></span> <span class='ocrx_word' id='word_1_604' title='bbox 1027 1647 1181 1679; x_wconf 76' lang='lat' dir='ltr'><strong>intellectus,</strong></span> <span class='ocrx_word' id='word_1_605' title='bbox 1194 1647 1308 1681; x_wconf 72' lang='lat' dir='ltr'><strong>Spiritus</strong></span> <span class='ocrx_word' id='word_1_606' title='bbox 1320 1648 1421 1674; x_wconf 84' lang='lat' dir='ltr'><strong>consilii</strong></span> <span class='ocrx_word' id='word_1_607' title='bbox 1435 1653 1458 1674; x_wconf 83' lang='lat' dir='ltr'><strong>et</strong></span> <span class='ocrx_word' id='word_1_608' title='bbox 1469 1647 1578 1680; x_wconf 81' lang='lat' dir='ltr'><strong>virtutis,</strong></span> <span class='ocrx_word' id='word_1_609' title='bbox 1593 1648 1701 1683; x_wconf 82' lang='lat' dir='ltr'><strong>Spiritus</strong></span> <span class='ocrx_word' id='word_1_610' title='bbox 1712 1648 1780 1675; x_wconf 70' lang='lat' dir='ltr'><strong>scicn-</strong></span> 
     </span>
    </p>
   </div>
   <div class='ocr_carea' id='block_1_77' title="bbox 994 1693 1778 1730">
    <p class='ocr_par' dir='ltr' id='par_1_77' title="bbox 994 1693 1778 1730">
     <span class='ocr_line' id='line_1_77' title="bbox 994 1693 1778 1730; baseline 0.003 -10"><span class='ocrx_word' id='word_1_611' title='bbox 994 1693 1035 1720; x_wconf 72' lang='lat' dir='ltr'><strong>lite</strong></span> <span class='ocrx_word' id='word_1_612' title='bbox 1050 1698 1073 1720; x_wconf 91' lang='lat' dir='ltr'><strong>et</strong></span> <span class='ocrx_word' id='word_1_613' title='bbox 1089 1694 1201 1728; x_wconf 85' lang='lat' dir='ltr'><strong>pietatis,</strong></span> <span class='ocrx_word' id='word_1_614' title='bbox 1225 1698 1248 1720; x_wconf 86' lang='lat' dir='ltr'><strong>et</strong></span> <span class='ocrx_word' id='word_1_615' title='bbox 1270 1694 1383 1729; x_wconf 84' lang='lat' dir='ltr'><strong>implebit</strong></span> <span class='ocrx_word' id='word_1_616' title='bbox 1406 1702 1463 1721; x_wconf 88' lang='lat' dir='ltr'><strong>eum</strong></span> <span class='ocrx_word' id='word_1_617' title='bbox 1489 1695 1605 1730; x_wconf 76' lang='lat' dir='ltr'><strong>Spiritus</strong></span> <span class='ocrx_word' id='word_1_618' title='bbox 1625 1696 1714 1722; x_wconf 71' lang='lat' dir='ltr'><strong>timoris</strong></span> <span class='ocrx_word' id='word_1_619' title='bbox 1736 1694 1778 1721; x_wconf 79' lang='lat' dir='ltr'><strong>Diti</strong></span> 
     </span>
    </p>
   </div>
   <div class='ocr_carea' id='block_1_78' title="bbox 995 1738 1777 1776">
    <p class='ocr_par' dir='ltr' id='par_1_78' title="bbox 995 1738 1777 1776">
     <span class='ocr_line' id='line_1_78' title="bbox 995 1738 1777 1776; baseline 0.003 -10"><span class='ocrx_word' id='word_1_620' title='bbox 995 1738 1069 1775; x_wconf 87' lang='lat' dir='ltr'><strong>(Isa.</strong></span> <span class='ocrx_word' id='word_1_621' title='bbox 1086 1748 1122 1772; x_wconf 78' lang='lat' dir='ltr'><strong>xi,</strong></span> <span class='ocrx_word' id='word_1_622' title='bbox 1139 1740 1166 1772; x_wconf 72' lang='lat'><strong>2,</strong></span> <span class='ocrx_word' id='word_1_623' title='bbox 1179 1740 1218 1775; x_wconf 83' lang='lat'><strong>&#39;5).</strong></span> <span class='ocrx_word' id='word_1_624' title='bbox 1236 1740 1292 1767; x_wconf 90' lang='lat' dir='ltr'><strong>IIoc</strong></span> <span class='ocrx_word' id='word_1_625' title='bbox 1307 1740 1377 1767; x_wconf 90' lang='lat' dir='ltr'><strong>idem</strong></span> <span class='ocrx_word' id='word_1_626' title='bbox 1391 1746 1470 1775; x_wconf 89' lang='lat' dir='ltr'><strong>atque</strong></span> <span class='ocrx_word' id='word_1_627' title='bbox 1485 1741 1573 1776; x_wconf 89' lang='lat' dir='ltr'><strong>ipsum</strong></span> <span class='ocrx_word' id='word_1_628' title='bbox 1589 1742 1677 1769; x_wconf 86' lang='lat' dir='ltr'><strong>etalio</strong></span> <span class='ocrx_word' id='word_1_629' title='bbox 1689 1742 1712 1768; x_wconf 91' lang='lat' dir='ltr'><strong>in</strong></span> <span class='ocrx_word' id='word_1_630' title='bbox 1728 1741 1777 1768; x_wconf 86' lang='lat' dir='ltr'><strong>loco</strong></span> 
     </span>
    </p>
   </div>
   <div class='ocr_carea' id='block_1_79' title="bbox 994 1786 1778 1823">
    <p class='ocr_par' dir='ltr' id='par_1_79' title="bbox 994 1786 1778 1823">
     <span class='ocr_line' id='line_1_79' title="bbox 994 1786 1778 1823; baseline 0 -10"><span class='ocrx_word' id='word_1_631' title='bbox 994 1793 1026 1813; x_wconf 78' lang='lat' dir='ltr'><strong>cx</strong></span> <span class='ocrx_word' id='word_1_632' title='bbox 1043 1793 1156 1820; x_wconf 90' lang='lat' dir='ltr'><strong>persona</strong></span> <span class='ocrx_word' id='word_1_633' title='bbox 1171 1786 1254 1819; x_wconf 79' lang='lat' dir='ltr'><strong>ipsius</strong></span> <span class='ocrx_word' id='word_1_634' title='bbox 1268 1786 1372 1813; x_wconf 91' lang='lat' dir='ltr'><strong>Domini</strong></span> <span class='ocrx_word' id='word_1_635' title='bbox 1386 1795 1392 1813; x_wconf 90' lang='lat'>:</span> <span class='ocrx_word' id='word_1_636' title='bbox 1407 1786 1521 1822; x_wconf 80' lang='lat' dir='ltr'><strong>Spiritus</strong></span> <span class='ocrx_word' id='word_1_637' title='bbox 1538 1787 1642 1815; x_wconf 85' lang='lat' dir='ltr'><strong>Domini</strong></span> <span class='ocrx_word' id='word_1_638' title='bbox 1666 1796 1735 1823; x_wconf 76' lang='lat' dir='ltr'><strong>super</strong></span> <span class='ocrx_word' id='word_1_639' title='bbox 1746 1794 1778 1814; x_wconf 80' lang='lat' dir='ltr'><strong>uie</strong></span> 
     </span>
    </p>
   </div>
   <div class='ocr_carea' id='block_1_80' title="bbox 996 1833 1780 1869">
    <p class='ocr_par' dir='ltr' id='par_1_80' title="bbox 996 1833 1780 1869">
     <span class='ocr_line' id='line_1_80' title="bbox 996 1833 1780 1869; baseline 0.005 -13"><span class='ocrx_word' id='word_1_640' title='bbox 996 1839 1097 1867; x_wconf 77' lang='lat' dir='ltr'><strong>proplt‘t‘</strong></span> <span class='ocrx_word' id='word_1_641' title='bbox 1110 1834 1176 1867; x_wconf 75' lang='lat' dir='ltr'><strong>quod</strong></span> <span class='ocrx_word' id='word_1_642' title='bbox 1194 1834 1263 1859; x_wconf 63' lang='lat' dir='ltr'><strong>unxit</strong></span> <span class='ocrx_word' id='word_1_643' title='bbox 1288 1842 1341 1863; x_wconf 81' lang='lat' dir='ltr'><strong>inc,</strong></span> <span class='ocrx_word' id='word_1_644' title='bbox 1358 1835 1532 1869; x_wconf 64' lang='lat' dir='ltr'><strong>diiunge/imre</strong></span> <span class='ocrx_word' id='word_1_645' title='bbox 1558 1835 1705 1869; x_wconf 78' lang='lat' dir='ltr'><strong>pauperibus</strong></span> <span class='ocrx_word' id='word_1_646' title='bbox 1724 1833 1780 1861; x_wconf 78' lang='lat' dir='ltr'><strong>milii</strong></span> 
     </span>
    </p>
   </div>
   <div class='ocr_carea' id='block_1_81' title="bbox 997 1879 1776 1915">
    <p class='ocr_par' dir='ltr' id='par_1_81' title="bbox 997 1879 1776 1915">
     <span class='ocr_line' id='line_1_81' title="bbox 997 1879 1776 1915; baseline 0.004 -11"><span class='ocrx_word' id='word_1_647' title='bbox 997 1888 1033 1904; x_wconf 64' lang='lat' dir='ltr'><strong>mu</strong></span> <span class='ocrx_word' id='word_1_648' title='bbox 1049 1879 1121 1914; x_wconf 55' lang='lat' dir='ltr'><strong>tlsn.</strong></span> <span class='ocrx_word' id='word_1_649' title='bbox 1141 1888 1195 1911; x_wconf 70' lang='lat' dir='ltr'><strong>uti,</strong></span> <span class='ocrx_word' id='word_1_650' title='bbox 1214 1880 1247 1914; x_wconf 83' lang='lat' dir='ltr'><strong>l).</strong></span> <span class='ocrx_word' id='word_1_651' title='bbox 1266 1880 1394 1907; x_wconf 76' lang='lat' dir='ltr'><strong>Similiter</strong></span> <span class='ocrx_word' id='word_1_652' title='bbox 1408 1881 1488 1907; x_wconf 87' lang='lat' dir='ltr'><strong>David</strong></span> <span class='ocrx_word' id='word_1_653' title='bbox 1504 1890 1509 1907; x_wconf 75' lang='grc' dir='ltr'><strong>ε</strong></span> <span class='ocrx_word' id='word_1_654' title='bbox 1525 1881 1663 1915; x_wconf 85' lang='lat' dir='ltr'><strong>Propterea</strong></span> <span class='ocrx_word' id='word_1_655' title='bbox 1675 1882 1776 1912; x_wconf 72' lang='lat' dir='ltr'><strong>uuzitte,</strong></span> 
     </span>
    </p>
   </div>
   <div class='ocr_carea' id='block_1_82' title="bbox 999 1925 1776 1963">
    <p class='ocr_par' dir='ltr' id='par_1_82' title="bbox 999 1925 1776 1963">
     <span class='ocr_line' id='line_1_82' title="bbox 999 1925 1776 1963; baseline 0.003 -13"><span class='ocrx_word' id='word_1_656' title='bbox 999 1926 1075 1958; x_wconf 67' lang='lat' dir='ltr'><strong>Deus,</strong></span> <span class='ocrx_word' id='word_1_657' title='bbox 1095 1925 1163 1952; x_wconf 65' lang='lat' dir='ltr'><strong>Ihus</strong></span> <span class='ocrx_word' id='word_1_658' title='bbox 1178 1931 1235 1952; x_wconf 81' lang='lat' dir='ltr'><strong>titus</strong></span> <span class='ocrx_word' id='word_1_659' title='bbox 1252 1927 1307 1952; x_wconf 69' lang='lat' dir='ltr'><strong>oleo</strong></span> <span class='ocrx_word' id='word_1_660' title='bbox 1331 1927 1427 1953; x_wconf 68' lang='lat' dir='ltr'><strong>lictitiw</strong></span> <span class='ocrx_word' id='word_1_661' title='bbox 1444 1936 1459 1953; x_wconf 83' lang='grc' dir='ltr'>(ι</span> <span class='ocrx_word' id='word_1_662' title='bbox 1475 1928 1634 1955; x_wconf 67' lang='lat' dir='ltr'><strong>consortibus</strong></span> <span class='ocrx_word' id='word_1_663' title='bbox 1646 1928 1689 1954; x_wconf 79' lang='lat' dir='ltr'><strong>tuis</strong></span> <span class='ocrx_word' id='word_1_664' title='bbox 1700 1925 1776 1963; x_wconf 77' lang='lat' dir='ltr'><strong>(Psal.</strong></span> 
     </span>
    </p>
   </div>
   <div class='ocr_carea' id='block_1_83' title="bbox 1000 1973 1770 2009">
    <p class='ocr_par' dir='ltr' id='par_1_83' title="bbox 1000 1973 1770 2009">
     <span class='ocr_line' id='line_1_83' title="bbox 1000 1973 1770 2009; baseline 0 -10"><span class='ocrx_word' id='word_1_665' title='bbox 1000 1981 1069 2005; x_wconf 67' lang='lat' dir='ltr'><strong>XLIV,</strong></span> <span class='ocrx_word' id='word_1_666' title='bbox 1087 1973 1123 2004; x_wconf 63' lang='lat'><strong>8).</strong></span> <span class='ocrx_word' id='word_1_667' title='bbox 1146 1974 1180 1999; x_wconf 62' lang='lat' dir='ltr'><strong>lic</strong></span> <span class='ocrx_word' id='word_1_668' title='bbox 1199 1974 1248 2000; x_wconf 88' lang='lat' dir='ltr'><strong>hoc</strong></span> <span class='ocrx_word' id='word_1_669' title='bbox 1268 1976 1404 2008; x_wconf 71' lang='lat' dir='ltr'><strong>apostolus</strong></span> <span class='ocrx_word' id='word_1_670' title='bbox 1420 1975 1518 2002; x_wconf 80' lang='lat' dir='ltr'><strong>I‘aulus</strong></span> <span class='ocrx_word' id='word_1_671' title='bbox 1535 1985 1540 2001; x_wconf 81' lang='lat'><strong>2</strong></span> <span class='ocrx_word' id='word_1_672' title='bbox 1559 1975 1608 2009; x_wconf 85' lang='lat' dir='ltr'><strong>Qui</strong></span> <span class='ocrx_word' id='word_1_673' title='bbox 1620 1975 1676 2002; x_wconf 81' lang='lat' dir='ltr'><strong>enim</strong></span> <span class='ocrx_word' id='word_1_674' title='bbox 1696 1973 1770 2008; x_wconf 85' lang='lat' dir='ltr'><strong>Spiri—</strong></span> 
     </span>
    </p>
   </div>
   <div class='ocr_carea' id='block_1_84' title="bbox 998 2016 1775 2057">
    <p class='ocr_par' dir='ltr' id='par_1_84' title="bbox 998 2016 1775 2057">
     <span class='ocr_line' id='line_1_84' title="bbox 998 2016 1775 2057; baseline 0 -12"><span class='ocrx_word' id='word_1_675' title='bbox 998 2025 1050 2045; x_wconf 79' lang='lat' dir='ltr'><strong>tunt</strong></span> <span class='ocrx_word' id='word_1_676' title='bbox 1066 2019 1159 2045; x_wconf 61' lang='lat' dir='ltr'><strong>(fluis-ti</strong></span> <span class='ocrx_word' id='word_1_677' title='bbox 1175 2029 1223 2046; x_wconf 87' lang='lat' dir='ltr'><strong>non</strong></span> <span class='ocrx_word' id='word_1_678' title='bbox 1239 2021 1322 2051; x_wconf 69' lang='lat' dir='ltr'><strong>lin/Iul,</strong></span> <span class='ocrx_word' id='word_1_679' title='bbox 1338 2021 1377 2046; x_wconf 77' lang='lat' dir='ltr'><strong>llic</strong></span> <span class='ocrx_word' id='word_1_680' title='bbox 1394 2030 1443 2047; x_wconf 86' lang='lat' dir='ltr'><strong>non</strong></span> <span class='ocrx_word' id='word_1_681' title='bbox 1460 2026 1495 2047; x_wconf 78' lang='lat' dir='ltr'><strong>cst</strong></span> <span class='ocrx_word' id='word_1_682' title='bbox 1515 2024 1571 2056; x_wconf 79' lang='lat' dir='ltr'><strong>ejus</strong></span> <span class='ocrx_word' id='word_1_683' title='bbox 1589 2022 1667 2057; x_wconf 84' lang='lat' dir='ltr'><strong>(Rom.</strong></span> <span class='ocrx_word' id='word_1_684' title='bbox 1680 2016 1775 2053; x_wconf 80' lang='lat' dir='ltr'><strong>\‘ttt,9).</strong></span> 
     </span>
    </p>
   </div>
   <div class='ocr_carea' id='block_1_85' title="bbox 1000 2064 1779 2103">
    <p class='ocr_par' dir='ltr' id='par_1_85' title="bbox 1000 2064 1779 2103">
     <span class='ocr_line' id='line_1_85' title="bbox 1000 2064 1779 2103; baseline 0 -12"><span class='ocrx_word' id='word_1_685' title='bbox 1000 2067 1033 2092; x_wconf 61' lang='lat' dir='ltr'><strong>Iit</strong></span> <span class='ocrx_word' id='word_1_686' title='bbox 1049 2075 1053 2091; x_wconf 93' lang='lat'><strong>:</strong></span> <span class='ocrx_word' id='word_1_687' title='bbox 1071 2066 1118 2092; x_wconf 18' lang='lat' dir='ltr'><strong>(ibi</strong></span> <span class='ocrx_word' id='word_1_688' title='bbox 1134 2066 1246 2100; x_wconf 76' lang='lat' dir='ltr'><strong>Spiritus</strong></span> <span class='ocrx_word' id='word_1_689' title='bbox 1264 2067 1364 2093; x_wconf 79' lang='lat' dir='ltr'><strong>Domini</strong></span> <span class='ocrx_word' id='word_1_690' title='bbox 1377 2088 1382 2097; x_wconf 82' lang='lat'><strong>,</strong></span> <span class='ocrx_word' id='word_1_691' title='bbox 1401 2068 1434 2093; x_wconf 87' lang='lat' dir='ltr'><strong>ibi</strong></span> <span class='ocrx_word' id='word_1_692' title='bbox 1448 2068 1550 2094; x_wconf 73' lang='lat' dir='ltr'><strong>libertus</strong></span> <span class='ocrx_word' id='word_1_693' title='bbox 1568 2068 1600 2103; x_wconf 90' lang='lat' dir='ltr'><strong>(II</strong></span> <span class='ocrx_word' id='word_1_694' title='bbox 1614 2066 1668 2095; x_wconf 90' lang='lat' dir='ltr'><strong>Cor.</strong></span> <span class='ocrx_word' id='word_1_695' title='bbox 1681 2074 1716 2100; x_wconf 82' lang='lat' dir='ltr'><strong>III,</strong></span> <span class='ocrx_word' id='word_1_696' title='bbox 1729 2064 1779 2099; x_wconf 80' lang='grc' dir='ltr'><strong>Π).</strong></span> 
     </span>
    </p>
   </div>
   <div class='ocr_carea' id='block_1_86' title="bbox 1002 2113 1779 2148">
    <p class='ocr_par' dir='ltr' id='par_1_86' title="bbox 1002 2113 1779 2148">
     <span class='ocr_line' id='line_1_86' title="bbox 1002 2113 1779 2148; baseline 0 -9"><span class='ocrx_word' id='word_1_697' title='bbox 1002 2114 1048 2139; x_wconf 75' lang='lat' dir='ltr'><strong>Il&#39;a-</strong></span> <span class='ocrx_word' id='word_1_698' title='bbox 1064 2119 1104 2139; x_wconf 60' lang='lat' dir='ltr'><strong>est</strong></span> <span class='ocrx_word' id='word_1_699' title='bbox 1119 2114 1161 2148; x_wconf 86' lang='lat' dir='ltr'><strong>qui</strong></span> <span class='ocrx_word' id='word_1_700' title='bbox 1177 2119 1303 2147; x_wconf 84' lang='lat' dir='ltr'><strong>operatur</strong></span> <span class='ocrx_word' id='word_1_701' title='bbox 1319 2122 1350 2140; x_wconf 72' lang='lat' dir='ltr'><strong>cx</strong></span> <span class='ocrx_word' id='word_1_702' title='bbox 1366 2114 1442 2147; x_wconf 84' lang='lat' dir='ltr'><strong>aquis</strong></span> <span class='ocrx_word' id='word_1_703' title='bbox 1456 2114 1602 2141; x_wconf 72' lang='lat' dir='ltr'><strong>secundam</strong></span> <span class='ocrx_word' id='word_1_704' title='bbox 1617 2113 1779 2144; x_wconf 76' lang='lat' dir='ltr'><strong>nativitatem,</strong></span> 
     </span>
    </p>
   </div>
   <div class='ocr_carea' id='block_1_87' title="bbox 1002 2157 1782 2193">
    <p class='ocr_par' dir='ltr' id='par_1_87' title="bbox 1002 2157 1782 2193">
     <span class='ocr_line' id='line_1_87' title="bbox 1002 2157 1782 2193; baseline 0.001 -9"><span class='ocrx_word' id='word_1_705' title='bbox 1002 2169 1093 2185; x_wconf 62' lang='grc' dir='ltr'>τιιιιιινιι</span> <span class='ocrx_word' id='word_1_706' title='bbox 1109 2160 1242 2193; x_wconf 71' lang='lat' dir='ltr'><strong>qundtlaut</strong></span> <span class='ocrx_word' id='word_1_707' title='bbox 1257 2160 1339 2185; x_wconf 80' lang='lat' dir='ltr'><strong>divini</strong></span> <span class='ocrx_word' id='word_1_708' title='bbox 1356 2160 1474 2193; x_wconf 75' lang='lat' dir='ltr'><strong>generis,</strong></span> <span class='ocrx_word' id='word_1_709' title='bbox 1491 2165 1516 2186; x_wconf 66' lang='grc' dir='ltr'><strong>(τι</strong></span> <span class='ocrx_word' id='word_1_710' title='bbox 1531 2164 1701 2188; x_wconf 83' lang='lat' dir='ltr'><strong>consecrator</strong></span> <span class='ocrx_word' id='word_1_711' title='bbox 1711 2157 1782 2186; x_wconf 62' lang='lat' dir='ltr'><strong>coale-</strong></span> 
     </span>
    </p>
   </div>
   <div class='ocr_carea' id='block_1_88' title="bbox 1003 2205 1780 2242">
    <p class='ocr_par' dir='ltr' id='par_1_88' title="bbox 1003 2205 1780 2242">
     <span class='ocr_line' id='line_1_88' title="bbox 1003 2205 1780 2242; baseline 0.001 -12"><span class='ocrx_word' id='word_1_712' title='bbox 1003 2206 1050 2230; x_wconf 61' lang='lat' dir='ltr'><strong>slis</strong></span> <span class='ocrx_word' id='word_1_713' title='bbox 1063 2205 1129 2230; x_wconf 77' lang='lat' dir='ltr'><strong>nat&#39;n</strong></span> <span class='ocrx_word' id='word_1_714' title='bbox 1138 2205 1218 2231; x_wconf 72' lang='lat' dir='ltr'><strong>italis.</strong></span> <span class='ocrx_word' id='word_1_715' title='bbox 1231 2206 1325 2239; x_wconf 61' lang='lat' dir='ltr'><strong>pignus</strong></span> <span class='ocrx_word' id='word_1_716' title='bbox 1337 2207 1477 2239; x_wconf 73' lang='lat' dir='ltr'><strong>promissu:</strong></span> <span class='ocrx_word' id='word_1_717' title='bbox 1489 2206 1652 2234; x_wconf 67' lang='lat' dir='ltr'><strong>hmreditatis</strong></span> <span class='ocrx_word' id='word_1_718' title='bbox 1661 2205 1756 2242; x_wconf 80' lang='lat' dir='ltr'><strong>(Epim.</strong></span> <span class='ocrx_word' id='word_1_719' title='bbox 1765 2211 1780 2236; x_wconf 87' lang='grc'><strong>1,</strong></span> 
     </span>
    </p>
   </div>
   <div class='ocr_carea' id='block_1_89' title="bbox 1007 2250 1780 2286">
    <p class='ocr_par' dir='ltr' id='par_1_89' title="bbox 1007 2250 1780 2286">
     <span class='ocr_line' id='line_1_89' title="bbox 1007 2250 1780 2286; baseline 0.001 -10"><span class='ocrx_word' id='word_1_720' title='bbox 1007 2251 1014 2276; x_wconf 93' lang='lat' dir='ltr'><strong>l</strong></span> <span class='ocrx_word' id='word_1_721' title='bbox 1027 2251 1060 2284; x_wconf 71' lang='grc' dir='ltr'><strong>ί),</strong></span> <span class='ocrx_word' id='word_1_722' title='bbox 1072 2256 1097 2277; x_wconf 85' lang='lat' dir='ltr'><strong>et</strong></span> <span class='ocrx_word' id='word_1_723' title='bbox 1106 2251 1180 2284; x_wconf 72' lang='lat' dir='ltr'><strong>quasi</strong></span> <span class='ocrx_word' id='word_1_724' title='bbox 1197 2251 1407 2285; x_wconf 77' lang='lat' dir='ltr'><strong>chirographum</strong></span> <span class='ocrx_word' id='word_1_725' title='bbox 1420 2253 1555 2286; x_wconf 82' lang='lat' dir='ltr'><strong>quoddam</strong></span> <span class='ocrx_word' id='word_1_726' title='bbox 1571 2258 1675 2280; x_wconf 68' lang='lat' dir='ltr'><strong>a-ternat</strong></span> <span class='ocrx_word' id='word_1_727' title='bbox 1688 2250 1780 2281; x_wconf 78' lang='lat' dir='ltr'><strong>salutis;</strong></span> 
     </span>
    </p>
   </div>
   <div class='ocr_carea' id='block_1_90' title="bbox 150 2296 1783 2333">
    <p class='ocr_par' dir='ltr' id='par_1_90' title="bbox 150 2296 1783 2333">
     <span class='ocr_line' id='line_1_90' title="bbox 150 2296 1783 2333; baseline 0.001 -10"><span class='ocrx_word' id='word_1_728' title='bbox 150 2297 186 2324; x_wconf 87' lang='lat' dir='ltr'><strong>bis</strong></span> <span class='ocrx_word' id='word_1_729' title='bbox 200 2306 215 2323; x_wconf 81' lang='grc' dir='ltr'><em>α</em></span> <span class='ocrx_word' id='word_1_730' title='bbox 231 2296 310 2323; x_wconf 87' lang='lat' dir='ltr'><strong>Putre</strong></span> <span class='ocrx_word' id='word_1_731' title='bbox 324 2305 378 2323; x_wconf 86' lang='lat' dir='ltr'><strong>meo</strong></span> <span class='ocrx_word' id='word_1_732' title='bbox 390 2317 397 2327; x_wconf 84' lang='lat'><strong>,</strong></span> <span class='ocrx_word' id='word_1_733' title='bbox 415 2296 541 2330; x_wconf 72' lang='lat' dir='ltr'><strong>Spiritui):</strong></span> <span class='ocrx_word' id='word_1_734' title='bbox 556 2296 665 2322; x_wconf 82' lang='lat' dir='ltr'><strong>veritatis</strong></span> <span class='ocrx_word' id='word_1_735' title='bbox 679 2316 685 2327; x_wconf 88' lang='lat'><strong>,</strong></span> <span class='ocrx_word' id='word_1_736' title='bbox 702 2296 745 2330; x_wconf 87' lang='lat' dir='ltr'><strong>qui</strong></span> <span class='ocrx_word' id='word_1_737' title='bbox 759 2296 789 2323; x_wconf 83' lang='lat' dir='ltr'><strong>de</strong></span> <span class='ocrx_word' id='word_1_738' title='bbox 805 2296 883 2323; x_wconf 81' lang='lat' dir='ltr'><strong>Putre</strong></span> <span class='ocrx_word' id='word_1_739' title='bbox 896 2306 951 2324; x_wconf 88' lang='lat' dir='ltr'><strong>mea</strong></span> <span class='ocrx_word' id='word_1_740' title='bbox 966 2299 989 2327; x_wconf 83' lang='grc' dir='ltr'>Ι)</span> <span class='ocrx_word' id='word_1_741' title='bbox 1004 2298 1047 2330; x_wconf 86' lang='lat' dir='ltr'><strong>qui</strong></span> <span class='ocrx_word' id='word_1_742' title='bbox 1066 2306 1113 2322; x_wconf 69' lang='lat' dir='ltr'><strong>nos</strong></span> <span class='ocrx_word' id='word_1_743' title='bbox 1126 2297 1169 2323; x_wconf 70' lang='lat' dir='ltr'><strong>ltci</strong></span> <span class='ocrx_word' id='word_1_744' title='bbox 1179 2297 1257 2323; x_wconf 79' lang='lat' dir='ltr'><strong>faciat</strong></span> <span class='ocrx_word' id='word_1_745' title='bbox 1270 2298 1398 2332; x_wconf 77' lang='lat' dir='ltr'><strong>templum</strong></span> <span class='ocrx_word' id='word_1_746' title='bbox 1412 2298 1432 2333; x_wconf 94' lang='lat' dir='ltr'><strong>(I</strong></span> <span class='ocrx_word' id='word_1_747' title='bbox 1448 2298 1508 2324; x_wconf 69' lang='lat' dir='ltr'><strong>Cor.</strong></span> <span class='ocrx_word' id='word_1_748' title='bbox 1518 2307 1555 2330; x_wconf 78' lang='lat' dir='ltr'><strong>vr,</strong></span> <span class='ocrx_word' id='word_1_749' title='bbox 1572 2299 1629 2333; x_wconf 78' lang='grc'>19),</span> <span class='ocrx_word' id='word_1_750' title='bbox 1644 2303 1670 2326; x_wconf 82' lang='lat' dir='ltr'><strong>et</strong></span> <span class='ocrx_word' id='word_1_751' title='bbox 1679 2305 1723 2325; x_wconf 87' lang='lat' dir='ltr'><strong>nos</strong></span> <span class='ocrx_word' id='word_1_752' title='bbox 1735 2296 1783 2332; x_wconf 70' lang='lat' dir='ltr'><strong>ejus</strong></span> 
     </span>
    </p>
   </div>
   <div class='ocr_carea' id='block_1_91' title="bbox 150 2342 951 2378">
    <p class='ocr_par' dir='ltr' id='par_1_91' title="bbox 150 2342 951 2378">
     <span class='ocr_line' id='line_1_91' title="bbox 150 2342 951 2378; baseline 0.002 -9"><span class='ocrx_word' id='word_1_753' title='bbox 150 2343 264 2378; x_wconf 73' lang='lat' dir='ltr'><strong>procedit</strong></span> <span class='ocrx_word' id='word_1_754' title='bbox 279 2342 369 2377; x_wconf 83' lang='lat' dir='ltr'><strong>(Joan.</strong></span> <span class='ocrx_word' id='word_1_755' title='bbox 387 2350 430 2373; x_wconf 77' lang='lat' dir='ltr'><strong>xv,</strong></span> <span class='ocrx_word' id='word_1_756' title='bbox 447 2342 502 2376; x_wconf 75' lang='lat'><strong>‘26).</strong></span> <span class='ocrx_word' id='word_1_757' title='bbox 522 2342 553 2369; x_wconf 79' lang='lat' dir='ltr'><strong>Et</strong></span> <span class='ocrx_word' id='word_1_758' title='bbox 567 2351 572 2369; x_wconf 93' lang='lat'>:</span> <span class='ocrx_word' id='word_1_759' title='bbox 586 2342 615 2369; x_wconf 88' lang='lat' dir='ltr'><strong>Si</strong></span> <span class='ocrx_word' id='word_1_760' title='bbox 629 2351 679 2368; x_wconf 85' lang='lat' dir='ltr'><strong>non</strong></span> <span class='ocrx_word' id='word_1_761' title='bbox 692 2342 777 2369; x_wconf 83' lang='lat' dir='ltr'><strong>abiero</strong></span> <span class='ocrx_word' id='word_1_762' title='bbox 793 2351 854 2377; x_wconf 78' lang='lat' dir='ltr'><strong>ego,</strong></span> <span class='ocrx_word' id='word_1_763' title='bbox 871 2344 951 2371; x_wconf 73' lang='lat' dir='ltr'><strong>advo-</strong></span> 
     </span>
    </p>
   </div>
   <div class='ocr_carea' id='block_1_92' title="bbox 150 2389 952 2425">
    <p class='ocr_par' dir='ltr' id='par_1_92' title="bbox 150 2389 952 2425">
     <span class='ocr_line' id='line_1_92' title="bbox 150 2389 952 2425; baseline 0.004 -9"><span class='ocrx_word' id='word_1_764' title='bbox 150 2395 222 2417; x_wconf 85' lang='lat' dir='ltr'><strong>catus</strong></span> <span class='ocrx_word' id='word_1_765' title='bbox 238 2390 280 2416; x_wconf 87' lang='lat' dir='ltr'><strong>ille</strong></span> <span class='ocrx_word' id='word_1_766' title='bbox 290 2397 339 2416; x_wconf 85' lang='lat' dir='ltr'><strong>non</strong></span> <span class='ocrx_word' id='word_1_767' title='bbox 352 2390 432 2416; x_wconf 83' lang='lat' dir='ltr'><strong>veniet</strong></span> <span class='ocrx_word' id='word_1_768' title='bbox 442 2390 475 2415; x_wconf 82' lang='lat' dir='ltr'><strong>ad</strong></span> <span class='ocrx_word' id='word_1_769' title='bbox 487 2398 529 2416; x_wconf 79' lang='lat' dir='ltr'><strong>vos</strong></span> <span class='ocrx_word' id='word_1_770' title='bbox 541 2397 549 2415; x_wconf 94' lang='lat'><em>:</em></span> <span class='ocrx_word' id='word_1_771' title='bbox 563 2389 584 2415; x_wconf 90' lang='lat' dir='ltr'><strong>si</strong></span> <span class='ocrx_word' id='word_1_772' title='bbox 597 2394 680 2416; x_wconf 80' lang='lat' dir='ltr'><strong>anteiit</strong></span> <span class='ocrx_word' id='word_1_773' title='bbox 697 2398 742 2425; x_wconf 84' lang='lat' dir='ltr'><strong>ego</strong></span> <span class='ocrx_word' id='word_1_774' title='bbox 755 2390 849 2423; x_wconf 86' lang='lat' dir='ltr'><strong>abiero,</strong></span> <span class='ocrx_word' id='word_1_775' title='bbox 866 2393 952 2419; x_wconf 89' lang='lat' dir='ltr'><strong>remit-</strong></span> 
     </span>
    </p>
   </div>
   <div class='ocr_carea' id='block_1_93' title="bbox 152 2435 954 2472">
    <p class='ocr_par' dir='ltr' id='par_1_93' title="bbox 152 2435 954 2472">
     <span class='ocr_line' id='line_1_93' title="bbox 152 2435 954 2472; baseline 0.002 -8"><span class='ocrx_word' id='word_1_776' title='bbox 152 2442 205 2464; x_wconf 84' lang='lat' dir='ltr'><strong>tant</strong></span> <span class='ocrx_word' id='word_1_777' title='bbox 220 2436 293 2464; x_wconf 84' lang='lat' dir='ltr'><strong>illum</strong></span> <span class='ocrx_word' id='word_1_778' title='bbox 305 2436 339 2463; x_wconf 82' lang='lat' dir='ltr'><strong>ad</strong></span> <span class='ocrx_word' id='word_1_779' title='bbox 354 2445 396 2464; x_wconf 72' lang='lat' dir='ltr'><strong>vus</strong></span> <span class='ocrx_word' id='word_1_780' title='bbox 412 2436 499 2471; x_wconf 87' lang='lat' dir='ltr'><strong>(Joan.</strong></span> <span class='ocrx_word' id='word_1_781' title='bbox 518 2443 573 2468; x_wconf 81' lang='lat' dir='ltr'><strong>xvr,</strong></span> <span class='ocrx_word' id='word_1_782' title='bbox 593 2436 629 2470; x_wconf 76' lang='grc' dir='ltr'><strong>ἶ).</strong></span> <span class='ocrx_word' id='word_1_783' title='bbox 648 2436 678 2462; x_wconf 83' lang='grc' dir='ltr'>Ει</span> <span class='ocrx_word' id='word_1_784' title='bbox 692 2444 697 2462; x_wconf 92' lang='lat'><strong><em>:</em></strong></span> <span class='ocrx_word' id='word_1_785' title='bbox 711 2435 774 2462; x_wconf 82' lang='lat' dir='ltr'><strong>Cum</strong></span> <span class='ocrx_word' id='word_1_786' title='bbox 788 2438 881 2464; x_wconf 84' lang='lat' dir='ltr'><strong>venerit</strong></span> <span class='ocrx_word' id='word_1_787' title='bbox 893 2438 954 2472; x_wconf 89' lang='lat' dir='ltr'><strong>Spi-</strong></span> 
     </span>
    </p>
   </div>
   <div class='ocr_carea' id='block_1_94' title="bbox 1004 2343 1784 2380">
    <p class='ocr_par' dir='ltr' id='par_1_94' title="bbox 1004 2343 1784 2380">
     <span class='ocr_line' id='line_1_94' title="bbox 1004 2343 1784 2380; baseline 0.005 -12"><span class='ocrx_word' id='word_1_788' title='bbox 1004 2343 1102 2368; x_wconf 63' lang='lat' dir='ltr'><strong>el&#39;tici..t</strong></span> <span class='ocrx_word' id='word_1_789' title='bbox 1117 2344 1242 2375; x_wconf 85' lang='lat' dir='ltr'><strong>domum;</strong></span> <span class='ocrx_word' id='word_1_790' title='bbox 1259 2345 1302 2378; x_wconf 90' lang='lat' dir='ltr'><strong>qui</strong></span> <span class='ocrx_word' id='word_1_791' title='bbox 1316 2344 1467 2379; x_wconf 82' lang='lat' dir='ltr'><strong>interpellat</strong></span> <span class='ocrx_word' id='word_1_792' title='bbox 1483 2345 1588 2373; x_wconf 83' lang='lat' dir='ltr'><strong>divinas</strong></span> <span class='ocrx_word' id='word_1_793' title='bbox 1602 2353 1678 2373; x_wconf 82' lang='lat' dir='ltr'><strong>aures</strong></span> <span class='ocrx_word' id='word_1_794' title='bbox 1692 2343 1784 2380; x_wconf 58' lang='lat' dir='ltr'><strong>prona:</strong></span> 
     </span>
    </p>
   </div>
   <div class='ocr_carea' id='block_1_95' title="bbox 1006 2390 1714 2426">
    <p class='ocr_par' dir='ltr' id='par_1_95' title="bbox 1006 2390 1714 2426">
     <span class='ocr_line' id='line_1_95' title="bbox 1006 2390 1714 2426; baseline 0.006 -10"><span class='ocrx_word' id='word_1_795' title='bbox 1006 2390 1045 2416; x_wconf 80' lang='lat' dir='ltr'><strong>bis</strong></span> <span class='ocrx_word' id='word_1_796' title='bbox 1059 2390 1200 2424; x_wconf 61' lang='lat' dir='ltr'><strong>eoinitihus</strong></span> <span class='ocrx_word' id='word_1_797' title='bbox 1217 2392 1418 2426; x_wconf 80' lang='lat' dir='ltr'><strong>incloquacibus</strong></span> <span class='ocrx_word' id='word_1_798' title='bbox 1434 2391 1522 2425; x_wconf 74' lang='lat' dir='ltr'><strong>(Itoni.</strong></span> <span class='ocrx_word' id='word_1_799' title='bbox 1538 2401 1595 2426; x_wconf 82' lang='lat' dir='ltr'><strong>vui,</strong></span> <span class='ocrx_word' id='word_1_800' title='bbox 1609 2392 1670 2426; x_wconf 77' lang='grc'><strong>26),</strong></span> <span class='ocrx_word' id='word_1_801' title='bbox 1682 2391 1714 2420; x_wconf 81' lang='lat' dir='ltr'><strong>ad</strong></span> 
     </span>
    </p>
   </div>
   <div class='ocr_carea' id='block_1_96' title="bbox 1007 2437 1786 2472">
    <p class='ocr_par' dir='ltr' id='par_1_96' title="bbox 1007 2437 1786 2472">
     <span class='ocr_line' id='line_1_96' title="bbox 1007 2437 1786 2472; baseline 0.004 -10"><span class='ocrx_word' id='word_1_802' title='bbox 1007 2437 1085 2463; x_wconf 74' lang='lat' dir='ltr'><strong>tionis</strong></span> <span class='ocrx_word' id='word_1_803' title='bbox 1101 2437 1214 2472; x_wconf 84' lang='lat' dir='ltr'><strong>implcns</strong></span> <span class='ocrx_word' id='word_1_804' title='bbox 1228 2438 1325 2472; x_wconf 87' lang='lat' dir='ltr'><strong>oflicia,</strong></span> <span class='ocrx_word' id='word_1_805' title='bbox 1345 2444 1371 2466; x_wconf 88' lang='lat' dir='ltr'><strong>et</strong></span> <span class='ocrx_word' id='word_1_806' title='bbox 1386 2438 1554 2467; x_wconf 87' lang='lat' dir='ltr'><strong>defensionis</strong></span> <span class='ocrx_word' id='word_1_807' title='bbox 1569 2439 1696 2468; x_wconf 74' lang='lat' dir='ltr'><strong>exhibens</strong></span> <span class='ocrx_word' id='word_1_808' title='bbox 1705 2444 1786 2467; x_wconf 74' lang='lat' dir='ltr'><strong>mune-</strong></span> 
     </span>
    </p>
   </div>
   <div class='ocr_carea' id='block_1_97' title="bbox 737 2514 1216 2545">
    <p class='ocr_par' dir='ltr' id='par_1_97' title="bbox 737 2514 1216 2545">
     <span class='ocr_line' id='line_1_97' title="bbox 737 2514 1216 2545; baseline 0.008 -4"><span class='ocrx_word' id='word_1_809' title='bbox 737 2514 923 2544; x_wconf 68' lang='lat' dir='ltr'><strong>GALLANDII</strong></span> <span class='ocrx_word' id='word_1_810' title='bbox 937 2517 1216 2545; x_wconf 52' lang='lat' dir='ltr'><strong>COMMENTARIUS.</strong></span> 
     </span>
    </p>
   </div>
   <div class='ocr_carea' id='block_1_98' title="bbox 155 2571 950 2610">
    <p class='ocr_par' dir='ltr' id='par_1_98' title="bbox 155 2571 950 2610">
     <span class='ocr_line' id='line_1_98' title="bbox 155 2571 950 2610; baseline -0.006 -5"><span class='ocrx_word' id='word_1_811' title='bbox 155 2578 234 2605; x_wconf 84' lang='lat' dir='ltr'><strong>Joan.</strong></span> <span class='ocrx_word' id='word_1_812' title='bbox 250 2585 276 2610; x_wconf 85' lang='lat' dir='ltr'><strong>x,</strong></span> <span class='ocrx_word' id='word_1_813' title='bbox 293 2576 338 2607; x_wconf 73' lang='lat'><strong>50,</strong></span> <span class='ocrx_word' id='word_1_814' title='bbox 353 2578 379 2601; x_wconf 87' lang='lat' dir='ltr'><strong>et</strong></span> <span class='ocrx_word' id='word_1_815' title='bbox 392 2581 445 2606; x_wconf 78' lang='lat' dir='ltr'><strong>xtv,</strong></span> <span class='ocrx_word' id='word_1_816' title='bbox 462 2573 489 2610; x_wconf 75' lang='lat'><strong>9,</strong></span> <span class='ocrx_word' id='word_1_817' title='bbox 502 2572 534 2599; x_wconf 90' lang='lat' dir='ltr'><strong>de</strong></span> <span class='ocrx_word' id='word_1_818' title='bbox 547 2572 653 2610; x_wconf 81' lang='lat' dir='ltr'><strong>quibus,</strong></span> <span class='ocrx_word' id='word_1_819' title='bbox 669 2571 863 2610; x_wconf 86' lang='lat' dir='ltr'><strong>inquitauctor,</strong></span> <span class='ocrx_word' id='word_1_820' title='bbox 874 2574 950 2607; x_wconf 89' lang='lat' dir='ltr'><strong>quasi</strong></span> 
     </span>
    </p>
   </div>
   <div class='ocr_carea' id='block_1_99' title="bbox 157 2608 948 2644">
    <p class='ocr_par' dir='ltr' id='par_1_99' title="bbox 157 2608 948 2644">
     <span class='ocr_line' id='line_1_99' title="bbox 157 2608 948 2644; baseline -0.006 -3"><span class='ocrx_word' id='word_1_821' title='bbox 157 2614 191 2641; x_wconf 80' lang='lat' dir='ltr'><strong>de</strong></span> <span class='ocrx_word' id='word_1_822' title='bbox 206 2608 310 2641; x_wconf 81' lang='lat' dir='ltr'><strong>duobus</strong></span> <span class='ocrx_word' id='word_1_823' title='bbox 324 2610 408 2638; x_wconf 85' lang='lat' dir='ltr'><strong>oculis</strong></span> <span class='ocrx_word' id='word_1_824' title='bbox 429 2608 536 2644; x_wconf 78' lang='lat' dir='ltr'><strong>gavisus</strong></span> <span class='ocrx_word' id='word_1_825' title='bbox 555 2612 596 2634; x_wconf 81' lang='lat' dir='ltr'><strong>est</strong></span> <span class='ocrx_word' id='word_1_826' title='bbox 620 2608 760 2634; x_wconf 75' lang='lat' dir='ltr'><strong>luerciicus</strong></span> <span class='ocrx_word' id='word_1_827' title='bbox 776 2616 782 2633; x_wconf 89' lang='lat'><strong>:</strong></span> <span class='ocrx_word' id='word_1_828' title='bbox 797 2612 823 2634; x_wconf 87' lang='lat' dir='ltr'><strong>at</strong></span> <span class='ocrx_word' id='word_1_829' title='bbox 834 2616 948 2642; x_wconf 88' lang='lat' dir='ltr'><strong>quorttm</strong></span> 
     </span>
    </p>
   </div>
   <div class='ocr_carea' id='block_1_100' title="bbox 157 2643 947 2678">
    <p class='ocr_par' dir='ltr' id='par_1_100' title="bbox 157 2643 947 2678">
     <span class='ocr_line' id='line_1_100' title="bbox 157 2643 947 2678; baseline -0.008 0"><span class='ocrx_word' id='word_1_830' title='bbox 157 2658 228 2678; x_wconf 91' lang='lat' dir='ltr'><strong>unus</strong></span> <span class='ocrx_word' id='word_1_831' title='bbox 248 2649 270 2676; x_wconf 92' lang='lat' dir='ltr'><strong>ci</strong></span> <span class='ocrx_word' id='word_1_832' title='bbox 296 2647 348 2674; x_wconf 87' lang='lat' dir='ltr'><strong>hoe</strong></span> <span class='ocrx_word' id='word_1_833' title='bbox 358 2645 446 2677; x_wconf 84' lang='lat' dir='ltr'><strong>capite</strong></span> <span class='ocrx_word' id='word_1_834' title='bbox 460 2643 574 2671; x_wconf 80' lang='lat' dir='ltr'><strong>effossus</strong></span> <span class='ocrx_word' id='word_1_835' title='bbox 588 2649 636 2673; x_wconf 82' lang='lat' dir='ltr'><strong>est.</strong></span> <span class='ocrx_word' id='word_1_836' title='bbox 654 2644 722 2670; x_wconf 85' lang='lat' dir='ltr'><strong>alter</strong></span> <span class='ocrx_word' id='word_1_837' title='bbox 737 2644 856 2675; x_wconf 84' lang='lat' dir='ltr'><strong>proxime</strong></span> <span class='ocrx_word' id='word_1_838' title='bbox 871 2650 947 2672; x_wconf 88' lang='lat' dir='ltr'><strong>antc-</strong></span> 
     </span>
    </p>
   </div>
   <div class='ocr_carea' id='block_1_101' title="bbox 157 2679 948 2714">
    <p class='ocr_par' dir='ltr' id='par_1_101' title="bbox 157 2679 948 2714">
     <span class='ocr_line' id='line_1_101' title="bbox 157 2679 948 2714; baseline -0.006 -2"><span class='ocrx_word' id='word_1_839' title='bbox 157 2686 279 2713; x_wconf 78' lang='lat' dir='ltr'><strong>cedente.</strong></span> <span class='ocrx_word' id='word_1_840' title='bbox 297 2683 430 2710; x_wconf 76' lang='lat' dir='ltr'><strong>\Vchun.</strong></span> <span class='ocrx_word' id='word_1_841' title='bbox 449 2695 483 2699; x_wconf 92' lang='lat'><strong>—</strong></span> <span class='ocrx_word' id='word_1_842' title='bbox 495 2681 560 2712; x_wconf 75' lang='lat' dir='ltr'><strong>Qua:</strong></span> <span class='ocrx_word' id='word_1_843' title='bbox 575 2679 682 2713; x_wconf 85' lang='lat' dir='ltr'><strong>quidem</strong></span> <span class='ocrx_word' id='word_1_844' title='bbox 710 2679 841 2706; x_wconf 82' lang='lat' dir='ltr'><strong>sententia</strong></span> <span class='ocrx_word' id='word_1_845' title='bbox 867 2688 948 2714; x_wconf 88' lang='lat' dir='ltr'><strong>qnmu</strong></span> 
     </span>
    </p>
   </div>
   <div class='ocr_carea' id='block_1_102' title="bbox 157 2714 950 2749">
    <p class='ocr_par' dir='ltr' id='par_1_102' title="bbox 157 2714 950 2749">
     <span class='ocr_line' id='line_1_102' title="bbox 157 2714 950 2749; baseline -0.008 0"><span class='ocrx_word' id='word_1_846' title='bbox 157 2723 230 2749; x_wconf 86' lang='lat' dir='ltr'><strong>serio</strong></span> <span class='ocrx_word' id='word_1_847' title='bbox 242 2718 389 2747; x_wconf 81' lang='lat' dir='ltr'><strong>attendenti</strong></span> <span class='ocrx_word' id='word_1_848' title='bbox 407 2716 473 2744; x_wconf 89' lang='lat' dir='ltr'><strong>satis</strong></span> <span class='ocrx_word' id='word_1_849' title='bbox 486 2720 576 2749; x_wconf 86' lang='lat' dir='ltr'><strong>aperta</strong></span> <span class='ocrx_word' id='word_1_850' title='bbox 599 2719 734 2745; x_wconf 81' lang='lat' dir='ltr'><strong>noscatur,</strong></span> <span class='ocrx_word' id='word_1_851' title='bbox 752 2714 822 2742; x_wconf 91' lang='lat' dir='ltr'><strong>haud</strong></span> <span class='ocrx_word' id='word_1_852' title='bbox 837 2716 950 2749; x_wconf 89' lang='lat' dir='ltr'><strong>proinde</strong></span> 
     </span>
    </p>
   </div>
   <div class='ocr_carea' id='block_1_103' title="bbox 158 2750 949 2790">
    <p class='ocr_par' dir='ltr' id='par_1_103' title="bbox 158 2750 949 2790">
     <span class='ocr_line' id='line_1_103' title="bbox 158 2750 949 2790; baseline -0.006 -6"><span class='ocrx_word' id='word_1_853' title='bbox 158 2756 341 2790; x_wconf 82' lang='lat' dir='ltr'><strong>recipiendum</strong></span> <span class='ocrx_word' id='word_1_854' title='bbox 359 2751 538 2790; x_wconf 81' lang='lat' dir='ltr'><strong>vidcturqttod</strong></span> <span class='ocrx_word' id='word_1_855' title='bbox 556 2751 653 2790; x_wconf 82' lang='lat' dir='ltr'><strong>placuit</strong></span> <span class='ocrx_word' id='word_1_856' title='bbox 664 2750 811 2790; x_wconf 71' lang='lat' dir='ltr'><strong>J.ic_ksono;_</strong></span> <span class='ocrx_word' id='word_1_857' title='bbox 822 2752 949 2790; x_wconf 76' lang='lat' dir='ltr'><strong>statuenti</strong></span> 
     </span>
    </p>
   </div>
   <div class='ocr_carea' id='block_1_104' title="bbox 159 2786 949 2821">
    <p class='ocr_par' dir='ltr' id='par_1_104' title="bbox 159 2786 949 2821">
     <span class='ocr_line' id='line_1_104' title="bbox 159 2786 949 2821; baseline -0.006 -2"><span class='ocrx_word' id='word_1_858' title='bbox 159 2786 284 2819; x_wconf 89' lang='lat' dir='ltr'><strong>nimirum</strong></span> <span class='ocrx_word' id='word_1_859' title='bbox 313 2797 402 2817; x_wconf 84' lang='lat' dir='ltr'><strong>\eram</strong></span> <span class='ocrx_word' id='word_1_860' title='bbox 428 2794 488 2814; x_wconf 73' lang='lat' dir='ltr'><strong>esse</strong></span> <span class='ocrx_word' id='word_1_861' title='bbox 522 2787 661 2813; x_wconf 87' lang='lat' dir='ltr'><strong>lectiottetu</strong></span> <span class='ocrx_word' id='word_1_862' title='bbox 686 2786 772 2819; x_wconf 79' lang='lat' dir='ltr'><strong>e/fusis</strong></span> <span class='ocrx_word' id='word_1_863' title='bbox 803 2787 949 2821; x_wconf 82' lang='lat' dir='ltr'><strong>luiuinibus,</strong></span> 
     </span>
    </p>
   </div>
   <div class='ocr_carea' id='block_1_105' title="bbox 158 2822 576 2863">
    <p class='ocr_par' dir='ltr' id='par_1_105' title="bbox 158 2822 576 2863">
     <span class='ocr_line' id='line_1_105' title="bbox 158 2822 576 2863; baseline -0.017 -8"><span class='ocrx_word' id='word_1_864' title='bbox 158 2836 238 2863; x_wconf 86' lang='lat' dir='ltr'><strong>quam</strong></span> <span class='ocrx_word' id='word_1_865' title='bbox 259 2825 368 2863; x_wconf 51' lang='lat' dir='ltr'><strong>egliihet</strong></span> <span class='ocrx_word' id='word_1_866' title='bbox 383 2822 576 2863; x_wconf 64' lang='lat' dir='ltr'><strong>ins._“:o\veri.</strong></span> 
     </span>
    </p>
   </div>
   <div class='ocr_carea' id='block_1_106' title="bbox 196 2857 953 2893">
    <p class='ocr_par' dir='ltr' id='par_1_106' title="bbox 196 2857 953 2893">
     <span class='ocr_line' id='line_1_106' title="bbox 196 2857 953 2893; baseline -0.004 -4"><span class='ocrx_word' id='word_1_867' title='bbox 196 2863 260 2890; x_wconf 69' lang='lat' dir='ltr'><strong>Car.</strong></span> <span class='ocrx_word' id='word_1_868' title='bbox 277 2859 374 2887; x_wconf 77' lang='lat' dir='ltr'><strong>XXIX.</strong></span> <span class='ocrx_word' id='word_1_869' title='bbox 386 2874 422 2878; x_wconf 89' lang='lat'><strong><em>—</em></strong></span> <span class='ocrx_word' id='word_1_870' title='bbox 434 2860 442 2875; x_wconf 82' lang='grc' dir='ltr'><strong>ι</strong></span> <span class='ocrx_word' id='word_1_871' title='bbox 463 2858 592 2885; x_wconf 82' lang='lat' dir='ltr'><strong>Diversus.</strong></span> <span class='ocrx_word' id='word_1_872' title='bbox 616 2857 759 2890; x_wconf 86' lang='lat' dir='ltr'><strong>Dividitur,</strong></span> <span class='ocrx_word' id='word_1_873' title='bbox 779 2858 913 2893; x_wconf 69' lang='lat' dir='ltr'><strong>Gagna‘us</strong></span> <span class='ocrx_word' id='word_1_874' title='bbox 926 2864 953 2886; x_wconf 85' lang='lat' dir='ltr'><strong>et</strong></span> 
     </span>
    </p>
   </div>
   <div class='ocr_carea' id='block_1_107' title="bbox 160 2893 954 2930">
    <p class='ocr_par' dir='ltr' id='par_1_107' title="bbox 160 2893 954 2930">
     <span class='ocr_line' id='line_1_107' title="bbox 160 2893 954 2930; baseline -0.004 -5"><span class='ocrx_word' id='word_1_875' title='bbox 160 2897 327 2930; x_wconf 85' lang='lat' dir='ltr'><strong>Frobenius,</strong></span> <span class='ocrx_word' id='word_1_876' title='bbox 348 2902 415 2929; x_wconf 86' lang='lat' dir='ltr'><strong>quos</strong></span> <span class='ocrx_word' id='word_1_877' title='bbox 441 2898 549 2922; x_wconf 87' lang='lat' dir='ltr'><strong>secutus</strong></span> <span class='ocrx_word' id='word_1_878' title='bbox 573 2898 614 2921; x_wconf 85' lang='lat' dir='ltr'><strong>est</strong></span> <span class='ocrx_word' id='word_1_879' title='bbox 635 2893 835 2922; x_wconf 89' lang='lat' dir='ltr'><strong>Welchmanns.</strong></span> <span class='ocrx_word' id='word_1_880' title='bbox 864 2894 954 2923; x_wconf 81' lang='lat' dir='ltr'><strong>Fluxit</strong></span> 
     </span>
    </p>
   </div>
   <div class='ocr_carea' id='block_1_108' title="bbox 1002 2575 1762 2609">
    <p class='ocr_par' dir='ltr' id='par_1_108' title="bbox 1002 2575 1762 2609">
     <span class='ocr_line' id='line_1_108' title="bbox 1002 2575 1762 2609; baseline 0.008 -10"><span class='ocrx_word' id='word_1_881' title='bbox 1002 2575 1116 2600; x_wconf 71' lang='lat' dir='ltr'><strong>tlirt’rstts</strong></span> <span class='ocrx_word' id='word_1_882' title='bbox 1130 2584 1161 2602; x_wconf 74' lang='lat' dir='ltr'><strong>ex</strong></span> <span class='ocrx_word' id='word_1_883' title='bbox 1178 2584 1225 2601; x_wconf 85' lang='lat' dir='ltr'><strong>ius.</strong></span> <span class='ocrx_word' id='word_1_884' title='bbox 1241 2576 1344 2609; x_wconf 67' lang='lat' dir='ltr'><strong>Anglic.</strong></span> <span class='ocrx_word' id='word_1_885' title='bbox 1361 2582 1386 2603; x_wconf 92' lang='lat' dir='ltr'><strong>et</strong></span> <span class='ocrx_word' id='word_1_886' title='bbox 1399 2586 1450 2604; x_wconf 90' lang='lat' dir='ltr'><strong>non</strong></span> <span class='ocrx_word' id='word_1_887' title='bbox 1466 2579 1634 2606; x_wconf 89' lang='lat' dir='ltr'><strong>mutandum.</strong></span> <span class='ocrx_word' id='word_1_888' title='bbox 1648 2576 1762 2607; x_wconf 67' lang='lat' dir='ltr'><strong>Jams&#39;ox.</strong></span> 
     </span>
    </p>
   </div>
   <div class='ocr_carea' id='block_1_109' title="bbox 1038 2610 1785 2648">
    <p class='ocr_par' dir='ltr' id='par_1_109' title="bbox 1038 2610 1785 2648">
     <span class='ocr_line' id='line_1_109' title="bbox 1038 2610 1785 2648; baseline 0.012 -13"><span class='ocrx_word' id='word_1_889' title='bbox 1038 2610 1134 2648; x_wconf 39' lang='lat' dir='ltr'><strong>{Pus-1.</strong></span> <span class='ocrx_word' id='word_1_890' title='bbox 1164 2611 1236 2637; x_wconf 74' lang='lat' dir='ltr'><strong>llanu</strong></span> <span class='ocrx_word' id='word_1_891' title='bbox 1259 2620 1351 2638; x_wconf 70' lang='lat' dir='ltr'><strong>vocem</strong></span> <span class='ocrx_word' id='word_1_892' title='bbox 1376 2614 1550 2648; x_wconf 86' lang='lat' dir='ltr'><strong>rcquiritloci</strong></span> <span class='ocrx_word' id='word_1_893' title='bbox 1562 2616 1639 2648; x_wconf 89' lang='lat' dir='ltr'><strong>ratio,</strong></span> <span class='ocrx_word' id='word_1_894' title='bbox 1651 2611 1785 2643; x_wconf 70' lang='lat' dir='ltr'><strong>etrestillil</strong></span> 
     </span>
    </p>
   </div>
   <div class='ocr_carea' id='block_1_110' title="bbox 1005 2646 1412 2682">
    <p class='ocr_par' dir='ltr' id='par_1_110' title="bbox 1005 2646 1412 2682">
     <span class='ocr_line' id='line_1_110' title="bbox 1005 2646 1412 2682; baseline 0.007 -10"><span class='ocrx_word' id='word_1_895' title='bbox 1005 2646 1124 2672; x_wconf 75' lang='lat' dir='ltr'><strong>Latinius</strong></span> <span class='ocrx_word' id='word_1_896' title='bbox 1143 2656 1189 2677; x_wconf 79' lang='lat' dir='ltr'><strong>pro</strong></span> <span class='ocrx_word' id='word_1_897' title='bbox 1205 2648 1281 2674; x_wconf 82' lang='lat' dir='ltr'><strong>cdilt.</strong></span> <span class='ocrx_word' id='word_1_898' title='bbox 1298 2657 1351 2682; x_wconf 62' lang='lat' dir='ltr'><strong>per.</strong></span> <span class='ocrx_word' id='word_1_899' title='bbox 1374 2648 1412 2675; x_wconf 79' lang='lat' dir='ltr'><strong>In.</strong></span> 
     </span>
    </p>
   </div>
   <div class='ocr_carea' id='block_1_111' title="bbox 1039 2682 1783 2713">
    <p class='ocr_par' dir='ltr' id='par_1_111' title="bbox 1039 2682 1783 2713">
     <span class='ocr_line' id='line_1_111' title="bbox 1039 2682 1783 2713; baseline 0.004 -6"><span class='ocrx_word' id='word_1_900' title='bbox 1039 2682 1047 2695; x_wconf 72' lang='grc'><strong>³</strong></span> <span class='ocrx_word' id='word_1_901' title='bbox 1069 2682 1202 2709; x_wconf 71' lang='lat' dir='ltr'><strong>(.‘nninlnte</strong></span> <span class='ocrx_word' id='word_1_902' title='bbox 1227 2683 1376 2710; x_wconf 76' lang='lat' dir='ltr'><strong>distributus</strong></span> <span class='ocrx_word' id='word_1_903' title='bbox 1402 2690 1425 2711; x_wconf 85' lang='lat' dir='ltr'><strong>et</strong></span> <span class='ocrx_word' id='word_1_904' title='bbox 1450 2685 1552 2712; x_wconf 78' lang='lat' dir='ltr'><strong>missus.</strong></span> <span class='ocrx_word' id='word_1_905' title='bbox 1569 2685 1605 2713; x_wconf 87' lang='lat' dir='ltr'><strong>Ita</strong></span> <span class='ocrx_word' id='word_1_906' title='bbox 1621 2685 1746 2713; x_wconf 81' lang='lat' dir='ltr'><strong>Pamelius</strong></span> <span class='ocrx_word' id='word_1_907' title='bbox 1755 2690 1783 2711; x_wconf 78' lang='lat' dir='ltr'><strong>ex</strong></span> 
     </span>
    </p>
   </div>
   <div class='ocr_carea' id='block_1_112' title="bbox 1004 2718 1780 2753">
    <p class='ocr_par' dir='ltr' id='par_1_112' title="bbox 1004 2718 1780 2753">
     <span class='ocr_line' id='line_1_112' title="bbox 1004 2718 1780 2753; baseline 0.005 -10"><span class='ocrx_word' id='word_1_908' title='bbox 1004 2726 1053 2744; x_wconf 66' lang='lat' dir='ltr'><strong>ms.</strong></span> <span class='ocrx_word' id='word_1_909' title='bbox 1070 2718 1135 2744; x_wconf 75' lang='lat' dir='ltr'><strong>(Ind.</strong></span> <span class='ocrx_word' id='word_1_910' title='bbox 1155 2720 1256 2752; x_wconf 69' lang='lat' dir='ltr'><strong>.\ir,;lii-.</strong></span> <span class='ocrx_word' id='word_1_911' title='bbox 1274 2728 1333 2753; x_wconf 70' lang='lat' dir='ltr'><strong>qum</strong></span> <span class='ocrx_word' id='word_1_912' title='bbox 1348 2721 1461 2753; x_wconf 58' lang='lat' dir='ltr'><strong>genuina</strong></span> <span class='ocrx_word' id='word_1_913' title='bbox 1481 2721 1561 2749; x_wconf 75' lang='lat' dir='ltr'><strong>lectio</strong></span> <span class='ocrx_word' id='word_1_914' title='bbox 1579 2722 1689 2749; x_wconf 85' lang='lat' dir='ltr'><strong>videtur.</strong></span> <span class='ocrx_word' id='word_1_915' title='bbox 1700 2719 1780 2748; x_wconf 62' lang='lat' dir='ltr'><strong>Cll!&quot;-</strong></span> 
     </span>
    </p>
   </div>
   <div class='ocr_carea' id='block_1_113' title="bbox 1005 2754 1782 2792">
    <p class='ocr_par' dir='ltr' id='par_1_113' title="bbox 1005 2754 1782 2792">
     <span class='ocr_line' id='line_1_113' title="bbox 1005 2754 1782 2792; baseline 0.01 -15"><span class='ocrx_word' id='word_1_916' title='bbox 1005 2754 1054 2792; x_wconf 57' lang='lat' dir='ltr'><strong>ltiti:</strong></span> <span class='ocrx_word' id='word_1_917' title='bbox 1070 2755 1206 2785; x_wconf 74' lang='lat' dir='ltr'><strong>mlmissus,</strong></span> <span class='ocrx_word' id='word_1_918' title='bbox 1223 2755 1354 2789; x_wconf 64' lang='lat' dir='ltr'><strong>Cagutuns</strong></span> <span class='ocrx_word' id='word_1_919' title='bbox 1369 2761 1395 2783; x_wconf 84' lang='lat' dir='ltr'><strong>et</strong></span> <span class='ocrx_word' id='word_1_920' title='bbox 1408 2756 1546 2789; x_wconf 85' lang='lat' dir='ltr'><strong>Gelenius,</strong></span> <span class='ocrx_word' id='word_1_921' title='bbox 1560 2765 1626 2792; x_wconf 89' lang='lat' dir='ltr'><strong>quos</strong></span> <span class='ocrx_word' id='word_1_922' title='bbox 1638 2761 1736 2786; x_wconf 82' lang='lat' dir='ltr'><strong>secutus</strong></span> <span class='ocrx_word' id='word_1_923' title='bbox 1747 2757 1782 2782; x_wconf 67' lang='grc' dir='ltr'>αι</span> 
     </span>
    </p>
   </div>
   <div class='ocr_carea' id='block_1_114' title="bbox 1006 2788 1209 2816">
    <p class='ocr_par' dir='ltr' id='par_1_114' title="bbox 1006 2788 1209 2816">
     <span class='ocr_line' id='line_1_114' title="bbox 1006 2788 1209 2816; baseline 0 -1"><span class='ocrx_word' id='word_1_924' title='bbox 1006 2788 1209 2816; x_wconf 68' lang='lat' dir='ltr'><strong>errhntauus.</strong></span> 
     </span>
    </p>
   </div>
   <div class='ocr_carea' id='block_1_115' title="bbox 1041 2823 1779 2862">
    <p class='ocr_par' dir='ltr' id='par_1_115' title="bbox 1041 2823 1779 2862">
     <span class='ocr_line' id='line_1_115' title="bbox 1041 2823 1779 2862; baseline 0.004 -12"><span class='ocrx_word' id='word_1_925' title='bbox 1041 2831 1049 2838; x_wconf 81' lang='grc'><strong><em>⁸</em></strong></span> <span class='ocrx_word' id='word_1_926' title='bbox 1073 2825 1252 2862; x_wconf 57' lang='lat' dir='ltr'><strong>libr/itineri...</strong></span> <span class='ocrx_word' id='word_1_927' title='bbox 1280 2827 1403 2860; x_wconf 72' lang='lat' dir='ltr'><strong>implebit.</strong></span> <span class='ocrx_word' id='word_1_928' title='bbox 1435 2827 1503 2855; x_wconf 81' lang='lat' dir='ltr'><strong>Edili</strong></span> <span class='ocrx_word' id='word_1_929' title='bbox 1527 2828 1687 2862; x_wconf 74' lang='lat' dir='ltr'><strong>requiescit...</strong></span> <span class='ocrx_word' id='word_1_930' title='bbox 1701 2823 1779 2862; x_wconf 64' lang='lat' dir='ltr'><strong>inpie;</strong></span> 
     </span>
    </p>
   </div>
   <div class='ocr_carea' id='block_1_116' title="bbox 1006 2856 1778 2898">
    <p class='ocr_par' dir='ltr' id='par_1_116' title="bbox 1006 2856 1778 2898">
     <span class='ocr_line' id='line_1_116' title="bbox 1006 2856 1778 2898; baseline 0.008 -13"><span class='ocrx_word' id='word_1_931' title='bbox 1006 2859 1048 2886; x_wconf 78' lang='lat' dir='ltr'><strong>vit.</strong></span> <span class='ocrx_word' id='word_1_932' title='bbox 1078 2856 1126 2888; x_wconf 86' lang='lat' dir='ltr'><strong>Ubi</strong></span> <span class='ocrx_word' id='word_1_933' title='bbox 1153 2862 1279 2888; x_wconf 88' lang='lat' dir='ltr'><strong>mendum</strong></span> <span class='ocrx_word' id='word_1_934' title='bbox 1304 2856 1456 2895; x_wconf 73' lang='lat' dir='ltr'><strong>suspicatur</strong></span> <span class='ocrx_word' id='word_1_935' title='bbox 1478 2856 1622 2892; x_wconf 77' lang='lat' dir='ltr'><strong>l’ameIius.</strong></span> <span class='ocrx_word' id='word_1_936' title='bbox 1643 2856 1778 2898; x_wconf 57' lang='lat' dir='ltr'><strong>Atque&quot;</strong></span> 
     </span>
    </p>
   </div>
   <div class='ocr_carea' id='block_1_117' title="bbox 1006 2897 1596 2935">
    <p class='ocr_par' dir='ltr' id='par_1_117' title="bbox 1006 2897 1596 2935">
     <span class='ocr_line' id='line_1_117' title="bbox 1006 2897 1596 2935; baseline 0.01 -13"><span class='ocrx_word' id='word_1_937' title='bbox 1006 2901 1106 2924; x_wconf 74' lang='lat' dir='ltr'><strong>textum</strong></span> <span class='ocrx_word' id='word_1_938' title='bbox 1123 2897 1301 2926; x_wconf 84' lang='lat' dir='ltr'><strong>restituerunt</strong></span> <span class='ocrx_word' id='word_1_939' title='bbox 1315 2899 1434 2927; x_wconf 87' lang='lat' dir='ltr'><strong>editores</strong></span> <span class='ocrx_word' id='word_1_940' title='bbox 1447 2899 1596 2935; x_wconf 74' lang='lat' dir='ltr'><strong>Anglicani.</strong></span> 
     </span>
    </p>
   </div>
   <div class='ocr_carea' id='block_1_118' title="bbox 1771 2904 1822 2939">
    <p class='ocr_par' dir='ltr' id='par_1_118' title="bbox 1771 2904 1822 2939">
     <span class='ocr_line' id='line_1_118' title="bbox 1771 2904 1822 2939; baseline -0.059 0"><span class='ocrx_word' id='word_1_941' title='bbox 1771 2904 1822 2939; x_wconf 62' lang='grc' dir='ltr'><strong>ἓν</strong></span> 
     </span>
    </p>
   </div>
   <div class='ocr_carea' id='block_1_119' title="bbox 1822 2305 1841 2357">
    <p class='ocr_par' dir='ltr' id='par_1_119' title="bbox 1822 2305 1841 2357">
     <span class='ocr_line' id='line_1_119' title="bbox 1822 2305 1841 2357; baseline 0 -36"><span class='ocrx_word' id='word_1_942' title='bbox 1822 2305 1841 2357; x_wconf 40' lang='lat'><strong>3</strong></span> 
     </span>
    </p>
   </div>
  </div>
