3716 6272
187 410 276 469 915

1424 417 1511 472 DE
1538 415 1912 476 TRINITATE
1953 419 2178 478 LIBER.

3327 433 3432 490 946

181 545 257 595 ra;
277 525 577 583 inhabitator
600 524 916 596 corporibus
929 529 1130 586 nostris
1153 530 1723 600 datus,etsanctitatis
1747 543 1796 601 Α
1826 537 2075 604 destruit,
2105 554 2389 609 perversos
2419 545 2658 616 corrigit,
2687 545 2933 603 inﬁdeles
2972 548 3176 621 arguit,
3207 550 3432 607 simula-

178 619 371 678 eﬂector
391 635 403 670 :
425 619 508 688 qui
537 615 587 672 id
616 631 780 686 agens
812 619 863 674 in
892 621 1046 678 nobis
1075 623 1140 678 ad
1168 627 1547 692 mtcruitatetn,
1579 637 1633 683 et
1658 628 1724 683 ad

178 711 584 770 resurrectionem
614 709 1032 771 immortalitatis
1055 730 1282 788 corpora
1315 729 1494 774 nostra
1524 721 1725 792 produ-

175 817 264 870 cat,
290 803 406 860 dum
435 803 523 859 illa
552 804 602 858 in
630 819 690 861 se
713 809 999 867 assuefacit
1021 825 1142 866 cum
1169 814 1374 869 caelesti
1401 816 1598 873 virtute
1629 818 1726 872 mi-

177 898 317 966 sceri,
341 908 390 952 et
428 890 544 952 cum
578 896 811 969 Spiritus
840 905 1012 960 sancti
1055 905 1234 961 divina
1291 911 1591 967 :eternitate
1632 926 1722 967 so-

183 993 305 1049 ciari.
329 989 644 1048 Erudiuntur
670 995 812 1072 enim
841 995 893 1050 in
921 997 1046 1062 illo.
1073 1009 1129 1054 et
1157 1014 1254 1070 per
1298 1001 1470 1072 ipsum
1497 1019 1724 1075 corpora

182 1099 327 1146 nostra
348 1086 407 1142 ad
431 1087 888 1146 immortalitatem
926 1093 1188 1163 proﬁcere
1208 1137 1222 1160 ,
1251 1095 1378 1152 dum
1406 1099 1473 1153 ad
1505 1099 1722 1156 decreta

178 1179 310 1252 ipsius
333 1177 534 1236 discunt
553 1195 613 1236 se
639 1183 984 1242 moderanter
1005 1195 1325 1258 temperare.
1350 1190 1448 1248 Hic
1471 1203 1552 1249 est
1577 1195 1721 1250 enim

172 1273 241 1343 qui
262 1279 418 1326 contra
443 1289 646 1328 carnem
697 1276 986 1346 desiderat,
1013 1282 1137 1352 quia
1182 1299 1302 1338 caro
1329 1297 1507 1341 contra
1552 1289 1721 1358 ipsum

165 1375 376 1438 repugnat
401 1363 541 1437 (Gal.
568 1383 622 1434 v,
653 1367 766 1442 17).
797 1371 894 1427 Hic
921 1384 1004 1428 est
1030 1377 1118 1446 qui
1147 1377 1496 1448 inexplebiles
1515 1381 1721 1454 cupidi-

165 1465 273 1512 tates
295 1467 514 1524 coercet,
545 1459 926 1519 immoderatus
953 1465 1198 1523 libidines
1241 1469 1438 1542 frangit
1460 1514 1476 1537 ,
1507 1473 1721 1530 illicitos

162 1549 347 1606 ardores
369 1551 648 1622 extinguit,
681 1553 970 1626 ﬂagrantes
998 1559 1228 1628 impetus
1255 1563 1452 1631 vincit,
1482 1567 1718 1623 ebrieta-

161 1651 224 1696 tes
256 1641 439 1710 rejicit,
467 1644 727 1700 avaritias
757 1649 1000 1718 repellit,
1033 1651 1336 1710 luxuriosas
1360 1660 1718 1715 comessatio-

158 1749 234 1790 nes
272 1737 284 1766 ³
323 1733 482 1806 fugat,
527 1737 823 1798 charitates
840 1746 1024 1811 nectit,
1047 1745 1357 1805 affectiones
1378 1753 1714 1824 constringit,

157 1836 298 1882 sectas
321 1830 529 1899 repellit
553 1875 570 1898 ,
601 1835 840 1905 regulam
874 1838 1114 1894 veritatis
1145 1841 1397 1910 expedit,
1433 1844 1716 1901 hmreticos

152 1920 367 1984 revincit,
399 1923 678 1994 improbos
707 1927 852 1984 foras
880 1931 1104 2002 expuit,
1138 1935 1424 2007 Evangelia
1453 1940 1710 1994 custodit.
1743 1945 1791 2004 Β

151 2012 210 2068 De
255 2015 346 2070 hoc
369 2017 389 2047 ³
417 2015 564 2072 idem
587 2022 882 2089 Apostolus
908 2042 922 2080 :
957 2024 1076 2080 Non
1107 2029 1241 2082 enim
1265 2031 1498 2101 spiritum
1537 2035 1715 2088 nmndi

145 2105 410 2175 accepimus,
438 2110 528 2164 sed
562 2111 815 2180 Spiritum
841 2119 929 2188 qui
956 2135 1019 2173 ea:
1058 2137 1115 2174 eo
1141 2132 1212 2176 est
1242 2123 1260 2193 (
1285 2123 1298 2176 I
1333 2123 1452 2179 Cor.
1497 2143 1553 2193 ll,
1585 2127 1710 2199 12).

147 2197 207 2253 De
229 2198 318 2254 hoc
341 2201 566 2266 exultat,
601 2212 656 2258 et
677 2205 808 2261 dicit
837 2226 850 2261 :
885 2207 1017 2264 Puto
1047 2222 1216 2266 autent
1243 2217 1364 2282 quia
1391 2228 1435 2270 et
1464 2234 1556 2288 ego
1587 2197 1712 2291 Spi-

143 2291 268 2344 ritum
299 2290 383 2346 Dei
411 2293 580 2349 habeo
611 2296 655 2368 (ι
681 2297 800 2352 Cor.
833 2315 928 2364 νη,
961 2303 1074 2373 4ο).
1107 2304 1182 2359 De
1207 2305 1308 2360 hoc
1344 2307 1473 2363 dicit
1521 2325 1536 2362 :
1583 2290 1652 2364 Et
1686 2311 1708 2341 ³

145 2383 335 2453 Spiritus
365 2385 754 2458 Prophetarum
793 2395 1053 2465 prophetis
1090 2397 1345 2468 subjectus
1388 2411 1459 2455 est
1501 2401 1544 2465 (Ι
1585 2401 1705 2458 Cor.

143 2493 229 2545 xiv,
255 2479 362 2550 52).
390 2481 465 2537 De
492 2483 606 2538 hoc
633 2485 798 2541 refert
825 2506 838 2542 :
869 2487 1096 2558 Spiritus
1133 2501 1301 2546 autem
1333 2495 1597 2565 manifeste
1623 2495 1708 2550 di-

143 2572 218 2636 cit,
243 2571 348 2642 quia
382 2575 435 2629 in
465 2579 761 2634 novissimis
811 2582 1118 2653 temporibus
1165 2586 1398 2641 recedent
1441 2588 1650 2658 quidam
1677 2605 1710 2643 a

140 2665 236 2733 ﬁde,
258 2668 572 2724 attendentes
599 2671 862 2741 spiritibus
909 2675 1259 2732 seductoribus
1283 2719 1297 2742 ,
1325 2678 1571 2736 doctrinis
1595 2681 1706 2737 dte-

141 2765 404 2834 moniorum,
430 2769 483 2822 in
510 2769 787 2840 hypocrisi
810 2772 1074 2827 mendacia
1099 2774 1429 2843 loquentium,
1461 2780 1709 2834 canteria-

139 2866 219 2910 ttun
243 2856 514 2913 habentium
551 2862 915 2918 conscientiam
930 2881 1078 2920 suam
1093 2865 1136 2931 (1
1162 2865 1297 2922 Tim.
1327 2883 1404 2932 tv,
1426 2868 1498 2942 l).
1525 2871 1577 2925 in
1603 2873 1706 2928 hoc

137 2951 301 3020 Spiritu
327 2954 526 3024 positus
573 2971 720 3010 nemo
752 2973 991 3029 umquam
1019 2960 1140 3013 dicit
1179 2960 1452 3014 anathema
1479 2962 1605 3018 .lesu
1648 2964 1706 3038 (l

139 3042 228 3099 Cor.
255 3061 338 3110 xu,
363 3047 418 3120 5)
443 3063 458 3101 :
483 3062 662 3104 nemo
711 3051 925 3119 negavit
955 3052 1225 3106 Christum
1251 3053 1342 3108 Dei
1373 3053 1586 3120 Filium,
1614 3069 1707 3112 aut

38 3133 43 3188 ἶ
139 3139 388 3208 repudiavit
413 3157 534 3198 erea
557 3153 728 3198 torem
764 3143 927 3200 Deum
955 3165 966 3200 :
997 3161 1153 3202 nemo
1183 3159 1370 3206 contra
1399 3151 1705 3221 Scripturas

146 3233 226 3287 ulla
251 3249 334 3290 sua
371 3236 530 3292 verba
575 3237 848 3308 depromit
879 3257 1075 3296 :nemo
1103 3243 1205 3298 alia
1241 3255 1295 3299 et
1320 3247 1578 3317 Sacrilcga
1605 3247 1703 3303 de-

1832 640 1978 685 tores
2005 630 2259 696 ostendit,
2294 635 2568 706 improbos
2594 654 2807 709 quoque
2837 639 3096 713 corrigit,
3125 641 3425 700 Ecclesium

1829 721 2194 794 incorruptam
2239 738 2294 782 et
2335 727 2676 797 inviolatam,
2715 743 2987 804 perpetua:
3027 734 3346 807 virginitatis
3377 746 3432 794 et

1829 815 2069 870 veritatis
2098 819 2382 877 sanctitate
2408 823 2664 880 custodit.

2416 933 2644 992 CAPUT
2683 937 2854 994 XXX.

1829 1063 2056 1138 Denique
2103 1077 2349 1140 quantum
2396 1071 2523 1126 dicti
2565 1074 2792 1130 hteretici
2830 1081 3017 1132 erroris
3056 1081 3135 1134 sui
3177 1081 3426 1154 originem

1898 1157 2016 1213 inde
2035 1162 2319 1230 rapuerint,
2343 1165 2480 1235 quod
2505 1167 2962 1224 animadverterent
2987 1173 3232 1243 scriptum
3255 1191 3274 1229 :
3295 1191 3432 1231 unus

1903 1251 2044 1308 Deus
2067 1270 2081 1307 :
2106 1256 2197 1309 etsi
2224 1254 2480 1312 Christum
2513 1257 2674 1313 Deunt
2704 1273 2748 1314 et
2770 1262 2979 1317 Patrem
2998 1263 3160 1320 Deum
3177 1267 3430 1335 dicamus,

1897 1356 1999 1394 non
2027 1343 2189 1413 magis
2214 1353 2382 1398 tamen
2407 1347 2535 1402 duos
2563 1345 2704 1402 Deos
2734 1348 3063 1420 Scripturam
3104 1371 3392 1426 proponere
3413 1397 3426 1420 ,

1895 1447 2047 1500 quam
2073 1433 2202 1490 duos
2231 1434 2477 1492 Bantinos
2503 1450 2592 1492 aut
2618 1441 2746 1496 duos
2761 1441 3062 1514 Magistros.

1894 1589 1962 1644 Et
1990 1592 2010 1622 ³
2037 1593 2150 1646 Ιιτεο
2188 1594 2403 1663 quidem
2440 1595 2508 1652 de
2551 1598 2708 1654 Patre
2729 1611 2780 1655 et
2801 1600 2866 1656 de
2891 1602 3028 1658 Filio
3052 1613 3104 1658 et
3131 1605 3198 1660 de
3227 1607 3425 1678 Spiritu

1821 1680 2009 1736 sancto
2039 1683 2273 1740 breviter
2299 1687 2404 1742 sint
2432 1689 2588 1745 nobis
2617 1690 2779 1759 dicta,
2812 1701 2866 1748 ct
2889 1697 3116 1752 strictim
3150 1699 3340 1768 posita,
3371 1711 3428 1754 et

1821 1787 1926 1826 non
1957 1773 2109 1846 longa
2139 1775 2502 1846 disputatione
2534 1794 2796 1850 porrecta.
2841 1784 3036 1841 Latius-
3055 1789 3198 1844 enim
3231 1800 3422 1860 potue-

1821 1874 1947 1920 runt
1975 1869 2199 1939 porrigi,
2241 1881 2294 1925 et
2343 1873 2363 1902 θ
2409 1878 2760 1944 propensiore
2787 1878 3150 1950 disputatione
3175 1884 3416 1954 produci;

1819 1957 2250 2028 quandoquidem
2293 1963 2358 2040 ad
2403 1965 2803 2031 testimonium,
2843 1973 2985 2040 quod
3033 1975 3100 2028 ita
3133 1989 3192 2030 se
3233 1977 3428 2032 habent

1823 2045 1956 2102 ﬁdes
1988 2061 2142 2116 vera,
2175 2059 2344 2108 totum
2377 2066 2431 2110 et
2458 2057 2627 2134 Vetus
2675 2069 2727 2115 et
2773 2061 2982 2118 Novum
3013 2065 3419 2124 Testamentum

1821 2141 1991 2210 possit
2015 2143 2230 2198 adduci.
2261 2145 2368 2202 Sed
2395 2149 2517 2217 quia
2547 2149 2886 2209 obluctantes
2915 2156 3176 2212 adversus
3215 2161 3382 2214 verita
3401 2189 3418 2202 -

1821 2243 1925 2292 tem
1953 2254 2166 2306 semper
2210 2240 2474 2308 haeretici,
2502 2247 2730 2302 sincerae
2769 2251 3070 2307 traditionis
3111 2265 3166 2309 et
3213 2253 3416 2311 Catho-

1820 2333 1938 2390 licae
1965 2335 2534 2397 fidei‘controversiam
2579 2343 2756 2400 solent
2791 2347 3038 2413 trahere,
3073 2352 3416 2408 scandalizati

1821 2426 1874 2480 in
1899 2425 2172 2484 Christum
2198 2431 2339 2500 quod
2371 2433 2533 2489 etiam
2565 2435 2704 2492 Deus
2730 2448 2784 2492 et
2813 2454 2910 2508 per
2939 2440 3242 2513 Scripturas
3269 2459 3421 2500 asse-

1815 2529 1984 2588 ratur,
2015 2531 2068 2577 et
2102 2539 2131 2576 a
2161 2527 2317 2580 nobis
2361 2527 2462 2584 hoc
2499 2544 2620 2585 esse
2660 2531 2944 2599 credatur;
2980 2539 3172 2593 merito
3201 2554 3230 2592 a
3260 2541 3417 2594 nobis

1814 2615 1896 2685 (ut
1924 2617 2098 2671 omnis
2121 2634 2150 2672 a
2175 2619 2278 2675 fide
2305 2629 2484 2676 nostra
2511 2623 2710 2680 auferri
2741 2628 2906 2695 possit
2933 2628 3180 2686 haeretica
3209 2632 3416 2687 calum—

1813 2707 1924 2780 nia)
1949 2709 2016 2765 de
2041 2727 2106 2764 eo
2132 2711 2270 2780 quod
2299 2721 2352 2766 et
2384 2713 2522 2768 Dens
2548 2715 2618 2768 sit
2644 2715 2891 2772 Christus
2917 2720 2994 2775 sic
3019 2728 3102 2776 est
3129 2721 3413 2792 disputan-

1812 2801 1960 2865 dum,
1993 2813 2048 2856 ut
2078 2818 2184 2858 non
2227 2805 2485 2874 impediat
2521 2807 2812 2877 Scripturas
2845 2814 3152 2878 veritatem;
3187 2816 3282 2871 sed
3311 2831 3414 2872 nec

1812 2906 2050 2948 nostram
2093 2896 2290 2960 ﬁdem,
2344 2914 2448 2967 qua
2499 2916 2636 2956 unns
2693 2901 2832 2958 Deus
2881 2914 2935 2958 et
2975 2920 3072 2973 per
3109 2907 3414 2978 Scripturas

1811 2987 2126 3056 7prnmitur,
2159 3000 2212 3044 et
2239 3005 2267 3042 a
2315 2991 2468 3046 nobis
2495 2999 2709 3048 tenetur
2739 3005 2791 3049 et
2833 2997 3089 3053 creditur.
3117 2997 3248 3054 Tam
3266 3002 3410 3055 enim

1809 3076 1884 3131 illi
1915 3079 2002 3146 qui
2029 3078 2211 3134 Jesum
2237 3081 2506 3138 Christum
2545 3085 2718 3155 ipsum
2752 3089 2916 3142 Deum
2948 3090 3158 3144 Patrem
3187 3092 3370 3150 dicunt
3393 3138 3408 3156 ,

1809 3186 1965 3240 quam
1995 3172 2154 3227 etiam
2186 3174 2254 3228 illi
2283 3177 2370 3244 qui
2403 3176 2674 3232 hominem
2704 3179 2850 3234 illum
2891 3183 3260 3238 tantummodo
3286 3200 3407 3240 esse

1807 3263 2114 3329 Voluerunt,
2142 3271 2342 3323 erroris
2365 3271 2448 3324 sui
2469 3279 2525 3326 et
2546 3274 2912 3340 perversitatis
2937 3277 3173 3344 origines
3199 3288 3254 3333 et
3281 3293 3410 3334 cau-

148 3337 260 3383 creta
274 3331 539 3388 conSIituit
561 3348 575 3387 ε
597 3347 758 3387 nemo
777 3333 988 3390 diversa
1005 3338 1124 3404 jttt'a
1148 3341 1458 3396 conscribit.
1485 3341 1540 3397 In
1565 3343 1705 3399 hunc
1732 3343 1776 3406 C
1810 3369 1897 3408 sas
1931 3357 2054 3411 inde
2094 3371 2390 3429 rapuerunt
2417 3381 2429 3418 ε
2453 3365 2575 3432 quia
2607 3381 2728 3420 cum
2751 3367 3242 3424 animadverterent,
3268 3371 3408 3426 scri-

153 3422 345 3494 quisquis
369 3425 848 3498 hlasphemaverit,
876 3431 1226 3485 remissionem
1256 3449 1358 3487 non
1384 3434 1570 3502 habet,
1603 3453 1704 3492 non

151 3527 302 3576 tantum
319 3525 368 3579 in
391 3527 486 3581 isto
512 3529 728 3594 saeculo,
746 3543 918 3584 verum
940 3532 1092 3586 etiam
1113 3549 1202 3586 nec
1221 3534 1274 3586 in
1295 3537 1466 3605 futuro
1489 3534 1699 3608 (Matth.

147 3629 218 3682 xu,
238 3615 338 3691 52).
371 3620 462 3676 llic
487 3621 541 3676 in
570 3623 848 3692 Apostolis
874 3623 1088 3680 Cbrism
1119 3627 1479 3682 testimonium
1507 3629 1700 3695 reddit,

145 3707 184 3761 in
207 3709 498 3785 Martyribns
517 3726 862 3770 conStantem
888 3715 1042 3770 ﬁdem
1069 3719 1342 3790 religionis
1363 3722 1621 3788 ostendit,
1648 3725 1699 3780 in

145 3798 405 3872 Virginibus
444 3807 821 3864 admirabilem
863 3811 1246 3866 continentiam
1299 3813 1522 3886 signata:
1561 3815 1699 3872 ‘ca-

143 3894 300 3953 stitatis
327 3901 576 3970 includit,
617 3902 670 3956 in
709 3903 920 3958 cieteris
959 3903 1264 3975 incorrupta
1295 3917 1348 3962 et
1376 3908 1695 3964 incontami-

145 3999 238 4044 nata
271 3990 517 4050 doctrinae
565 3994 863 4050 Dominica:
917 3997 1034 4064 jura
1073 3997 1308 4052 custodit
1340 4039 1355 4061 ,
1409 3998 1693 4057 bmreticos

1811 3457 1954 3516 plum
1986 3463 2106 3504 esse
2132 3451 2274 3521 quod
2303 3470 2436 3508 unus
2461 3457 2525 3509 sit
2557 3455 2726 3523 Deus,
2756 3472 2862 3513 non
2899 3458 3056 3513 aliter
3087 3469 3409 3530 putaverunt

1807 3537 1964 3594 istam
1994 3550 2177 3597 tenere
2205 3559 2264 3600 se
2295 3557 2452 3614 posse
2479 3549 2830 3613 sententiam,
2867 3550 2968 3604 nisi
2997 3559 3091 3604 aut
3131 3552 3401 3607 hominem

1807 3641 2010 3690 tantum
2039 3636 2310 3692 Christum
2338 3683 2352 3704 ,
2389 3651 2479 3694 aut
2521 3651 2669 3698 certe
2713 3644 2882 3698 Deum
2915 3645 3128 3702 Patrem
3159 3657 3408 3718 putarent

1805 3740 1927 3782 esse
1951 3729 2306 3787 credendum.
2336 3731 2424 3788 Sic
2473 3735 2615 3789 enim
2651 3736 2949 3790 calumnias
2987 3755 3112 3792 snas
3151 3740 3406 3811 colligere

1803 3835 2218 3892 consueverunt,
2253 3838 2308 3881 ut
2328 3844 2566 3884 errorem
2597 3831 2870 3900 prOprium
2895 3833 3196 3902 approbare
3227 3834 3406 3889 nitan-

1801 3921 1906 3968 tur.
1932 3915 1993 3970 Et
2014 3918 2226 3987 quidem
2254 3920 2328 3974 illi
2351 3921 2637 3992 quiJesum
2664 3921 2935 3978 Christum
2961 3924 3168 3979 Patrem
3192 3925 3402 3992 dicunt,

1800 4008 1898 4063 ista
1941 4013 2283 4080 praetendunt
2333 4031 2346 4066 :
2393 4015 2447 4070 Si
2477 4016 2498 4046 ⁸
2527 4030 2664 4070 unus
2725 4016 2898 4080 Deus;
2929 4015 3175 4072 Christus
3222 4029 3400 4075 autem

1275 4110 1461 4167 GALL
1482 4113 1652 4171 \NDII
1703 4119 2262 4186 COMMENTARIUS.

201 4198 213 4228 ‘
247 4198 445 4276 Fugatt
474 4203 566 4258 Sic
627 4213 772 4258 reete
829 4201 1136 4258 emendavit
1175 4203 1327 4259 editt.
1366 4207 1498 4276 fugit
1546 4207 1698 4265 Wel-

143 4272 378 4328 climanns.
419 4273 680 4332 .lttcsson.

198 4344 213 4372 ²
247 4341 394 4400 Idam.
427 4347 502 4402 lta
537 4345 826 4400 Pamelius.
859 4346 942 4401 Al.
977 4348 1116 4401 item.

203 4411 458 4490 ‘_Spirittts
501 4418 698 4486 Proplt.
745 4419 1024 4472 Cousentit
1062 4426 1250 4473 auctor
1286 4434 1420 4490 cum
1478 4420 1696 4490 vulgato

154 4479 297 4540 Latina
325 4479 622 4582 interprete
646 4529 662 4556 ,
693 4491 1036 4558 quantumvis
1079 4490 1238 4546 hodie
1266 4489 1456 4547 Graece
1487 4479 1696 4564 legatur
1721 4523 1774 4582 D

150 4577 368 4647 ﬁ'IC‘tlfrlffv...
410 4561 619 4647 ῘξΑΜΙΞιο
759 4641 768 4647 _
1047 4634 1078 4647 ,Α
1137 4634 1150 4647 ,
1231 4633 1262 4647 ._
1309 4635 1338 4647 ,.
1445 4634 1477 4647 ..

203 4626 490 4688 ‘Castitatis.
544 4633 620 4688 Ita
661 4641 807 4688 reetc
849 4633 1364 4690 correxitrharitatis
1391 4634 1522 4692 edit.
1549 4635 1696 4692 Wel-

84 4722 95 4733 -
134 4693 380 4766 Manus.
420 4704 672 4760 incuses.

114 4766 153 4797 "
323 4773 494 4846 XXX.
513 4806 586 4816 —
603 4777 622 4807 ³
640 4776 702 4830 Et
717 4777 826 4830 haec
843 4777 1177 4846 quident,etc.
1195 4775 1449 4843 Queritur
1463 4779 1584 4834 heie
1599 4779 1700 4834 Pa-

149 4841 304 4921 tttelins
319 4843 569 4921 Spiritum
589 4841 878 4921 sanctuma
906 4841 1200 4902 Novatiano
1215 4841 1379 4905 Deum
1397 4866 1500 4904 non
1519 4851 1702 4921 appel-

146 4907 536 4993 Lari.iice'ttllatit
565 4920 681 4993 ejus
711 4921 1038 4993 intentionem
1063 4921 1382 4993 fieri,quum
1404 4907 1614 4978 Patrem
1645 4933 1700 4977 et

147 4979 302 5038 Filium
317 5004 473 5062 unum
493 4979 610 5046 esse
627 4992 790 5045 Deum
807 4991 975 5046 hocce
999 4993 1048 5045 in
1065 4979 1447 5062 capiie'auctor
1473 4994 1700 5049 demon-

147 5061 271 5136 strat.
301 5059 544 5136 Sanctum
573 5062 787 5136 quidem
817 5063 1075 5136 Spiritum
1098 5059 1432 5136 nominatim
1475 5083 1582 5120 non
1603 5083 1698 5136 ap-

147 5124 284 5193 pullat
307 5129 458 5184 Deum
483 5124 812 5188 Novatianns
833 5151 847 5187 :
872 5136 967 5190 sed
990 5135 1058 5190 de
1078 5135 1218 5190 illius
1235 5135 1406 5191 divina
1419 5124 1700 5193 a'tcrnittite

147 5191 188 5246 iu
227 5213 328 5266 cap.
363 5202 696 5273 przecedcnle
726 5221 831 5258 non
882 5207 1042 5273 silet,
1070 5218 1123 5262 et
1156 5207 1320 5262 Deum
1365 5191 1488 5264 esse
1517 5209 1699 5264 multis

146 5272 433 5349 argumentis
479 5275 690 5349 probat.
741 5277 878 5342 Quid
919 5272 1059 5332 enim
1093 5279 1140 5333 ei
1184 5280 1514 5349 propositum
1567 5291 1688 5343 est,

145 5347 277 5420 quam
305 5341 654 5420 divinaillius
682 5341 936 5402 attributa
969 5341 1203 5403 defendii
1229 5365 1242 5402 :
1271 5341 1371 5404 tiisi
1399 5361 1453 5404 ut
1485 5341 1693 5420 probet,

145 5407 260 5490 quod
282 5425 336 5490 se
366 5415 708 5490 probaturum
734 5421 1076 5490 promiserat,
1098 5433 1292 5488 nempe
1314 5407 1567 5490 oportere
1591 5407 1700 5476 ore;

144 5475 240 5531 dere
258 5475 397 5538 etiam
417 5487 469 5540 in
499 5475 756 5554 Spiritum
781 5500 1030 5554 sanctum,
1055 5475 1116 5544 ac
1139 5475 1366 5560 proinde
1389 5509 1508 5546 eum
1535 5509 1695 5548 unum

144 5557 550 5634 esse_ctu.n.Patre
585 5563 793 5634 etrFilio
819 5563 981 5616 Deum
1001 5561 1025 5612 ’ἶ
1050 5557 1203 5617 Unde
1227 5563 1388 5618 etiam
1414 5575 1694 5634 postquam

144 5631 192 5696 θῇ
215 5621 422 5702 absolvit
461 5646 581 5702 qua:
629 5633 696 5685 de
725 5633 923 5702 Spiritu
952 5641 1140 5686 sancto
1169 5634 1351 5688 dicere
1401 5621 1658 5690 statuerat
1679 5677 1694 5698 ,

141 5691 366 5787 ᾖξὶηῑιξρ
407 5691 796 5787 hujus-capitis
838 5714 1246 5787 tresnp‘ersonas
1292 5691 1697 5787 etinjpngit:Et

211 5769 524 5848 coquidentde
544 5769 738 5848 _Patr_e,
771 5785 814 5827 et
846 5774 908 5826 de
939 5769 1095 5848 (filio,
1127 5788 1171 5830 et
1199 5777 1262 5830 de
1290 5769 1694 5848 Spiﬁtuvsuucto

92 5868 101 5877 .
152 5824 488 5916 b‘rerit'eratobis
515 5824 810 5898 sintdicta..—
829 5824 1262 5913 Quo—dsi-

159 5899 289 5962 detur
309 5907 620 5970 Novatiunus
637 5955 651 5982 ,
678 5917 802 5976 dum
826 5899 1038 5974 Datrcm
1089 5899 1159 5973 et:
1184 5899 1376 5980 Filium
1399 5899 1692 5980 duoduos

1805 4231 1926 4299 esse
1952 4221 2112 4299 Deos,
2137 4222 2232 4278 sed
2255 4239 2418 4299 unum
2447 4226 2717 4299 ostendit;
2747 4242 2849 4281 non
2875 4227 3091 4299 aliunde
3111 4233 3400 4299 qumrenda

1804 4289 1960 4364 hujus
1991 4294 2066 4364 rei
2089 4308 2270 4356 causa,
2296 4296 2398 4348 nisi
2421 4295 2562 4364 quod
2592 4298 2640 4349 in
2661 4289 2948 4352 evertenda
2977 4298 3093 4354 Filii
3122 4289 3404 4360 divinitate

1801 4362 1976 4414 omnis
2001 4362 2373 4419 baircticorum
2396 4362 2620 4420 conatus
2649 4369 2979 4423 versabatur.
3009 4371 3139 4424 Nam
3161 4373 3202 4426 si
3227 4377 3398 4430 semel

1800 4432 2122 4507 probassent
2152 4435 2340 4490 Filium
2376 4451 2478 4491 non
2511 4451 2631 4490 esse
2663 4454 2826 4493 tantum
2853 4455 2974 4494 cum
3003 4441 3157 4495 Patre
3193 4443 3358 4499 Deum
3387 4463 3401 4507 ;

1802 4503 1988 4558 eadem
2015 4521 2176 4576 opera
2206 4508 2462 4576 Spiritum
2487 4517 2730 4563 sanctum
2753 4525 2781 4562 a
2815 4511 3014 4566 Divitior
3044 4521 3249 4568 natura:
3273 4503 3404 4570 con;

1805 4577 1974 4648 sortiti
2001 4577 2404 4635 dissociasseut.
2449 4579 2539 4634 Sic
2580 4582 2741 4634 etiam
2789 4583 2955 4638 semel
2997 4585 3401 4648 dentonstrato,

1807 4645 2020 4720 Patrem
2055 4658 2108 4704 et
2136 4650 2326 4704 Filium
2359 4667 2448 4720 per
2471 4651 2768 4706 substantia:
2793 4657 3195 4709 communionem
3213 4697 3225 4718 ,
3252 4665 3310 4710 ut
3328 4645 3408 4711 ait

1806 4716 2155 4798 ploratianus,
2181 4737 2345 4798 unum
2359 4716 2492 4798 esse
2510 4723 2722 4798 Deum;
2753 4739 2856 4778 neu
2877 4725 2986 4798 jam
3015 4716 3296 4798 superaret
3315 4727 3408 4782 du-

1806 4788 2008 4846 bitandi
2046 4794 2224 4868 locus,
2259 4796 2386 4868 quin
2430 4795 2662 4868 Spiritus
2702 4788 3400 4868 sancti'diviniiasinequa-

1805 4875 1962 4931 quam
1993 4873 2099 4919 tres
2118 4865 2254 4920 Deos
2281 4866 2544 4922 efficeret.
2587 4867 2796 4923 MARAN.
2828 4868 3002 4922 Divin.
3035 4867 3104 4922 Β.
3139 4867 3212 4923 Ν.
3243 4865 3300 4924 J.
3335 4867 3397 4924 C.

1807 4933 1902 5008 lib.
1931 4950 2001 5008 ty,
2033 4953 2149 5006 cap.
2189 4937 2272 5000 l9,
2305 4936 2332 5008 §
2361 4937 2444 5000 111,
2483 4953 2600 5008 pag.
2631 4939 2758 4994 52L

1878 5006 1898 5036 °
1936 5004 2346 5076 Propénsioreft
2375 5025 2434 5062 ro
2465 5004 2613 5063 eeriii
2666 5009 2828 5064 habet
2871 5009 3172 5066 Jacksonus
3208 5021 3398 5067 aucto-

1807 5092 1920 5130 rem
1948 5081 2230 5146 scripsisse
2255 5085 2607 5148 propansiore.
2640 5080 2744 5135 Sed
2777 5081 2976 5135 fallitur
3009 5085 3087 5135 v'ir
3107 5083 3354 5138 eruditus
3382 5125 3396 5148 ,

1806 5163 1964 5221 unam
1994 5151 2152 5221 hujus
2193 5151 2338 5204 vocis
2368 5151 2809 5221 significationem
2857 5152 3273 5221 frequentiorem
3315 5167 3407 5208 at-

1805 5220 2050 5275 tendens.
2087 5220 2380 5294 Propensus
2398 5223 2547 5294 enim
2579 5221 2904 5294 quandoque
2932 5220 3162 5278 sumitur
3190 5239 3287 5294 pro
3315 5241 3404 5279 ea:-

1803 5302 1943 5345 tenso
1966 5309 1984 5346 :
2007 5309 2113 5363 quo
2143 5307 2301 5348 sensu
2326 5292 2443 5348 heie
2464 5295 2694 5348 sumitur
2713 5309 2743 5348 a
2765 5292 3081 5349 Neratiano.
3113 5292 3266 5351 Pers.
3295 5307 3400 5352 sat.

1804 5363 1845 5429 Ι,
1874 5380 2014 5419 vers.
2039 5363 2127 5418 57.

2393 5479 2512 5530 Cum
2539 5481 2646 5540 tibi,
2669 5480 2808 5531 calve

1957 5542 2160 5603 Pinguis
2181 5541 2482 5604 aqualiculus
2503 5556 2746 5606 prolis-nso
2766 5545 3064 5608 sesquipede
3091 5549 3274 5596 exstet.

1802 5626 1858 5682 ld
1889 5636 1970 5682 est
1992 5646 2004 5680 :
2029 5629 2162 5682 Cum
2205 5626 2531 5682 abundantia
2559 5629 2802 5683 ciborum
2833 5630 3044 5698 pinguis
3073 5631 3170 5698 sis,
3195 5642 3249 5685 et
3275 5645 3404 5687 ven-

1801 5699 2162 5770 tremjiaheas
2185 5699 2324 5770 ultra
2349 5715 2440 5754 sex
2468 5701 2965 5770 pedesextensum.

1873 5773 1892 5802 ⁷
1934 5767 2221 5824 Promitur.
2279 5769 2356 5823 Ita
2409 5767 2554 5824 recte
2582 5769 2988 5836 Welcbmzmns,
3018 5789 3178 5842 quem
3221 5776 3402 5843 sequi-

1802 5853 1890 5898 tttr
1917 5853 1969 5894 et
1997 5839 2298 5895 Jacksouus
2316 5883 2328 5906 ,
2362 5858 2459 5913 pro
2485 5844 2636 5913 editt.
2675 5843 3006 5910 promittitur.

1873 5915 1895 5945 ⁸
1922 5913 1981 5972 Si
2027 5929 2158 5967 unus
2210 5911 2375 5968 Deus.—
2410 5914 2499 5971 Sic
2528 5928 2587 5968 sc
2609 5911 2770 5966 habet
2790 5913 2956 5970 editio
2978 5914 3228 5983 Pamelii,
3250 5930 3406 5988 quam
