3716 6272
190 365 279 424 ιιι)

1397 348 1487 417 DE
1525 352 1900 421 TRINITATE
1938 360 2163 423 LIBER.

3342 376 3450 434 950

187 488 256 539 est
278 479 452 542 bonus,
480 486 575 545 per
601 472 732 530 illud
783 473 924 544 quod
969 474 1142 530 bonus
1199 476 1270 530 sit
1324 484 1659 547 nuncupatus
1697 480 1753 533 et
1779 480 1829 540 Α
1856 477 2113 549 originem
2139 479 2300 538 habet
2324 495 2427 555 qua
2456 484 2713 557 nascitur)
2748 487 2768 517 θ
2798 486 3002 544 vicinus
3052 488 3106 543 in
3134 486 3442 556 nativitate,

188 572 404 629 Christus
436 584 450 622 :
492 567 679 622 eadem
720 566 931 623 ratione
958 567 1258 638 intelligant
1285 568 1427 625 offici
1456 582 1560 624 non
1592 583 1751 641 posse

185 669 200 699 ³
222 664 282 720 ab
311 661 397 719 illo
430 660 569 731 quod
595 677 738 717 unus
763 669 845 717 est
894 661 1066 730 Deus,
1099 662 1147 719 ei
1176 660 1315 733 quod
1350 658 1487 718 Deus
1517 674 1750 731 pronun-

180 757 319 814 tiatus
340 761 418 811 est
440 763 494 810 et
522 752 790 810 Christus.

708 845 938 903 CAPUT
975 844 1172 902 XXXI.

185 945 273 1005 Sed
297 939 378 999 Dei
407 940 601 996 Filium
619 938 808 1007 Deum,
833 959 895 998 ea:
926 942 1031 997 Deo
1059 941 1221 997 Patre
1243 941 1306 997 ab
1332 951 1521 998 (eterna
1547 951 1743 1010 natum,

239 1039 311 1113 qui
332 1049 516 1106 semper
540 1036 598 1091 in
631 1034 795 1091 Patre
824 1036 1015 1108 fuerit,
1043 1039 1317 1092 secundam
1350 1053 1621 1107 personam
1638 1050 1743 1092 esse

233 1146 261 1186 ιι
303 1125 480 1194 Patre,
533 1124 623 1195 qui
673 1124 807 1182 nihil
835 1136 956 1199 ngat
983 1128 1091 1184 sine
1123 1122 1297 1184 Patris
1326 1127 1574 1194 arbitrio;
1605 1142 1744 1183 eunt~

226 1223 325 1278 dem
360 1230 404 1275 et
440 1218 754 1288 Dominum,
788 1229 834 1276 et
864 1221 1114 1294 Angeium
1145 1223 1316 1294 magni
1335 1219 1430 1276 Dei
1442 1222 1666 1286 consilii;
1690 1222 1744 1276 in

219 1332 351 1387 quem
387 1311 559 1371 Patris
590 1315 836 1371 divinitas
868 1332 958 1387 per
987 1310 1284 1372 substantia:
1336 1314 1741 1371 communionem

217 1410 277 1465 sit
304 1409 505 1463 tradita.
1528 1402 1529 1405 ‘

216 1502 304 1561 Est
329 1517 455 1574 ergo
484 1502 630 1558 Deus
662 1503 825 1559 Pater
854 1505 1091 1558 omnium
1116 1502 1391 1559 institutor
1416 1513 1472 1560 et
1497 1512 1733 1571 creator,

157 1595 549 1667 solusoriginem
569 1596 844 1660 nesciens,
864 1596 1161 1658 invisibilis.
1178 1597 1498 1660 immensus,
1517 1596 1740 1653 immor-

159 1690 568 1758 tslis,a:tcrnus,
590 1704 733 1744 unus
757 1688 935 1751 Deus;
968 1687 1121 1762 cujus
1154 1704 1329 1760 neque
1359 1685 1737 1761 magnitudini,

158 1798 305 1854 neque
331 1781 624 1853 majestati,
661 1797 840 1853 neque
868 1783 1047 1838 virtuti
1066 1782 1355 1854 quidquam
1389 1796 1492 1838 non
1508 1782 1738 1839 dixerim

1855 571 1983 627 dum
2006 590 2070 629 ex
2100 588 2165 630 eo
2190 576 2345 631 Patre
2366 578 2454 648 qui
2480 578 2737 649 originem
2761 580 2908 635 solus
2936 595 3045 635 non
3066 578 3244 647 habet,
3273 580 3450 635 nasci-

1859 676 1960 721 tur.
2000 667 2092 722 llic
2118 684 2244 739 ergo
2277 670 2491 739 quando
2517 671 2677 727 Pater
2707 672 2901 738 voluit,
2938 673 3201 744 processit
3228 688 3295 728 ex
3336 672 3448 727 Pam

1855 767 1936 814 tre
1966 776 1979 812 :
2008 768 2062 814 et
2091 762 2174 830 qui
2209 763 2261 816 in
2294 760 2448 818 l'atre
2481 763 2608 831 fuit,
2644 766 2907 835 processit
2928 782 2994 820 ex
3024 765 3181 821 Patre
3218 783 3232 818 :
3278 774 3332 820 et
3352 766 3445 837 qui

1852 852 1905 906 in
1936 851 2097 907 Patre
2122 853 2245 919 iuit,
2283 854 2403 925 quia
2437 872 2502 911 ex
2533 856 2692 913 Patre
2720 858 2838 924 fuit,
2868 875 2990 914 cum
3024 858 3181 915 Patre
3210 869 3447 928 posme-

1851 944 1978 999 dum
2004 945 2119 1009 fuit,
2149 947 2269 1016 quia
2292 964 2355 1003 ex
2385 948 2541 1004 Patre
2570 953 2835 1020 processit
2863 969 2875 1006 :
2906 953 3206 1008 substantia
3232 952 3447 1009 scilicet

1851 1037 1939 1092 illa
1969 1038 2167 1107 divina,
2198 1042 2350 1110 cujus
2380 1058 2574 1098 nomen
2602 1056 2682 1100 cst
2707 1043 2944 1101 Verbum
2967 1090 2981 1115 ,
3016 1062 3112 1117 per
3140 1046 3283 1117 quod
3313 1046 3449 1104 facta

1850 1136 1973 1185 sunt
2012 1133 2229 1199 omnia,
2280 1142 2332 1188 ct
2358 1133 2473 1191 sine
2523 1151 2629 1205 quo
2684 1135 2882 1192 factum
2923 1147 3005 1194 est
3055 1137 3209 1193 nihil.
3257 1138 3447 1194 Omnia

1852 1225 1995 1280 enim
2046 1238 2167 1297 post
2222 1228 2395 1298 ipsum
2453 1239 2613 1297 sunt,
2672 1232 2795 1301 quia
2840 1246 2936 1301 per
2992 1232 3164 1303 ipsum
3202 1242 3349 1288 sunt.
3382 1233 3452 1289 Et

1847 1319 2042 1376 merito
2098 1322 2211 1392 ipse
2267 1331 2351 1377 est
2401 1334 2525 1378 ante
2579 1326 2779 1391 omnia,
2812 1320 2833 1356 ν
2879 1325 2973 1380 sed
3030 1334 3152 1397 post
3196 1326 3446 1391 Patrem,

1847 1416 2061 1486 quando
2091 1431 2186 1487 per
2216 1416 2363 1472 illum
2394 1417 2529 1473 facta
2559 1430 2683 1474 sunt
2716 1421 2893 1475 omnia
2917 1461 2932 1484 ,
2962 1419 3052 1491 qui
3080 1420 3342 1490 processit
3371 1435 3439 1477 ex

1845 1522 1934 1572 eo,
1967 1523 2032 1563 ex
2061 1507 2214 1578 cujus
2245 1510 2522 1566 voluntate
2555 1511 2688 1566 laeta
2721 1521 2846 1566 sunt
2868 1512 3070 1566 omnia.
3098 1512 3240 1568 Deus
3262 1513 3445 1584 utique

1846 1600 2149 1672 procedens
2203 1617 2272 1657 ex
2318 1603 2464 1669 Deo,
2517 1604 2809 1660 secundum
2863 1618 3148 1674 personam
3207 1603 3449 1661 efticiens

1843 1700 1967 1763 post
1997 1693 2208 1749 Patrem
2241 1708 2343 1765 qua
2377 1692 2580 1760 Filius;
2611 1695 2702 1749 sed
2728 1711 2833 1751 non
2861 1696 3095 1766 eripiens
3114 1696 3241 1751 illud
3269 1697 3448 1766 Patri,

1843 1786 1983 1857 quod
2015 1803 2151 1841 unus
2181 1796 2263 1842 est
2293 1786 2451 1842 Deus.
2484 1787 2541 1843 Si
2572 1788 2714 1842 enim
2758 1798 2915 1843 natus
2948 1802 3056 1843 non
3104 1787 3325 1855 fuisset;
3357 1789 3441 1843 in-

155 1875 395 1948 praeferri,
422 1874 519 1931 sed
545 1876 968 1945 neceomparari
1003 1883 1179 1944 potest
1205 1876 1244 1929 ί.
1271 1874 1350 1931 Ex
1375 1886 1499 1946 quo,
1520 1872 1736 1949 quando
1764 1882 1813 1942 B
1841 1885 1998 1933 natus
2025 1888 2370 1948 comparatus
2400 1888 2521 1933 eum
2551 1894 2616 1933 eu
2646 1878 2736 1950 qui
2767 1881 2788 1911 ⁸
2817 1890 2961 1935 esset
2989 1880 3229 1939 innatus.
3254 1894 3444 1950 :equa-

155 1971 252 2039 ipse
278 1968 458 2035 voluit,
484 1965 687 2024 Sermo
712 1969 878 2024 Filius
906 1980 1063 2024 natus
1096 1978 1180 2025 est
1209 1986 1227 2024 :
1257 1969 1348 2040 qui
1379 1985 1485 2024 non
1512 1968 1565 2024 in
1599 1983 1735 2025 sono

155 2060 371 2133 percussi
414 2061 596 2129 aeris,
637 2070 733 2116 aut
782 2069 911 2117 tono
938 2072 1142 2117 coactat
1180 2061 1246 2117 de
1269 2061 1566 2117 visceribus
1588 2061 1735 2117 vocis

149 2154 414 2225 accipitur;
447 2153 546 2209 sed
596 2155 656 2209 in
689 2155 985 2211 substantia
1029 2155 1252 2224 prolatae
1283 2170 1312 2209 a
1362 2156 1472 2210 Deo
1518 2154 1735 2210 virtutis

152 2246 435 2320 agnoscitur
468 2264 481 2302 :
513 2248 680 2319 cujus
705 2262 875 2306 sacrze
910 2259 961 2303 et
990 2247 1186 2304 divinae
1217 2246 1508 2304 nativitatis
1540 2262 1733 2303 arcana

153 2358 236 2400 nec
267 2342 561 2413 Apostolus
591 2343 817 2408 didicit,
851 2359 950 2399 nec
982 2343 1280 2414 Prophetes
1308 2345 1603 2414 comperit,
1638 2359 1737 2399 nec

153 2438 361 2510 Angelus
388 2437 568 2505 scivit,
604 2454 711 2494 nec
737 2447 982 2493 creatura
1008 2438 1289 2509 cognovit;
1322 2435 1454 2492 Filio
1477 2434 1579 2492 soli
1608 2445 1733 2491 nota

155 2531 365 2602 suntqui
402 2530 579 2586 Patris
625 2539 833 2587 secreta
875 2531 1144 2602 cognoitit.
1190 2528 1288 2585 Hic
1316 2545 1482 2602 ergo,
1515 2544 1633 2585 cum
1667 2528 1737 2584 sit

157 2625 335 2696 genitus
361 2639 391 2679 a
421 2622 587 2679 Patre
610 2666 628 2691 ,
661 2638 877 2694 semper
902 2632 982 2678 est
1012 2624 1063 2677 in
1092 2623 1266 2678 Patre.
1300 2620 1529 2693 Semper
1555 2633 1735 2677 autem

156 2722 219 2775 sic
242 2719 386 2785 dico,
426 2728 482 2773 ut
516 2734 629 2773 non
662 2718 902 2773 innatum
928 2759 942 2783 ,
986 2716 1082 2773 sed
1118 2727 1299 2773 natum
1349 2717 1592 2787 probem.
1628 2715 1736 2772 Sed

160 2813 231 2884 qui
266 2822 384 2869 ante
413 2827 579 2869 omne
631 2822 844 2882 tempus
884 2820 999 2877 est,
1043 2826 1260 2881 semper
1287 2811 1338 2865 in
1383 2809 1544 2865 Patre
1574 2809 1736 2867 fuisse

161 2905 386 2962 dicendus
402 2914 499 2961 .est
528 2925 541 2961 :
580 2922 689 2962 nec
710 2905 851 2960 enim
884 2914 1095 2975 tempus
1135 2904 1210 2959 illi
1236 2904 1495 2975 assignari
1524 2913 1734 2976 potest,

163 2998 235 3069 qui
265 3007 379 3054 ante
409 3008 632 3068 tempus
658 3008 761 3053 est.
802 2996 1031 3068 Semper
1059 2997 1201 3053 enim
1230 2997 1281 3052 iu
1312 2997 1507 3062 Patre;
1537 3012 1604 3051 ne
1636 2997 1739 3052 Pa-

164 3098 229 3145 ter
252 3105 346 3144 non
382 3106 604 3161 semper
638 3091 707 3145 sit
741 3090 900 3146 Pater
934 3107 946 3144 :
983 3091 1002 3120 ³
1057 3092 1185 3161 quin
1213 3100 1267 3146 et
1324 3091 1344 3122 ³
1397 3091 1553 3146 Pater
1584 3090 1732 3146 illum

165 3182 299 3237 etiam
325 3183 579 3255 (quadam
625 3182 859 3256 ratione)
895 3184 1183 3254 praecedit,
1228 3183 1370 3255 quod
1401 3198 1623 3240 necesse
1655 3192 1739 3239 est

1840 1974 1990 2029 tione
2021 1973 2072 2027 in
2119 1981 2349 2042 utroque
2391 1980 2641 2037 ostensa,
2689 1972 2826 2027 duos
2873 1971 3072 2028 faceret
3117 1973 3359 2040 innatus,
3394 1984 3448 2031 et

1840 2066 1961 2121 ideo
1982 2065 2117 2121 duos
2135 2066 2334 2121 faceret
2365 2065 2523 2121 Deos.
2549 2064 2606 2120 Si
2636 2079 2741 2120 non
2772 2066 2982 2137 genitus
3003 2076 3180 2132 esset;
3210 2066 3439 2124 collatus

1839 2174 1959 2214 cum
1991 2174 2057 2214 eo
2086 2158 2176 2229 qui
2205 2158 2421 2229 genitus
2466 2174 2573 2213 non
2605 2167 2778 2226 esset,
2829 2168 2883 2213 et
2928 2159 3164 2231 :equales
3206 2159 3436 2228 inventi,

1839 2250 1973 2305 duos
2004 2249 2141 2305 Deos
2193 2251 2384 2305 merito
2432 2249 2797 2305 reddidissent
2848 2265 2955 2305 non
3013 2252 3223 2322 geniti;
3277 2262 3439 2323 atque

1841 2345 1963 2401 ideo
1987 2343 2121 2399 duos
2147 2343 2395 2399 Christus
2425 2343 2750 2400 reddidisset
2795 2344 2959 2401 Deos.
2992 2345 3048 2400 Si
3090 2346 3210 2401 sine
3232 2325 3447 2417 origine

1841 2447 1984 2492 esset
2016 2444 2070 2491 ut
2104 2436 2283 2503 Pater,
2318 2434 2588 2503 inventus,
2623 2444 2677 2491 et
2708 2437 2825 2507 ipso
2852 2436 3171 2509 principium
3206 2439 3446 2494 omnium

1841 2540 1895 2584 ut
1942 2529 2134 2597 Pater,
2184 2526 2291 2584 duo
2346 2528 2548 2584 faciens
2594 2529 2894 2601 principia;
2944 2530 3081 2587 duos
3126 2532 3453 2587 ostendisset

1843 2623 1995 2678 nobis
2022 2631 2423 2694 consequenter
2467 2633 2518 2679 et
2573 2624 2732 2679 Deos.
2768 2624 2875 2682 Aut
2906 2626 2949 2680 si
3000 2635 3054 2681 et
3100 2626 3216 2699 ipse
3266 2627 3439 2682 Filius

1841 2731 1946 2771 non
1979 2727 2142 2783 esset,
2175 2716 2267 2771 sed
2299 2714 2753 2788 Patergencrans
2780 2715 2847 2771 de
2873 2732 2931 2772 se
2955 2718 3184 2773 alterum
3215 2717 3444 2785 Filium;

1853 2809 2049 2864 merito
2076 2809 2307 2864 collatus
2337 2823 2458 2864 eum
2489 2809 2649 2864 Patre
2675 2820 2727 2864 et
2759 2818 2934 2864 tantus
2963 2809 3280 2877 denotatus,
3315 2810 3452 2866 duos

1841 2900 2029 2956 Patres
2075 2899 2344 2956 effecisset
2393 2919 2405 2956 :
2453 2910 2507 2955 et
2553 2900 2674 2956 ideo
2712 2900 2848 2955 duos
2887 2901 3242 2971 approbasset
3284 2903 3445 2958 etiam

1843 2995 2003 3051 Deos.
2034 2998 2053 3028 °
2085 2995 2138 3050 Si
2170 2993 2451 3050 invisibilis
2491 2993 2716 3061 fuisset,
2745 3010 2866 3050 cum
2915 2994 3171 3050 invisibili
3215 2995 3447 3051 collatus

1843 3104 1940 3159 par
1967 3102 2255 3158 expressus
2277 3131 2289 3151 ,
2324 3088 2460 3143 duos
2491 3087 2789 3144 invisibiles
2834 3088 3160 3144 ostendisset
3186 3106 3199 3154 ;
3231 3100 3285 3145 et
3326 3088 3448 3145 ideo

1841 3182 1980 3237 duos
2018 3181 2425 3252 comprobasset
2453 3192 2507 3237 et
2550 3181 2714 3238 Deos.
2749 3182 2805 3238 Si
2839 3181 3443 3252 incomprehensibilis,

167 3274 583 3349 (quodammodo)
640 3278 787 3347 prior
840 3277 910 3332 sit
959 3292 1063 3348 qua
1122 3278 1281 3333 Pater
1332 3278 1423 3333 sit.
1470 3278 1735 3347 Quoniam
1764 3281 1810 3344 C
1842 3277 1887 3334 si
1916 3286 2176 3333 ctcmtera
2201 3291 2552 3347 quacumque
2578 3284 2701 3331 sunt
2723 3275 3165 3342 Patris;merito,
3196 3272 3445 3344 dicimus,

168 3368 327 3443 (aliquo
357 3370 534 3443 pacto)
582 3371 864 3427 antecedat
904 3386 1127 3427 necesse
1168 3380 1251 3428 est
1302 3387 1423 3426 eum
1458 3372 1547 3443 qui
1580 3371 1742 3427 habet

167 3463 418 3533 originem,
449 3466 558 3521 ille
602 3467 690 3535 qui
736 3467 997 3536 originem
1030 3466 1217 3521 nescit.
1261 3466 1429 3521 Simul
1487 3468 1507 3499 ⁵
1553 3475 1610 3522 ut
1653 3466 1739 3523 hic

167 3554 310 3611 minor
335 3558 420 3622 sit,
449 3557 594 3613 dum
616 3557 671 3611 in
705 3557 798 3611 illo
825 3571 946 3612 esse
974 3572 1032 3612 se
1057 3558 1176 3622 scit,
1208 3557 1413 3612 habens
1445 3558 1735 3627 originem,

169 3649 269 3720 quia
292 3653 518 3709 nascitur
547 3669 563 3721 ;
592 3663 646 3709 et
676 3668 771 3724 per
802 3653 1015 3709 Patrem
1044 3652 1443 3725 quodammodo
1473 3655 1739 3728 (quamvis

1845 3371 2073 3426 duorum
2129 3369 2361 3424 Deorum
2396 3385 2555 3439 quam
2605 3369 2694 3424 isti
2743 3368 3090 3441 confingunt,
3126 3380 3442 3426 controver-

1845 3464 1979 3523 siam
2019 3463 2351 3519 suscitasset.
2394 3462 2544 3518 Nunc
2573 3474 2753 3517 autem
2802 3462 3060 3533 quidquid
3093 3473 3207 3527 est,
3239 3478 3344 3518 non
3374 3480 3442 3519 ex

1845 3572 1905 3613 se
1931 3567 2045 3622 est,
2077 3558 2197 3627 quia
2228 3572 2329 3611 nec
2355 3557 2570 3610 innatus
2599 3564 2715 3620 est;
2747 3556 2841 3611 sed
2868 3571 2931 3610 ex
2976 3556 3133 3610 Patre
3159 3563 3273 3621 est,
3319 3557 3447 3625 quia

1844 3649 2060 3722 genitus
2090 3658 2173 3705 est
2204 3667 2216 3702 :
2250 3648 2365 3703 sive
2390 3646 2518 3703 dum
2547 3645 2784 3701 Verbum
2813 3655 2923 3707 est,
2960 3645 3073 3701 sive
3113 3646 3239 3702 dum
3263 3645 3450 3706 Virtus

1252 3770 1628 3826 GALLANDII
1665 3764 2231 3826 COMMENTARIUS.

171 3898 252 3937 ms.
276 3883 509 3941 Britann.
551 3900 709 3955 quam
756 3886 996 3955 sequitur
1031 3884 1349 3942 Jacksonus.
1396 3886 1467 3943 At
1507 3886 1732 3943 Welch-

172 3970 332 4027 manus
370 3973 433 4013 ex
471 3957 747 4027 Gagnzeo,
780 3974 938 4027 neque
966 3956 1061 4011 illi.
1094 3959 1260 4014 Paulo
1293 3968 1410 4027 post
1435 3958 1733 4015 Jarksonus

174 4023 331 4150 ἕξετε.
353 4030 542 4085 mallet
565 4023 651 4084 Vest
679 4023 1061 4097 nuncupatum,
1110 4041 1164 4084 ut
1208 4031 1262 4085 in
1295 4023 1527 4100 reliquis
1573 4031 1736 4086 habet

214 4108 485 4150 uvattanns.

214 4108 485 4155 ovatianns.

234 4169 247 4198 ‘
284 4170 349 4225 Ab
400 4173 490 4228 illo
537 4172 673 4241 quod
728 4189 857 4226 unus
910 4182 981 4226 est
1016 4171 1172 4227 Deus.
1219 4172 1309 4227 Sic
1344 4186 1531 4226 omnes
1570 4171 1698 4227 editi
1725 4213 1740 4232 .

179 4250 344 4306 praeter
371 4260 535 4299 unum
565 4242 1102 4305 Welclmtauianum;
1138 4243 1224 4297 ubi
1272 4243 1497 4311 legitur,
1530 4245 1572 4295 ei
1607 4244 1743 4311 quod

185 4326 288 4384 unus
309 4324 373 4367 est
397 4315 569 4384 Deus,
606 4332 697 4384 per
728 4315 819 4384 hoc
850 4314 987 4383 quod
1013 4313 1167 4367 Deus.

241 4381 347 4439 Car.
376 4382 575 4441 XXXI.
608 4381 680 4425 4-
710 4387 729 4415 ’
769 4381 997 4455 Exque,
1026 4383 1228 4452 quando
1250 4385 1357 4449 ipse
1385 4384 1561 4455 voluit.
1593 4383 1747 4439 Hunc

192 4450 326 4509 locum
346 4454 548 4523 plenius
575 4455 824 4511 edisset-it
851 4450 906 4511 Si
942 4450 1256 4527 Hippolytus
1287 4467 1465 4509 contra
1498 4450 1741 4527 Noetum,

189 4535 226 4574 ο.
253 4526 481 4589 ll,unde
510 4530 645 4582 forte
665 4530 760 4581 ista
789 4538 1058 4581 mutuatus
1079 4526 1159 4582 est
1187 4526 1748 4582 NovatianusNidesis

190 4598 291 4669 tum.
322 4612 354 4653 n
383 4610 576 4655 nostra:
608 4599 859 4654 Dibliotlt.
898 4599 997 4654 PP.
1032 4614 1150 4669 pag.
1181 4598 1310 4665 460,
1346 4600 1411 4665 Α,
1444 4609 1494 4653 et
1523 4614 1643 4669 qum
1674 4598 1747 4653 ibi

190 4662 315 4731 fuere
338 4681 605 4726 anuotala.

246 4737 443 4804 'Qaiu.
508 4744 581 4798 Ita
634 4744 818 4813 legunt
878 4753 1008 4796 vett.
1070 4740 1223 4796 editt.
1282 4756 1509 4812 eamque
1556 4741 1745 4813 lectio-

192 4822 290 4862 nem
317 4817 567 4882 expressit
610 4812 835 4884 uterque
869 4814 1043 4867 editor
1082 4814 1429 4882 Anglicanus.
1478 4812 1748 4867 Pamelius

191 4892 354 4953 cstas.
385 4887 499 4939 eod.
531 4886 772 4941 Britann.
805 4885 1083 4952 rescripsit
1107 4886 1247 4953 quia.
1349 4908 1362 4941 1

248 4951 265 4981 ⁸
304 4957 564 5013 Pater.....
624 4956 889 5012 antecedat
934 4951 1134 5011 necesse
1182 4965 1273 5010 est.
1330 4955 1459 5022 Quae
1491 4955 1751 5009 nncisin-

195 5019 418 5083 clusimus
438 5069 452 5091 ,
485 5038 711 5083 testatur
740 5028 1007 5082 Pometios
1033 5027 1265 5082 abfuisse
1291 5043 1318 5079 a
1348 5019 1467 5081 and.
1501 5043 1600 5081 ms.
1634 5025 1748 5081 An-

195 5092 296 5159 glic.
323 5097 505 5169 illaque
528 5102 756 5169 primum
781 5100 1048 5155 addidisse
1069 5099 1357 5169 Gaguautm
1377 5099 1751 5167 explicationis

196 5166 467 5244 ﬂammae
497 5166 710 5226 A'rianis
742 5172 1013 5244 videretur
1066 5166 1240 5244 ﬂvere
1289 5166 1498 5244 auctor.
1553 5169 1749 5224 Eadem

189 5240 323 5309 etiam
375 5240 643 5298 habentur
691 5244 741 5296 in
790 5243 1024 5296 editione
1071 5241 1362 5309 Frobenii,
1408 5240 1637 5295 fortasse
1686 5256 1753 5294 cx

184 5301 413 5384 (ἶδέηξιῖο.
445 5317 785 5383 Quapropter
821 5329 882 5369 ea
914 5329 1127 5384 quoque
1173 5301 1418 5384 retinn'io
1438 5312 1752 5384 \‘\:olclntta-

190 5388 285 5431 ltus.
310 5378 495 5457 Neque
519 5378 681 5441 aliter
708 5378 952 5457 Maronitis
973 5378 1147 5457 Dicin.
1183 5382 1349 5457 D._N.
1382 5382 1437 5435 J.
1473 5381 1534 5457 C.
1559 5383 1751 5457 lib.__t_v,

191 5458 287 5519 mp.
315 5452 422 5524 l9;
448 5458 477 5527 §
507 5460 572 5519 ﬁ,
606 5472 741 5527 pag.
766 5455 892 5511 518.
935 5460 1003 5527 At
1034 5455 1215 5527 [iullus
1242 5455 1454 5527 Del'ens.
1499 5455 1594 5527 ﬁd.
1633 5452 1751 5527 Nic.

196 5528 285 5643 ξε.
313 5539 364 5578 111
387 5569 401 5593 ,
434 5525 473 5599 ς
492 5530 545 5592 7,
577 5525 694 5597 pag;
723 5526 832 5587 229
851 5568 865 5593 ,
888 5539 937 5583 et
966 5526 1264 5585 Jacksonus
1292 5526 1377 5582 illa
1405 5525 1582 5581 omnia
1614 5525 1753 5580 omi-

249 5605 316 5647 re.

192 5662 224 5739 '_
262 5661 280 5693 ⁸
315 5665 591 5739 _S_imul.....
641 5671 726 5737 qui
774 5671 1017 5739 originem
1055 5671 1193 5724 solus
1223 5686 1325 5725 non
1388 5670 1565 5734 habet,
1592 5669 1760 5722 nasci-

213 5736 424 5809 lttr._N_on
451 5736 717 5809 potuimus
743 5736 1125 5809 noti—supplere
1152 5757 1215 5795 ex
1250 5757 1350 5795 ms.
1388 5739 1594 5808 Anglic.
1623 5740 1760 5794 hanc

212 5805 639 5881 Periodum'autea
681 5805 1034 5866 desideratam
1070 5830 1083 5866 :
1127 5828 1246 5881 quae
1276 5820 1452 5869 tamen
1478 5805 1637 5864 caule
1684 5812 1760 5866 le-

212 5875 375 5939 settda.
409 5882 608 5937 Pansa.
642 5914 710 5924 --—
751 5883 1004 5939 Eamdcm
1045 5875 1321 5955 periodum
1357 5884 1537 5940 omisit
1571 5881 1755 5938 Welk-

1837 3901 2055 3949 manus,
2088 3884 2319 3942 re5tituit
2346 3884 2645 3941 Jacksonus
2685 3884 2978 3939 Pamelium
3009 3896 3243 3942 secutus.

1912 3960 1931 3989 θ
1985 3959 2209 4015 Vicinus.
2268 3956 2357 4012 Sic
2413 3955 2679 4011 Pamelius
2745 3973 2808 4010 ex
2839 3966 3087 4026 corrupta
3150 3973 3284 4014 voce
3320 3961 3442 4017 vici-

1846 4032 1926 4085 nis
1947 4073 1960 4093 ,
1992 4045 2151 4102 quam
2181 4027 2403 4102 exhibet
2428 4043 2533 4102 _m_s.
2567 4027 2773 4102 Anglic.
2817 4026 2991 4102 Minus
3025 4028 3197 4102 placet
3232 4032 3446 4102 conjec-

1850 4113 1966 4161 tura
1994 4096 2093 4152 viri
2124 4099 2266 4153 docti
2303 4098 2444 4165 apud
2470 4096 2826 4161 Jacksonun‘t,
2863 4098 3087 4166 legentis
3113 4099 3332 4157 divinus.

1921 4174 1940 4201 ⁷
1966 4172 2070 4225 Sed
2113 4180 2224 4240 post
2272 4166 2501 4223 Patrem.
2544 4170 2671 4240 Haec
2715 4178 2770 4221 et
2815 4184 2933 4238 quin
2957 4183 3079 4240 mox
3108 4181 3229 4237 post
3256 4187 3443 4231 vocem

1849 4243 2065 4313 efficiens
2095 4238 2393 4307 Sequuntur
2412 4280 2427 4303 ,
2471 4249 2584 4307 post
2617 4238 2823 4313 Patrem
2853 4256 2955 4306 qua
2979 4238 3043 4313 [τ’
3047 4241 3163 4295 ilius
3182 4282 3198 4308 ,
3241 4243 3294 4297 in
3336 4262 3440 4301 ms.

1849 4309 2061 4386 A'nglic.
2091 4321 2305 4386 exstare
2351 4319 2577 4364 tesmtur
2601 4309 2906 4386 Parnelius.
2941 4329 2958 4361 ‹
2979 4309 3215 4386 Verum,
3236 4314 3406 4386 inquit
3427 4360 3443 4381 ,

1849 4383 2134 4438 maluimus
2162 4380 2216 4436 in
2244 4389 2496 4435 contextu
2540 4381 2871 4451 relinquere,
2907 4391 2966 4434 ut
3007 4398 3166 4436 nemo
3206 4380 3327 4441 hinc
3361 4380 3450 4443 er-

1855 4455 2004 4510 randi
2036 4468 2222 4509 ansam
2253 4463 2450 4507 sumat.
2475 4452 2809 4521 Quamquam
2833 4453 3043 4506 interim
3072 4465 3259 4510 eontra
3290 4460 3445 4513 Aria-

1855 4542 1954 4582 nos
1989 4524 2219 4580 sufﬁciat
2246 4523 2376 4595 illud
2408 4542 2421 4575 :
2455 4524 2668 4595 Semper
2694 4523 2827 4577 enim
2864 4526 2915 4577 in
2952 4523 3143 4590 Patre,
3186 4544 3249 4581 ne
3287 4527 3449 4584 Pater

1854 4617 1955 4652 non
1986 4613 2183 4666 semper
2207 4597 2270 4649 sit
2308 4594 2500 4659 Pater;
2527 4594 2585 4649 et
2610 4594 2748 4666 quod
2780 4595 2919 4650 haud
2948 4597 3129 4664 procul
3160 4614 3187 4650 a
3217 4597 3321 4655 line
3352 4601 3447 4655 1111-

1847 4670 1936 4740 jus
1964 4668 2153 4736 capitis
2189 4667 2350 4740 habet
2390 4685 2401 4719 :
2453 4666 2776 4734 Principium
2822 4668 3101 4740 nativitatis
3142 4681 3258 4724 ante
3299 4688 3448 4728 omne

1853 4738 2049 4811 tempus
2076 4740 2287 4810 accepit.
2324 4739 2401 4793 lix
2437 4754 2543 4810 quo
2570 4746 2779 4793 constat
2804 4738 3161 4811 ,quum_dicit
3196 4760 3207 4793 :
3238 4741 3446 4797 Patrem

1853 4809 2157 4880 praisedere,
2180 4809 2400 4879 priorem
2427 4809 2532 4865 esse
2559 4820 2605 4864 et
2631 4810 2960 4880 antecedere;
2988 4809 3238 4880 idksolum
3270 4830 3329 4868 se
3357 4816 3443 4868 iu-

1853 4877 2114 4953 telligere,
2156 4877 2229 4954 uti
2266 4882 2569 4954 subjuugit,
2600 4898 2697 4951 qua
2731 4879 2888 4935 Pater
2902 4881 2998 4954 sit.
3030 4877 3231 4937 Eodem
3264 4885 3446 4954 itaque

1854 4951 2014 5010 modo
2068 4952 2407 5021 intelligenda
2456 4970 2574 5024 qua:
2626 4954 2817 5024 iterum
2885 4951 3047 5017 dicit,
3102 4970 3217 5007 cum
3286 4951 3447 5013 Patre

1856 5026 2175 5096 postmodum
2211 5025 2448 5093 fuit,.....
2479 5023 2580 5079 sed
2609 5034 2723 5095 post
2756 5023 3028 5078 Patrem...
3076 5034 3187 5093 post
3231 5025 3443 5084 Patrem

1855 5114 1954 5168 qua
1990 5096 2172 5165 Filius.
2212 5116 2230 5168 ι

1927 5170 1947 5201 ⁸
1989 5168 2156 5223 Esset.
2213 5165 2374 5240 Heio,
2403 5175 2481 5240 _et
2507 5167 2684 5240 patilo
2706 5174 2826 5235 post
2866 5164 2955 5240 ubi
2986 5164 3214 5240 legimus
3243 5173 3445 5240 genitus

1857 5257 1957 5295 non
1985 5248 2141 5302 esset,
2172 5237 2489 5299 coniiciebat
2515 5236 2901 5297 Weicbmanus
2920 5235 3202 5307 legendum
3227 5235 3317 5297 est.
3344 5244 3447 5300 At-

1857 5328 1960 5382 que
1993 5313 2060 5364 ita
2083 5309 2250 5365 edidit
2271 5307 2586 5382 Jack50tms.

1928 5386 1948 5416 9
1991 5381 2051 5437 Si
2097 5381 2429 5451 invisibilis...
2489 5382 2608 5451 quia
2646 5395 2737 5434 nec
2798 5380 3020 5451 innatus
3045 5390 3138 5434 est.
3174 5382 3280 5437 Has
3309 5386 3446 5442 duas

1862 5453 2110 5523 periodos
2149 5462 2203 5506 et
2245 5448 2519 5523 dimidiam
2563 5466 2683 5521 quae
2730 5448 3245 5523 inpra-cedeutihus
3274 5458 3452 5514 editis

1860 5520 2324 5598 desiderabantur,
2354 5538 2421 5577 ex
2451 5520 2666 5598 laudato
2691 5522 2879 5577 Codice
2903 5520 3194 5598 Anglicani)
3224 5531 3449 5598 supple-

1860 5598 2068 5659 vimus,
2101 5592 2410 5647 amittentes
2454 5593 2584 5647 illttd
2614 5608 2929 5647 excusat-um
2952 5633 2967 5658 ,
3002 5591 3234 5650 Christus
3278 5591 3449 5654 ἀιὶιευι

1862 5684 1961 5720 non
1989 5667 2193 5718 innatus
2218 5676 2288 5718 est
2308 5707 2322 5730 ,
2356 5673 2515 5732 atque
2545 5665 2634 5717 illa
2662 5680 2726 5719 ex
2768 5663 2955 5717 iisdem
2996 5669 3209 5720 excusis
3242 5670 3452 5725 adden-

1864 5749 1965 5800 tes,
1997 5736 2084 5789 sed
2110 5752 2173 5789 ea:
2198 5734 2358 5788 Patre
2382 5746 2485 5804 est,
2519 5740 2637 5798 quia
2662 5736 2860 5805 genitus
2890 5743 2980 5787 est.
3019 5733 3221 5792 ΡΑιιει.
3258 5769 3330 5781 -
3357 5742 3453 5796 Ni-

1865 5810 2058 5863 mirum
2127 5806 2391 5861 editiones
2440 5823 2560 5876 quae
2622 5807 2986 5861 Parnelianam
3043 5822 3461 5876 praecesserunt.

1867 5889 1986 5950 post
2011 5893 2170 5937 voces
2198 5888 2254 5934 et
2281 5877 2397 5935 ideo
2426 5879 2554 5935 duos
2581 5879 2909 5950 approbasset
2935 5877 3087 5939 alia";
3113 5877 3266 5949 Deos,
3298 5884 3376 5940 sic
3404 5899 3467 5939 se
