3742 6282
259 354 357 410 951

1324 347 1700 405 novarum
1727 348 1816 404 DE
1858 346 2234 405 TRINITATE
2267 346 2491 405 LIBER.
2622 330 2631 339 ’
2676 384 2709 411 κ

3433 351 3521 405 952

256 477 357 534 est,
391 467 502 522 sive
529 465 657 522 dum
685 463 952 535 Sapientia
993 473 1105 531 est,
1138 463 1251 520 sive
1281 462 1407 519 dum
1440 464 1559 520 Lux
1586 475 1703 534 est,
1734 467 1851 523 sive
1881 471 1933 532 Α
1958 474 2044 522 tus
2072 481 2136 523 ex
2177 465 2356 535 Patre,
2389 476 2449 523 ut
2474 476 2621 524 esset
2648 438 2928 525 Dominus.
2973 467 3074 525 Est
3119 479 3172 526 et
3227 466 3366 542 (ha.
3396 470 3526 543 tx,6)

257 557 387 612 dum
418 556 584 612 Filius
612 566 726 623 est,
765 568 818 611 et
856 555 1115 626 quidquid
1161 555 1352 611 borum
1399 568 1521 625 cst,
1569 557 1698 613 dum
1746 574 1853 614 non

258 649 478 705 aliunde
504 660 615 715 est,
647 665 803 718 quam
826 692 840 715 ,
875 650 1012 705 sicut
1041 650 1277 705 diximus
1321 651 1433 721 jam
1471 652 1720 720 superius
1742 698 1755 721 ,
1788 670 1855 710 ex

259 741 454 807 Patre;
489 741 758 799 Patrisuo
785 742 1048 813 originem
1078 758 1229 798 suam
1255 742 1491 812 debcns,
1524 744 1853 801 discordiam

259 835 551 891 divinitatis
581 834 647 891 de
685 851 913 891 numero
958 837 1187 892 duorum
1237 838 1473 893 Deorum
1521 836 1702 894 facere
1747 854 1854 895 non

255 928 464 998 patuit,
494 931 582 997 qui
609 943 674 984 ex
707 928 800 984 illo
828 930 918 1000 qui
949 939 1034 985 est
1065 947 1203 985 unus
1236 932 1409 999 Deus,
1439 933 1703 1003 originem
1732 949 1855 990 nas-

259 1023 433 1078 cendo
457 1024 743 1081 contraxit.
778 1024 895 1093 Quo
918 1040 1129 1097 genere
1162 1026 1292 1082 dum
1319 1038 1374 1083 et
1414 1030 1727 1100 unigenitus
1748 1040 1852 1099 est,

257 1123 313 1171 et
340 1115 729 1187 primogenitus
755 1132 822 1172 ex
852 1117 943 1172 illo
970 1127 1055 1173 est
1099 1120 1187 1189 qui
1211 1120 1475 1191 originem
1511 1135 1616 1177 non
1649 1121 1811 1178 habet
1840 1165 1854 1189 ,

258 1210 546 1264 unus‘est
588 1211 827 1265 omnium
882 1227 1060 1266 rerum
1106 1221 1160 1266 et
1214 1213 1537 1284 principium
1580 1223 1635 1271 et
1672 1225 1855 1286 caput.

258 1302 693 1359 Idcirco'uuum
746 1305 912 1360 Deum
953 1307 1206 1373 asseruit,
1236 1323 1395 1377 quem
1440 1323 1547 1363 non
1595 1310 1697 1365 sub
1747 1309 1860 1364 ullo

255 1394 522 1466 principio
549 1404 640 1450 aut
667 1396 852 1464 initio,
885 1398 978 1453 sed
1009 1398 1219 1454 initium
1252 1401 1430 1470 potius
1453 1412 1507 1456 et
1537 1403 1858 1473 principium

260 1505 442 1545 rerum
472 1492 709 1545 omnium
743 1492 1136 1561 comprobavit.
1173 1493 1194 1523 ³
1226 1492 1393 1548 Filius
1420 1504 1599 1550 autem
1631 1495 1764 1551 nihil
1793 1511 1860 1551 ex

263 1583 487 1638 arbitrio
516 1600 612 1638 suo
635 1585 792 1655 gerit,
824 1600 923 1640 nec
951 1601 1015 1641 ex
1047 1587 1276 1641 consilio
1306 1603 1406 1642 suo
1440 1587 1587 1657 facit,
1616 1605 1715 1645 uec
1743 1604 1773 1644 a
1801 1605 1862 1645 se

265 1679 443 1743 venit,
487 1677 582 1733 sed
625 1680 865 1749 imperiis
898 1682 1136 1750 paternis
1179 1683 1432 1737 omnibus
1476 1695 1525 1739 et
1584 1686 1863 1756 prmceptis

263 1770 447 1826 obedit
487 1783 588 1825 :nt
636 1774 881 1841 quamvis
925 1775 1117 1844 probet
1169 1775 1318 1831 illum
1371 1779 1621 1833 nativitas
1667 1778 1860 1833 Filium

1957 559 2226 630 Angelus,
2261 559 2357 616 sed
2398 559 2467 614 ad
2491 562 2918 617 annuntiandum
2967 568 3229 634 magnum‘
3252 563 3346 617 Dei
3381 564 3532 619 oonsi-

1958 649 2088 704 lium
2109 692 2124 717 ,
2169 665 2238 706 ex
2289 650 2449 707 Patre
2498 665 2597 707 suo
2625 653 2866 724 Angelus
2893 652 3212 709 destinatus.
3247 654 3266 685 ⁷
3292 650 3451 722 Cujus
3471 654 3537 731 sic

1957 742 2206 798 divinitas
2248 742 2475 798 traditur
2507 786 2522 811 ,
2577 746 2600 776 ⁸
2672 754 2733 799 ut
2799 760 2905 799 non
2951 755 3044 800 aut
3098 743 3425 800 dissonantia
3462 755 3541 801 aut

1959 834 2317 905 intequalilate
2346 836 2640 892 divinitatis
2677 836 2815 891 duos
2854 837 2992 893 Deos
3036 836 3338 893 reddidisse
3376 837 3538 894 videa-

1959 934 2063 981 tur.
2096 924 2365 996 Subjectis
2394 926 2537 981 enim
2577 927 2625 982 ei
2666 928 2819 998 quasi
2872 927 3011 983 Filio
3036 927 3286 983 omnibus
3329 926 3484 984 rebus
3515 945 3542 984 a

1958 1016 2137 1080 Patre.
2169 1016 2293 1071 dum
2326 1016 2371 1090 (Ι
2401 1014 2521 1072 Cor.
2554 1033 2651 1085 xv,
2682 1017 2776 1089 28)
2802 1019 2918 1089 ipse
2946 1033 3068 1074 cum
3088 1016 3173 1072 bis
3196 1032 3315 1090 quae
3342 1018 3544 1075 illisub-

1955 1108 2095 1180 jecta
2125 1118 2279 1177 sunt,
2312 1109 2459 1164 Patri
2508 1112 2608 1166 sub
2651 1111 2966 1181 subjicitur,
2999 1111 3178 1168 Patris
3218 1111 3431 1183 quidem
3472 1112 3543 1167 sui

1962 1201 2130 1257 Filius
2174 1202 2462 1273 probatur;
2510 1213 2828 1260 caeterorum
2879 1212 3061 1260 autem
3105 1214 3161 1260 et
3209 1204 3458 1261 Dominus
3496 1215 3544 1262 et

1964 1296 2107 1351 Deus
2137 1312 2259 1352 esse
2294 1299 2579 1368 reperitur.
2612 1299 2692 1354 Ex
2720 1314 2825 1370 quo
2852 1299 2979 1354 dum
3011 1298 3137 1355 huic
3176 1301 3266 1371 qui
3306 1310 3388 1356 est
3419 1300 3540 1357 Deus

1962 1393 2143 1448 omnia
2173 1393 2442 1448 substrata
2492 1394 2803 1461 traduntur,
2849 1404 2902 1450 et
2947 1405 3144 1451 cuncta
3189 1396 3289 1451 sibi
3320 1395 3538 1465 subjecta

1964 1484 2131 1540 Filius
2156 1496 2377 1556 accepta
2411 1485 2573 1541 refert
2598 1487 2780 1553 Patri;
2813 1497 2977 1543 totam
3004 1488 3305 1543 divinitatis
3333 1488 3544 1544 auctori-

1968 1586 2129 1634 tatem
2180 1595 2367 1635 rursus
2403 1583 2424 1614 ⁵
2454 1582 2600 1636 Patri
2631 1583 2894 1648 remittit;
2932 1598 3071 1637 unus
3098 1583 3238 1637 Deus
3263 1582 3541 1639 ostenditur

1966 1688 2128 1729 verus
2154 1682 2207 1728 et
2232 1680 2468 1730 aeternus
2499 1674 2693 1740 Pater;
2722 1691 2752 1729 a
2784 1690 2891 1746 quo
2927 1676 3044 1731 solo
3074 1676 3195 1731 haec
3220 1676 3298 1731 vis
3318 1676 3543 1731 divinita-

1966 1768 2033 1821 tis
2060 1768 2259 1823 emissa
2284 1810 2299 1834 ,
2328 1769 2491 1823 etiam
2526 1769 2576 1822 iu
2621 1767 2817 1822 Filium
2849 1767 3043 1823 tradita
3090 1776 3145 1823 et
3185 1768 3409 1833 directa,
3443 1783 3545 1823 rur-

265 1860 452 1935 (Hebr.
499 1879 563 1929 v,
616 1862 714 1937 8);
766 1875 940 1920 tamen
990 1869 1256 1939 morigera
1302 1870 1605 1925 obedicmm
1659 1882 1864 1927 assem;
1892 1883 1940 1942 Β
1966 1875 2084 1916 sum
2116 1874 2214 1930 per
2243 1860 2557 1915 substantia:
2587 1861 3027 1915 communionem
3058 1860 3125 1915 ad
3158 1860 3365 1916 Patrem
3392 1860 3543 1917 revol-

259 1955 413 2010 illum
448 1964 685 2025 paternae
718 1959 1045 2024 voluntatis,
1081 1977 1145 2014 ex
1191 1976 1299 2031 quo
1344 1973 1447 2027 est,
1500 1964 1805 2019 ministrum
1842 1983 1856 2019 :

262 2048 339 2102 ita
370 2047 499 2101 dum
525 2063 582 2102 sc
607 2047 745 2102 Patri
779 2050 831 2103 in
868 2051 1119 2106 omnibus
1155 2052 1622 2122 obtemperantem
1653 2056 1862 2124 reddit,

264 2143 514 2211 quamvis
539 2142 608 2196 sit
637 2152 690 2197 ct
719 2143 896 2209 Deus;
929 2160 1095 2198 unum
1142 2153 1321 2201 tamen
1358 2147 1524 2203 Deum
1555 2148 1769 2205 Patrem
1799 2150 1868 2206 de

263 2233 569 2289 obedientia
598 2249 692 2289 sua
733 2235 1006 2301 ostendit,
1051 2252 1117 2293 ex
1159 2254 1266 2310 quo
1295 2250 1352 2294 et
1387 2241 1649 2312 originem
1682 2244 1865 2299 traxit.

276 2327 340 2383 Et
373 2326 493 2382 ideo
536 2327 670 2382 duos
700 2326 722 2358 ⁸
773 2328 915 2384 Deos
967 2330 1145 2386 facere
1193 2345 1299 2386 non
1350 2332 1562 2402 potuit,
1613 2335 1739 2403 quia
1772 2350 1871 2392 nec

270 2419 405 2474 duas
434 2419 668 2490 origines
694 2419 855 2485 fecit,
887 2424 975 2492 qui
1016 2440 1085 2478 ex
1116 2439 1182 2480 eo
1213 2426 1300 2494 qui
1334 2426 1596 2496 originem
1640 2443 1743 2481 non
1777 2428 1874 2482 ha-

270 2511 394 2577 bet,
427 2512 746 2581 priucipium
775 2514 1081 2593 nativitatis
1105 2526 1232 2572 ante
1262 2532 1423 2572 omne
1465 2526 1676 2588 tempus
1717 2534 1873 2574 acce-

273 2604 374 2674 pit.
406 2605 426 2635 ⁵
455 2603 586 2659 Nam
613 2619 735 2659 cum
757 2606 807 2659 id
825 2607 892 2660 sit
910 2608 1229 2678 principium
1245 2611 1458 2666 cmteris
1472 2610 1613 2681 quod
1630 2613 1871 2667 innatum

279 2711 359 2755 est
378 2700 544 2774 (quod
577 2701 714 2756 Deus
729 2701 875 2756 solus
889 2702 1048 2757 Pater
1067 2714 1149 2758 cst
1169 2704 1260 2775 qui
1287 2713 1437 2759 extra
1460 2706 1726 2775 originem
1757 2716 1872 2773 est;

277 2809 345 2849 ex
371 2810 477 2865 quo
501 2794 586 2850 hic
617 2805 701 2850 est
727 2795 817 2867 qui
851 2807 1007 2852 natus
1033 2796 1164 2870 est),
1203 2798 1330 2852 dum
1358 2800 1447 2869 qui
1478 2816 1544 2854 ex
1575 2800 1667 2855 illo
1695 2801 1872 2857 nasci-

279 2895 388 2954 tur,
420 2889 614 2942 merito
644 2904 708 2942 ex
757 2904 822 2943 eo
873 2890 1017 2945 venit
1067 2892 1153 2960 qui
1209 2891 1473 2960 originem
1529 2909 1635 2947 non
1689 2893 1875 2962 habet,

279 2982 604 3051 principimn
630 2982 863 3051 probans
887 2984 1017 3038 illud
1036 2998 1158 3039 esse
1184 2999 1248 3039 ex
1264 2999 1371 3056 quo
1390 2985 1504 3055 ipse
1526 2998 1638 3043 est:
1663 2988 1877 3042 etiamsi

280 3072 425 3127 Deus
453 3083 536 3128 est
563 3074 653 3143 qui
684 3084 841 3129 natus
871 3085 973 3139 est,
1005 3092 1169 3130 ttnum
1195 3085 1371 3132 tamen
1408 3078 1571 3132 Deum
1604 3080 1877 3148 ostendit,

281 3182 440 3237 quem
473 3168 557 3223 ltic
580 3168 669 3240 qui
700 3177 856 3222 natus
881 3179 994 3233 est,
1029 3184 1149 3225 esse
1175 3171 1293 3227 sine
1322 3172 1528 3243 origine
1555 3176 1879 3245 comproba-

1971 1956 2129 2010 vitur.
2173 1955 2314 2010 Deus
2355 1954 2571 2026 quidem
2598 1953 2904 2011 ostenditur
2946 1953 3150 2021 Filius,
3182 1954 3265 2009 cui
3309 1954 3534 2009 divinitas

1971 2048 2165 2105 tradita
2194 2059 2249 2103 et
2278 2060 2522 2119 porrecta
2546 2048 2910 2118 conSpicitur;
2935 2056 2991 2103 et
3013 2055 3200 2102 tamen
3223 2046 3528 2102 nihilominus

1972 2157 2110 2198 unus
2139 2142 2279 2196 Deus
2309 2142 2466 2195 Pater
2510 2141 2791 2212 probatur,
2821 2140 2949 2195 dum
2989 2139 3255 2211 gradatim
3278 2139 3515 2208 reciproco

1978 2247 2160 2292 meatu
2192 2238 2284 2291 illa
2336 2236 2596 2306 majestas
2642 2246 2803 2305 atque
2833 2234 3095 2289 divinitas
3139 2235 3205 2289 ad
3235 2234 3421 2289 Patrem
3459 2231 3540 2303 qui

1974 2330 2200 2387 dederat
2227 2346 2345 2387 eam
2366 2373 2381 2397 ,
2408 2345 2620 2384 rursum
2653 2330 2721 2384 ab
2755 2329 2849 2383 illo
2881 2329 2997 2398 ipso
3030 2327 3171 2382 Filio
3199 2327 3348 2381 missa
3377 2338 3539 2382 rever—

1977 2424 2106 2479 titur
2142 2432 2197 2480 et
2234 2434 2617 2494 retorquetur;
2652 2432 2708 2477 ut
2741 2423 2936 2476 merito
2969 2422 3110 2477 Deus
3154 2420 3306 2475 Pater
3329 2417 3540 2474 omnium

1980 2518 2120 2572 Deus
2151 2519 2249 2584 sit,
2297 2518 2340 2549 ¹⁰
2368 2527 2424 2574 et
2472 2518 2798 2588 principium
2826 2517 2996 2587 ipsius
3046 2530 3257 2587 quoque
3284 2514 3398 2570 Filii
3440 2511 3539 2574 sui,

1980 2627 2141 2682 quem
2191 2612 2475 2666 Dominum
2529 2611 2760 2681 genuit:
2813 2609 2983 2664 Filius
3030 2618 3210 2663 autem
3260 2616 3541 2662 czeterorum

1979 2707 2215 2761 Omnium
2252 2706 2393 2761 Deus
2422 2706 2520 2772 sit,
2551 2705 2804 2776 quoniam
2837 2703 3088 2757 omnibus
3130 2703 3273 2757 illttm
3308 2702 3435 2756 Deus
3461 2697 3542 2752 Pa-

1983 2812 2063 2856 ter
2091 2801 2382 2872 prceposuit
2406 2815 2565 2870 quem
2592 2799 2778 2870 genuit
2806 2797 2847 2868 (l
2878 2795 3016 2851 Tim.
3050 2813 3085 2851 ιι
3107 2838 3121 2860 ,
3154 2795 3240 2865 5):
3273 2796 3334 2849 ita
3365 2789 3543 2846 .Hedia-

1982 2903 2061 2948 tor
2108 2892 2205 2948 Dei
2249 2904 2296 2947 et
2328 2893 2591 2947 hominum
2627 2889 2866 2946 Christus
2908 2889 3063 2945 Jesus
3111 2889 3280 2943 omnis
3302 2893 3532 2943 creatura:

1983 2990 2282 3060 subjectam
2341 2988 2441 3044 sibi
2495 2988 2700 3042 habens
2740 3001 2768 3039 a
2818 2986 2976 3039 Patre
3005 2983 3224 3054 prOprio
3251 2987 3536 3051 potestatem

1983 3098 2086 3153 qua
2117 3083 2254 3136 Deus
2288 3088 2406 3145 est;
2446 3094 2568 3133 eum
2606 3086 2715 3132 tota
2758 3086 3003 3132 creatura
3035 3074 3244 3129 subdita
3287 3071 3406 3134 sibi,
3430 3082 3530 3124 con-

1984 3191 2106 3232 cors
2136 3175 2278 3231 Patri
2307 3190 2404 3229 suo
2430 3174 2537 3228 Deo
2564 3174 2833 3237 iuventus,
2859 3186 3021 3225 unum
3046 3179 3098 3224 et
3120 3170 3286 3223 solum
3310 3175 3356 3222 et
3379 3175 3532 3219 verum

280 3260 378 3314 vit.
426 3261 521 3314 Est
564 3274 693 3331 ergo
739 3261 914 3325 Deus,
958 3261 1053 3316 sed
1104 3262 1157 3316 in
1186 3263 1289 3319 hoc
1336 3265 1508 3335 ipsum
1542 3266 1787 3337 genitus,
1824 3277 1883 3323 ut
1908 3282 1952 3345 ρ
1988 3269 2154 3324 Deum
2186 3268 2399 3322 Patrem
2431 3281 2585 3321 suum
2610 3308 2625 3331 ,
2668 3267 2706 3296 ”
2754 3272 3005 3319 manente
3032 3264 3084 3316 in
3116 3261 3206 3316 illo
3232 3258 3360 3330 quod
3397 3253 3531 3311 etiam

283 3361 426 3408 esset
458 3352 617 3407 Detts.
654 3351 746 3406 Est
776 3361 829 3405 et
858 3352 1135 3421 Dominus,
1164 3354 1256 3409 sed
1291 3356 1340 3410 in
1377 3357 1477 3413 hoc
1506 3359 1678 3427 ipsum
1711 3361 1731 3390 ⁸
1772 3376 1868 3416 na-

1971 3363 2181 3418 auditus
2219 3372 2294 3418 est
2324 3361 2511 3435 (Hebr.
2543 3404 2558 3426 ,
2589 3376 2644 3429 v,
2677 3361 2752 3431 7),
2785 3358 3024 3416 breviter
3055 3355 3370 3429 approbavit.

1450 3491 1824 3551 GALLANDll
1875 3495 2439 3554 COMMENTARIUS.

284 3626 555 3682 habebant
583 3644 596 3678 :
622 3625 853 3683 Christus
880 3639 1047 3685 autem
1077 3648 1176 3686 non
1204 3634 1411 3688 innatus
1434 3643 1536 3699 est;
1564 3634 1652 3687 sed
1680 3650 1742 3688 ero
1772 3632 1880 3687 Pa-

284 3706 360 3750 tre
382 3707 485 3759 est,
516 3700 639 3773 quia
662 3701 859 3773 genitus
903 3712 993 3754 est.
1041 3703 1306 3758 Cancrum
1336 3714 1514 3759 vetera
1555 3704 1878 3773 exemplaria

285 3771 551 3832 expre<sit
573 3770 989 3827 Welcltmanus:
1018 3774 1378 3828 Pamelianum
1403 3791 1531 3828 vero
1556 3770 1877 3829 Jacksonus.

362 3841 377 3915 ξ
423 3840 586 3915 prius.
615 3842 921 3909 Lugendum
953 3862 1107 3897 unum
1135 3856 1281 3915 putat
1310 3845 1714 3901 Wclchmauus.

355 3913 376 3941 ²
411 3911 632 3967 Idcirco.
691 3915 823 3986 (ium
875 3916 1108 3986 Gagnzeo
1136 3911 1700 3986 supplcutttszldcirco
1724 3935 1881 3971 unum

287 3980 454 4057 Deum
486 3987 696 4039 ttsscruit
725 3980 1279 4057 (nt-mpe‘Sct-iptura)
1318 4001 1370 4042 et
1397 4005 1461 4043 ev
1497 4005 1598 4042 tus.
1623 3990 1742 4044 rod.
1778 3992 1885 4043 Au-

290 4052 413 4129 glic.
437 4057 641 4129 initium
668 4052 833 4129 potius
861 4052 904 4111 et
938 4052 1270 4129 principium.
1300 4062 1504 4115 PAIIEL.

366 4126 387 4156 ³
431 4125 615 4183 Filius.
674 4125 945 4199 Legimus
977 4131 1167 4185 iterum
1223 4147 1342 4185 eum
1383 4134 1617 4201 Gaguzro
1651 4149 1663 4185 :
1704 4129 1883 4193 Filius

1988 3645 2096 3690 tota
2122 3635 2416 3711 divinitatis
2443 3634 2746 3711 auctoritas
2766 3632 2905 3711 Filio
2933 3632 3126 3686 tradita
3146 3673 3160 3697 ,
3188 3626 3422 3711 eademin

1987 3714 2068 3761 tre
2096 3722 2215 3779 esse
2247 3721 2351 3759 non
2377 3707 2607 3779 desinat.
2645 3704 2749 3759 Sed
2779 3704 2904 3779 illud
2934 3718 3151 3772 semper
3183 3703 3528 3779 arctissimete-

1987 3791 2074 3831 net
2106 3776 2477 3857 Filiumﬁutfa
2519 3778 2683 3857 Patre
2725 3775 2964 3857 genitum
3031 3788 3321 3857 "nolinesse
3357 3775 3523 3857 erigitur!

1987 3850 2248 3919 (Pquleem
2303 3847 2691 3919 Patri.rQuare
2726 3834 2861 3900 illud
2911 3845 3063 3900 Pauli
3116 3834 3517 3919 ΡΙιξΙὲιψζηίίξς

1991 3909 2112 3973 Non
2140 3921 2379 3987 rapinam
2408 3909 2687 3972 arbiD-atus
2720 3926 2793 3972 est
2822 3934 2928 3971 esse
2968 3934 3022 3971 se
3048 3909 3292 3987 (aqualem:
3314 3909 3426 3971 θεον
3451 3909 3516 3958 δίε

1990 3984 2375 4058 interpretatur
2407 4010 2419 4045 :
2455 4010 2473 4041 ‹
2512 3990 2781 4062 Quamvis?
2806 4004 2863 4042 se
2885 4004 2950 4044 ex
2976 3990 3086 4044 Deo
3106 3984 3517 4062 'PatreDctunessc

1992 4056 2350 4127 meminisset,
2373 4056 2661 4131 numquam
2694 4076 2754 4115 se
2771 4061 2879 4114 Deo
2910 4062 3049 4135 Patri
3077 4071 3166 4114 aut
3181 4056 3438 4135 compararit
3453 4056 3525 4135 aut

1991 4134 2247 4197 contulit,
2284 4149 2490 4189 memor
2519 4130 2578 4187 Se
2617 4148 2738 4186 esse
2762 4148 2825 4185 ev
2865 4147 2964 4185 suo
2998 4132 3156 4186 Patre
3176 4174 3190 4194 ,
3218 4142 3263 4181 ιιι
3290 4130 3527 4197 Inanimum

293 4206 462 4252 autem
488 4201 616 4273 nihil
648 4217 710 4254 ea;
739 4195 948 4273 arbitrio
977 4219 1067 4255 suo
1093 4205 1254 4273 gerit,
1292 4220 1386 4273 pro
1424 4195 1489 4256 «6
1525 4204 1666 4272 quod
1697 4203 1885 4257 substi-
1912 4211 1964 4271 ι)
1992 4204 2133 4269 quod
2162 4195 2278 4270 est,
2313 4204 2510 4257 habere
2554 4219 2638 4268 se,
2666 4204 2787 4273 quia
2846 4203 3002 4256 Pater
3027 4202 3276 4257 dedisset.
3310 4217 3326 4249 ι
3353 4195 3524 4273 blatta“-

297 4278 466 4345 tuera_t_
488 4270 745 4345 Gelenius
771 4290 781 4325 :
810 4272 955 4326 Idem
985 4284 1056 4326 est
1084 4270 1303 4345 denique
1322 4276 1456 4344 quod
1484 4270 1630 4330 nihil.
1664 4276 1737 4329 In.

366 4342 387 4371 δ
429 4341 580 4396 Deos.
628 4343 775 4397 lianc
821 4360 1006 4398 Vocem
1036 4346 1105 4399 ab
1144 4341 1301 4401 editis
1330 4341 1584 4400 omis~am
1611 4390 1624 4406 .
1655 4347 1890 4401 restituit

293 4411 502 4487 primus
529 4413 931 4479 Welebmanus,
960 4434 1190 4487 eumque
1217 4426 1430 4472 secutus
1458 4418 1778 4473 .lacksmms.

364 4484 384 4514 ⁵
425 4484 636 4539 Nunt...
680 4488 802 4539 (lum
849 4488 935 4554 qui
976 4506 1037 4543 rat
1078 4484 1168 4543 illo
1201 4491 1448 4544 nascitur.
1501 4490 1625 4544 Hmc
1693 4490 1886 4556 iterum

295 4558 606 4626 Suppletntts
633 4575 696 4612 ex
732 4573 833 4612 tus.
865 4560 985 4612 Cod.
1021 4559 1225 4630 Anglic.
1269 4560 1580 4685 parentheji
1610 4561 1889 4630 interiecta

1586 4648 1746 4685 AMEL.

1586 4648 1746 4686 AIIEL.

369 4700 407 4775 “_
438 4698 630 4775 Naltts.
689 4700 847 4775 Deest
899 4702 1013 4756 haec
1058 4718 1157 4757 vox
1186 4702 1327 4769 apud
1357 4703 1653 4758 Pamelimn
1675 4746 1688 4767 ,
1721 4721 1783 4758 ex
1813 4712 1892 4775 ty-

295 4771 533 4840 pothctae
566 4771 792 4826 fortasse
822 4773 1025 4826 incuria
1063 4794 1074 4827 :
1108 4791 1224 4829 eam
1258 4780 1399 4827 enim
1431 4775 1685 4829 exhibent
1709 4776 1780 4828 al.

367 4844 387 4873 ⁷
428 4841 634 4911 Cujus..
670 4882 708 4895 ..
760 4844 1108 4915 iquuulitatc
1161 4845 1460 4899 divinitatis.
1500 4846 1623 4899 lltec
1656 4846 1891 4900 restituit

299 4929 367 4968 ex
396 4930 496 4967 ms.
544 4915 839 4983 Anglicano
885 4916 1174 4971 Pamelius.
1220 4915 1485 4983 Gagnmus
1509 4927 1562 4971 et
1595 4916 1893 4972 Frobenius

301 4986 553 5059 edidere,
600 4998 652 5039 ut
699 5003 798 5039 non
852 4988 1168 5059 dissonantia
1195 4988 1477 5041 divinitatis
1507 5005 1525 5041 :
1567 5000 1727 5059 atque
1756 4990 1894 5043 hanc

299 5056 584 5111 lectionem
614 5059 838 5111 retinnit
865 5057 1275 5114 Welclimauus.

366 5128 387 5202 β
430 5127 497 5202 Ut
559 5144 658 5181 non
706 5140 792 5202 aut
821 5131 1176 5202 dissonantia,
1224 5142 1311 5185 aut
1369 5132 1740 5202 t'ttthttulilale.
1793 5130 1892 5185 Fa-

296 5199 714 5273 teburiugenue
756 5201 806 5254 iu
858 5200 941 5253 bis
976 5201 1157 5273 verbis
1209 5199 1492 5273 legendum
1545 5205 1675 5259 mibi
1722 5203 1892 5258 videri

300 5272 607 5341 tequalitute.
653 5271 947 5343 Utrumque
972 5272 1112 5326 enim
1145 5271 1473 5343 pari'sttu‘lio
1512 5284 1754 5331 removet
1795 5292 1892 5328 att-

297 5352 417 5394 etor
446 5358 472 5394 a
506 5343 841 5411 sanctissima
870 5342 1157 5407 Ttinitatc,
1179 5355 1231 5400 et
1264 5350 1314 5400 in
1349 5358 1535 5401 natura
1570 5356 1623 5402 et
1650 5345 1895 5400 substan-

297 5413 367 5488 tia
401 5413 835 5488 discrepantiam,
868 5425 921 5470 et
952 5417 1002 5468 in
1038 5416 1258 5485 originis
1288 5418 1476 5473 ttt'tliut‘.
1509 5418 1888 5488 :equalitatem.

299 5482 475 5547 Quare
507 5484 817 5541 substantiae
843 5482 1277 5543 communionem
1311 5491 1449 5544 inter
1488 5482 1698 5545 Patrem
1731 5497 1786 5543 et
1809 5488 1895 5542 Fi-

292 5552 423 5607 lium
460 5555 711 5622 admittit,
748 5573 974 5627 eamque
1020 5561 1071 5613 iu
1121 5561 1221 5615 hoc
1252 5564 1482 5631 positam
1531 5571 1700 5632 putat,
1749 5559 1892 5630 quod

1991 4266 2167 4330 Diviu.
2202 4266 2273 4330 D.
2300 4274 2372 4330 N.
2404 4274 2458 4328 J.
2492 4274 2552 4328 (Ι.
2582 4266 2780 4340 Ιὶ1›.ἰν,
2811 4289 2930 4344 cap.
2964 4274 3059 4339 19,
3097 4273 3125 4344 §
3154 4273 3219 4337 Ξ,
3248 4285 3354 4341 pag.
3382 4266 3484 4321 5l9.

2063 4374 2083 4405 ⁹
2133 4371 2282 4425 Patri
2344 4370 2590 4433 remittit;
2656 4386 2816 4442 unus.
2855 4367 2964 4442 VSAic
3025 4367 3306 4442 Pamelius.
3357 4360 3529 4442 Veteres

1994 4442 2123 4567 edicti
2171 4459 2306 4513 quos
2354 4453 2570 4497 secutus
2618 4453 2701 4496 est
2748 4438 3156 4500 Welcltmauus.
3206 4439 3279 4492 illi
3321 4438 3531 4488 remittit:

1995 4532 2063 4567 un
2107 4532 2132 4567 ε
2159 4532 2309 4567 unus.

1995 4532 2132 4569 uuae
2159 4532 2309 4568 unus.

2070 4609 2114 4640 ¹⁰
2158 4608 2222 4663 Et
2286 4609 2595 4677 principium
2647 4608 2809 4678 ipsius
2852 4621 3058 4678 quoque
3078 4603 3207 4678 Filii
3227 4600 3318 4678 sui.
3355 4595 3461 4678 Ηωρ

1995 4696 2096 4736 ms.
2134 4666 2340 4752 Anglic.
2393 4666 2996 4752 supplevit'Pame'lius.
3048 4676 3166 4730 Mox
3217 4673 3359 4752 Deum
3393 4666 3530 4752 Qui!”

2597 4728 3008 4823 WEI—CIIIIltltlllS,
3040 4746 3385 4823 consentiente
3398 4728 3522 4791 lack—

1996 4818 2153 4879 sdno.
2190 4824 2354 4879 Paulo
2382 4836 2501 4893 post
2526 4821 2775 4875 Dominus
2800 4822 2863 4875 sit
2894 4821 3020 4889 legit
3049 4818 3299 4874 Latinius.

2067 4919 2106 4949 “
2151 4916 2392 4970 Manente
2431 4917 2485 4970 in
2550 4915 2660 4970 illo.
2728 4914 2902 4968 Locus
2951 4913 3108 4966 valde
3144 4911 3381 4963 obscurus
3412 4906 3525 4950 visus

1995 4998 2078 5045 est
2106 4989 2372 5051 Pamelio,
2402 5000 2457 5042 et
2481 4995 2739 5058 quantum
2769 4994 3021 5054 apparet,
3070 4983 3277 5058 mum“
3313 4981 3393 5058 3}"

1995 5036 2511 5129 {ubiti's'fcnéimns'
2530 5058 2739 5127 legebat
2768 5036 3135 5129 ntrarrtcnleinjn
3163 5048 3353 5129 aequat!
3375 5036 3525 5129 “fluxu

1999 5105 2203 5187 abrilio.
2237 5105 2659 5196 ive‘lehmanti’s,
2693 5131 2850 5181 unius
2879 5125 3131 5180 litterulae
3171 5105 3522 5196 atlj'ecll‘mﬁ'f‘

1994 5205 2170 5273 gendo
2197 5212 2481 5255 manentem
2520 5216 2618 5271 pro
2648 5188 2912 5273 manente.
2960 5207 3115 5273 Γελοιὲ
3147 5188 3403 5273 ντυδθέθῖῗ

2000 5258 2248 5333 ἶρηιίειιη,
2283 5258 2664 5340 auctoremque
2693 5258 2936 5340 alludere
2963 5269 3028 5323 ad
3063 5258 3268 5340 Idea}.
3296 5260 3338 5323 7,

1997 5324 2322 5400 bist—auditus
2362 5324 2436 5398 est
2460 5324 2848 5406 ,Veiti'stituavit.
2892 5338 3043 5411 Apud
3085 5335 3398 5408 Jamksouutn
3421 5324 3517 5417 Ϊαέθ

1997 5418 2078 5443 ..:..
2110 5416 2297 5443 an“..-
2342 5415 2744 5443 ..ηοηηιιυημμηη
2779 5412 3008 5443 ηηηεηηιι
3070 5420 3263 5443 enni-nul
3286 5409 3327 5443 at
3348 5411 3393 5443 ιιι
3416 5384 3512 5443 illo.

1997 5418 2078 5471 vir
2108 5416 2299 5469 doctus
2342 5404 2744 5469 rescribendum
2778 5404 3038 5481 coniecit,
3070 5420 3265 5481 manens
3286 5409 3327 5455 et
3348 5404 3512 5481 inter

2639 5502 2656 5537 :
2689 5454 3192 5563 qitaivt'ainettdectio
3222 5475 3281 5529 ab
3303 5454 3512 5529 exemtil“

1996 5560 2073 5614 ris
2103 5560 2367 5629 scriptura
2401 5558 2625 5612 nimium
2650 5555 2902 5612 recedere
2929 5553 3156 5609 videtur.

3250 5990 3537 6129 LK
