3716 6272
52 319 184 394 sal

1197 324 1284 382 DE
1322 325 1498 384 ClBlS
1524 319 1838 386 JUDAICIS
1878 321 2234 386 EPISTOLA.

3271 294 3379 391 ac:

53 441 248 524 (Isim.
269 456 337 508 νι,
361 438 568 510 26,27)
591 456 606 492 :
629 437 870 505 Quteritis
887 453 985 505 me,
1011 455 1112 493 non
1140 441 1258 510 quia
1283 443 1432 512 signa
1453 443 1673 512 uidistis,
1705 447 1754 504 A
1785 459 2010 512 egenos;
2042 453 2093 498 et
2118 442 2302 498 felices
2330 444 2632 500 esurientes
2661 453 2824 516 atque
2853 445 3276 519 sitientes(Luc.
3306 463 3381 512 Vl,

54 535 161 596 sed
182 534 296 606 quia
325 534 676 587 manducaslis
703 533 766 587 de
803 533 1019 602 panibus
1045 534 1188 603 meis,
1218 544 1265 588 et
1291 537 1510 590 saturati
1539 537 1678 592 estis.

59 627 360 700 operamini
380 635 553 680 autem
574 643 677 680 non
708 642 820 680 eam
849 643 1012 682 escam
1038 643 1152 697 qua:
1177 630 1304 698 perit
1336 671 1349 695 ,
1387 631 1474 685 sed
1514 648 1680 686 escam

64 728 440 798 permanentem
464 719 519 773 in
560 719 718 772 vitam
741 727 1010 784 intentam,
1050 736 1206 788 quam
1236 718 1285 772 F
1289 721 1406 776 ilius
1457 722 1678 778 hominis

63 814 204 875 vobis
229 813 363 868 dabit
391 829 410 869 :
439 815 577 867 hunc
625 815 758 868 enim
788 811 947 867 Pater
972 813 1189 884 signauit
1223 813 1388 870 Deus.
1437 815 1672 884 Justitia,

69 907 302 979 inquam,
325 915 379 962 et
408 905 742 962 continentia
769 915 824 962 et
853 905 1075 976 reliquis
1107 905 1250 962 Deus
1272 906 1556 962 virtutibus
1581 923 1674 963 Cu-

71 1008 221 1062 litnr.
269 1003 286 1034 ι
323 999 452 1056 Nam
494 1009 550 1056 et
575 999 866 1056 Zacharias
900 999 1068 1056 refert
1137 1001 1156 1072 (
1199 1000 1385 1068 Zacli.,
1419 1018 1516 1068 vn,
1565 999 1622 1072 6)
1659 1007 1674 1044 τ

87 1100 146 1154 Si
170 1094 486 1157 manducetis,
521 1093 718 1164 inquit,
760 1103 848 1147 aut
883 1093 1084 1160 bibatis,
1138 1110 1306 1148 nonne
1352 1095 1373 1125 ³
1413 1109 1500 1150 vos
1529 1111 1675 1148 tuan-

85 1191 267 1246 ducatis
292 1196 372 1241 aut
399 1185 604 1241 bibitis?
645 1185 970 1256 Exprimens
997 1187 1146 1242 cibos
1188 1195 1281 1242 aut.
1321 1195 1481 1258 potus
1505 1229 1520 1254 ,
1565 1203 1672 1242 non

83 1282 142 1338 ad
169 1283 330 1338 Deum
363 1280 666 1350 pervenire,
697 1279 793 1334 sed
814 1279 882 1335 ad
910 1277 1186 1336 hominem
1219 1297 1232 1334 :
1263 1295 1363 1336 nec
1389 1282 1532 1336 enim
1555 1296 1674 1336 car-

89 1391 204 1434 ncus
231 1376 373 1431 Deus
399 1384 501 1441 est,
539 1383 597 1428 ut
626 1389 790 1430 carne
819 1373 1070 1446 placetur
1096 1391 1110 1438 ;
1145 1388 1245 1430 nec
1275 1375 1326 1429 in
1361 1373 1455 1428 bas
1479 1374 1670 1446 volup-

88 1481 204 1525 tates
233 1467 254 1499 ³
301 1467 566 1522 attonitus
604 1507 620 1532 ,
672 1475 730 1522 ut
779 1467 978 1522 nostris
1023 1467 1254 1538 gaudeat
1306 1467 1460 1524 cibis.
1529 1469 1672 1526 Deus

81 1563 177 1620 sola
201 1558 394 1632 gaudet
422 1559 525 1615 ﬁde
565 1570 773 1627 nostra,
818 1559 933 1616 sola
960 1559 1290 1628 innocentia,
1332 1562 1444 1616 sola
1472 1563 1669 1618 verita-

79 1663 140 1719 te,
161 1654 282 1709 solis
312 1655 600 1711 virtutibus
636 1655 856 1723 nostris,
890 1671 1010 1727 quae
1034 1654 1277 1710 habitant
1323 1672 1428 1712 non
1453 1657 1504 1712 in
1535 1673 1668 1713 ven-

83 1757 169 1813 tre,
207 1749 299 1804 sed
343 1749 398 1804 in
441 1749 667 1804 animo:
700 1765 940 1820 quasque
987 1749 1144 1806 nobis
1183 1751 1414 1820 acquirit
1455 1751 1669 1808 divinus

1785 532 1912 608 24);
1946 537 2172 592 miseros
2201 536 2395 592 divites
2419 577 2436 602 ,
2465 538 2662 608 quibus
2688 538 2753 592 ad
2783 539 3065 609 imperium
3097 539 3303 595 ventris
3329 547 3387 596 et

1783 630 1922 700 gulae
1951 630 2312 685 servientibus
2334 631 2668 702 voluptatum
2699 647 2988 702 numquam
3019 643 3201 702 posset
3229 633 3250 665 ³
3273 647 3386 688 nta-

1786 723 1920 778 teria
1973 722 2236 789 deiicere,
2270 739 2338 780 ne
2388 724 2641 781 desinere
2679 727 2914 782 servitus
2965 737 3185 797 posset;
3223 742 3384 799 argu-

1784 827 2021 872 mentum
2054 817 2326 873 felicitatis
2356 828 2604 889 putantes
2627 859 2646 886 ,
2693 820 3081 890 concupiscere
3121 829 3380 890 quantum

1783 912 2010 982 possint,
2044 912 2147 966 nisi
2179 913 2320 982 quod
2348 923 2400 967 et
2431 912 2510 969 sic
2539 913 2714 968 minus
2744 914 2972 984 possint,
2997 928 3154 984 quam
3181 927 3382 969 concu-

1782 1005 2014 1075 piscunt.
2048 1004 2178 1058 Nam
2231 1015 2283 1060 et
2314 1003 2478 1077 (Ibid.
2511 1022 2626 1070 xvt,
2659 1005 2748 1078 19)
2785 1009 2806 1040 θ
2848 1007 3113 1062 Lazarum
3166 1007 3220 1062 in
3265 1007 3380 1078 ipsa

1781 1093 1920 1150 fame
1944 1096 2180 1167 ipsisque
2212 1096 2482 1152 ulceribus
2513 1107 2568 1153 et
2595 1099 2822 1155 canibus
2849 1099 3034 1154 divitis
3063 1099 3377 1170 praeferens,

1777 1189 2060 1244 carniﬁces
2091 1189 2279 1245 salutis
2307 1198 2552 1245 ventrem
2583 1201 2638 1246 et
2665 1191 2842 1262 gulam
2873 1192 3162 1248 coercebat
3189 1207 3374 1249 exem-

1778 1279 1878 1349 plis
1927 1278 1980 1353 (ι
1998 1279 2130 1336 Tim.
2176 1297 2247 1348 Vl,
2277 1282 2358 1352 8).
2409 1283 2704 1354 Apostolus
2747 1298 2962 1354 quoque
2990 1283 3266 1356 habentes},
3296 1284 3380 1340 di-

1777 1373 1968 1442 cendo,
2004 1375 2188 1430 victum
2213 1387 2261 1430 et
2285 1377 2540 1444 vestitum,
2571 1378 2650 1432 Itis
2678 1368 2903 1433 contenti
2927 1395 3121 1446 sumus,
3157 1378 3376 1450 frugali-

1777 1467 1900 1521 tatis
1929 1477 1981 1523 et
2008 1469 2357 1524 continentim
2389 1469 2558 1541 legem
2589 1471 2784 1536 dabat;
2826 1485 3013 1541 parum
3057 1471 3371 1527 existimans

1774 1559 2114 1630 profuturum
2156 1577 2278 1618 esse
2323 1564 2465 1634 quod
2499 1566 2823 1634 scripserat,
2861 1566 3020 1636 etiam
3063 1564 3372 1636 exemplum

1773 1667 1833 1708 se
1863 1653 2185 1723 scriptorum
2233 1669 2454 1710 suorum
2483 1655 2684 1723 dabat,
2717 1657 3012 1727 subjiciens
3043 1674 3148 1712 non
3182 1658 3373 1714 imme-

1772 1747 1877 1802 rito
1907 1761 2028 1803 esse
2057 1745 2219 1822 (Ibid.
2252 1748 2341 1821 10)
2369 1751 2595 1804 omnium
2637 1750 2892 1806 malorum
2928 1751 3193 1805 avaritiam
3230 1753 3372 1806 radi-

93 1841 221 1896 imor
259 1852 314 1898 et
368 1843 604 1898 cteleStis
655 1853 852 1907 metus,
909 1859 1015 1898 non
1065 1853 1312 1900 terrenus
1366 1845 1536 1902 cibus.
1577 1844 1662 1899 Ex
1694 1839 1742 1900 B
1769 1855 1896 1904 cem,
1917 1842 2158 1910 sequitur
2180 1841 2324 1896 enim
2356 1853 2774 1911 praicurrentem
2795 1844 3078 1900 luxuriam.
3101 1843 3372 1916 Quidquid

70 1922 252 2009 quibus
273 1947 638 2008 congruenter
676 1937 972 1993 insectatus
992 1947 1076 1994 est
1127 1937 1414 2008 Apostolus
1445 1937 1662 2009 (Coloss.

70 2017 109 2094 ὗ..
133 2031 218 2097 18,
246 2031 355 2102 19)
405 2031 844 2102 superstitionibus
867 2033 1178 2104 Angelorum
1198 2033 1488 2100 seruientes,
1513 2034 1668 2104 inﬂa-

6 2116 116 2178 ίιὶε
159 2141 198 2178 a
241 2141 406 2178 sensu
445 2127 612 2180 carnis
655 2141 783 2190 suae,
815 2137 968 2198 caput
997 2123 1256 2181 Christum
1275 2143 1376 2181 non
1407 2137 1666 2195 tenentes;

2 2229 90 2292 es:
121 2234 238 2289 quo
266 2234 422 2272 omne
451 2234 634 2288 corpus
655 2235 746 2288 per
783 2235 970 2273 nexum
997 2229 1403 2285 concatenatum,
1435 2229 1482 2274 et
1506 2220 1669 2290 ﬁbula

11 2309 64 2368 rb
86 2312 323 2368 aritatis
357 2313 598 2366 membris
637 2313 829 2367 mutuis
892 2313 1133 2368 innexum
1171 2324 1324 2386 atque
1377 2325 1667 2369 concretum

9 2406 223 2460 crescit
260 2407 317 2460 in
353 2403 521 2460 Deum
557 2421 574 2458 :
605 2404 700 2460 sed
728 2405 815 2460 illa
865 2418 1144 2462 servantes
1187 2405 1348 2480 (Ibid.
1381 2409 1476 2475 ‘21,
1517 2405 1612 2480 25)
1649 2427 1662 2462 :

12 2493 424 2570 Netetigeritis
456 2540 472 2565 ,
513 2496 536 2529 ⁸
574 2515 735 2568 neque
759 2501 1106 2571 gustaveritis,
1135 2517 1296 2570 neque
1320 2511 1665 2558 contrectare-

7 2591 321 2664 i‘izis;qute
339 2595 614 2666 imaginem
639 2594 842 2666 quidem
881 2596 1149 2650 videantur
1169 2595 1353 2650 habere
1381 2595 1662 2668 religionis,

10 2682 162 2743 dum
218 2690 434 2753 corpori
480 2706 582 2744 non
631 2691 908 2760 parcitur;
964 2691 1166 2746 nullum
1231 2701 1407 2746 tamen
1460 2693 1668 2748 emolu-

12 2789 291 2852 nntum
341 2781 568 2836 omnino
622 2781 882 2852 justitiae,
939 2784 1066 2839 dum
1119 2785 1184 2840 ad
1225 2786 1496 2841 elementa
1551 2787 1668 2858 qui-

16 2869 144 2963 μεθ
166 2889 274 2946 per
295 2874 579 2945 Baptisma
623 2876 818 2932 mortui
845 2893 1054 2944 sumus,
1089 2879 1386 2934 voluntaria
1413 2879 1668 2935 servitute

17 2976 399 3037 resecantur.

25 3098 37 3149 ξ
414 3119 428 3132 .
683 3065 914 3125 CAPUT
965 3064 1054 3122 VL

29 3166 174 3254 Fu
207 3196 308 3235 non
345 3197 411 3235 ea:
444 3183 540 3236 hoc
565 3183 687 3254 quia
715 3181 921 3238 libertas
945 3181 1173 3236 ciborum
1197 3195 1436 3235 concessa
1461 3225 1474 3248 ,
1511 3182 1663 3235 luxu-

139 3275 260 3332 riam
296 3274 602 3346 permissam
645 3290 756 3330 esse
776 3315 792 3340 ,
831 3283 919 3328 aut
947 3273 1310 3328 continentiam
1336 3272 1592 3327 sublatam
1619 3284 1666 3328 et

116 3369 330 3441 Ejejunia
346 3383 370 3422 :
387 3373 497 3422 Itan:
524 3367 658 3422 enim
684 3367 762 3422 vel
788 3367 1007 3421 maxime
1032 3370 1209 3420 decere
1231 3363 1457 3432 Fideles,
1485 3377 1664 3420 oratu-

98 3458 132 3519 ζ·
149 3478 232 3520 ros
252 3460 438 3516 scilicet
467 3459 633 3515 Deum
651 3503 667 3530 ,
699 3471 747 3516 et
766 3470 972 3515 acturos
993 3459 1185 3530 gratias
1211 3475 1314 3514 non
1344 3458 1522 3515 diebus
1553 3468 1666 3514 tati-

113 3565 263 3627 ﬁtum,
283 3553 382 3628 ped
403 3563 450 3608 et
480 3553 731 3608 noctibus.

269 3661 380 3701 non
409 3660 476 3700 ex
505 3645 608 3701 hoc
637 3643 816 3700 statim
843 3644 968 3715 quia
1001 3644 1222 3700 libertas
1259 3644 1503 3699 ciborum
1533 3659 1666 3700 con-

96 3735 218 3808 ﬁsa
239 3780 254 3804 ,
285 3737 498 3793 luxuria
528 3737 786 3808 permissa
813 3745 898 3792 est
923 3753 937 3790 :
972 3749 1073 3792 nec
1098 3737 1221 3807 quia
1254 3735 1534 3792 liberalius
1561 3752 1664 3794 no-

114 3827 278 3893 icum
309 3827 663 3898 Evangeliqu
695 3827 716 3858 ⁸
740 3827 948 3899 gessit,
998 3827 1385 3883 continentiam
1427 3830 1664 3886 sustulit.

89 3907 222 3999 μιν
247 3921 468 3992 inquam
487 3961 502 3986 ,
532 3935 596 3974 ex
627 3919 727 3975 boc
768 3920 936 3974 ventri
967 3929 1310 3989 procuratum
1336 3929 1447 3988 est,
1477 3923 1571 3977 sed
1594 3923 1668 3976 ci-

71 4005 257 4085 hum
287 4015 460 4070 forma
490 4021 786 4068 monstrata
815 4021 935 4068 est:
963 4021 1241 4068 ostensum
1273 4021 1357 4068 est
1385 4013 1509 4084 quid
1531 4014 1666 4085 juris

71 4103 234 4184 bet,
257 4123 368 4164 non
390 4122 500 4177 quo
521 4105 574 4160 in
601 4105 866 4177 gurgitem
893 4103 1198 4174 cupiditatis
1224 4104 1414 4171 iretur,
1441 4106 1536 4160 sed
1560 4123 1665 4176 quo

251 4201 389 4256 ratio
405 4198 742 4254 redderetur.
761 4197 1030 4254 Caeterum
1052 4197 1182 4252 nihil
1208 4198 1274 4252 ita
1305 4200 1668 4268 intemperan-

82 4293 204 4366 μ
223 4297 460 4352 coercuit
487 4309 647 4366 quam
675 4293 1024 4364 Evangelium
1068 4311 1082 4348 :
1111 4309 1212 4348 nec
1244 4295 1313 4346 ita
1347 4294 1667 4349 constrictas

93 4371 352 4458 Mam
381 4387 522 4458 gula:
552 4387 697 4458 leges
746 4386 766 4415 ⁸
815 4385 1001 4452 (Ιθ;ιίι,
1047 4401 1206 4456 quam
1239 4385 1484 4439 Christus
1531 4406 1543 4439 :
1579 4386 1666 4454 qui

95 4473 296 4555 [latin
315 4495 369 4547 v,
391 4479 448 4546 5,
479 4477 538 4550 6)
570 4477 754 4534 beatos
785 4477 980 4548 legitur
1028 4476 1410 4548 pronuntiasse
1439 4519 1454 4542 ,
1500 4479 1517 4508 τ
1573 4477 1668 4532 sed

63 3566 234 3791 ἒ

49 3791 222 4028 Et

44 4028 234 4257 Eg:

150 4257 298 4400 έεοι

1772 1931 1890 1988 haec
1919 1949 2015 2004 per
2039 1934 2164 1989 vitia
2193 1937 2619 2006 consumpserit,
2650 1937 2735 1991 illa
2770 1953 2865 2007 per
2889 1937 3093 1992 scelera
3116 1935 3372 2002 restituit,
3425 2004 3428 2008 ι

1774 2027 1816 2058 ¹⁰
1843 2027 1975 2082 orbe
2031 2029 2324 2084 criminum
2371 2045 2616 2096 recurso,
2674 2039 2736 2086 ut
2777 2046 2992 2086 rursum
3017 2031 3228 2086 luxuria
3255 2031 3372 2087 exi-

1770 2128 1900 2187 mat,
1931 2121 2187 2193 quidquid
2232 2123 2457 2178 avaritia
2507 2134 2878 2196 congesserat.
2928 2123 3040 2181 Nec
3070 2137 3245 2181 tamen
3271 2125 3372 2180 de.

1769 2222 1895 2267 sunt.
1938 2212 2083 2268 inter
2109 2213 2210 2268 ista
2239 2215 2328 2286 qui
2353 2257 2368 2283 ,
2397 2230 2521 2271 cum
2563 2215 2664 2271 sibi
2693 2216 2927 2272 nominis
2954 2213 3250 2272 Christiani
3277 2233 3374 2274 vo-

1769 2319 1888 2361 cem
1920 2305 2231 2374 induerint,
2263 2309 2516 2379 exempla
2559 2309 2834 2380 praebeant
2861 2311 3288 2380 intemperantia:
3317 2321 3373 2368 et

1769 2399 2078 2470 magisteria
2131 2417 2144 2454 :
2199 2415 2430 2472 quorum
2478 2417 2647 2474 ttSqtte
2688 2419 2755 2460 eo
2799 2403 2924 2460 vitia
2965 2414 3268 2472 venerunt,
3316 2415 3374 2462 ut

1771 2499 1828 2546 et
1881 2492 1922 2522 “
1967 2491 2140 2562 jejuni
2187 2497 2452 2552 matutino
2494 2509 2740 2567 tempore
2771 2497 2992 2567 bibant,
3035 2514 3140 2554 non
3174 2507 3366 2568 putan-

1772 2593 1853 2641 tes
1880 2583 2243 2642 Christianum
2275 2603 2396 2644 esse
2443 2599 2629 2659 potare
2653 2604 2772 2660 post
2798 2591 3016 2660 cibum,
3047 2593 3150 2648 nisi
3189 2593 3244 2648 in
3277 2610 3368 2648 va-

1769 2692 1900 2734 cuas
1923 2682 1994 2734 'et
2023 2679 2212 2736 inanes
2251 2681 2428 2736 adhuc
2456 2698 2619 2738 venas
2651 2682 2826 2739 infusa
2861 2686 3041 2740 statim
3071 2695 3194 2757 post
3218 2701 3369 2742 smn-

1772 2786 1902 2826 num
1934 2772 2054 2827 vina
2079 2772 2500 2830 descenderint:
2529 2776 2705 2832 minus
2747 2777 2889 2832 enim
2932 2779 2972 2809 ¹²
3022 2794 3142 2848 quae
3183 2778 3372 2836 bibunt

1770 2877 1964 2934 sapere
2015 2864 2288 2932 videntur,
2320 2867 2366 2922 si
2416 2866 2558 2923 inter
2587 2869 2710 2924 vina
2760 2869 2866 2926 cibi
2916 2871 3369 2940 permisceantur.

1773 2953 1969 3013 Videas
1999 2973 2132 3029 ergo
2177 2959 2312 3015 tales
2341 2975 2482 3016 novo
2510 2975 2711 3031 genere
2739 2961 2916 3018 adhuc
2939 2962 3152 3034 jejunus
3182 2974 3235 3020 et
3257 2966 3370 3036 jam

1771 3047 1995 3116 ebrios,
2047 3066 2155 3106 non
2206 3052 2274 3106 ad
2324 3053 2573 3124 popinam
2605 3064 2926 3123 currentes,
2974 3055 3070 3111 sed
3118 3057 3371 3128 popinam

1770 3157 1956 3200 secum
2006 3143 2453 3202 circumferentes
2495 3163 2508 3200 :
2557 3161 2786 3216 quorum
2841 3146 2884 3179 “
2932 3148 3176 3220 quisquis
3228 3151 3374 3206 salu-

1692 3239 1738 3302 C
1773 3245 1882 3303 tat,
1917 3253 2023 3293 non
2053 3240 2298 3294 osculum
2327 3239 2458 3306 dat,
2488 3239 2584 3295 sed
2618 3241 2887 3312 propinat.
2939 3241 3078 3310 Quid
3117 3242 3202 3298 iSti
3251 3255 3373 3314 post

1766 3333 1944 3388 cibum
1979 3333 2198 3401 faciant,
2226 3349 2362 3405 quos
2387 3333 2567 3390 ebrios
2598 3335 2804 3392 invenit
2835 3335 3033 3391 cibus?
3063 3346 3157 3392 aut
3181 3339 3370 3408 quales

1768 3429 1900 3485 istos
1928 3430 2009 3484 sol
2041 3431 2092 3484 in
2121 3444 2316 3486 occasu
2348 3423 2623 3502 relinquit,
2653 3431 2917 3503 quosjam
2951 3432 3220 3488 marcidos
3242 3433 3369 3490 vino

1768 3521 1952 3578 oriens
1981 3521 2216 3592 aspicit?
2263 3521 2368 3577 Sed
2400 3537 2521 3592 quae
2547 3523 2862 3578 detestanda
2904 3534 3030 3580 sunt
3050 3565 3066 3591 ,
3101 3541 3208 3581 non
3239 3535 3368 3582 sunt

1770 3614 1927 3670 nobis
1965 3612 2209 3684 exempla
2245 3612 2512 3669 ducenda.
2547 3614 2818 3671 Sumenda
2841 3626 2970 3672 sunt
2988 3615 3132 3673 enim
3161 3632 3224 3672 ea
3257 3619 3372 3672 sola

1768 3709 1962 3779 quibus
2008 3707 2222 3763 animus
2266 3717 2450 3762 noster
2497 3708 2692 3764 melior
2733 3708 2992 3765 reddatur
3027 3727 3041 3764 :
3085 3718 3140 3765 et
3165 3711 3292 3766 licet
3323 3711 3376 3766 in

1768 3803 2061 3874 Evangelia
2112 3817 2208 3874 per
2254 3803 2436 3857 omnia
2464 3801 2711 3858 ciborum
2765 3803 3009 3860 redditus
3058 3804 3212 3860 nobis
3245 3819 3373 3860 usus

1769 3897 1870 3961 sit;
1909 3907 2088 3952 tamen
2121 3895 2440 3967 intelligitur
2469 3894 2734 3959 redditus,
2766 3895 2861 3951 sed
2891 3910 3014 3950 cum
3047 3895 3167 3966 lege
3197 3896 3377 3967 fruga-

1770 3992 1934 4046 litatis
1963 4001 2017 4046 et
2055 3991 2424 4046 continentire.
2473 3989 2603 4044 llaec
2629 3989 2774 4044 enim
2807 3988 2892 4043 vel
2924 3989 3155 4044 maxime
3181 3987 3380 4046 decent

1773 4083 2282 4150 Fideles,oraturos
2308 4082 2520 4138 scilicet
2541 4081 2804 4146 Deum,et
2833 4089 3050 4136 acturos
3080 4079 3128 4134 ei
3161 4080 3376 4150 quidem

1771 4177 1972 4247 gratias
1999 4215 2014 4240 ,
2061 4190 2166 4228 non
2195 4173 2386 4228 diebus
2414 4181 2619 4226 tantum
2647 4212 2662 4236 ,
2710 4169 2805 4226 sed
2836 4182 2892 4226 et
2920 4171 3052 4241 ipsis
3083 4171 3332 4228 noctibus
3361 4189 3376 4226 :

1773 4267 1917 4340 quod
1947 4267 2059 4321 lieri
2089 4281 2194 4320 non
2226 4265 2460 4335 poterit,
2491 4265 2536 4318 si
2565 4278 2816 4318 somnum
2849 4277 3071 4334 gravem
3094 4274 3150 4319 et
3177 4265 3376 4322 molem

1777 4360 1978 4433 pectori
2003 4357 2310 4428 impositam
2341 4370 2492 4412 meus
2518 4355 2642 4411 cibo
2669 4354 2906 4426 vinoque
2949 4356 3122 4426 sopita
3151 4373 3256 4412 non
3287 4374 3379 4413 va-

1775 4455 1934 4510 luerit
1955 4459 2231 4509 excutere.

38 4604 111 4651 Ιν-
1235 4592 1608 4652 GALLANDII
1655 4591 2220 4652 COMMENTARIUS.

132 4689 177 4760 ξ
211 4689 346 4746 Nam
373 4702 440 4746 ει,
495 4687 634 4744 Nam
679 4699 734 4743 ut
793 4687 1075 4760 legendum
1107 4687 1414 4758 suspicatur
1443 4695 1670 4758 uterque
1694 4691 1748 4750 1)
1909 4685 2179 4760 Materia.”
2212 4683 2376 4760 lianc
2455 4698 2640 4740 vocem
2713 4685 2924 4760 reStitui
2969 4700 3035 4740 ex
3085 4686 3282 4745 Ursino
3327 4699 3382 4747 et

275 4763 484 4829 Anglic.

515 4831 714 4888 habent
732 4831 898 4894 LXX.
925 4832 1046 4904 Syr.
1073 4841 1125 4884 ct
1151 4831 1313 4904 Arab.
1355 4829 1503 4886 Vobis
1525 4829 1659 4886 Heb.

156 4895 306 5034 Υιιῗ.
338 4916 399 4961 ιιι
429 4913 652 4975 apparet
689 4921 755 4960 ex
801 4895 1106 4976 llieronymi
1137 4902 1438 4958 Cotnmcnt.
1489 4906 1542 4956 in
1584 4904 1664 4956 lu-

156 4987 218 5034 ΙΙ.
273 4991 496 5034 Δοιεοκ.

199 4991 496 5034 .JACISON.

30 5045 511 5145 ﬁgi-tuorum;
537 5047 619 5104 Ex
690 5045 1317 5145 eonjecturxnutrinsque
1384 5045 1665 5116 Anglicani

32 5117 300 5192 Ws
319 5119 608 5192 legendum
635 5128 874 5192 attentus,
906 5117 1256 5192 velintentus.

34 5187 399 5266 ﬁni-iuga;
434 5191 774 5266 qustaueritis.
800 5190 934 5266 Haec
973 5188 1270 5243 Nnvatiano
1311 5189 1667 5245 restituerunt

34 5196 73 5259 Γ
141 5196 384 5266 {Neque
434 5196 774 5262 gustaveritis.
809 5196 934 5245 Haec
973 5196 1270 5243 Nnvatiano
1311 5196 1667 5245 restituerunt

24 5196 298 5397 ἅέἴὶε
335 5262 636 5334 Anglicani,
668 5277 699 5317 e
725 5264 878 5328 cujus
904 5269 1050 5314 textu
1087 5268 1302 5328 propter
1329 5276 1488 5329 neque
1513 5276 1668 5331 repe-

257 5336 608 5392 librariorum
633 5333 835 5388 incuria
857 5331 1128 5387 excidisse
1150 5332 1416 5384 videntur.

12 5372 19 5381 -
55 5331 230 5392 an
257 5331 608 5392 librariorum
633 5333 835 5388 incuria
857 5331 1128 5387 excidisse
1150 5332 1416 5384 videntur.

257 5447 276 5461 .
352 5405 445 5462 VI.
499 5435 572 5448 ——-
619 5407 639 5436 ⁵
679 5403 863 5460 Gessit.
949 5402 1235 5456 Existimat
1288 5401 1673 5458 Wclclnnautts

90 5405 276 5472 μω.
352 5405 445 5462 vi.
499 5437 512 5448 .

127 5543 386 5608 “Dedit.
418 5543 555 5602 ’νος
602 5546 700 5600 ista
756 5543 911 5599 deest
978 5545 1029 5599 in
1067 5545 1227 5600 editis
1267 5545 1530 5600 Patnelii:
1579 5546 1674 5600 sed

48 5612 194 5678 -dﬁ
207 5628 521 5694 agnoscunt
542 5615 802 5694 Gagnmus
820 5626 876 5672 et
904 5615 1234 5684 Frobenius;
1269 5627 1322 5672 et
1347 5631 1538 5672 sensus
1557 5633 1674 5672 eam

46 5687 350 5749 gloriati-re
370 5689 600 5744 videtur.
630 5687 884 5743 lacuson.

150 5759 170 5796 θ
199 5761 320 5823 sed
371 5777 579 5832 egenos.
631 5758 950 5813 Particulam
1008 5761 1098 5814 sed
1152 5760 1414 5830 expunxit
1449 5756 1676 5832 Jackso-

46 5704 71 5719 "
249 5690 350 5749 Fre
370 5690 600 5744 videtur.
630 5690 884 5743 lacuson.

150 5759 170 5796 ⁹
199 5761 320 5823 Sed
371 5777 579 5832 egenos.
631 5758 950 5813 Particnlam
1008 5761 1098 5814 sed
1152 5760 1414 5830 expunxit
1449 5756 1608 5815 Jacks

38 5690 374 6023 Etuta
404 5849 556 5899 vero,
584 5831 629 5888 si
650 5837 918 5904 tueamini
945 5847 1062 5889 eam
1085 5833 1362 5905 scripserit
1386 5831 1608 5888 auctor?

88 5970 107 5995 l'

128 6032 173 6091 ’Ἣ

180 6093 275 6133 ια

1779 4758 2052 4816 Wovvero.
2084 4755 2224 4811 Editi
2251 4767 2506 4824 corrupte
2535 4765 2715 4810 mater.
2741 4756 2996 4814 Jacnsou.

1844 4834 1865 4864 9
1904 4829 2252 4883 Lazarum...
2334 4830 2628 4900 praeferens.
2706 4828 2832 4884 llwc
2911 4830 3068 4900 posui
3129 4847 3194 4886 ex
3273 4850 3375 4888 nts.

1770 4902 2030 4958 Woweri.
2072 4900 2210 4954 Editi
2250 4900 2440 4972 vitiose
2465 4937 2480 4963 ,
2527 4898 2825 4972 Lazarus...
2887 4898 3190 4972 perferens;
3220 4907 3381 4960 omit-

1773 4983 1996 5042 tuntque
2027 4970 2341 5044 intermedia
2363 5011 2378 5036 ,
2413 4980 2460 5024 et
2501 4970 2709 5026 diuitiis.
2743 4973 2830 5026 Al.
2862 4970 2992 5028 vero
3030 4988 3128 5044 pro
3165 4977 3376 5032 canibus

1771 5047 1967 5117 legunt
1982 5043 2238 5117 carnibus.
2262 5042 2340 5096 In.
2607 5113 2650 5117 __
2964 5113 2977 5117 Α
3033 5042 3043 5044 ἡ
3123 5067 3169 5102 ι

1779 5171 1786 5178 _
1827 5113 1888 5148 ’⁸ο
1931 5115 2175 5190 0rbe...._
2213 5123 2268 5167 ut
2310 5128 2536 5168 rursum.
2607 5113 2846 5186 Uterque
2913 5113 3092 5171 editor
3156 5119 3373 5190 Anglic.

1775 5190 1981 5250 mallet,
2017 5195 2071 5240 ut
2099 5185 2286 5240 orbe...
2311 5201 2538 5239 rursum.

1855 5261 1894 5292 η
1933 5257 2135 5330 Jejuni.
2175 5255 2520 5330 Haecvoxgest
2543 5259 2820 5330 genuina,
2859 5264 2914 5312 ut
2948 5267 3228 5330 monstrat
3255 5277 3380 5319 mox

1779 5327 2014 5400 sequens
2039 5330 2270 5400 jejunos.
2303 5327 2367 5382 Et
2391 5328 2471 5400 sic
2499 5329 2623 5400 legit
2655 5328 2915 5382 Latinius.
2946 5328 3082 5386 Male
3107 5329 3380 5390 Parnelins

1781 5398 2142 5476 jejnnii;apud
2159 5413 2322 5476 quem
2351 5398 2490 5476 male
2520 5399 2710 5452 iterum
2735 5416 2824 5468 per
2855 5401 3377 5476 somnumJAcnsou.

1859 5476 1901 5505 ¹⁹
1946 5469 2072 5540 Quae
2123 5472 2312 5526 bibunt.
2361 5469 2449 5524 Sic
2501 5477 2712 5540 reposui
2743 5487 2808 5524 ex
2835 5486 2935 5524 tns.
2967 5471 3229 5528 Wowteri.
3255 5477 3380 5532 Mox

1786 5546 2081 5602 Pamelium
2106 5556 2322 5610 sequor
2360 5542 2670 5596 rescribens
2691 5583 2704 5606 ,
2737 5545 2779 5596 si
2817 5543 2950 5596 inter
2974 5544 3093 5598 vina
3119 5546 3238 5600 cibi.
3275 5548 3381 5604 Ca-

1781 5633 1966 5689 gnaaus
1991 5624 2044 5689 et
2069 5605 2384 5689 Frob'enitts,
2417 5614 2458 5666 si
2475 5605 2727 5689 intestina
2750 5629 2866 5667 cum
2883 5613 3010 5689 cibis
3039 5630 3236 5686 :quam
3261 5633 3381 5673 cor-

1783 5681 1993 5752 i‘uptam
2019 5683 2298 5740 lectionem
2327 5682 2531 5738 recudit
2558 5681 2960 5740 Welcltmanus.
2987 5685 3066 5742 In.

1859 5760 1901 5790 ¹³
1945 5757 2174 5822 Quorum
2211 5755 2458 5825 quisquis.
2509 5753 2635 5810 Hice
2677 5765 2762 5810 est
2828 5756 2988 5812 lectio
3042 5756 3380 5816 Frobeniana

1783 5846 1945 5904 qttam
1975 5827 2240 5898 expressit
2265 5825 2670 5896 Welcbmanus,
2697 5843 2795 5899 pro
2829 5829 3138 5886 l’ameliana
3165 5848 3384 5904 quarunt

3384 6067 3408 6083 β
3437 6067 3466 6085 θ’
