3742 6282
472 268 579 326 967

1940 260 2315 318 novarum
3530 282 3596 341 θα

475 391 581 444 huc
606 387 659 443 in
689 399 957 444 carcerem
984 382 1217 453 dignitas
1246 395 1358 439 suae
1378 379 1736 437 confessionis
1765 379 1982 435 inclusit
2009 389 2064 436 et
2090 381 2139 440 A
2171 379 2344 448 possit
2364 395 2486 433 cum
2514 378 2840 436 auctoritate
2876 388 2931 434 et
2963 382 3175 439 consilio
3205 384 3376 446 habere
3408 394 3601 454 ηιῑριιεω,

474 482 540 537 ad
566 493 837 538 certamen
864 479 1234 549 evangelicum
1257 492 1352 532 sua
1373 476 1504 532 fides
1534 477 1584 531 in
1603 474 2069 544 confessioncjam

473 574 703 644 gloriosa
738 571 906 628 semel
946 570 1244 636 coronavit,
1276 569 1481 625 litteras
1523 567 1723 623 habeas
1747 568 2067 637 conSpiran-

472 674 555 719 tes
583 679 705 720 cum
734 663 937 719 litteris
987 662 1208 726 nostris,
1239 660 1431 732 quibus
1459 661 1806 716 severitatem
1833 674 2066 730 evange—

470 757 585 813 licae
616 756 914 827 disciplina:
964 754 1327 826 protulerunt,
1358 763 1412 808 et
1429 752 1641 807 illicitas
1685 752 1974 822 petitiones
1996 751 2063 805 ab

472 849 729 906 Ecclesiae
762 847 966 919 pudore
1011 858 1352 904 revocarunt.
1385 845 1496 901 Nisi
1530 844 1632 900 hoc
1682 844 1959 911 fecissent,
1993 844 2071 899 di-

469 944 712 1016 sciplina:
754 942 1080 1015 evangelicae
1125 943 1140 974 ‘
1184 942 1337 997 ruina
1388 956 1493 995 non
1547 938 1706 995 facile
1749 940 2063 1005 sarciretur,

469 1037 771 1109 praesertim
812 1052 936 1091 cum
975 1035 1107 1091 nulli
1156 1035 1324 1106 magis
1354 1043 1460 1089 tam
1486 1047 1783 1103 congruum
1815 1042 1961 1086 esset
1988 1040 2068 1087 te-

469 1145 657 1185 norem
713 1128 1008 1200 evangelici
1050 1127 1248 1198 vigoris
1284 1128 1304 1158 ²
1340 1126 1598 1180 illibatum
1643 1122 2066 1194 dignitatemque

466 1239 709 1291 scrvare,
732 1238 891 1294 quam
919 1221 1011 1293 qui
1032 1236 1091 1277 se
1110 1219 1499 1277 excruciandos
1526 1230 1582 1274 et
1605 1217 2067 1274 excarnificandos

469 1333 565 1389 pro
603 1316 902 1386 Evangelia
951 1313 1254 1369 furentibus
1304 1312 1691 1378 tradidissent,
1725 1329 1790 1368 ne
1818 1311 2064 1383 martyrii

470 1411 734 1465 honorem
764 1407 785 1438 ³
829 1408 1023 1462 merito
1054 1406 1362 1476 perderent,
1389 1406 1433 1459 si
1465 1405 1515 1459 in
1545 1405 1829 1461 occasione
1858 1413 2063 1475 marty-

464 1503 551 1569 rii,
584 1502 1026 1574 praevaricatores
1066 1498 1340 1569 Evangelii
1388 1513 1508 1553 esse
1557 1499 1860 1553 voluissent
1894 1515 1905 1551 :
1938 1514 2062 1552 nam

463 1595 555 1666 qui
587 1592 728 1664 quod
762 1592 944 1658 habet,
973 1607 1078 1645 non
1110 1590 1345 1645 custodit
1373 1590 1425 1644 in
1449 1605 1514 1644 eo
1550 1604 1615 1644 ex
1641 1604 1747 1659 quo
1780 1588 1905 1642 illud
1939 1602 2063 1658 pos-

461 1685 626 1750 sidet,
654 1684 780 1739 dum
830 1682 881 1737 id
930 1697 997 1738 ex
1040 1697 1148 1753 quo
1182 1680 1419 1752 possidet
1444 1681 1648 1748 violat,
1695 1681 1892 1736 amittit
1932 1680 2062 1735 illud

459 1779 605 1853 quod
634 1778 963 1849 possidebat.

537 1872 599 1927 ν.
635 1873 688 1927 ln
737 1886 843 1942 quo
890 1872 1007 1925 loco
1041 1870 1303 1924 maximas
1331 1869 1425 1924 tibi
1449 1878 1607 1940 atque
1633 1870 1832 1925 uberes
1855 1871 2058 1941 gratias

460 1965 669 2022 referre
695 1963 956 2019 debemus
984 1971 1039 2017 et
1068 1960 1364 2023 reddimus,
1399 1960 1540 2031 quod
1581 1960 1796 2016 illorum
1823 1960 2058 2016 carceris

462 2057 713 2116 tenebras
742 2056 936 2112 litteris
964 2055 1070 2110 tuis
1100 2054 1437 2118 illuminasti,
1468 2053 1610 2123 quod
1640 2053 1706 2107 ad
1753 2051 1877 2108 illos
1904 2052 2056 2109 veni-

456 2153 524 2208 sti
568 2149 842 2222 quomodo
885 2147 1110 2213 introire
1140 2146 1378 2216 potuisti,
1408 2145 1548 2215 quod
1599 2144 1810 2199 illorum
1842 2145 2054 2201 animos

454 2262 551 2303 sua
591 2244 695 2300 fide
744 2252 797 2297 ct
834 2240 1174 2297 confessione
1206 2240 1458 2295 robustos
1506 2241 1609 2293 tuis
1635 2240 2053 2296 allocutionibus

451 2338 751 2407 litterisque
775 2333 1053 2399 recreasti,
1078 2332 1220 2403 quod
1244 2331 1530 2386 felicitates
1557 2347 1742 2385 eorum
1766 2333 2053 2402 condignis

451 2429 699 2485 laudibus
718 2426 737 2457 ⁵
756 2434 1068 2496 persecutus
1092 2423 1380 2479 accendisti
1404 2422 1471 2477 ad
1494 2422 1664 2477 multo
1689 2423 2050 2479 ardentiorem

453 2520 694 2578 caelestis
731 2518 919 2589 gloriae
969 2515 1342 2586 cupiditatem,
1366 2515 1507 2587 quod
1539 2524 1737 2585 prunos
1765 2516 2046 2587 impulisti,

449 2617 616 2690 quod,
649 2625 706 2672 ut
736 2613 1007 2670 credimus
1035 2621 1089 2668 et
1129 2621 1398 2682 optamus,
1423 2610 1656 2666 victores
1685 2610 1892 2669 futuros
1914 2613 2048 2667 viri-

450 2714 554 2771 bus
601 2712 677 2767 tui
720 2707 989 2766 sermonis
1017 2708 1038 2739 ⁸
1068 2707 1317 2762 animasti
1348 2722 1361 2758 :
1396 2715 1452 2760 ut
1479 2722 1804 2777 quamquam
1839 2714 1939 2764 hoc
1967 2718 2047 2764 lo-

448 2819 561 2864 tuin
592 2806 662 2862 de
693 2804 796 2860 fide
822 2800 1195 2859 confitentium
1220 2799 1366 2863 etde
1387 2800 1570 2854 divina
1592 2799 1924 2871 indulgentia
1954 2816 2047 2856 ve-

448 2900 567 2956 nire
590 2897 853 2967 videatur,
888 2903 1067 2950 tamen
1105 2895 1157 2948 in
1211 2892 1468 2964 martyrio
1516 2908 1615 2948 suo
1648 2893 1738 2948 tibi
1768 2911 1835 2949 ex
1867 2894 2045 2964 aliquo

446 2993 720 3049 debitores
767 2988 892 3044 facti
922 3002 1046 3043 esse
1071 2986 1374 3041 videantur.
1397 2983 1501 3040 Sed
1534 3001 1590 3039 υι
1617 2985 1683 3039 ad
1715 2986 1765 3040 id
1798 2986 1937 3042 unde
1963 2987 2045 3042 di-

444 3099 666 3159 gressus
712 3096 894 3138 sermo
939 3078 1226 3135 videbatur
1276 3091 1433 3144 esse,
1492 3092 1682 3132 rursus
1718 3090 2035 3146 revertatur,

2174 472 2197 503 ⁸
2216 472 2553 544 Quamquam
2572 472 2726 528 nobis
2749 473 2802 526 in
2825 482 2928 527 tam
2951 474 3137 546 ingenti
3162 481 3347 549 negotio
3358 482 3605 558 placeatun

2170 574 2225 619 et
2258 574 2313 620 tu
2354 566 2468 635 ipse
2502 566 2741 621 tractasti
2772 581 2787 630 ;
2816 568 2837 599 θ
2879 567 3023 637 prius
3074 567 3304 625 Ecclesia
3327 587 3474 642 pacem
3507 583 3609 637 susii.

2172 656 2427 722 nendam,
2459 656 2657 712 deinde
2701 657 2779 711 sic
2807 658 3085 713 collatione
3113 661 3415 719 consiliorum
3435 673 3606 740 cumepi.

2169 753 2365 821 scopis,
2395 751 2749 819 presbyteris,
2775 750 3028 817 diaeonis,
3054 753 3409 814 confessoribus
3425 763 3609 829 pariterac

2177 845 2445 900 stantibus
2501 844 2654 899 laicis
2686 842 2852 907 facta.
2877 845 3136 915 lapsorum
3188 859 3389 906 tractare
3422 855 3608 914 rationein.

2170 936 2436 1008 Perquam
2466 939 2611 992 enim
2636 938 2792 993 nobis
2813 948 2867 993 et
2884 938 3188 995 invidiosum
3209 950 3259 997 et
3279 958 3510 1001 onerosum
3525 950 3611 1005 vitle-

2169 1039 2277 1094 tur,
2306 1047 2411 1085 non
2440 1047 2537 1101 per
2568 1032 2767 1086 multos
2788 1031 3092 1088 examinare
3102 1033 3232 1103 quod
3253 1050 3337 1104 per
3355 1036 3507 1092 multos
3525 1056 3611 1096 CIIII-

2168 1126 2391 1181 missum
2422 1124 2672 1181 videatur
2722 1124 2904 1192 fuisse,
2937 1137 2991 1181 et
3017 1142 3170 1181 unum
3198 1129 3470 1186 sententiam
3502 1132 3611 1190 dicere

2167 1233 2289 1275 cum
2322 1226 2428 1272 tam
2455 1218 2660 1287 grande
2698 1219 2903 1275 crimen
2936 1234 3027 1288 per
3051 1219 3233 1275 multos
3252 1219 3459 1276 diffusum
3477 1234 3611 1281 notetur

2168 1311 2386 1378 exisse;
2419 1312 2674 1383 quoniam
2711 1327 2811 1366 nec
2837 1311 3042 1365 firmum
3068 1312 3319 1368 decretum
3361 1323 3499 1385 potest
3525 1332 3612 1383 esse,

2167 1403 2308 1474 quod
2341 1420 2445 1458 non
2480 1404 2837 1474 plurimorum
2855 1403 3115 1459 videbitur
3137 1404 3361 1460 habuisse
3374 1421 3612 1461 consensum.

2167 1494 2363 1566 ASpice
2416 1504 2585 1549 totum
2628 1495 2816 1551 orbem
2851 1511 2989 1566 pene
3032 1503 3299 1562 vastatum,
3327 1506 3373 1552 et
3413 1498 3616 1568 ultiqucja-

2167 1603 2293 1642 cere
2321 1586 2655 1657 dejectorum
2678 1588 2939 1658 reliquias
2967 1588 3007 1619 ¹⁰
3034 1597 3085 1643 et
3112 1590 3299 1653 ruinas,
3323 1598 3369 1643 ct
3390 1589 3536 1644 idcirco
3549 1601 3615 1645 tam

2165 1683 2369 1753 grande
2397 1684 2573 1753 expeti
2624 1683 2915 1738 consilium
2947 1698 3103 1754 quam
3150 1682 3248 1738 late
3284 1684 3615 1754 propagatumvi-

2085 1777 2134 1838 B
2160 1776 2318 1832 detur
2346 1791 2468 1832 esse
2513 1777 2793 1832 delictum.
2826 1777 2947 1833 Non
2978 1778 3049 1832 sit
3077 1777 3242 1832 minor
3264 1775 3479 1833 medicina
3509 1792 3611 1847 quam

2162 1871 2360 1925 vulnus
2383 1879 2467 1926 est
2483 1912 2496 1935 ,
2520 1886 2627 1925 non
2655 1875 2765 1926 sint
2793 1870 3007 1926 minora
3032 1871 3257 1926 remedia
3279 1868 3614 1940 quam“funera:

2161 1973 2218 2017 ut
2246 1978 2353 2033 quo
2375 1962 2535 2018 modo
2565 1965 2654 2034 qui
2689 1973 2938 2030 ruerunt,
2970 1964 3039 2020 ob
3063 1964 3161 2019 hoc
3186 1962 3497 2033 rueruntquod
3518 1977 3612 2015 caici

2160 2057 2468 2113 temeritate
2510 2059 2673 2114 nimis
2706 2059 2905 2114 incauti
2936 2059 3187 2124 fuerunt;
3215 2057 3278 2112 ita
3302 2056 3371 2127 qui
3389 2056 3464 2112 hoc
3481 2055 3620 2126 dispo-

2158 2166 2287 2206 nere
2315 2151 2582 2218 nituntur,
2612 2151 2760 2206 omni
2801 2151 3153 2206 consiliorum
3184 2149 3472 2205 moderamine
3496 2157 3618 2201 ulan-

2158 2252 2266 2309 tur,
2301 2259 2369 2299 ne
2395 2243 2546 2314 quid,
2576 2260 2683 2298 non
2731 2254 2787 2297 ut
2816 2252 3035 2314 oportet
3064 2243 3268 2310 factum,
3289 2252 3497 2313 tamquam
3534 2240 3616 2292 ini-

2155 2344 2267 2392 tum
2320 2337 2387 2393 ab
2435 2338 2688 2393 omnibus
2734 2337 3031 2407 iudicetur.
3084 2337 3199 2395 Uno
3235 2337 3367 2408 igitur
3404 2335 3615 2403 eodemque

2154 2431 2403 2496 consilio,
2451 2431 2641 2487 iisdem
2694 2431 2953 2502 precibus
2997 2441 3054 2488 ct
3103 2432 3316 2499 ﬂetibus,
3344 2441 3430 2486 tam
3470 2427 3614 2497 uosqui

2152 2540 2322 2595 usque
2351 2524 2526 2580 adhuc
2561 2525 2806 2581 videmur
2835 2527 3099 2597 temporis
3147 2527 3285 2580 istius
3311 2524 3457 2579 ruinas
3475 2522 3615 2576 subter-

2152 2617 2376 2689 fugisse,
2403 2635 2563 2691 quam
2591 2619 2666 2675 illi
2698 2621 2788 2691 qui
2817 2620 2869 2674 in
2906 2619 3006 2675 has
3028 2622 3269 2691 temporis
3289 2617 3485 2674 videntur
3498 2613 3614 2670 clades

2151 2710 2431 2775 incidisse.
2480 2712 2714 2767 divinam
2805 2712 3118 2785 majetatem
3169 2713 3469 2783 deprecantes
3493 2720 3608 2778 pacem

2156 2804 2199 2834 “
2218 2803 2590 2859 ecclesiastico
2620 2804 2823 2859 nomini
2852 2806 3183 2874 postulemus
3207 2824 3220 2859 :
3248 2803 3415 2860 mutuis
3436 2800 3611 2856 votisnos

2148 2895 2380 2950 invicem
2422 2896 2718 2964 foveamus,
2750 2898 3146 2963 custodiamus,
3175 2910 3445 2953 armemus:
3469 2904 3609 2945 oremus

2149 3004 2246 3057 pro
2293 2989 2474 3058 lapsis,
2532 2997 2590 3043 ut
2636 2990 2916 3060 erigantur
2949 3009 2962 3045 :
2992 3006 3206 3047 oremus
3241 3004 3327 3061 pro
3351 2985 3557 3047 stantibus,
3577 2990 3612 3034 ul

2147 3096 2253 3134 non
2283 3079 2351 3135 ad
2382 3081 2565 3135 ruinas
2603 3095 2773 3152 usque
2804 3090 3087 3139 tentcutur
3117 3100 3130 3136 :
3159 3096 3354 3138 oremus
3376 3077 3496 3149 utqui
3517 3071 3611 3128 ceci-

443 3181 630 3252 quales
655 3178 677 3209 ⁸
704 3177 914 3231 litteras
944 3172 999 3229 in
1023 3170 1264 3229 Siciliam
1309 3185 1522 3242 quoque
1552 3172 1881 3239 miserimus,
1916 3174 2046 3229 sub—
2072 3176 2117 3240 C
2150 3171 2297 3227 disse
2320 3172 2650 3239 referuntur,
2681 3173 2863 3229 delicti
2887 3174 2976 3230 sui
3003 3173 3388 3245 magnitudinem
3412 3178 3610 3240 agitamu-

437 3275 613 3347 jcctas
637 3268 880 3326 habebis.

514 3364 607 3422 Vl.
639 3364 973 3429 Quamquam
1001 3357 1156 3413 nobis
1180 3356 1493 3413 differenda:
1544 3358 1703 3428 hujus
1730 3359 1808 3414 rei
1851 3375 2040 3417 neces-

445 3458 577 3514 sitas
614 3453 786 3523 major
818 3452 1121 3516 incumbat,
1150 3451 1365 3521 quibus,
1396 3458 1515 3521 post
1556 3467 1836 3507 excessum
1894 3453 2041 3508 nobi-

444 3550 666 3606 lissimae
697 3545 971 3600 memoriae
1000 3544 1098 3599 viri
1131 3544 1150 3575 "
1170 3542 1411 3609 Fabiani,
1440 3543 1677 3597 nondtnu
1709 3554 1791 3599 cst
1829 3546 2042 3614 episco-

444 3656 546 3714 pus
570 3649 790 3711 propter
802 3652 981 3691 rerum
996 3647 1051 3691 et
1076 3644 1376 3705 temporum
1393 3634 1742 3691 difficultates
1777 3638 2040 3692 constitu-

444 3744 550 3803 tus,
566 3732 657 3805 qui
672 3731 852 3788 omnia
868 3730 968 3786 ista
989 3728 1594 3795 tiioderetur,eteorutn
1624 3731 1713 3800 qui
1744 3730 1879 3799 lapsi
1912 3742 2039 3788 sunt

2147 3278 2252 3337 tes,
2284 3268 2588 3340 intelligant
2620 3284 2729 3324 non
2764 3282 3199 3327 momentaueam
3225 3283 3377 3339 neque
3401 3274 3607 3336 praeprope-

2150 3379 2267 3419 ram
2299 3363 2342 3395 ⁸³
2370 3363 2687 3420 desiderare
2717 3364 3047 3420 medicinam
3084 3382 3098 3420 :
3151 3377 3345 3418 oremus
3386 3368 3434 3414 ut
3467 3354 3605 3411 clientis

2144 3457 2493 3528 indulgentiae
2524 3457 2797 3527 lapsorum
2851 3459 3213 3530 subsequatur
3239 3467 3289 3512 et
3315 3454 3351 3486 ¹⁸
3373 3444 3607 3524 pandentia,

2145 3559 2204 3606 ut
2253 3550 2529 3605 intellecto
2571 3565 2670 3606 suo
2697 3551 2926 3607 crimine
2955 3551 3122 3607 velint
3162 3550 3300 3605 nobis
3341 3544 3611 3611 interiitth-

2141 3656 2287 3703 stare
2315 3648 2649 3718 patientiam,
2682 3663 2783 3705 nec
2821 3648 3006 3704 adhuc
3036 3648 3351 3705 fluctuantem
3373 3635 3613 3698 turbentEc-

2142 3739 2323 3795 clesiae
2375 3750 2617 3809 statum;
2654 3755 2723 3797 ne
2763 3740 3087 3800 interiorem
3126 3742 3270 3799 nobis
3293 3733 3616 3814 persecutiouem

1784 3867 2144 3931 VARIORUM
2184 3874 2415 3933 NOTE.

444 4013 541 4071 pro
584 4011 652 4071 eo
681 3991 825 4071 quod
858 3985 1822 4071 posteriores‘editiones'praeferunt
1851 4006 2033 4060 proce-

441 4058 580 4126 dere.
615 4058 721 4124 Sed
752 4058 889 4120 hanc
917 4070 1095 4117 tamen
1128 4060 1369 4114 ultimam
1394 4058 1677 4115 lectionem
1710 4075 1811 4130 ego
1837 4058 1921 4116 me
1949 4078 2033 4116 re-

440 4142 647 4213 perisse
705 4139 876 4213 fateor
908 4134 960 4189 in
1010 4131 1220 4213 duobus
1273 4130 1423 4213 libris
1465 4131 1600 4213 meis
1655 4132 1944 4213 veteribus,
1977 4134 2032 4213 in

439 4201 937 4280 Cratianopolitano
986 4214 1040 4260 et
1070 4204 1289 4280 inuno
1313 4201 1609 4280 Victorino,
1644 4212 1751 4280 tuin
1787 4205 1944 4280 etiam
1979 4205 2030 4280 in

438 4286 676 4342 editione
701 4275 1027 4345 Mauutiana,
1056 4275 1227 4331 codex
1256 4275 1541 4330 Remensis
1569 4275 1741 4329 sancti
1792 4276 2033 4347 Dionysii

440 4367 494 4414 ct
516 4354 877 4411 Lamouianus
906 4349 1107 4405 habent
1138 4347 1400 4417 prodesse,
1433 4347 1623 4403 eodem
1650 4361 1831 4401 sensu.
1864 4348 2030 4402 BALU.

2208 3995 2231 4027 ⁸
2263 3993 2657 4066 Quamquam...
2694 4006 2914 4054 tractare
2941 4000 3212 4055 rationem.
3236 3995 3357 4052 Hunc
3382 3989 3536 4066 locum
3556 3998 3620 4066 rc-

2135 4061 2591 4139 citatCyprianus
2616 4069 2667 4122 in
2696 4070 2857 4139 epist.
2895 4086 2970 4126 ιιι
2997 4072 3129 4128 edit.
3160 4069 3322 4126 Balua.
3344 4061 3618 4139 sibilantia-

2120 4153 2285 4194 ‘num.
2321 4127 2452 4192 Eam
2486 4140 2652 4195 habes
2689 4127 2827 4196 infra
2872 4127 3019 4198 inter
3044 4127 3617 4199 Corneliauas.Sttbtlilllne

2136 4219 2358 4283 sanctus
2398 4208 2640 4283 Martyr:
2672 4212 2919 4267 Additum
2978 4224 3054 4271 est
3092 4215 3236 4270 etiam
3273 4207 3509 4283 Horatiana
3534 4208 3617 4283 tunc

2137 4280 2406 4354 scribente,
2441 4292 2487 4335 et
2536 4277 2679 4353 quod
2709 4286 2986 4354 scripserat
3035 4302 3127 4341 sua
3172 4299 3279 4337 voce
3320 4277 3612 4354 recitantem?

2138 4352 2275 4428 Quae
2301 4339 2565 4428 Qypriani'
2582 4354 2745 4428 verba
2791 4339 3087 4428 descripsit
3113 4357 3348 4412 Pacianus
3390 4349 3434 4402 in
3456 4339 3615 4415 epistol!

517 4427 711 4485 IV.—i
735 4421 1282 4480 Ruina...sarciretur.
1302 4417 1450 4495 Unus
1462 4419 1710 4495 Balnzins
1734 4417 2037 4495 ediditn'ni:
2064 4423 2118 4484 Ι)
2147 4417 2179 4478 ti
2212 4424 2287 4495 ad
2306 4417 2782 4495 SS'nipI'onianntn.
2806 4417 2979 4483 GALL.

446 4516 545 4556 ηαξ.
559 4538 594 4555 ..
615 4498 924 4555 sarcirentur
949 4507 1085 4562 :qua
1107 4506 1236 4546 vero
1249 4491 1587 4562 auctoritate,
1604 4490 1747 4543 silet.
1764 4489 1887 4544 Mox
1900 4490 2041 4559 apud

444 4571 693 4628 eumdem
727 4561 1028 4638 congruens,
1070 4571 1130 4617 ut;
1178 4561 1341 4617 habet
1378 4561 1545 4615 editio
1572 4561 1915 4616 Uxouiensis.
1951 4563 2037 4616 Al.

445 4657 748 4718 congrum
790 4641 1074 4718 θλμιλιθυτ
1541 4701 1577 4718 η
1637 4701 1650 4718 .
1692 4701 1737 4718 ..
1777 4711 1788 4718 .

516 4701 823 4769 ’Ἱιιὶὺαιιιηι
854 4708 1254 4780 dignitatemque
1283 4718 1505 4780 servare.
1538 4701 1676 4780 de.
1692 4701 2040 4780 \[ataillibata

442 4772 940 4859 dignitateigervgre'.
973 4780 1143 4859 Quam
1171 4772 1459 4831 lectionem
1489 4772 2038 4859 retinuitWelclinra-

444 4847 547 4915 mis
582 4858 711 4915 :sed
742 4856 886 4911 male
914 4848 1056 4921 apud
1086 4851 1284 4921 ipsum,
1313 4862 1573 4921 excusu‘m
1595 4847 1807 4901 servari.
1848 4848 2038 4921 Statim

441 4946 574 4987 vero
627 4930 929 5000 suspicatur
950 4918 1103 4979 idem
1131 4920 1306 4976 editor
1336 4918 1618 4991 legendum
1661 4935 1815 5046 quae:
1844 4920 1904 4973 iis
1930 4923 2036 4990 qui.

1810 5006 1930 5045 ALL.

1810 5006 1930 5045 ALL.

514 5073 764 5129 3Merito.
812 5070 969 5125 Deest
1008 5069 1125 5124 haec
1150 5082 1252 5122 vox
1291 5065 1343 5120 in
1369 5079 1470 5118 ms.
1500 5062 1706 5118 Lincol.
1732 5061 1851 5117 Mox
1894 5062 2037 5119 idem

439 5146 611 5206 codex
634 5144 889 5200 occisione
916 5142 1150 5213 martyrii
1180 5136 1503 5203 :mcndose,
1553 5145 1610 5189 ut
1634 5135 1852 5261 quidgm
1884 5145 2033 5203 puto.

1809 5222 1929 5261 Αιι..

1809 5222 1929 5261 ALL.

510 5291 576 5347 γ.
604 5320 678 5333 -—
704 5285 1069 5342 ‘Persecutus.
1104 5284 1241 5342 Cod.
1279 5280 1432 5336 Bodl.
1468 5295 1481 5332 I
1509 5288 1802 5350 prosecutus
1831 5295 1849 5332 :
1876 5287 2038 5350 atque

438 5363 580 5421 hanc
608 5360 899 5419 lectionem
929 5358 981 5412 in
1013 5368 1217 5415 textum
1247 5352 1429 5409 intulit
1454 5350 1707 5406 Baluzius
1754 5349 1926 5406 G'ALL.

509 5438 530 5468 ⁵
555 5432 828 5490 Αηὶηιαειί.
864 5428 1019 5485 Bodl.
1049 5448 1087 5497 ι,
1117 5440 1172 5485 et
1195 5427 1318 5482 Val.
1344 5423 1576 5497 armasti.
1607 5421 1776 5497 GALL.

507 5509 528 5539 ⁶
550 5504 839 5561 Litteras...
865 5493 1120 5570 subjecta;
1150 5499 1374 5570 habebis.
1410 5495 1726 5565 llujusniodi
1755 5493 2035 5550 Novatiaui

435 5581 630 5636 littera:
659 5590 921 5645 nusquam
952 5568 1232 5643 apparent.
1263 5568 1433 5645 ϐᾼξιι..

511 5649 701 5703 νι-τ
719 5636 961 5717 Fabiani.
984 5636 1240 5717 bi'artyrio
1251 5642 1493 5717 sublatus
1510 5649 1589 5692 est
1606 5636 1876 5717 Fabianus
1892 5652 2035 5717 anno

431 5720 635 5775 Christi
674 5734 793 5779 CCL,
827 5716 895 5773 15
920 5716 1031 5771 kal.
1081 5707 1244 5782 fe'br.,
1274 5715 1431 5782 eique
1459 5710 1722 5782 successit
1746 5707 2034 5782 Cornelius

436 5790 657 5865 ineunte
676 5788 830 5859 junio
858 5789 985 5844 anui
1007 5803 1146 5855 ccta,
1177 5780 1313 5842 utex
1342 5780 1503 5856 Pagio
1526 5780 1822 5839 erudimur.
1855 5781 2026 5837 GALL.

2215 4441 2279 4528 an
2306 4441 2782 4549 ξγιηὲιηηιιξηιιιη.
2806 4441 2979 4509 uaLL.
3250 4497 3260 4507 .
3454 4488 3465 4503 ,
3563 4484 3571 4496 ,

2252 4493 2409 4550 Prius
2436 4568 2439 4569 ν
2479 4497 2692 4569 cclesiw.
2712 4497 3033 4569 Cyprianus,
3061 4499 3096 4555 l.
3120 4514 3167 4554 c.
3186 4487 3611 4568 ργιυεεδεεὶιαιωθ·

2216 4514 2235 4528 υ
2252 4514 2409 4550 rrms
2431 4514 2692 4552 acetestw.
2712 4514 2752 4552 ι.
2793 4514 2920 4569 prtat

2145 4566 2212 4620 Et
2240 4583 2382 4633 mox,
2408 4568 2726 4623 diaconibus.
2749 4514 2920 4626 ἕλω.

2218 4637 2260 4669 ³ο
2284 4638 2575 4713 Ειᾲνιιὶηαε.
2622 4642 2798 4713 Editio
2825 4642 3100 4713 Spirensis
3127 4650 3181 4696 et
3224 4650 3323 4695 tres
3347 4635 3447 4692 libri
3468 4636 3613 4713 V91???

2147 4724 2254 4782 non
2287 4710 2479 4766 habent
2514 4713 2631 4767 hanc
2659 4712 2767 4769 duo
2800 4698 3078 4770 vocabula.
3122 4713 3311 4768 Veneta
3335 4717 3461 4764 vetus

2147 4780 2260 4836 Duo
2288 4781 2380 4836 alii
2426 4782 2550 4838 libri
2580 4793 2793 4842 veteres
2834 4788 3122 4857 praeierunt
3153 4788 3342 4907 (aqua;
3365 4793 3450 4905 pl;
3475 4780 3612 4829 ηπιιεο

3337 4867 3395 4906 AI.
3456 4886 3467 4900 .

3337 4865 3467 4906 Αιυι.

2218 4926 2260 5001 ”_
2276 4923 2697 5001 Funera.Codcx
2713 4930 2886 4987 sancti
2903 4928 3162 5001 Amullihi
3185 4908 3611 5001 habmww'g‘f

2141 4995 2301 5052 lectio
2334 4998 2462 5052 inihi
2493 5001 2701 5056 videtur
2732 5017 2853 5057 esse
2888 4992 3115 5057 melior':
3143 5011 3351 5063 eamque

2140 5067 2195 5122 in
2217 5078 2492 5133 contextu,
2523 5072 2567 5127 si
2597 5082 2707 5127 tttm
2729 5087 2850 5128 cum
2878 5074 2963 5129 hic
2988 5074 3136 5128 locus
3156 5069 3441 5129 cudebatut'.

2139 5154 2255 5194 sem
2289 5141 2531 5216 codiceni
2566 5144 2737 5199 il'um.
2768 5146 2837 5199 At
2862 5146 2905 5200 si
2932 5145 3052 5216 quis
3081 5139 3387 5198 retinendam
3411 5134 3608 5216 ριιιξξ

2140 5225 2257 5287 Cent
2290 5215 2490 5284 (tinem,
2521 5214 2822 5287 intelligere
2877 5202 3086 5287 oportet
3140 5221 3344 5273 utorte5.
3370 5202 3451 5263 seu
3483 5202 3607 5272 Ρθυπε

2139 5282 2400 5338 cadavera
2432 5282 2783 5343 mortuorum.
2816 5282 3006 5343 Βλιῖυι.
3320 5351 3324 5353 Α

2214 5354 2255 5387 ⁸³
2275 5339 3102 5414 Ecclesiasticouenandi—llanos
3133 5351 3449 5426 reposuimus.

2138 5441 2262 5482 nem
2308 5429 2664 5499 Anglicanam
2713 5430 3155 5486 etauctoritatem
3185 5417 3487 5499 quorumdam

2137 5475 2262 5553 ἔιῖὶιῖ
2308 5475 3299 5570 ἱίὖῗόὲῖιᾙῗξὲοῖιὶίῖ“ἑῖ”’‹ᾖὶιῖὲ“ὶξιέῖιὶίί
3318 5475 3472 5563 legere
3500 5475 3608 5539 ωιῦι

2138 5572 2363 5644 nomine,
2396 5588 2501 5626 non
2535 5588 2793 5644 repugno.
2824 5575 3015 5630 Bautz.
3171 5639 3181 5644 _
3234 5639 3245 5644 Α
3334 5643 3337 5644 ν
3411 5630 3423 5644 ,
3452 5625 3485 5644 ἓεη

2213 5622 2270 5673 η*
2637 5622 2768 5699 *ὅ
2781 5622 3144 5701 Ἰ
3167 5639 3342 5696 habent
3357 5675 3375 5704 ι
3391 5622 3607 5687 W‘

2136 5712 2316 5768 debere
2352 5715 2675 5771 medicinam.
2709 5717 2908 5774 BALUZ.
3311 5779 3321 5783 _
3452 5782 3457 5783 ί

2145 5856 2160 5864 _
2211 5783 2255 5819 ιδ
2268 5768 2600 5845 Ρωηέιεήιὶἇξ
2608 5768 3072 5862 leti—legebatur
3083 5779 3424 5860 penitentiam;

3346 6006 3533 6129 JF
