3716 6272
202 328 325 387 969

1274 324 1362 382 DE
1402 325 1460 386 S.
1500 325 1707 386 LUCIO
1743 326 2022 386 NOTITIA
2063 328 2446 389 lllSTORlCA.
2482 327 2489 333 ⁷

3382 342 3489 400 9ἳο

193 445 311 515 ipsi
367 436 661 497 incendisse
706 434 1018 501 videantur.
1048 444 1104 493 et
1151 439 1373 495 accedat
1415 440 1481 496 ad
1511 443 1794 499 criminum
1822 447 1874 505 A
1903 443 2062 499 Patre
2085 461 2196 499 meo
2224 454 2460 501 etcoram
2486 444 2695 516 Angelis
2708 447 2841 519 ejus.
2874 446 3016 504 Deus
3044 447 3187 505 enim
3210 459 3271 507 ut
3297 462 3382 510 est
3404 455 3492 512 in-

188 534 482 592 cumulum
511 529 648 601 quod
690 530 853 584 etiam
884 530 1106 601 inquieti
1137 530 1370 593 luerunt.
1401 534 1631 591 Maxime
1651 540 1795 591 enim

189 629 317 686 illis
350 623 589 691 congruit
617 622 964 690 verecundia,
994 639 1220 694 quorum
1266 625 1318 679 iu
1345 625 1557 681 delictis
1578 627 1798 683 damna-

194 730 300 777 tur
333 730 487 774 meus
513 713 898 770 inverecunda.

284 810 407 867 Vll.
432 808 631 863 Pulsrnl
662 821 793 861 sane
833 806 1001 875 fores,
1042 808 1138 865 sed
1193 826 1300 866 non
1343 812 1527 880 utique
1561 811 1800 868 confrin-

196 912 360 977 gant.
399 899 594 956 Adeant
642 897 709 952 ad
753 899 919 955 limen
975 899 1235 956 Ecclesiae
1262 942 1278 969 ,
1311 903 1407 958 sed
1459 919 1565 959 non
1615 904 1803 973 utique

204 994 532 1054 transiliam.
569 989 882 1045 Castrorum
931 992 1233 1048 etelesuum
1286 994 1557 1050 excubent
1608 995 1799 1065 portis,

203 1091 321 1149 sed
369 1085 540 1145 armati
595 1084 881 1149 modestia,
912 1102 1015 1157 qua
1062 1088 1365 1159 intelligant
1407 1105 1467 1145 se
1493 1088 1805 1145 desertores

202 1184 405 1239 fuisse.
428 1178 712 1234 Resumant
732 1192 949 1248 precum
976 1193 1197 1239 suarum
1225 1181 1430 1247 tubam,
1453 1182 1546 1238 sed
1568 1198 1670 1254 qua
1696 1197 1802 1238 non

201 1275 467 1332 bellicqu
491 1273 759 1340 clangant.
789 1272 1017 1328 Arment
1061 1288 1122 1329 se
1171 1274 1388 1346 quidem
1420 1277 1697 1331 modestia:
1728 1285 1807 1333 te-

198 1368 298 1431 lis,
329 1375 387 1421 et
421 1379 568 1435 quem
619 1364 868 1435 negando
919 1367 1108 1421 mortis
1139 1376 1284 1423 metu
1332 1367 1453 1423 ﬁdei
1490 1369 1809 1432 dimiserant

202 1460 466 1532 clypeum
495 1467 767 1512 resumant
796 1473 812 1523 ;
844 1458 940 1514 sed
987 1467 1045 1514 ut
1072 1470 1259 1515 contra
1293 1460 1502 1517 hostem
1531 1462 1806 1530 diabolum

203 1556 295 1609 vel
328 1569 468 1607 nunc
496 1553 705 1618 armati,
759 1567 865 1607 non
894 1565 1084 1608 contra
1116 1553 1414 1610 Ecclesiam
1443 1572 1564 1627 qua:
1592 1556 1808 1612 illorum

212 1645 366 1703 dolet
416 1660 586 1713 casus,
619 1654 857 1701 armatos
885 1661 1008 1702 esse
1059 1661 1119 1701 se
1147 1647 1392 1703 credant.
1433 1648 1655 1704 Multum
1707 1650 1812 1706 illis

217 1740 460 1811 proﬁciet
489 1740 675 1809 petitio
717 1740 982 1807 modesta,
1032 1742 1324 1809 postulatio
1351 1744 1678 1811 verecunda,
1715 1746 1818 1800 hu-

1899 534 2146 614 dulgeus,
2173 537 2243 591 ita
2267 547 2349 592 est
2371 547 2760 607 prmceptorum
2784 555 3003 594 suorum
3032 552 3274 610 exactor,
3297 555 3353 600 et
3373 547 3496 616 qui-

1899 625 2021 680 dem
2042 627 2270 695 diligens
2296 638 2382 690 ;et
2415 630 2555 684 sicut
2582 627 2796 701 (Matth.
2826 646 2955 699 xxu,
2990 632 3045 704 ὅ)
3089 633 3155 688 ad
3187 637 3493 695 eonvivium

1902 730 2076 784 vocat,
2110 719 2188 774 sic
2224 720 2462 775 habitutu
2498 724 2803 793 unptiarum
2843 740 2947 779 non
2979 725 3289 797 habentem,
3318 733 3499 802 ligatis

1903 810 2151 864 manibus
2196 821 2251 866 et
2288 813 2512 882 pedibus
2556 824 2709 870 extra
2748 827 3061 873 sanctorutn
3110 831 3307 876 coetum
3357 822 3502 881 foras

1898 902 2087 973 jactat.
2104 903 2319 959 Paravit
2334 907 2555 973 coelum,
2572 909 2665 963 sed
2681 912 2887 979 paravit
2912 920 2967 968 et
2989 922 3269 972 tartarum.
3288 918 3506 975 Paravit

1904 994 2313 1065 rel'rigeria,sed
2345 998 2551 1067 paravit
2578 1005 2739 1054 etiam
2758 1012 2957 1057 aeterna
2982 1005 3264 1075 supplicia.
3288 1008 3508 1066 Paravit

1905 1085 2335 1145 inaccessibilem
2382 1091 2601 1159 lucem,
2652 1095 2747 1149 sed
2794 1098 3005 1167 paravit
3041 1100 3202 1155 etiam
3236 1117 3511 1173 perpetua:

1908 1182 2084 1235 noctis
2101 1184 2330 1236 vastatu'
2348 1194 2717 1257 aeternamque
2738 1189 3148 1264 caliginemJTuj
3157 1211 3219 1248 us
3234 1206 3510 1267 tempera-

1908 1273 2076 1327 meuti
2113 1273 2460 1331 moderamen
2503 1294 2601 1333 nos
2627 1278 2748 1336 heic
2773 1292 2958 1337 tenere
2983 1298 3288 1353 qumreutes
3316 1289 3431 1357 diu,
3458 1300 3515 1347 et

1911 1366 2127 1435 quidem
2159 1369 2336 1431 multi,
2369 1378 2421 1425 et
2448 1372 2664 1441 quidem
2696 1389 2817 1428 cum
2864 1377 3185 1445 quibusdam
3243 1384 3513 1456 episcopis

1912 1456 2142 1513 ’viciuis
2175 1460 2327 1515 nobis
2358 1470 2410 1515 et
2437 1464 3015 1534 appropinquantibus,
3043 1478 3097 1524 et
3122 1471 3369 1540 quosiex
3395 1474 3518 1530 aliis

1913 1550 2210 1620 provinciis
2239 1552 2398 1624 lange
2419 1555 2606 1623 positis
2637 1560 3200 1627 persccutiouisistius
3222 1564 3386 1619 ardor
3409 1567 3523 1637 eje-

1912 1651 2085 1710 cerat,
2120 1653 2243 1698 ante
2272 1646 2715 1702 constitutionem
2767 1650 3009 1720 episcopi
3065 1652 3199 1706 nihil
3256 1655 3518 1712 innovan-

1916 1737 2041 1792 dmn
2078 1739 2383 1807 putavimus
2411 1780 2426 1806 ,
2479 1740 2573 1795 sed
2623 1741 2895 1812 lapsorum
2944 1758 3128 1799 curam
3175 1749 3522 1806 mediocriter

223 1832 422 1886 utilitas
442 1831 769 1899 necessaria,
796 1831 1054 1902 patientia
1087 1832 1103 1863 ³
1135 1848 1242 1887 non
1274 1834 1468 1888 Olinsa.
1501 1833 1714 1889 Mittant
1743 1837 1816 1891 le-
1846 1839 1894 1898 B
1923 1831 2328 1900 temperandam
2377 1846 2499 1887 esse
2526 1832 2548 1863 ⁸
2575 1832 2941 1899 credidimus;
2993 1845 3050 1891 ut
3103 1838 3340 1908 interim,
3391 1841 3519 1897 dum

225 1933 373 1995 gnos
401 1938 496 1994 pro
519 1925 631 1978 suis
656 1923 936 1979 doloribus
966 1924 1236 1996 lacrymas
1264 1940 1280 1989 ;
1312 1926 1666 1982 advocatione
1699 1928 1818 1982 lun—

48 2054 57 2085 η
227 2028 418 2089 gantur
444 2034 508 2074 ex
555 2018 744 2073 intimo
774 2030 992 2089 pectore
1046 2019 1236 2087 prolati
1282 2020 1533 2089 gemitus,
1573 2021 1816 2077 dolorem

232 2111 514 2179 probantes
542 2110 817 2167 commissi
859 2110 1101 2166 criminis
1149 2122 1204 2166 et
1256 2111 1538 2182 pudorem.
1571 2112 1742 2167 lmmo
1773 2114 1820 2168 si

224 2202 505 2259 dedecoris
550 2205 771 2259 admissi
829 2204 1251 2274 magnitudinem
1284 2204 1739 2274 perhorrescunt,
1773 2207 1820 2261 si

220 2300 459 2367 pectoris
502 2306 557 2352 et
599 2298 948 2353 conscientiae
973 2312 1085 2353 sua:
1132 2297 1389 2353 letbalem
1416 2299 1623 2370 plagam
1656 2309 1712 2354 et
1741 2300 1820 2355 si-

130 2384 155 2446 i‘
223 2391 375 2444 nuosi
409 2390 648 2446 vulneris
677 2391 815 2446 altos
844 2406 1093 2446 recussus
1120 2406 1247 2445 vere
1278 2390 1485 2445 medica
1526 2406 1685 2445 manu
1714 2403 1823 2446 tra-

224 2488 390 2546 ctant,
424 2482 751 2538 erubescant
799 2491 853 2538 et
911 2492 1133 2553 petere;
1164 2482 1267 2537 nisi
1297 2482 1420 2552 quia
1471 2482 1692 2552 majoris
1740 2493 1825 2539 est

214 2589 434 2632 rursum
459 2586 514 2632 et
541 2575 838 2652 periculict
865 2575 1104 2646 pudoris,
1130 2575 1386 2651 auxilium
1418 2577 1561 2646 pacis
1591 2593 1696 2631 non
1727 2594 1824 2647 pc-

208 2672 389 2727 tiisse.
425 2671 533 2728 Sed
565 2671 671 2727 hoc
721 2680 890 2726 totum
940 2671 990 2725 iu
1023 2654 1389 2737 sacramento,
1423 2670 1518 2725 sed
1551 2671 1602 2726 in
1656 2671 1825 2741 ipsius

203 2764 599 2835 postulationis
629 2763 746 2833 lege
776 2764 1037 2830 temporis
1086 2764 1227 2817 facto
1251 2772 1700 2831 temperamento,
1728 2764 1826 2819 sed

202 2856 582 2929 postulatione
595 2854 951 2917 demissa,sed
967 2871 1124 2925 prece
1138 2855 1347 2911 subdita
1368 2875 1380 2909 :
1398 2857 1650 2925 quoniam
1668 2864 1722 2912 et
1735 2844 1826 2927 qui

200 2950 420 3022 petitur
440 2948 584 3004 ﬂecti
611 2948 791 3011 debet.
811 2965 917 3003 non
937 2949 1150 3005 incitari
1175 2966 1189 3015 ;
1215 2957 1269 3004 et
1294 2949 1436 3004 sient
1452 2949 1646 3018 respici
1668 2948 1829 3004 debet

106 3041 143 3107 Γ
200 3041 396 3099 divina
410 3042 721 3105 clementia,
740 3042 816 3096 sic
830 3043 1023 3109 respici
1052 3041 1213 3097 dt’bt‘l.
1225 3053 1277 3095 et
1298 3041 1477 3096 divina
1492 3057 1722 3098 censura
1744 3060 1758 3105 ;
1774 3051 1830 3097 et

200 3134 629 3204 sicutsctiplum
646 3133 957 3207 est(b!attlt.
979 3133 1227 3204 xvttt,3‘2)
1242 3133 1466 3189 :Donavi
1478 3134 1568 3190 tibi
1579 3153 1729 3190 omne
1740 3136 1830 3190 de-

26 2727 143 3059 ξ

46 4744 270 5035 ᾖ

52 5035 139 5393 l

23 5622 107 6167 Ι

200 3340 290 3381 nte
305 3324 573 3396 negaverit
596 3336 770 3375 coram
797 3320 1111 3387 hominibus,
1130 3320 1323 3392 negabo
1348 3329 1397 3374 et
1417 3337 1509 3393 ego
1524 3337 1638 3374 eum
1651 3338 1825 3376 coram

198 3537 504 3597 lectionem
547 3533 878 3589 conﬁrmant
935 3539 1151 3585 veteres
1201 3528 1473 3585 editiones
1501 3538 1555 3583 et
1605 3537 1815 3599 septem

194 3622 399 3666 Vetera
429 3606 784 3674 evetuplarta.
807 3603 1055 3674 Nostram
1078 3617 1198 3673 quae
1220 3602 1440 3674 videtur
1463 3614 1584 3655 esse
1602 3602 1814 3667 melior,

146 3716 165 3733 .
188 3684 537 3739 conﬁrmant
565 3671 673 3731 ue.-
703 3676 906 3746 antiqui
946 3671 1182 3729 codices.
1217 3671 1421 3746 Bsws.

188 3806 205 3823 _
278 3750 524 3823 Vll_._-—‘
553 3743 1186 3823 Putientittfl’tenitentia.
1213 3746 1343 3797 llud.
1379 3743 1628 3823 Lincoln.

271 3825 295 3856 ³
326 3820 728 3889 Δίιεγηαηιᾳιιε.
761 3818 851 3873 Sic
876 3817 1004 3871 editi
1039 3816 1207 3889 ferme
1236 3831 1450 3889 omnes.
1477 3814 1612 3869 Cod.
1637 3812 1814 3889 Vatic.

187 3908 243 3953 α
266 3905 463 3949 tetram
489 3908 508 3945 :
534 3885 692 3960 quam
721 3890 1017 3960 lectionem
1037 3886 1318 3960 in_textum
1351 3885 1553 3941 inferre
1582 3900 1688 3939 non
1717 3886 1817 3939 du-

186 3969 453 4026 bitarunt
475 3957 715 4018 editores
738 3958 1042 4025 Anglicani.
1068 3957 1239 4013 ΕΔΜ..

297 4038 321 4069 ³
362 4032 564 4087 Vicinis
608 4032 774 4087 nobis.
816 4030 890 4085 lta
943 4029 1122 4083 Fellus
1171 4038 1226 4085 et
1257 4026 1820 4083 Baluzius.0mittunt

158 4109 348 4167 .mbis
376 4104 774 4162 Welchmanus
802 4112 858 4156 et
877 4099 1202 4157 Jacksonus.

150 4180 294 4251 ηιδ
322 4178 400 4235 Et
433 4192 586 4245 quas.
612 4175 1065 4244 Conjunctionem
1095 4181 1140 4226 et
1172 4168 1476 4226 redundare
1498 4176 1650 4239 putat
1669 4167 1822 4223 Wel-

1258 4904 1594 4976 martyrium,
1615 4896 1812 4954 Lurius

270 5021 407 5093 ejus
438 5018 617 5072 locum
660 5012 942 5067 ordinatus
978 5005 1052 5062 25
1080 5000 1443 5093 Septembris;
1488 4994 1572 5093 uti.
1612 4990 1809 5093 Pagius

138 5083 243 5179 Ξ
297 5083 541 5171 ίίειιιτίιιὶ
592 5107 922 5162 arbitrantur
968 5100 1069 5170 (l),
1120 5096 1204 5149 vel
1249 5092 1322 5148 28
1370 5085 1607 5144 octobris
1659 5083 1810 5152 juxta

144 5190 528 5269 'hiaut-bini;
558 5201 853 5255 llomanam
884 5192 1067 5250 sedem
1095 5189 1185 5242 vix
1219 5187 1473 5254 adeptus,
1501 5179 1705 5269 jussus
1729 5182 1813 5228 est

140 5266 477 5361 ansulam.
501 5292 636 5348 llinc
652 5306 771 5345 cum
793 5285 1093 5358 Cyprianus
1107 5277 1297 5335 eodem
1323 5284 1566 5340 tempore
1595 5266 1811 5361 ordina-

142 5392 406 5455 ntionetu
428 5386 568 5455 eius,
587 5399 651 5438 ac
674 5380 921 5435 exsilium
941 5374 1197 5435 audisset,
1216 5360 1725 5462 communicatorias
1745 5371 1809 5412 ac

112 5479 619 5565 '-"gratnlatorias,
659 5488 758 5530 suo
806 5470 1237 5539 collegarumque
1283 5471 1502 5514 suorum
1555 5464 1810 5565 nomine,

106 5548 123 5599 ἕ
160 5544 466 5655 {Epistolas
491 5570 557 5623 ad
584 5582 713 5623 eum
742 5564 921 5626 misit,
962 5574 1080 5629 qua:
1107 5557 1206 5612 etsi
1236 5551 1518 5625 perierint,
1551 5562 1615 5602 ex
1645 5544 1813 5655 altera

106 5636 407 5739 ιτιέωθει.
436 5679 559 5734 quia
598 5660 776 5715 adhuc
801 5663 975 5713 exsmt
998 5695 1013 5718 ,
1045 5650 1111 5706 ad
1143 5645 1392 5705 eumdem
1419 5648 1541 5712 past
1584 5636 1815 5694 reditum

259 5780 358 5856 (ι)
385 5777 543 5847 Pag.,
566 5772 634 5828 ad
664 5785 790 5825 ann.
820 5766 947 5833 252,
979 5763 1008 5837 §
1041 5764 1143 5828 ll;
1175 5759 1304 5815 l’Art
1332 5757 1397 5811 de
1437 5751 1669 5823 Yéri/ier,
1703 5749 1809 5805 loc.

163 5856 292 5923 cit.
444 5886 451 5891 -
1232 5902 1237 5907 .

330 4940 462 4980 rise

465 4924 484 4978 ι

516 4921 561 4977 0

565 4930 609 4976 ct

613 4938 643 4976 0

647 4921 721 4974 bri

853 4917 891 4971 P

895 4930 955 4970 OS

961 4924 980 4968 ι

1001 4911 1043 4969 C

1047 4928 1106 4965 or

1112 4912 1193 4965 uel

574 5938 853 6001 ΡΛτιιοι..
899 5929 1009 5992 ΙΙΙ.

1919 1922 2213 1992 episcopus
2241 1921 2358 1977 dari
2386 1938 2414 1975 a
2442 1924 2552 1979 Deo
2578 1925 2733 1979 nobis
2764 1928 3082 1993 sustinetur,
3120 1929 3173 1982 in
3200 1946 3468 2001 snspeuso
3497 1935 3520 1966 ⁶

1920 2029 2105 2068 eorum
2134 2016 2222 2084 qui
2246 2030 2428 2069 moras
2460 2027 2679 2084 possunt
2706 2017 2987 2073 dilationis
3036 2021 3326 2085 sustinere,
3353 2040 3519 2082 causa

1921 2116 2206 2173 teneatur;
2236 2123 2424 2163 eorum
2450 2121 2632 2164 autem
2659 2126 2890 2180 quorum
2927 2114 3049 2167 vita:
3092 2128 3204 2168 sua:
3233 2117 3396 2172 linem
3426 2135 3521 2174 ur-

1920 2214 2055 2269 gens
2084 2201 2262 2255 exitus
2301 2200 2622 2256 dilationem
2656 2216 2761 2256 non
2809 2211 2989 2272 potest
3020 2203 3182 2273 ferre,
3213 2217 3329 2262 acta
3354 2211 3526 2277 posui-

1925 2296 2089 2349 tentia
2120 2304 2174 2349 ct
2202 2293 2442 2363 professa
2473 2293 2785 2365 frequenter
2813 2310 3034 2352 suorum
3062 2299 3426 2357 detestatione
3441 2303 3525 2359 l'a-

1922 2395 2157 2451 ctorum,
2186 2388 2230 2440 si
2261 2386 2539 2457 lacryinis,
2568 2388 2613 2440 si
2639 2387 2950 2457 gemitibus,
2979 2391 3024 2444 si
3052 2389 3267 2447 ﬂetibus
3293 2394 3526 2452 dolentis

1924 2492 1988 2533 ae
2030 2492 2158 2532 vere
2215 2477 2526 2547 ptBnilcnlis
2578 2478 2742 2531 animi
2802 2478 2953 2549 signa
2987 2480 3357 2551 prodiderint,
3401 2501 3526 2543 cum

1925 2586 2049 2642 Spes
2091 2573 2304 2627 vivendi
2347 2572 2643 2627 secundum
2692 2572 2966 2629 hominem
3022 2577 3166 2632 nulla
3200 2581 3525 2650 substiterit,

1927 2666 1998 2720 ita
2049 2666 2265 2720 demum
2312 2674 2469 2720 caute
2522 2675 2577 2721 et
2623 2666 2857 2722 sollicite
2903 2668 3216 2738 subveniri,
3269 2673 3380 2729 Deo
3407 2676 3527 2746 ipso

1927 2760 2135 2814 sciente
2176 2758 2304 2828 quid
2336 2758 2403 2813 de
2430 2758 2625 2813 talibus
2653 2758 2835 2823 faciat,
2868 2772 2923 2816 et
2961 2763 3404 2833 qualiterjudicii
3444 2768 3530 2823 sui

1927 2853 2209 2907 examinet
2235 2851 2509 2921 pondera;
2540 2853 2695 2907 uobis
2720 2864 2898 2909 tamen
2927 2857 3084 2910 anxie
3109 2860 3445 2927 curantibus,
3466 2870 3529 2917 ut

1930 2960 2028 2999 nec
2049 2960 2274 3015 pronam
2319 2954 2558 3000 nostram
2594 2946 2825 3016 improbi
2870 2949 3116 3004 lmmiucs
3145 2950 3366 3007 laudent
3392 2954 3526 3009 laci-

1929 3037 2158 3107 litatem,
2190 3053 2289 3094 nec
2319 3054 2447 3095 vere
2466 3039 2793 3108 pteniientes
2822 3054 3080 3098 accusent
3104 3058 3341 3100 nostram
3372 3050 3529 3118 quasi

1929 3132 2118 3187 duram
2168 3132 2566 3188 crudelitatem.
2596 3132 2856 3204 Optamus
2886 3146 2957 3198 te,
2983 3135 3291 3194 beatissime
3320 3155 3384 3195 ac
3412 3142 3531 3212 glo-

200 3229 538 3298 bitum,qnia
561 3243 640 3281 me
654 3227 973 3297 rogasti;sic
987 3227 1830 3302 seriptumest(an.xn,9):Qui
1854 3238 1900 3301 α
1933 3227 2231 3283 riosissime
2259 3243 2415 3298 papa,
2444 3226 2496 3282 in
2553 3228 2783 3284 Domino
2828 3244 3043 3302 semper
3093 3230 3230 3287 bene
3262 3233 3444 3290 valere
3473 3243 3530 3291 et

1933 3321 2105 3375 nostri
2136 3320 2470 3376 meminisse.

1498 3431 1862 3488 VABIORUM
1901 3430 2133 3488 NOTAE.

1920 3526 2206 3604 clnnanus.
2238 3526 2480 3604 Jalt_s_ono
2498 3537 2685 3604 autem
2729 3542 2924 3604 sensus
2948 3528 3165 3604 videtur
3190 3540 3381 3604 etcum
3408 3534 3525 3604 qui-

1922 3599 2135 3652 busdam
2159 3616 2285 3670 quos
2331 3598 2451 3670 Mox
2478 3599 2629 3653 deest
2658 3600 2836 3667 positis
2859 3600 2909 3651 in
2933 3601 3055 3654 cod.
3087 3600 3326 3656 Lincoln.
3354 3598 3526 3663 GALL.

1995 3671 2016 3702 ⁵
2048 3669 2392 3724 Credidimus.
2429 3669 2502 3724 Ita
2553 3685 2617 3740 ex
2651 3672 2773 3724 cod.
2811 3670 2962 3725 Bodl.
3000 3688 3034 3725 ι.
3068 3670 3273 3740 hellus,
3306 3673 3529 3731 Welcb-

1921 3757 2116 3797 manus
2135 3752 2190 3795 et
2218 3740 2511 3795 .laksouus.
2541 3739 2629 3796 ΑΙ.
2660 3741 2937 3795 credimus.
2974 3741 3143 3797 GALL.

1993 3813 2015 3844 ⁸
2044 3812 2112 3865 In
2167 3828 2508 3883 suspenso....
2542 3829 2807 3868 moras....
2864 3814 3131 3884 sustinere.
3168 3813 3244 3884 In
3284 3833 3530 3884 suspenso

1920 3883 2232 3940 emendavit
2262 3884 2544 3953 Murellius
2572 3899 2670 3951 pro
2696 3899 2761 3937 co
2788 3883 2930 3952 quod
2974 3895 3131 3937 antea
3164 3883 3445 3953 legebatur
3473 3890 3529 3941 in

1921 3955 2219 4023 suspendio.
2253 3952 2407 4009 Unus
2440 3953 2575 4008 liber
2604 3970 2756 4007 tuens
2780 3954 2943 4006 habet
2972 3964 3088 4006 voto
3116 3952 3382 4022 suspenso.
3404 3956 3527 4014 Mox

1921 4027 2043 4081 Cod.
2064 4024 2620 4094 Gratianopolitauus,
2644 4025 2732 4094 qui
2774 4024 2921 4094 foris,
2952 4033 3161 4093 possunt
3198 4025 3523 4081 dilectionem

1923 4097 2192 4150 sustinere.
2219 4093 2558 4165 Vetustiores
2587 4093 2872 4158 editiones,
2895 4093 3023 4162 foris
3039 4106 3250 4165 possunt
3278 4097 3529 4153 dilatione

1925 4167 2182 4223 sustineri.
2222 4164 2425 4220 BALUZ.

190 4269 3499 4317 "mw—mw

1398 4354 1574 4399 ANNO
1620 4353 1854 4399 DOMINI
1897 4348 2320 4397 CCLIl-CCIJII.
2888 4353 2892 4357 ‘

907 4458 997 4541 s.
1057 4451 1526 4555 LUCIUS,
1587 4448 2013 4585 1,1231}
2070 4445 2220 4528 ΕΤ
2277 4443 2805 4527 MARTYR.

1435 4615 1771 4681 ΝΟΤΙΤΙΑ
1812 4605 2270 4674 HISTORICA.

1532 4733 2237 4762 ______________.

172 4795 199 4885 :5
263 4831 469 4889 Lua.“
517 4825 762 4897 Pontifex
801 4821 1088 4884 animum“
1132 4831 1255 4871 αηη,
1296 4811 1427 4875 252,
1455 4822 1626 4862 meme
1672 4803 1805 4897 Sep-
1827 4800 1883 4860 D
1907 4797 2068 4897 data,-
2101 4795 2153 4851 id
2199 4805 2369 4897 totum
2407 4805 2678 4897 constat:
2719 4814 2736 4848 t
2762 4796 2960 4897 βαρει-
2993 4797 3206 4868 quidem
3229 4820 3300 4897 ι,Δ
3328 4796 3514 4897 scribit

1912 4889 2208 4961 Cyprianus
2236 4889 2316 4963 (2)
2343 4904 2365 4941 ‹
2386 4889 2478 4944 tibi
2502 4931 2515 4955 ,
2544 4890 2711 4945 frater
2738 4889 3054 4945 charissimc
3072 4933 3087 4957 ,
3129 4892 3379 4961 gratulati
3416 4909 3506 4949 su-

1911 4998 2052 5048 mus,
2079 4997 2200 5037 cum
2235 4992 2285 5036 te
2311 4983 2515 5036 honore
2538 4984 2807 5051 geminato
2838 4981 2889 5034 in
2921 4981 3173 5037 Ecclesia:
3199 4998 3309 5037 sure
3336 4985 3506 5039 admi-

1912 5077 2229 5133 nistratiOue
2258 5075 2625 5129 confeswretn
2658 5074 2858 5142 pariter
2900 5082 2955 5127 ct
2999 5076 3333 5131 sacerdotem
3371 5091 3507 5132 cou-

1912 5153 2080 5225 suum
2103 5167 2280 5222 divina
2308 5165 2582 5236 dignatio,
2607 5165 2699 5219 sed
2729 5172 2782 5218 ct
2810 5179 2952 5219 nunc
2980 5180 3084 5220 non
3115 5168 3289 5220 minus
3322 5168 3413 5223 tibi
3453 5179 3511 5226 et

1911 5261 2199 5318 comitibus
2235 5258 2359 5324 tuis,
2389 5268 2551 5327 atque
2577 5258 2840 5312 universae
2887 5256 3225 5312 Fraternitati
3266 5260 3507 5329 gratula-

1914 5370 2054 5420 mur,
2101 5350 2243 5422 quod
2284 5366 2405 5404 cum
2445 5349 2634 5402 eadem
2685 5347 2874 5417 gloria,
2923 5358 2978 5403 et
3023 5349 3267 5405 laudibus
3316 5354 3509 5409 vestris

1914 5446 2141 5501 reduces
2167 5457 2259 5497 vos
2279 5440 2459 5496 denuo
2482 5441 2548 5493 ad
2578 5453 2705 5493 suos
2735 5437 2921 5493 fecerit
2952 5439 3176 5509 benigna
3204 5442 3408 5494 lioniini
3456 5453 3513 5498 ct

1917 5537 2061 5607 larga
2093 5535 2369 5606 protectio,
2396 5543 2452 5586 ut
2501 5529 2766 5601 pascendo
2806 5532 2953 5600 gregi
3007 5541 3207 5601 pastor,
3236 5541 3293 5587 et
3312 5534 3510 5603 guber-

1918 5627 2106 5684 nanda:
2128 5625 2247 5680 navi
2268 5616 2694 5695 gubernator,‘et
2718 5622 2964 5692 regendae
2992 5622 3136 5692 plebi
3179 5633 3357 5680 rector
3386 5625 3513 5681 red-

1920 5891 1931 5897 -
1990 5809 2072 5887 (Ξ)
2100 5806 2378 5881 Cypriau.,
2411 5806 2509 5880 Ep.
2540 5803 2632 5871 Gl,
2657 5802 2726 5857 ad
2755 5800 2992 5961 (maciam,
3018 5803 3090 5859 al.
3116 5802 3205 5861 58.
