3742 6282
147 293 306 361 977

158 499 393 563 Comes.
423 494 538 551 dist.
582 511 619 551 ι.
658 496 909 552 Jubemus
957 498 1240 563 apostolica
1307 501 1687 570 auctoritate),
1721 512 1781 556 ut

160 607 398 664 semper
460 600 624 647 testes
691 592 968 649 vobiscum
1037 594 1347 651 sacerdotes
1414 605 1470 651 et
1521 595 1780 651 diaconos

160 683 441 750 habeatis.
509 682 575 739 Et
667 683 796 740 licet
875 687 1204 742 conscientia
1288 688 1539 743 sul'ltccre
1613 689 1783 757 possit

163 776 399 860 propria
418 819 431 842 ,
462 786 637 833 tamen
670 787 888 849 propter
914 780 1237 848 malevtdos,
1261 780 1413 850 juxta
1438 781 1778 851 Apostolum,

166 873 347 934 etiam
372 869 709 925 testimonium
737 885 827 925 vos
849 881 1045 942 Oportet
1076 872 1262 926 habere
1282 872 1468 927 bonum
1497 873 1560 926 ab
1598 871 1677 930 his
1695 874 1784 944 qui

174 968 321 1047 foris
342 974 449 1021 sunt
471 965 525 1038 (l
546 963 686 1021 Tim.
715 963 824 1037 ut).
852 965 1131 1037 Quoniam,
1147 975 1202 1022 et
1225 967 1276 1019 in
1297 965 1399 1021 hac
1418 975 1602 1021 sancta
1640 966 1782 1022 Sede

178 1058 526 1117 constitutum
555 1054 856 1123 habemus,
906 1066 965 1110 ut
1009 1055 1118 1111 duo
1161 1058 1497 1131 presbyteri,
1544 1057 1627 1112 vel
1672 1066 1783 1112 tres

178 1148 397 1208 diaconi
427 1147 478 1203 in
519 1148 667 1203 omni
699 1149 820 1204 loco
844 1150 1159 1219 epi~copnm
1192 1165 1298 1204 non
1331 1149 1627 1220 deserant,
1656 1166 1782 1222 pro-

180 1255 315 1316 pter
332 1241 686 1297 testimonium
715 1241 1165 1297 ecclesiasticum.

270 1333 327 1390 ll.
354 1333 593 1404 Episcopi
637 1349 768 1405 ergo
792 1349 898 1388 non
953 1345 1080 1389 sunt
1121 1333 1314 1390 leviter
1361 1333 1652 1390 accusandi
1699 1336 1783 1392 vel

176 1425 525 1495 detrahendi,
574 1426 700 1495 quia
759 1426 952 1499 injuria
997 1442 1186 1482 eorum
1241 1425 1424 1501 (Greg.
1461 1427 1632 1499 Epist.
1674 1429 1779 1497 32,

174 1522 282 1580 lib.
310 1517 412 1592 xu)
447 1519 514 1574 ad
567 1517 841 1575 Christum
891 1519 1151 1590 pertinet,
1196 1519 1352 1589 cujus
1392 1519 1508 1574 vice
1544 1528 1599 1575 et
1643 1520 1788 1590 lega-

180 1617 334 1670 tione
369 1615 657 1684 lungnntur
686 1613 738 1667 in
765 1612 1025 1668 Ecclesia.
1056 1611 1212 1669 Unde
1251 1613 1405 1668 nobis
1443 1622 1498 1668 et
1533 1614 1784 1669 onmibus

181 1707 282 1777 qui
322 1704 589 1761 nobiscum
631 1706 839 1760 suntin
888 1712 1073 1759 nostro
1099 1704 1330 1771 solatio,
1382 1704 1523 1759 sicut
1561 1714 1614 1760 et
1652 1704 1782 1759 olim

1027 288 1385 350 EPISTOLIE
1424 290 1515 348 ET
1555 291 1881 350 DECRETA
1918 295 1974 351 S.
2018 294 2223 355 LUCIO
2248 297 2653 360 ADSCRIPTA.

154 418 265 472 in
290 403 377 457 hac
417 407 595 457 sancta
664 400 906 458 Ecclesia
960 404 1307 461 constitutum
1365 406 1624 463 habemus
1667 407 1782 480 (De
1806 409 1861 471 Α

3372 308 3486 368 978

1962 411 2046 466 IV.
2078 413 2337 481 Similiter
2391 417 2588 491 (Hadr.
2632 419 2754 476 coll.
2803 437 2848 475 c.
2877 421 2990 494 14),
3023 423 3343 479 auctoritate
3363 423 3487 484 lultl

1882 509 2201 577 apostolica,
2228 512 2571 580 praecipimus
2593 520 2651 567 ut
2682 511 2860 568 nullus
2884 516 3330 586 metropolitanus
3372 516 3493 587 epiv

1882 613 2100 668 sc0pus,
2123 603 2324 674 absque
2350 613 2667 659 Caeterorum
2692 606 2930 660 omnium
2955 608 3485 676 comprovincialium

1883 693 2259 763 episcojiorum
2310 695 2581 762 instantia,
2613 696 2910 767 aliquorum
2952 697 3134 752 audiat
3175 714 3363 754 causas
3389 715 3486 754 eo-

1883 800 2023 843 rum:
2051 786 2177 856 quia
2197 787 2342 842 irrita
2371 799 2547 852 erunt,
2576 798 2628 843 et
2651 788 2767 855 ipse
2786 803 3003 843 causam
3034 805 3132 859 pro
3155 789 3489 846 l‘aclodabit.

1958 875 2023 931 V.
2062 877 2309 948 Episcopi
2340 894 2467 933 vero
2495 895 2592 948 per
2639 880 2882 950 singulas
2941 883 3245 950 provincias
3298 882 3490 938 obser~

1885 976 2011 1023 vent
2057 983 2125 1022 ne
2168 969 2495 1038 posteriores
2547 984 2606 1025 se
2660 972 2932 1041 prioribus
2980 972 3091 1027 suis
3145 973 3430 1043 prasterant
3468 991 3486 1039 ;

1886 1073 1986 1114 nec
2014 1059 2094 1115 eis
2126 1060 2440 1116 inconsultis
2483 1060 2716 1132 (Concil.
2769 1062 2944 1118 Milev.
2994 1081 3110 1135 cap.
3169 1065 3267 1131 l5;
3319 1064 3493 1122 Codex

1885 1151 2049 1224 Afris.
2079 1170 2193 1223 cap.
2235 1153 2364 1224 86),
2422 1154 2520 1209 nisi
2568 1167 2826 1226 quantum
2855 1157 2922 1211 ad
2952 1159 3221 1228 proliriam
3256 1160 3492 1230 pertinet

1887 1246 2216 1316 parochiam,
2267 1246 2465 1316 aliquid
2511 1258 2673 1319 agant
2715 1268 2728 1304 :
2771 1249 2863 1304 sed
2916 1264 3105 1306 omnes
3135 1252 3201 1307 de
3241 1267 3489 1309 commu-

1886 1339 2044 1394 nibus
2082 1353 2267 1394 eornm
2294 1340 2470 1395 causis
2511 1354 2802 1395 consonam
2851 1345 3172 1398 sententiam
3217 1345 3495 1414 proferant.

1887 1442 1940 1486 et
1969 1432 2353 1497 determineut,
2403 1433 2657 1502 quoniam
2675 1434 2834 1489 aliter
2862 1446 2978 1489 acta
3014 1436 3187 1491 nullas
3212 1439 3354 1492 vires
3387 1437 3488 1492 ha-

1889 1524 2106 1590 bebant,
2155 1539 2253 1579 nec
2280 1524 2648 1581 ecclesiastica
2678 1529 3072 1597 reputabuntur
3098 1528 3296 1599 (Hadr.
3347 1530 3485 1587 Coll.

1889 1633 2004 1687 cap.
2037 1615 2115 1688 ὅ).
2147 1615 2354 1671 Bonum
2381 1627 2547 1683 esset,
2577 1617 2793 1686 fratres,
2826 1629 2878 1674 et
2905 1621 3062 1676 valde
3093 1621 3259 1676 Deum
3294 1624 3493 1678 timcn-

1890 1710 2029 1765 tibus
2056 1719 2111 1764 et
2140 1711 2227 1781 pie
2255 1710 2436 1766 vivere
2483 1711 2788 1767 volentibus
2832 1716 3219 1782 necessarium,
3268 1716 3311 1771 si
3346 1717 3489 1773 intra

180 1801 378 1853 erctum
423 1797 753 1865 invenimus,
785 1797 1040 1853 constitui
1093 1798 1293 1868 placuit
1337 1806 1395 1852 ut
1447 1797 1775 1853 criminatio-
1815 1806 1859 1865 Β
1887 1802 2205 1859 catlmlicam
2252 1803 2547 1858 Ecclesium
2596 1804 2792 1859 nullius
2819 1806 2966 1871 mali,
2996 1816 3088 1862 aut
3126 1808 3489 1864 int’esiationis

183 1906 287 1948 nes
327 1891 578 1963 majorum
620 1903 748 1947 natu
806 1906 900 1961 per
953 1890 1091 1945 alios
1139 1906 1243 1944 non
1277 1891 1405 1945 [iant
1461 1890 1632 1963 (λιι.
1664 1889 1779 1966 7),

183 1985 292 2039 nisi
331 2000 417 2053 per
460 1985 604 2054 ipsos
650 1985 738 2055 qui
783 1984 1009 2039 crimina
1042 1984 1320 2039 intendunt
1352 1983 1629 2056 (Anianus,
1661 2002 1777 2055 cap.

183 2074 293 2141 25,
320 2077 393 2131 tit.
428 2092 476 2143 ι,
502 2077 620 2131 libri
646 2092 699 2131 rx
723 2119 737 2142 ,
771 2073 900 2132 Cod.
934 2074 1178 2148 Theod.),
1213 2077 1257 2131 si
1295 2086 1473 2132 tamen
1504 2078 1603 2149 ipsi
1634 2076 1781 2149 digni

188 2178 248 2223 et
290 2170 777 2240 irreprebensibiles
829 2173 1212 2241 apparuerint,
1249 2180 1304 2227 et
1336 2173 1472 2228 actis
1497 2173 1782 2229 docuerint

190 2263 405 2334 publicis
425 2263 603 2338 (Cone.
633 2264 829 2320 Arelat.
861 2282 907 2320 c.
942 2265 1031 2338 1'5)
1090 2267 1237 2321 omni
1288 2282 1348 2323 se
1382 2282 1571 2323 carere
1601 2269 1780 2339 suspi-

194 2360 339 2413 cione
365 2369 516 2431 atque
545 2360 823 2416 inimicitia
845 2401 859 2425 ,
888 2370 942 2416 et
979 2361 1509 2430 irreprehensibilcm
1534 2362 1693 2417 ﬁdem
1715 2378 1779 2418 ac

198 2455 635 2509 conversationem
653 2451 852 2508 ducere
883 2451 1080 2524 (Hadr.
1126 2452 1259 2507 Coll.
1313 2469 1430 2523 cap.
1473 2452 1566 2524 9).
1621 2453 1778 2511 Unde

202 2543 378 2612 placuit
415 2554 472 2601 ut
518 2561 548 2600 a
595 2545 1022 2617 quibuscumque
1059 2544 1330 2615 jndicibns
1396 2547 1779 2605 ecclesiasticis

207 2634 363 2707 (Coac.
406 2638 651 2712 Carthag.
694 2655 789 2704 tu,
831 2657 948 2712 cap.
1000 2636 1092 2710 10)
1138 2640 1205 2694 ad
1255 2639 1392 2693 alios
1433 2639 1647 2708 judices
1685 2654 1777 2695 ec-

205 2729 527 2801 clesiasticos,
560 2732 650 2789 ubi
701 2742 786 2789 est
825 2731 997 2803 major
1036 2731 1362 2800 auctoritas,
1388 2731 1434 2786 si
1465 2732 1623 2788 fuerit
1653 2748 1776 2805 pro-

216 2837 414 2883 vocatum
430 2871 445 2898 ,
476 2827 752 2885 audientia
776 2835 1160 2898 non-negetur.

280 2916 477 2979 lll.ltem
491 2922 876 2977 constituimus
895 2922 971 2990 (5,
1004 2937 1057 2991 q.
1089 2920 1158 2985 5;
1183 2916 1359 2974 nullus
1388 2929 1555 2974 autem
1585 2922 1775 2991 primas

206 3008 289 3064 sub
304 3014 481 3067 nomine
508 3012 710 3069 Callisti
735 3013 942 3085 ponitur
970 3010 1085 3083 ibi),
1116 3009 1256 3065 sicut
1280 3022 1329 3065 et
1354 3024 1383 3063 a
1411 3012 1615 3067 sanctis
1633 3015 1776 3085 Apo-

196 3103 337 3160 stolis
372 3121 658 3177 eorumque
685 3105 1089 3162 successoribus
1119 3104 1394 3159 decretura
1431 3108 1734 3175 reperimus
1754 3150 1770 3176 ,

1884 1896 2128 1967 alicujus,
2161 1912 2285 1967 erga
2310 1897 2516 1952 Domini
2547 1897 2879 1964 sacerdotes,
2904 1909 2996 1953 aut
3015 1899 3161 1968 justo
3193 1911 3246 1955 et
3277 1900 3361 1970 pie
3392 1916 3487 1957 vo-

1883 1992 2056 2047 lentes
2084 1990 2285 2057 vivere,
2313 2004 2532 2061 germen
2566 1999 2904 2060 exsurgeret.
2939 1990 3045 2047 Sed
3102 1992 3244 2061 quia,
3283 2007 3490 2060 praeva-

1884 2085 2029 2141 lente
2059 2083 2283 2148 invidia,
2314 2082 2456 2153 quod
2490 2082 2727 2138 deterius
2756 2091 2839 2137 cst
2870 2083 3041 2154 surgit
3070 2091 3126 2138 et
3154 2085 3371 2151 crescit,
3405 2088 3489 2139 at-

1882 2192 1985 2247 que
2031 2176 2191 2231 nimis
2218 2189 2278 2230 se
2306 2175 2360 2229 in
2392 2189 2581 2230 omnes
2624 2182 2803 2245 partes
2832 2176 3097 2241 extendit,
3146 2177 3350 2231 ideirco
3392 2191 3489 2232 ne-

1881 2283 2032 2325 cesse
2076 2280 2160 2325 est
2213 2268 2344 2324 illud
2393 2268 2763 2325 ecclesiastico
2803 2278 2858 2324 et
2900 2271 3199 2339 apostolico
3243 2270 3492 2327 abscindi

1882 2378 2158 2429 mucrone,
2191 2378 2259 2417 ne
2287 2372 2314 2399 ει
2345 2362 2520 2417 servis
2568 2362 2658 2415 Dei
2702 2375 2765 2416 ac
2807 2361 3020 2416 Domini
3049 2361 3075 2400 δ
3107 2363 3488 2421 sacerdotibus

1882 2453 2056 2509 valeat
2080 2469 2275 2509 nocere
2296 2462 2388 2508 aut
2406 2454 2659 2524 perdere.
2687 2452 3036 2509 Exltonoravit
3054 2457 3190 2509 enim
3212 2454 3487 2528 Dominus,

1882 2559 1938 2603 ιιι
1968 2552 2019 2602 in
2047 2546 2431 2602 Ecclesiastico
2462 2547 2655 2616 legitur
2686 2545 2852 2612 libro,
2893 2560 3170 2603 conventus
3204 2550 3481 2621 malorum,

1879 2650 1927 2695 et
1949 2640 2196 2695 destruxit
2221 2639 2361 2693 Deus
2398 2655 2482 2693 eos
2503 2654 2659 2702 usque
2681 2638 2735 2691 in
2763 2639 2938 2705 ﬁnem.
2974 2639 3134 2694 Sedes
3164 2641 3350 2694 ducum
3396 2658 3488 2697 su-

1879 2733 2148 2802 perborum
2175 2731 2423 2785 destruxit
2452 2729 2610 2797 Deus,
2662 2740 2711 2784 et
2748 2732 2921 2786 sedere
2945 2734 3064 2802 fecit
3093 2733 3238 2787 mites
3263 2751 3356 2805 pro
3383 2736 3478 2790 eis.

1883 2826 2098 2885 Radices
2122 2826 2347 2897 gentium
2372 2825 2701 2895 superbarum
2730 2824 2937 2892 arefecit
2970 2823 3129 2884 Deus.
3155 2835 3202 2880 et
3227 2827 3483 2895 plantavit

1878 2917 2310 2985 humilesexipsis
2335 2915 2584 2988 gentibus.
2637 2913 2820 2969 Terras
2857 2915 3081 2986 gentium
3105 2916 3483 2972 evertitDontio

1877 3027 1995 3077 nus,
2023 3022 2070 3065 et
2097 3009 2315 3081 perdidit
2342 3025 2428 3062 eas
2457 3023 2613 3077 usque
2636 3006 2705 3061 ad
2723 3007 3133 3079 fundamentum.
3167 3010 3390 3081 Arefecit
3417 3026 3486 3065 ex

1876 3105 2020 3174 ipsis,
2045 3115 2092 3158 rt
2112 3102 2413 3174 disperdidit
2435 3117 2540 3168 eos,
2559 3110 2607 3154 et
2629 3117 2829 3155 cessare
2844 3103 2961 3171 fecit
2985 3106 3279 3157 memoriaut
3308 3120 3484 3159 eorunt

188 3194 240 3249 si
271 3197 377 3267 quis
403 3199 849 3269 metropolitanus
880 3197 1198 3267 episc0pus,
1255 3195 1357 3249 nisi
1397 3196 1540 3266 quod
1578 3200 1774 3255 solum-
1799 3195 1844 3259 C
1877 3198 1939 3249 de
1966 3206 2122 3250 terra.
2153 3194 2387 3249 Perdidit
2418 3193 2559 3248 Deus
2584 3195 2878 3248 memoriam
2905 3194 3259 3263 superborum,
3287 3206 3334 3250 et
3356 3197 3481 3252 reli-

184 3288 341 3343 modo
374 3291 434 3346 ad
475 3291 747 3363 propriam
774 3295 1004 3362 pertinet
1042 3286 1353 3362 parochiam
1376 3328 1392 3355 ,
1440 3288 1556 3345 sine
1585 3291 1766 3347 consi-

187 3373 261 3432 lio
297 3390 346 3437 et
386 3383 662 3439 voluntate
701 3382 941 3439 omnium
996 3387 1533 3456 comprovincialium
1562 3387 1770 3456 episco-

183 3483 362 3539 porum
404 3476 626 3550 (Hadr.
675 3479 795 3533 coll.
852 3496 899 3534 c.
955 3466 1096 3551 46),
1164 3492 1317 3536 extra
1367 3482 1567 3554 aliquid
1607 3496 1770 3552 agere

183 3568 481 3638 lentaverit,
513 3572 712 3644 gradus
753 3574 836 3628 sui
880 3575 1118 3644 periculo
1152 3575 1476 3646 subjacebit;
1526 3586 1582 3631 et
1627 3576 1768 3646 quod

178 3664 344 3730 egerit
361 3665 563 3722 irritum
607 3667 870 3723 habeatur
897 3678 953 3724 et
1005 3684 1253 3725 vacuum.
1286 3670 1392 3727 Sed
1422 3671 1672 3743 quicquid
1699 3671 1769 3728 de

178 3763 295 3809 eam
304 3759 696 3827 provincialium
711 3761 957 3831 coepisco
965 3778 1151 3832 porum
1169 3763 1367 3829 causis,
1381 3779 1675 3834 eorumque
1687 3779 1769 3820 ec-

177 3846 446 3908 clesiarum
473 3862 528 3908 et
565 3852 891 3908 clericorum
915 3861 1074 3924 atque
1113 3840 1451 3911 saecularium
1478 3856 1768 3912 necessita-

176 3941 336 4009 Iibus,
363 3957 449 4001 aut
473 3948 542 4002 de
569 3945 996 4018 quibuscumque
1020 3949 1396 4004 communibus
1431 3950 1608 4003 causis
1637 3963 1764 4019 age-

173 4043 269 4103 re,
295 4049 381 4093 aut
407 4039 693 4110 disponere
726 4053 950 4095 necesse
992 4037 1190 4102 fuerit.
1239 4041 1339 4094 hoc
1364 4055 1485 4094 cum
1526 4041 1764 4096 omnium

172 4136 433 4186 consensu
460 4131 1002 4202 comprovincialium
1042 4144 1232 4203 agatur
1274 4131 1586 4202 pontificum
1607 4175 1622 4197 ,
1656 4149 1765 4189 non

173 4218 350 4293 aliquo
406 4225 791 4281 dominationis
855 4225 1031 4291 fastu,
1092 4224 1186 4280 sed
1259 4223 1515 4278 concordi
1566 4234 1621 4278 et
1667 4224 1767 4279 bu-

176 4313 389 4373 ntillima
434 4318 932 4385 administratione,
987 4318 1126 4372 sicut
1180 4314 1440 4372 Dominus
1485 4316 1560 4370 ait
1595 4334 1607 4369 :
1641 4314 1765 4371 Non

178 4410 290 4463 Ueni
315 4413 588 4467 ministrari
608 4455 624 4477 ,
654 4411 746 4467 sed
773 4411 1066 4466 ministrare
1099 4408 1311 4482 (Matth.
1344 4425 1437 4474 xx;
1474 4408 1640 4464 Marc.
1668 4424 1702 4464 ι

174 4492 253 4556 ΕΙ.
276 4503 426 4563 alibi:
458 4506 559 4574 Qui
600 4506 770 4576 major
797 4514 871 4559 est
916 4514 1159 4571 vestrum,
1199 4504 1294 4557 erit
1349 4503 1577 4558 minister
1604 4511 1767 4558 vester

1875 3290 1984 3357 quit
2003 3289 2296 3343 memoriam
2320 3287 2589 3341 humilium
2615 3303 2786 3341 sensu.
2814 3284 2936 3341 Non
2963 3297 3034 3341 est
3060 3296 3231 3340 creata
3262 3288 3485 3343 homini-

1874 3380 1969 3435 bus
1992 3380 2251 3449 superbia,
2275 3395 2435 3451 neqae
2457 3377 2727 3433 iracundia
2753 3378 2950 3432 nationi
2977 3379 3265 3434 mulierum.
3294 3379 3484 3437 Semen

1875 3477 2139 3532 hominum
2165 3475 2499 3530 houorabitur
2520 3475 2615 3527 hoc
2641 3473 2778 3544 quod
2796 3475 2940 3529 timct
2968 3472 3132 3527 Deum
3148 3491 3167 3540 ;
3197 3491 3365 3530 semen
3385 3492 3487 3530 au-

1874 3581 1971 3627 tem
2001 3570 2097 3624 hoc
2124 3566 2522 3623 exhonorabitur
2538 3566 2803 3620 hominum
2828 3565 2965 3638 quod
2986 3567 3209 3636 praeterit
3237 3567 3484 3623 mandata

1872 3662 2105 3718 Domini.
2137 3660 2207 3714 In
2237 3659 2401 3714 medio
2428 3663 2671 3731 fratrum,
2713 3667 2882 3713 rector
2917 3658 3125 3713 illorum
3153 3659 3206 3714 in
3238 3660 3431 3714 honore
3464 3678 3478 3714 :

1872 3768 1920 3813 et
1941 3758 2027 3828 qui
2060 3758 2239 3811 timent
2277 3752 2580 3820 Dominum,
2613 3761 2761 3806 erunt
2802 3753 2856 3806 in
2903 3754 3064 3807 oculis
3090 3752 3255 3808 illius.
3299 3750 3481 3808 Gloria

1872 3852 2104 3913 divitum,
2133 3852 2502 3903 honoratorum
2528 3855 2584 3907 et,
2604 3861 2906 3916 pauperum,
2936 3846 3088 3900 timor
3112 3845 3208 3900 Dei
3229 3856 3324 3900 est.
3352 3844 3481 3901 Noli

1871 3944 2131 4009 despicere
2157 3942 2414 3995 hominem
2453 3940 2655 4010 justum
2684 3954 2986 4007 pauperem,
3018 3947 3065 3990 et
3088 3937 3200 3990 noli
3230 3938 3478 4007 magniﬁ-

1870 4052 1988 4091 care
2024 4035 2190 4088 virum
2220 4040 2537 4102 peccatorent
2576 4030 2798 4083 divitem.
2836 4029 3082 4100 Magnus,
3127 4039 3173 4082 et
3208 4030 3398 4099 judem,
3429 4040 3480 4084 et

1871 4138 2046 4198 potens
2074 4136 2147 4180 est
2176 4125 2228 4177 in
2257 4125 2449 4178 honore
2492 4139 2510 4177 :
2555 4130 2604 4175 et
2649 4137 2751 4174 non
2790 4132 2862 4175 est
2903 4120 3071 4188 maior
3098 4120 3190 4174 illo
3219 4120 3306 4191 qui
3334 4122 3480 4175 timet

1869 4222 2057 4275 Deum.
2089 4218 2249 4273 Servo
2280 4225 2483 4272 sensato
2514 4214 2659 4268 liberi
2687 4214 2923 4278 servient,
2976 4223 3023 4267 et
3053 4214 3131 4267 vir
3173 4210 3398 4279 prudens
3427 4224 3476 4268 et

1869 4310 2228 4382 disciplinatus
2257 4325 2359 4361 non
2394 4306 2734 4361 murmurabit
2759 4315 3045 4374 correptus,
3065 4313 3112 4357 et
3135 4304 3328 4357 inscius
3372 4320 3476 4359 non

1869 4402 2225 4458 honorabitur.
2262 4397 2392 4453 Noli
2434 4408 2482 4452 te
2509 4396 2751 4450 extollere
2774 4398 2827 4449 in
2860 4396 3096 4466 faciendo
3125 4406 3148 4432 ο
3180 4410 3335 4466 opera
3361 4405 3475 4464 tua,

1867 4507 1916 4552 et
1953 4494 2062 4550 noli
2105 4493 2333 4547 cunctari
2378 4490 2433 4546 in
2481 4498 2705 4560 tempore
2741 4488 3013 4558 angustior.
3057 4487 3243 4542 Melior
3270 4497 3343 4542 est
3386 4490 3479 4559 qui

178 4588 392 4665 (Matth.
431 4613 561 4654 mu
580 4598 600 4665 )
620 4639 636 4664 ,
681 4604 738 4652 et
783 4595 1011 4666 reliqua.
1057 4595 1316 4652 Similiter
1365 4595 1464 4663 ipsi
1510 4610 1763 4666 Compro-
1792 4589 1843 4649 Ι)
1871 4597 2113 4661 operatur
2141 4595 2189 4640 et
2216 4584 2444 4639 abundat
2471 4583 2524 4636 in
2554 4580 2816 4647 omnibus,
2847 4596 2998 4651 quam
3027 4581 3116 4651 qui
3143 4580 3397 4652 gloriatur
3421 4592 3475 4636 et

184 4684 420 4747 vinciales
468 4689 711 4762 episeopi
768 4697 959 4744 cuncta
1007 4702 1130 4742 cum
1177 4688 1294 4756 ejus
1349 4685 1617 4751 consilio,
1660 4685 1765 4742 nisi

188 4791 421 4853 nitentum
472 4786 539 4842 ad
594 4784 843 4858 proprias
892 4783 1128 4853 pertinet
1184 4781 1505 4853 parochias,
1563 4789 1761 4852 agant,

186 4869 324 4942 juxta
357 4887 665 4935 sanctorum
711 4875 1002 4932 constituta
1036 4875 1279 4938 Patrum,
1319 4881 1376 4928 ut
1419 4887 1527 4928 uno
1558 4874 1762 4938 animo,

198 4980 289 5025 luto
316 4987 404 5030 ore
440 4971 788 5030 concorditer
824 4980 1009 5027 sancta
1053 4967 1387 5040 gloriﬁcetur
1427 4965 1669 5022 Trinitas
1708 4966 1764 5018 in

256 5126 474 5187 l.-—Duo
504 5128 787 5204 presbyteri
813 5128 891 5182 uel
915 5136 1015 5204 t_res
1039 5124 1253 5204 diaconi
1272 5123 1324 5177 in
1350 5122 1489 5204 omni
1515 5122 1626 5204 loco
1654 5119 1760 5204 epi-

202 5208 378 5274 scopum
415 5189 517 5258 non'
584 5189 838 5274 deierant.
914 5189 1335 5274 Decernitur'ut
1392 5193 1491 5274 ad-
1504 5189 1757 5274 evitanda

182 5266 516 5341 dignationis
544 5283 601 5330 et
629 5271 863 5341 infamiae
886 5268 1121 5341 pericula
1152 5274 1373 5337 propter
1395 5266 1761 5341 testimonium

204 5337 423 5415 Ecclesia:
452 5360 714 5415 nusquam
737 5334 1016 5415 eantfnisi
1045 5334 1275 5415 duorum
1298 5334 1762 5415 _presbyter_ort.nn

206 5414 405 5471 utrium
435 5401 787 5473 diacnnorunt
834 5411 1090 5485 comitatu
1129 5401 1338 5485 stipati.
1372 5401 1579 5485 Decreti
1604 5401 1764 5471 hujus

209 5489 444 5557 {ludendi
472 5488 755 5544 calumnia:
796 5485 849 5539 in
880 5476 1263 5557 Cornelianis
1292 5476 1592 5557 l‘lpvatioiip
1631 5486 1762 5557 eon-

212 5548 339 5630 £612.
384 5559 449 5616 de
488 5560 916 5630 quibnsusnpra,
966 5567 1184 5630 causam
1234 5547 1449 5604 dedisse
1474 5544 1759 5599 .videntur.

212 5620 443 5700 Batonius,
468 5620 611 5686 anno
635 5628 766 5697 257,
795 5620 943 5683 num.
970 5625 1028 5682 5.

1866 4694 1975 4757 eget
2028 4698 2181 4754 pane.
2229 4678 2359 4746 Fili,
2397 4680 2452 4733 in
2477 4676 2864 4731 mansuetudine
2881 4692 3025 4729 serva
3052 4676 3276 4730 animam
3303 4684 3469 4745 tuam,

1866 4787 1917 4834 et
1934 4777 2001 4832 da
2026 4776 2106 4832 illi
2129 4775 2373 4829 honorem
2401 4770 2678 4827 secundum
2708 4769 3124 4822 meritumsnum.
3157 4764 3470 4821 Peccantem

1867 4873 1921 4926 in
1948 4871 2172 4926 animam
2197 4883 2345 4922 suam
2368 4865 2479 4936 quis
2494 4862 2837 4934 justiﬁcabit?
2870 4859 2931 4913 Et
2964 4876 3079 4931 quis
3104 4856 3470 4926 honoriﬁcabit

1866 4964 2265 5019 exhonorantem
2308 4957 2532 5012 animant
2580 4951 2769 5007 suam?
2811 4948 3023 5019 Pauper
3068 4949 3321 5021 gloriatur
3373 4964 3467 5019 per

1868 5054 2195 5126 disciplinam
2216 5058 2261 5104 et
2290 5050 2522 5102 timorem
2560 5060 2711 5099 suum
2740 5059 2759 5097 :
2789 5055 2835 5098 et
2867 5052 2938 5097 est
2969 5042 3118 5096 homo
3142 5041 3228 5111 qui
3256 5041 3468 5095 honori-

1867 5149 2049 5215 ﬁcatur
2078 5150 2285 5215 propter
2310 5137 2647 5195 substantiam
2675 5151 2842 5190 suam.
2876 5133 2977 5201 Qui
3001 5142 3171 5186 autem
3212 5133 3471 5202 gloriatur

1862 5240 1919 5293 in
1948 5243 2265 5309 paupertate,
2294 5239 2483 5301 quanto
2513 5229 2674 5299 ntagis
2703 5228 2756 5280 in
2786 5227 3066 5280 substantia
3088 5226 3113 5278 ?
3146 5224 3210 5278 Et
3234 5225 3324 5293 qui
3346 5225 3467 5295 glo-

1862 5332 2028 5385 riatur
2070 5329 2123 5381 in
2167 5323 2472 5385 substantia,
2517 5329 2869 5391 paupertatem
2909 5327 3160 5372 vereatur.
3195 5316 3468 5386 Sapientia

1866 5418 2123 5476 humiliati
2165 5414 2411 5470 exaltabit
2435 5420 2587 5478 caput
2616 5410 2778 5475 illius,
2825 5418 2870 5463 et
2917 5415 2971 5475 in
2999 5409 3168 5462 medio
3197 5417 3467 5473 magnato-

1866 5532 1981 5571 rum
2011 5510 2273 5568 considere
2300 5509 2447 5562 illum
2472 5505 2642 5575 faciet.
2674 5502 2794 5557 Non
2815 5501 2996 5557 laudes
3017 5501 3181 5554 virum
3205 5501 3258 5554 in
3300 5503 3470 5571 specie

1866 5626 1983 5672 sua,
2017 5621 2174 5675 neque
2201 5617 2414 5673 spernas
2442 5598 2696 5653 hominem
2722 5597 2777 5650 in
2801 5595 2911 5650 visu
2940 5608 3053 5648 suo.
3087 5590 3260 5646 Brevis
3290 5594 3344 5648 in
3372 5610 3467 5650 vo-

1380 5704 1759 5769 LEC'I’IONES
1796 5695 2213 5761 VARIANTES.

263 5791 287 5821 ⁸
311 5790 432 5846 Alias
454 5793 659 5843 Servos.

266 5848 291 5889 δ
310 5852 435 5907 Αἶὶτς
452 5854 685 5904 Sarerdnl
698 5868 769 5902 ns.

1936 5800 1959 5830 ο
1997 5792 2133 5848 Alias
2164 5803 2319 5855 opere
2347 5796 2430 5842 tuo
2452 5783 2526 5838 vel
2546 5795 2671 5849 opus
2693 5786 2849 5835 tuum.
