3742 6282
327 243 435 307 979

1666 236 2012 299 APPENDIX
2056 237 2286 303 UNlCA.
3492 248 3573 311 9&0

328 358 563 419 tatilibus
580 359 715 437 apis,
746 369 793 414 et
812 358 1011 421 initium
1039 356 1264 413 dulcoris
1285 355 1431 417 habet
1455 355 1658 429 fructus
1684 355 1844 419 illius.
1864 349 1931 408 In
1955 355 2010 423 Α
2034 354 2423 423 abscinduntur
2451 356 2618 419 verba
2646 355 2849 415 divino.
2891 356 3082 425 Beatus
3108 364 3278 421 autem
3300 366 3371 425 est
3404 359 3482 425 illa
3511 368 3578 439 qui

320 453 503 507 vestitu
529 468 591 506 ne
622 451 856 524 glorieris
883 466 1147 523 umquam,
1180 466 1271 505 nec
1299 451 1352 507 in
1382 451 1465 505 die
1502 448 1709 505 honoris
1736 449 1808 503 tui
1835 465 1924 504 e1:-

324 544 823 615 tollaris;quoniam
852 543 1109 599 mirabilia
1155 559 1312 617 Opera
1364 542 1613 598 Altissimi
1663 543 1844 610 solius,
1879 551 1927 597 et

320 637 569 711 gloriosa,
601 644 648 689 et
678 636 945 704 absconsa,
985 645 1032 690 et
1063 635 1224 690 invita
1251 652 1407 706 opera
1435 635 1599 690 illius.
1649 632 1805 687 Multi
1848 642 1927 706 tg-

321 728 475 783 ranni
502 726 739 782 sederunt
769 728 822 782 in
853 727 1051 792 throno,
1079 737 1124 783 et
1147 728 1525 801 insuspicabilis
1552 727 1771 799 portavit
1811 725 1926 780 dia-

323 822 495 877 dema.
529 818 681 875 Multi
730 829 953 891 potentes
980 823 1213 891 oppressi
1239 830 1360 876 sunt
1405 819 1571 885 valde,
1622 829 1669 873 et
1717 819 1928 890 gloriosi

322 916 500 971 traditi
530 924 647 969 sunt
673 916 727 969 in
753 932 934 970 manus
961 917 1258 971 ulterorum.
1286 915 1596 986 Priusquam
1624 916 1924 986 interroges,

321 1025 386 1065 ne
410 1010 664 1076 vituperes
694 1024 995 1079 quemquam
1026 1026 1043 1063 :
1072 1017 1119 1064 et
1143 1026 1260 1069 cum
1290 1009 1701 1080 interrogaveris,
1727 1008 1926 1073 corripe

312 1103 473 1179 juste.
502 1101 814 1174 Priusquam
844 1103 1048 1170 audias,
1078 1120 1171 1157 nec
1196 1103 1505 1177 respondeas
1526 1101 1752 1167 verbum,
1781 1110 1830 1155 et
1872 1100 1926 1154 in

317 1197 487 1251 medio
510 1197 766 1251 seniorum
794 1213 857 1250 ne
880 1196 1096 1268 adjicias
1119 1197 1278 1266 loqui.
1323 1195 1399 1250 De
1428 1212 1487 1250 ea
1512 1212 1566 1249 re
1604 1209 1719 1265 qua:
1749 1203 1797 1249 te
1826 1209 1928 1247 non

316 1291 570 1354 molestat,
593 1306 655 1345 ne
680 1289 905 1356 certeris,
929 1300 976 1344 et
1004 1290 1058 1344 in
1075 1290 1274 1361 judicio
1301 1289 1618 1360 peccantium
1648 1303 1711 1341 ne
1754 1287 1927 1341 consi-

317 1393 443 1440 stas.
479 1382 590 1437 Fili
621 1383 707 1447 mi,
740 1400 803 1437 ne
824 1383 876 1437 in
904 1383 1074 1437 multis
1093 1383 1193 1437 sint
1217 1392 1361 1436 actus
1387 1382 1481 1449 tui,
1509 1390 1558 1438 et
1581 1381 1624 1439 si
1651 1380 1787 1434 dives
1813 1380 1926 1448 fue-

320 1478 415 1543 ris,
441 1492 542 1531 non
569 1475 668 1531 eris
684 1476 927 1530 immunis
955 1492 987 1529 a
1013 1475 1219 1531 delicto.
1272 1472 1333 1530 Si
1365 1473 1497 1529 enim
1518 1482 1718 1528 secutus
1749 1472 1924 1541 fueris,

318 1587 426 1627 non
455 1570 843 1641 apprehendes;
875 1579 919 1625 et
950 1586 1052 1624 non
1092 1566 1324 1640 effugies,
1370 1571 1413 1627 si
1455 1567 1801 1638 prtecurreris.
1834 1564 1930 1620 Est

322 1665 475 1720 homo
526 1663 764 1719 laborans
812 1672 859 1719 et
912 1662 1178 1736 festinans,
1229 1671 1275 1716 et
1323 1660 1501 1715 dolens
1532 1660 1829 1733 impietate;
1883 1667 1929 1713 et

2031 464 2131 503 non
2161 458 2234 505 est
2256 450 2431 522 lapsus
2456 451 2508 504 in
2535 452 2683 511 verbo
2701 465 2765 511 ea:
2789 465 2876 505 ore
2901 466 3014 518 suo,
3040 458 3088 511 et
3116 466 3219 513 non
3248 459 3320 519 est
3343 452 3579 517 stimulatus

2028 544 2082 599 in
2111 544 2317 603 tristitia
2347 546 2538 600 delicti.
2571 544 2725 603 Felix
2748 546 2836 614 qui
2858 560 2959 600 non
2989 543 3138 601 habet
3165 544 3325 609 animi
3350 545 3423 607 sui
3459 526 3589 617 tristi?

2031 637 2175 702 tiam,
2205 646 2252 692 et
2278 655 2379 695 non
2397 649 2421 686 Β
2440 639 2665 694 abscedit
2695 654 2727 693 a
2752 654 2840 709 spe
2858 654 2951 695 sua
2980 636 3177 713 (Eccle.
3206 636 3339 707 xxv).
3363 637 3580 715 Scriptum

2030 740 2103 789 est
2128 732 2260 789 enim
2284 748 2302 786 :
2332 731 2519 789 Melior
2540 743 2611 787 est
2633 748 2763 793 unus
2785 731 2964 791 timens
2988 730 3175 797 Deam,
3207 749 3356 803 quam
3383 735 3581 797 millein»

2030 822 2105 895 pii
2128 822 2245 895 (Ib.
2276 823 2415 897 κνι).
2445 824 2675 895 Sapiens
2700 839 2830 878 vero
2860 839 2965 881 non
3004 822 3025 902 (
3055 823 3198 880 Sixti
3225 823 3366 883 Sent.
3392 825 3488 883 9.92
3509 844 3520 891 ;
3543 829 3581 893 li,

2030 932 2082 989 q.
2116 917 2170 979 1,
2202 915 2423 991 Sapiens
2462 933 2563 973 non
2592 926 2663 972 est
2697 932 2711 983 ;
2740 925 2786 975 et
2816 933 2975 993 supra
3002 918 3057 981 in
3096 916 3302 979 Deerat.
3327 915 3525 985 Cornelii
3545 924 3585 995 6)

2032 1020 2113 1069 est
2144 1011 2321 1065 omnis
2342 1010 2432 1080 qui
2455 1020 2632 1069 nocet.

2108 1103 2191 1159 Vl.
2219 1104 2325 1159 Res
2350 1121 2565 1177 qunque
2590 1105 2942 1163 ecclesiarum
2963 1114 3266 1169 vestrarum
3296 1104 3449 1179 (Sisti
3472 1105 3589 1165 Sent.

2030 1194 2162 1266 292)
2215 1205 2270 1250 et
2318 1197 2648 1259 oblationem
2690 1198 2961 1264 fidelium;
3029 1214 3167 1273 quas
3215 1200 3529 1268 significasti;
3568 1218 3591 1257 a

2031 1286 2354 1358 quibusdam
2400 1289 2730 1351 irruentibus
2777 1293 2983 1367 vexari,
3024 1291 3284 1363 vobisque
3311 1302 3366 1356 et
3390 1292 3593 1351 ecclesiis

2039 1378 2236 1435 vestris
2281 1380 2515 1445 auferri,
2562 1382 2931 1441 indubitanter
2984 1384 3277 1443 maximum
3324 1394 3403 1445 est
3443 1399 3594 1456 peccs-

2032 1477 2437 1529 tumztestante
2466 1473 2565 1548 (S.
2616 1474 2796 1549 Bonif.
2848 1473 3016 1545 Epist.
3061 1474 3153 1551 l9)
3202 1476 3313 1545 ipSa
3339 1476 3591 1549 Scriptum

2032 1579 2151 1635 quae
2182 1565 2293 1619 ait:
2344 1565 2447 1634 Qui
2495 1568 2758 1623 abstulerit
2789 1569 2923 1641 (12,
2954 1585 3005 1641 q.
3049 1566 3106 1633 ἱ,
3143 1566 3247 1645 Qui
3288 1567 3526 1631 abstulerit
3551 1571 3593 1637 ),

2034 1656 2230 1727 aliquid
2256 1656 2388 1726 patri
2420 1660 2498 1715 vel
2525 1661 2693 1726 matri,
2727 1671 2773 1719 et
2802 1661 2926 1719 dicit
2951 1660 3046 1715 hoc
3072 1676 3173 1715 non
3205 1675 3312 1719 esse
3349 1670 3591 1733 peceatum,

321 1764 465 1811 tanto
489 1756 653 1827 ntagis
681 1772 781 1809 non
808 1754 1107 1809 abundabit.
1157 1752 1253 1808 Est
1282 1754 1431 1807 homo
1474 1751 1753 1813 marcidus,
1784 1766 1931 1822 egens
1960 1756 2009 1817 Β
2035 1750 2307 1807 homicida:
2336 1753 2589 1829 particeps
2618 1764 2691 1810 est
2723 1754 2908 1825 (Prov.
2932 1752 3152 1826 xxvut).
3174 1753 3335 1817 Pater
3357 1767 3474 1826 ergo
3489 1770 3595 1811 nos-

321 1852 726 1921 recuperatione,
760 1849 877 1918 plus
903 1848 1146 1919 deficiens
1176 1850 1376 1915 virtute,
1424 1856 1470 1907 et
1500 1846 1766 1901 abundans
1804 1862 1932 1915 pau-

321 1952 561 2012 pertate;
589 1952 633 1996 et
661 1943 838 1999 oculus
880 1941 974 1996 Dei
1002 1940 1223 2011 respexit
1248 1940 1391 1995 illum
1419 1940 1471 1994 in
1503 1939 1653 2006 bono,
1682 1947 1733 1994 et
1772 1939 1933 1992 erexit

324 2049 442 2090 eum
467 2034 529 2087 ab
554 2034 844 2089 humilitate
866 2034 1046 2107 ipsius,
1079 2042 1124 2088 et
1148 2032 1388 2087 exaltabit
1412 2042 1561 2101 caput
1587 2033 1699 2103 ejus
1726 2047 1743 2084 :
1771 2041 1817 2086 et
1840 2034 1934 2085 mi-

322 2126 429 2181 rati
457 2134 573 2180 sunt
598 2126 651 2179 in
680 2124 770 2180 illo
796 2125 962 2189 multi,
989 2134 1035 2179 et
1059 2124 1433 2179 honoraverunt
1475 2122 1662 2177 Deum.
1714 2121 1860 2177 Bona
1883 2134 1934 2178 et

322 2217 484 2284 mala,
530 2217 633 2271 vita
663 2225 709 2271 et
735 2232 892 2281 mors,
926 2224 1199 2287 paupertas
1248 2224 1295 2270 et
1337 2214 1571 2268 honestas
1601 2229 1634 2267 a
1658 2213 1763 2267 Deo
1792 2222 1928 2268 sunt.

323 2307 486 2365 Datio
513 2307 611 2363 Dei
638 2318 896 2379 permanet
916 2308 1109 2379 justis;
1135 2317 1182 2362 et
1209 2306 1466 2378 profectus
1512 2306 1650 2362 illius
1670 2322 1930 2362 successus

322 2401 523 2457 habebit
548 2402 601 2457 in
628 2410 894 2457 teternum.
925 2398 1019 2453 Est
1048 2400 1136 2473 qui
1165 2399 1505 2467 locupletatur
1533 2414 1685 2468 parce
1710 2398 1928 2469 agendo,

320 2504 373 2552 et
399 2496 506 2551 hac
537 2512 657 2569 pars
686 2494 929 2549 mercedis
958 2494 1095 2549 illius
1124 2497 1176 2547 in
1206 2510 1262 2548 eo
1287 2493 1421 2564 quod
1446 2492 1568 2546 dicit
1598 2508 1617 2547 :
1638 2490 1819 2547 Inveni
1847 2509 1931 2546 re-

314 2592 485 2663 quiem
509 2590 654 2657 mihi,
674 2598 741 2657 et,
763 2588 916 2644 Nunc
940 2586 1258 2642 manducabo
1279 2586 1340 2640 de
1366 2584 1509 2640 bonis
1531 2586 1654 2640 meis
1678 2585 1835 2639 solus.
1862 2582 1931 2638 Et

319 2684 482 2738 nescit
518 2685 655 2754 quod
701 2693 896 2752 tempus
927 2688 1191 2753 praetereat
1218 2678 1387 2747 illum,
1436 2685 1482 2731 et
1510 2677 1721 2748 reliquet
1762 2676 1933 2731 omnia

321 2775 460 2845 aliis,
491 2785 537 2831 et
559 2775 820 2830 morietur.
853 2773 949 2830 Sta
976 2776 1028 2826 in
1057 2780 1351 2826 testamento
1374 2779 1481 2834 tuo,
1512 2780 1556 2827 et
1582 2770 1634 2823 in
1654 2769 1745 2823 illo
1769 2769 1932 2825 collo-

323 2885 497 2940 quere,
530 2878 579 2924 et
603 2868 657 2922 in
679 2875 705 2904 ³
730 2882 885 2937 opera
909 2865 1266 2919 mandatorum
1293 2871 1497 2916 tuorum
1539 2871 1807 2916 veterasce.
1851 2857 1934 2915 Nc

324 2962 577 3019 manseris
593 2962 645 3015 in
673 2961 907 3025 operibus
928 2968 1267 3031 peccatorum.
1292 2954 1508 3026 Conﬁde
1530 2964 1698 3010 autem
1722 2955 1776 3008 in
1799 2952 1929 3021 Deo,

325 3066 376 3113 et
395 3073 545 3113 mane
561 3055 615 3111 in
637 3055 746 3110 loco
768 3065 875 3109 tuo.
903 3051 1083 3107 Facile
1103 3060 1174 3105 est
1198 3049 1328 3103 enim
1348 3049 1400 3102 in
1428 3048 1587 3102 oculis
1634 3046 1725 3102 Dei
1770 3047 1933 3101 subita

2036 1852 2121 1899 ter
2160 1844 2277 1901 sine
2299 1844 2462 1900 dubio
2496 1846 2637 1902 Deus
2662 1856 2765 1915 est,
2799 1846 2893 1918 qui
2921 1862 3019 1902 nos
3066 1848 3307 1915 creavit;
3354 1855 3404 1903 et
3449 1857 3595 1907 mater

2035 1944 2217 1993 nostra
2247 1935 2488 1993 Ecclesia
2514 1980 2530 2007 ,
2577 1954 2696 2011 quae
2739 1953 2839 1993 nos
2876 1940 2929 1997 in
2976 1939 3251 2010 Baptismo
3288 1939 3597 2008 spiritualitt-r

2033 2030 2329 2101 generavit.
2367 2029 2432 2086 Et
2459 2030 2599 2099 ideo,
2641 2032 2731 2103 qui
2756 2031 2956 2091 Christi
2988 2033 3245 2104 pecunias
3271 2032 3593 2111 etflEcclesice

2035 2120 2229 2188 aufert,
2259 2122 2471 2183 fraudat
2496 2135 2550 2180 et
2575 2125 2714 2197 rapit
2751 2125 2772 2199 (
2801 2126 2890 2194 l7,
2921 2142 2971 2199 q.
3000 2118 3057 2189 4',
3088 2126 3193 2197 Qui
3215 2125 3366 2200 rapit)
3388 2126 3586 2191 homici-

2034 2214 2102 2270 da
2150 2216 2203 2269 in
2242 2225 2531 2291 conspectu
2574 2216 2595 2288 (
2638 2217 2699 2272 S.
2751 2216 2904 2289 Greg.
2936 2217 3090 2289 epist.
3120 2219 3212 2283 56,
3242 2218 3322 2281 lib.
3359 2215 3435 2291 tt)
3480 2218 3595 2286 iusti

2029 2306 2226 2377 judicis
2276 2323 2398 2364 esse
2461 2309 2821 2385 deputabitur.
2852 2308 3013 2375 Unde
3058 2311 3318 2383 scriptum
3350 2320 3461 2369 est:
3515 2309 3596 2387 Qui

2035 2400 2168 2471 rapit
2212 2401 2480 2470 pecuniam
2517 2401 2739 2470 proximi
2784 2402 2866 2461 sui
2890 2444 2905 2471 ,
2934 2402 3254 2473 iniquitatem
3298 2403 3416 2477 facit
3447 2401 3595 2475 (lacn.

2038 2490 2151 2571 sui)
2184 2494 2273 2563 qui
2323 2500 2505 2549 autem
2534 2494 2789 2567 pecunias
2820 2494 2903 2551 vel
2956 2509 3045 2563 res
3084 2495 3341 2555 Ecclesia:
3393 2493 3596 2553 abstule-

2034 2587 2127 2654 rit,
2180 2572 2696 2660 sacrilegium'lacit
2744 2587 2943 2662 (Hier.
2994 2589 3145 2662 epist.
3201 2588 3238 2647 2
3279 2587 3319 2663 ).
3375 2587 3521 2649 Unde
3555 2597 3599 2641 et

2034 2677 2216 2745 Judas,
2248 2680 2338 2751 qui
2369 2680 2648 2752 pecuniam
2677 2678 2959 2745 fraudavit,
2993 2696 3113 2752 qua:
3144 2681 3331 2749 usibus
3357 2678 3595 2747 Ecclesia,

2036 2769 2088 2825 id
2120 2778 2203 2825 est
2253 2771 2616 2841 pauperibus,
2669 2785 2803 2843 quos
2859 2771 3100 2837 Ecclesia
3150 2788 3367 2847 pascere
3426 2771 3591 2834 debet,

2034 2861 2454 2918 distribuebatur
2478 2863 2632 2934 jussu
2672 2863 3010 2937 Salvamris(
3040 2865 3197 2935 cujus
3222 2866 3388 2931 vicem
3421 2864 3591 2937 episco-

2036 2955 2088 3030 pi
2137 2958 2410 3028 tenent),
2464 2972 2569 3012 non
2602 2957 2774 3012 solum
2822 2955 2945 3025 fur,
2976 2956 3071 3012 sed
3126 2956 3212 3013 fur
3262 2946 3587 3035 ει(8.’Δις.

2040 3051 2212 3108 Tract.
2258 3069 2308 3121 ι,
2341 3053 2393 3106 in
2435 3050 2712 3118 Joannem,
2759 3051 2778 3124 )
2841 3052 3137 3127 sacrilegus
3179 3053 3350 3117 factus
3399 3063 3489 3113 est.
3524 3051 3584 3109 De

323 3140 1317 3217 honestaribpaupertatem.Benedictio
1337 3139 1429 3193 Dei
1450 3140 1500 3192 in
1514 3139 1790 3193 mercedem
1803 3138 1933 3209 justi
1957 3144 2003 3208 ο
2036 3144 2232 3199 talibus
2274 3143 2437 3209 enim,
2470 3142 2523 3205 id
2555 3152 2638 3199 est
2665 3145 2753 3215 qui
2778 3141 3056 3199 facultates
3096 3145 3352 3213 Ecclesiae
3391 3144 3586 3221 rapiunt,

319 3240 550 3313 festinat,
586 3248 631 3293 et
658 3237 712 3291 in
741 3238 933 3289 honore
964 3233 1119 3288 veloci
1152 3247 1413 3307 processus
1437 3229 1577 3285 illius
1608 3240 1630 3267 ο
1654 3230 1922 3300 justiﬁcat.

324 3330 413 3387 Ne
456 3332 644 3387 dicas:
682 3328 819 3395 Quid
862 3336 935 3381 est
968 3326 1093 3379 mihi
1122 3324 1291 3396 opus?
1320 3333 1366 3378 et
1392 3339 1504 3395 qua:
1531 3332 1673 3377 erunt
1704 3323 1828 3376 mihi
1869 3339 1931 3378 ea:

326 3424 423 3478 hoc
451 3421 628 3477 bona?
659 3418 742 3473 Ne
772 3419 915 3474 dicas
948 3434 966 3472 :
998 3418 1267 3490 Sufficiens
1296 3417 1421 3471 milti
1464 3433 1594 3483 sum,
1630 3427 1674 3470 et
1719 3416 1841 3489 quid
1869 3432 1932 3471 ex

327 3515 424 3568 hoc
450 3510 806 3583 pessimabor?
838 3508 903 3563 In
934 3508 1013 3562 die
1043 3510 1309 3575 bonorum,
1344 3525 1406 3563 ne
1430 3508 1692 3562 immemor
1720 3508 1789 3563 sis
1818 3524 1931 3561 ma-

328 3607 514 3667 lorum,
548 3612 593 3656 et
624 3604 678 3656 in
724 3602 806 3656 die
850 3602 1103 3655 malorum
1146 3618 1209 3655 ne
1236 3602 1502 3663 immemor
1539 3602 1608 3654 sis
1643 3601 1929 3668 bonorum;

327 3696 571 3768 quoniam
619 3694 772 3766 facile
813 3702 885 3747 est
915 3708 1086 3747 coram
1133 3693 1237 3747 Deo
1266 3694 1319 3747 in
1350 3693 1432 3749 die
1462 3693 1625 3746 obitus
1658 3693 1932 3747 retribuere

326 3787 602 3858 unicuique
628 3783 905 3841 secundum
933 3783 1039 3837 vias
1066 3799 1203 3839 suas.
1234 3782 1436 3837 Malitia
1464 3784 1604 3837 hora:
1632 3782 1931 3839 oblivionem

329 3878 456 3951 facit
504 3876 722 3931 luxuria:
758 3890 958 3949 magna:
997 3890 1016 3928 :
1047 3883 1093 3927 et
1142 3874 1195 3927 in
1225 3873 1328 3945 ﬁne
1367 3873 1606 3939 hominis,
1657 3873 1931 3929 denudatio

329 3987 543 4043 operum
581 3970 739 4024 illius.
774 3968 903 4023 Ante
942 3976 1154 4022 mortem
1181 3982 1242 4020 ne
1272 3965 1449 4021 laudes
1478 3966 1729 4021 hominem
1755 3983 1927 4034 quem-

328 4081 505 4143 quam,
532 4065 773 4137 quuniam
803 4065 855 4116 in
886 4062 1008 4133 ﬁliis
1030 4062 1134 4116 suis
1163 4061 1457 4134 agnoscitur
1480 4062 1573 4116 vir.
1595 4060 1715 4117 Non
1732 4078 1932 4116 onmem

331 4161 588 4217 hominem
616 4159 829 4214 inducas
857 4160 909 4211 in
937 4157 1143 4210 domum
1169 4164 1347 4220 tuam;
1377 4154 1550 4209 multa:
1576 4156 1708 4209 enim
1733 4156 1933 4211 insiditc

323 4262 444 4308 sunt
470 4252 653 4306 dolosi.
681 4252 829 4307 Sicut
858 4250 990 4304 enim
1018 4259 1249 4304 eructant
1280 4248 1567 4321 prtecordia
1587 4246 1613 4285 ά
1639 4249 1928 4322 fetantium,

330 4354 379 4397 et
410 4343 539 4396 sicut
569 4342 751 4417 perdia:
780 4341 1038 4396 inducitur
1066 4342 1119 4394 in
1147 4356 1372 4405 caveam,
1404 4351 1450 4395 et
1480 4349 1533 4395 ut
1561 4356 1744 4413 caprea
1770 4340 1824 4393 in
1855 4340 1931 4401 la-

327 4453 514 4511 queum
535 4453 554 4504 ,'
579 4438 651 4491 sic
680 4448 725 4491 et
754 4452 842 4491 cor
871 4435 1220 4503 superborum,
1238 4444 1284 4487 et
1300 4435 1429 4489 sicut
1446 4445 1734 4505 perspector
1758 4434 1931 4489 videas

2035 3233 2287 3289 fraudant
2310 3235 2389 3289 vel
2406 3232 2674 3301 auferunt,
2697 3235 2975 3302 Dominus,
2998 3238 3334 3305 comminans
3351 3235 3582 3303 omnibus.

2035 3343 2132 3400 per
2162 3328 2479 3399 Pmpltetam
2503 3326 2755 3399 luquitur,
2779 3327 3001 3389 dicens:
3032 3328 3193 3399 Deus,
3227 3347 3290 3391 ne
3317 3340 3473 3395 taeeas
3502 3310 3588 3397 tibi.

2034 3436 2097 3473 ne
2134 3419 2305 3488 sileas,
2339 3429 2386 3475 et
2416 3434 2516 3472 non
2543 3419 2794 3491 quiescas,
2848 3417 3028 3475 Deus:
3078 3420 3215 3491 Quia
3267 3437 3374 3478 ecce
3429 3417 3584 3481 inimici

2034 3512 2108 3565 tui
2132 3512 2426 3567 tumultuati
2455 3522 2592 3571 sunt,
2620 3520 2667 3564 et
2690 3511 2778 3581 qui
2813 3512 3029 3566 oderunt
3055 3522 3102 3568 te
3144 3514 3586 3595 levaverunt

2036 3600 2226 3659 Contra
2250 3603 2494 3673 populum
2524 3612 2663 3655 tuutn
2698 3602 2926 3674 nequiter
2954 3613 3297 3660 tractaverunt
3325 3646 3342 3671 ,
3398 3615 3441 3659 et
3482 3600 3592 3669 init-

2034 3702 2149 3747 runt
2177 3694 2442 3747 consilium
2469 3694 2735 3767 adversum
2761 3711 3007 3750 arcanum
3036 3706 3197 3751 tuum.
3228 3695 3461 3752 Dixerunt
3478 3690 3587 3749 ενι.

2035 3787 2137 3840 nite
2165 3782 2193 3822 ιι
2220 3795 2265 3839 et
2316 3784 2644 3841 Conteramus
2702 3803 2789 3843 eos
2852 3789 2916 3842 de
2966 3798 3134 3861 gente,
3169 3800 3217 3849 et
3264 3806 3356 3847 non
3395 3789 3455 3843 sit
3495 3801 3590 3840 tue-

2035 3877 2195 3932 moria
2224 3878 2441 3931 nominis
2464 3876 2631 3933 Israel
2672 3880 2809 3933 ultra
2838 3898 2856 3933 :
2882 3881 3124 3953 quoniam
3154 3888 3392 3941 tacuerint
3414 3875 3583 3945 corde,

2036 3971 2225 4045 pariter
2278 3970 2293 4007 ί
2352 3981 2528 4025 contra
2594 3983 2641 4028 te
2705 3974 2867 4046 foedus
2939 3975 3239 4047 pepigerunt
3294 3967 3583 4031 tabernacula

2034 4062 2268 4118 idumtete
2311 4071 2357 4117 et
2412 4062 2793 4119 lsmaelitarum
2823 4106 2839 4133 ,
2902 4064 3056 4119 Moab
3087 4077 3134 4121 et
3163 4064 3391 4139 Agareni,
3441 4060 3588 4117 Gebal

2035 4162 2082 4207 et
2149 4153 2408 4222 Ammon‘,
2461 4165 2506 4209 et
2559 4156 2785 4210 Amalec.
2862 4154 3130 4212 Palestina
3204 4175 3312 4219 cum
3361 4155 3591 4209 habitato-

2035 4245 2172 4299 ribus
2204 4244 2216 4296 ἱ
2255 4244 2394 4318 Tyri.
2442 4246 2547 4302 Sed
2582 4257 2627 4302 et
2657 4248 2814 4302 Assur
2870 4249 3051 4318 junxit
3096 4266 3151 4304 se
3199 4266 3308 4304 cum
3332 4250 3399 4303 eis
3426 4290 3442 4319 ,
3491 4248 3597 4325 facti

2035 4349 2150 4392 sunt
2203 4337 2466 4392 brachium
2521 4340 2744 4411 filiorum
2795 4339 2948 4396 Loth.
3001 4340 3113 4395 Fac
3166 4343 3269 4398 illis
3317 4343 3441 4399 sicut
3492 4337 3594 4395 Ua-

2036 4432 2177 4497 dian,
2212 4434 2339 4487 sicut
2379 4432 2590 4499 Sisarce,
2623 4435 2750 4488 sicut
2800 4434 2955 4489 .labin
3000 4436 3052 4490 in
3103 4446 3315 4495 torrente
3353 4434 3519 4491 Cissei
3550 4428 3593 4485 ⁸.

324 4545 501 4585 casum
528 4529 752 4600 proximi
771 4529 868 4581 sui.
913 4525 1060 4580 Bona
1088 4528 1141 4581 in
1198 4536 1221 4563 ε’
1279 4527 1468 4581 malum
1522 4527 1766 4581 convertit
1804 4526 1932 4579 insi-
1959 4535 2014 4596 D
2040 4525 2255 4579 Contriti
2288 4536 2404 4578 sunt
2452 4526 2506 4580 in
2549 4525 2754 4592 Endor,
2806 4527 3011 4596 fuerunt
3066 4530 3214 4597 quasi
3260 4525 3596 4597 sterquiliniattt

329 4621 542 4689 diutor,
595 4628 642 4674 et
698 4621 751 4673 in
799 4619 968 4673 electis
1023 4628 1174 4689 ponet
1251 4619 1529 4674 maculam.
1608 4620 1653 4672 A
1710 4618 1936 4673 scintilla

329 4729 438 4768 una
489 4720 703 4785 augetur
758 4711 911 4782 ignis,
944 4719 991 4765 et
1017 4712 1079 4764 ab
1104 4726 1205 4763 uno
1244 4710 1421 4764 doloso
1463 4720 1678 4783 augetur
1702 4713 1932 4783 sanguis.

335 4805 507 4867 Homo
558 4819 674 4858 vero
746 4813 979 4874 peccator
1047 4802 1288 4873 sanguini
1354 4801 1647 4856 insidiatur.
1724 4804 1936 4865 Attende

332 4899 421 4953 tibi
452 4915 483 4952 a
529 4898 793 4971 pestifero,
826 4896 1043 4969 fabricat
1074 4894 1207 4949 enim
1234 4893 1392 4960 mala,
1430 4910 1492 4948 ne
1542 4898 1674 4967 forte
1725 4894 1935 4949 inducat

331 5008 487 5063 super
530 5001 577 5046 te
621 4989 1069 5045 subsannationem
1110 4988 1160 5040 in
1200 4996 1516 5058 perpetuam.
1578 4987 1801 5043 Admitte
1864 4988 1933 5042 ad

330 5093 381 5139 te
410 5084 772 5153 alienigenam,
825 5090 870 5134 et
914 5079 1163 5133 subvertet
1200 5079 1254 5134 in
1299 5077 1518 5148 turbine,
1554 5089 1601 5133 et
1627 5080 1931 5134 abalienabit

332 5187 380 5233 te
408 5195 439 5234 a
477 5175 495 5215 ί
531 5178 631 5232 tuis
661 5174 885 5247 prapriis
933 5171 1099 5246 (Eccl.
1140 5189 1193 5239 ι,
1225 5169 1328 5246 x1).
1375 5171 1556 5242 Tales,
1598 5171 1924 5242 cbarissimi,

329 5270 489 5329 valde
514 5280 641 5326 sunt
666 5266 916 5334 cavendi,
948 5266 1247 5340 usquedum
1286 5274 1379 5323 aut
1422 5277 1805 5324 convertantur
1834 5277 1925 5323 aut

2040 4626 2204 4671 (errat.
2234 4615 2378 4671 Pone
2402 4617 2552 4672 duces
2579 4634 2751 4672 eorum
2780 4619 2907 4672 sicut
2940 4619 3075 4674 Oreb
3123 4630 3173 4673 et
3213 4619 3328 4684 Zcb,
3365 4621 3487 4673 sicut
3515 4612 3600 4673 Ze-

2041 4710 2127 4762 bee
2156 4718 2202 4763 et
2231 4708 2503 4763 Salmana.
2538 4709 2725 4764 Omnes
2757 4711 3015 4781 principes
3051 4726 3226 4765 eorum
3245 4710 3328 4782 qui
3352 4710 3595 4779 dixerunt:

2038 4802 2401 4857 Possideantus
2432 4804 2575 4858 nobis
2626 4804 3056 4881 pulchritudinem
3087 4804 3185 4860 Dei
3211 4822 3227 4859 :
3264 4803 3401 4859 Deus
3450 4814 3590 4866 mm.

2038 4911 2167 4967 pone
2198 4896 2313 4949 illos
2341 4907 2395 4953 ut
2423 4906 2607 4961 rotam,
2637 4900 2780 4969 quasi
2810 4897 3052 4967 stipulam
3094 4909 3209 4957 ante
3240 4896 3418 4968 facient
3460 4890 3591 4948 mli.

2040 4989 2304 5055 Quomodo
2332 4989 2464 5059 ignis
2492 4991 2737 5043 comburit
2761 4992 2952 5061 sylvam
2983 5000 3028 5044 et
3055 4991 3183 5044 sicut
3217 4984 3422 5060 flamma
3462 4983 3596 5040 deso-

2033 5091 2114 5141 rat
2166 5090 2378 5151 montes,
2439 5082 2511 5143 sic
2559 5083 2869 5153 persequeris
2915 5082 3068 5147 easin
3095 5087 3378 5163 tempestate
3425 5088 3508 5149 tua
3554 5078 3595 5127 et

2031 5175 2086 5229 in
2125 5183 2209 5229 tuo
2251 5174 2446 5229 turbine
2485 5173 2707 5231 turbabis
2749 5189 2849 5231 eos.
2882 5172 3047 5244 Imple
3072 5172 3222 5244 facie:
3244 5184 3417 5235 θωνα

2030 5266 2209 5332 minio,
2242 5276 2288 5320 et
2313 5274 2538 5339 quaerent
2563 5282 2742 5322 nomen
2784 5275 2943 5335 tuum,
2986 5264 3206 5320 Domine.

1522 5382 1904 5443 LECTIONES
1941 5385 2030 5442 VA
2040 5384 2355 5453 BIANTES.

391 5481 419 5544 9
453 5475 592 5544 Alias
612 5491 792 5544 opere.

390 5540 420 5580 ι)
443 5541 583 5592 Alias
608 5540 889 5591 ttdnestare.

391 5607 417 5639 ⁸
453 5602 591 5656 Alias
614 5602 884 5653 t'ructilicat.

392 5665 422 5706 ἆ
455 5664 593 5717 Alias
606 5665 898 5715 laetantium.

392 5732 417 5759 ο
435 5727 592 5795 ,Δῆμε
606 5725 742 5795 _ma|a
762 5731 1060 5795 convertens
1082 5723 1358 5795 insidiatur.
1386 5728 1482 5795 Ms.
1525 5722 1715 5795 collegii
1755 5723 1919 5776 Paris.

327 5785 570 5838 Societate
592 5789 627 5836 Ι
632 5799 732 5847 esu,
754 5792 868 5837 teste
910 5785 1189 5848 Harduino,
1220 5789 1347 5839 bona
1371 5790 1503 5839 enim
1524 5788 1579 5836 in
1599 5785 1797 5838 malum.

2092 5473 2115 5516 ί
2152 5472 2293 5526 Alias
2316 5476 2422 5526 viis.

2094 5542 2120 5582 Β
2156 5537 2291 5589 Alius
2326 5536 2533 5589 Excidit.

2090 5599 2123 5640 ιι
2157 5603 2243 5650 Id.
2269 5613 2359 5651 ms.
2384 5599 2741 5662 disttergamus.

2098 5663 2117 5704 ι
2158 5662 2244 5714 1d.
2264 5674 2353 5713 ms.
2379 5671 2544 5711 contra
2572 5675 2704 5720 eos..

2093 5725 2108 5776 Ξ
2154 5724 2226 5774 Id.
2256 5738 2344 5774 ms.
2371 5724 2715 5778 habitantibus

2091 5790 2123 5828 κ
2153 5783 2293 5837 Alias
2314 5787 2472 5838 Cisou.
