3716 6272
111 309 203 372 981

1308 292 1631 365 ὓΕΟΒΒΤΑ
1666 293 1850 369 WG"
1877 296 2130 370 ,PAPE.

3267 304 3393 363 93,.

106 441 180 488 ιω·
204 431 249 489 σι
278 420 629 485 conturbantur
672 434 827 491 usque
868 419 926 472 in
968 423 1235 487 metuunt,
1298 425 1345 471 et
1377 415 1669 475 erubescant
1693 414 1744 477 Α
1771 415 2012 472 triticum.
2067 416 2179 488 Ego
2227 426 2394 483 autent
2416 436 2510 492 pro
2536 428 2584 476 te
2638 423 2812 493 rogavi
2834 463 2851 490 ,
2906 433 2960 476 ut
3010 438 3109 478 non
3161 423 3369 492 deﬁciat

107 532 149 577 et
187 523 374 589 pereant
413 530 431 568 :
478 522 527 569 et
575 513 737 568 sciant
784 511 905 582 quia
953 526 1135 565 nomen
1195 519 1338 564 tuum
1380 506 1667 564 Dominus:

104 615 223 673 solus
245 620 292 665 tu
315 609 538 664 excelsus
565 623 715 681 super
739 621 935 661 omnem
978 613 1163 658 terram
1189 601 1425 675 (Psalm.
1458 618 1663 668 Lxxxn,

102 704 365 771 exinterpr.
398 698 460 757 S.
493 697 797 771 Hieronymi
853 697 1053 755 diversa
1094 713 1129 753 a
1190 693 1478 769 Vulgata).
1541 694 1668 755 Ηςηε

99 798 198 859 ﬁeri
242 795 547 868 Prophetas.
608 795 725 849 haec
789 793 1062 864 Apostoli.
1127 790 1243 849 ha‘c
1324 802 1665 847 successores

97 909 256 957 eorum
302 901 354 947 et
380 891 622 945 omnium
651 888 1033 945 catholicorum
1076 887 1293 942 Patrum
1347 892 1526 939 vetant
1568 885 1665 940 de—

100 998 284 1053 creta:
342 992 396 1041 et
472 983 609 1047 tales
690 980 1135 1053 prwsumptiones
1166 1021 1181 1047 ,
1239 975 1575 1053 sacrilegium
1635 983 1662 1012 ει

106 1094 216 1138 esse
274 1073 575 1147 dijudicant.
648 1074 888 1143 Quorum
949 1086 1047 1127 uos
1120 1078 1405 1140 sequentes
1480 1083 1662 1123 exem-

102 1174 215 1243 pla,
273 1181 452 1222 omnes
505 1166 642 1222 tales
691 1172 1127 1235 prtesumptores,
1156 1172 1211 1219 et
1264 1159 1515 1218 Ecclesiae
1543 1158 1655 1231 (l7,

98 1263 214 1331 (1.4,
268 1258 447 1313 Omnes
496 1271 729 1330 raptores
769 1258 790 1331 )
854 1268 1130 1327 raptores,
1190 1255 1208 1327 (
1253 1252 1463 1311 Hincm.
1508 1252 1656 1320 epist.

94 1372 185 1419 τω,
224 1353 357 1407 editt.
429 1351 574 1423 Mog.
625 1351 821 1407 Concil.
875 1349 1219 1405 Carisiacense
1284 1349 1336 1401 iu
1388 1347 1537 1417 epist.
1592 1345 1660 1399 ad

95 1450 325 1523 episcopos
383 1444 624 1518 Gallia)
665 1455 826 1518 atque
874 1459 1090 1503 suarum
1147 1441 1458 1503 facultatum
1528 1439 1659 1501 alie-

94 1550 314 1605 natur-es,
361 1554 467 1595 una
510 1539 782 1593 vobiscum
813 1553 842 1591 a
894 1536 1166 1591 liminibus
1215 1542 1417 1591 sanctae
1470 1532 1658 1589 matris

90 1632 316 1690 Ecclesire
386 1634 913 1696 anathematizatos,
968 1629 1265 1701 apostolica
1339 1627 1657 1682 auctoritate

87 1725 350 1798 pellimus,
420 1734 477 1781 et
510 1726 868 1792 damnamus,
947 1734 1110 1795 atque
1179 1720 1466 1793 sacrilegos
1538 1733 1657 1774 esse

1771 508 1897 578 ﬁdes
1936 520 2063 576 tua;
2092 522 2138 565 et
2192 522 2245 566 tu
2273 513 2546 583 aliquando
2598 531 2902 581 conversus,
2956 516 3204 584 conﬁrma
3255 520 3368 589 fra-

1771 609 1870 655 tres
1921 617 2032 661 tuos
2084 602 2105 675 (
2158 602 2285 659 Luc.
2341 621 2454 660 xxn
2510 605 2554 677 )_.
2612 606 2929 664 Consideret
2974 608 3151 679 itaque
3191 616 3371 665 vestra

1768 695 2037 755 excellens
2103 698 2378 767 prudentia
2426 716 2584 770 quam
2655 700 2850 757 bonum
2933 701 3004 756 sit
3082 702 3370 770 νει-εἱειετο

1768 788 1820 843 in
1870 788 2266 857 dispensatione
2296 792 2446 847 vobis
2477 791 2677 847 credita
2712 801 2767 848 et
2799 794 2849 847 in
2880 793 2982 848 fide
3003 803 3169 858 recta,
3200 804 3364 865 atque

1766 881 2033 936 haereticis
2060 891 2112 937 et
2141 883 2345 938 aemulis
2365 883 2562 939 Christi
2591 899 2911 956 repugnare,
2944 895 2995 940 et
3021 900 3309 957 numquam
3332 902 3365 941 τι

1765 977 2007 1033 veritatis
2073 978 2287 1033 tramite
2337 979 2648 1044 declinare;
2698 980 2953 1049 quoniam
3003 979 3261 1036 Dominus
3310 989 3365 1036 et

1766 1071 2010 1127 Salvator
2075 1076 2347 1139 omnium,
2415 1075 2570 1147 cujus
2602 1076 2736 1131 fides
2789 1084 2891 1142 est,
2925 1076 3015 1146 qui
3075 1091 3173 1146 pro
3204 1075 3364 1132 nobis

1766 1165 1901 1218 mori
1954 1180 2058 1220 non
2103 1166 2405 1234 dubitavit,
2463 1179 2518 1222 et
2568 1168 2785 1239 proprio
2835 1183 2934 1222 nos
2969 1182 3067 1223 suo
3136 1168 3368 1225 redemit

1763 1257 2043 1327 sanguine,
2065 1257 2223 1313 fidem
2257 1257 2396 1315 beati
2426 1260 2573 1316 Petri
2604 1274 2709 1316 non
2742 1258 3069 1315 defecturam
3099 1259 3370 1332 promisit,

1762 1357 1815 1401 et
1839 1349 2348 1425 confirmare.eum
2405 1352 2595 1407 fratres
2649 1366 2776 1407 suos
2831 1352 3107 1407 admonuit
3154 1370 3169 1409 :
3223 1352 3367 1422 quod

1762 1440 2085 1509 apostolicos
2114 1439 2428 1510 Pontifices,
2477 1458 2612 1499 mea:
2660 1444 2967 1515 exiguitatis
2994 1444 3365 1515 praedecesso-

1762 1547 1873 1594 res.
1904 1534 2240 1589 conﬁdenter
2263 1535 2455 1613 fecisse
2482 1552 2700 1608 semper
2724 1538 2931 1593 cunctis
2957 1546 3042 1593 est
3064 1537 3359 1609 cognitum.

1762 1624 2000 1693 Quorum
2047 1636 2102 1684 et
2154 1630 2422 1701 pusillitas
2453 1647 2591 1699 mea,
2645 1632 2772 1687 licet
2813 1633 2987 1702 impar
3016 1641 3071 1687 et
3097 1633 3317 1687 minima
3343 1674 3359 1700 ,

1761 1733 1858 1788 pro
1885 1711 2139 1790 suscepto
2190 1730 2384 1785 tamen,
2421 1722 2597 1776 divina
2629 1723 2939 1795 dignatione
2966 1764 2981 1790 ,
3015 1723 3355 1790 ministerio,

78 1816 584 1889 judicamus.Etnon
609 1817 781 1871 solum
810 1831 925 1882 eos,
955 1814 1049 1870 sed
1078 1829 1265 1869 omnes
1317 1810 1658 1868 consentien-
1687 1810 1733 1871 B
1765 1812 2089 1884 pedisseqna
2146 1816 2294 1883 cupit
2337 1815 2592 1870 existere.
2646 1815 2741 1871 Va:
2811 1817 2954 1871 enim
3000 1816 3106 1870 erit
3156 1815 3312 1871 nobis
3345 1857 3360 1882 ,

81 1919 148 1964 tes
165 1910 237 1965 eis
258 1926 272 1971 ;
293 1908 426 1977 Quia
453 1926 553 1963 non
584 1907 748 1967 solum
776 1909 859 1975 qui
885 1908 1076 1978 faciunt
1107 1906 1179 1963 rei
1215 1904 1539 1977 judicantur,
1569 1903 1661 1969 sed

81 2002 209 2056 etiam
234 2002 318 2071 qui
341 2001 660 2056 consentiunt
688 1998 1028 2072 facientibus(
1060 1997 1208 2061 Rom,
1249 2013 1266 2059 ι
1374 1997 1475 2059 Par
1517 1996 1659 2061 enim

81 2107 216 2164 plena
237 2100 288 2145 et
317 2100 535 2161 agentes
559 2101 611 2145 et
645 2090 1043 2145 consentientes
1090 2085 1519 2155 comprehendit.
1553 2084 1661 2141 Vos

80 2202 201 2261 ergo,
221 2184 426 2256 fratres,
451 2184 656 2256 vigilate
691 2194 736 2239 et
784 2192 944 2237 orate.
984 2179 1213 2236 l’irilitcr
1246 2182 1400 2253 agite,
1446 2188 1491 2234 et
1538 2194 1657 2233 con-

79 2276 314 2351 [στερηήηὶ
360 2277 413 2331 in
465 2275 706 2345 Domina,
757 2285 802 2335 et
858 2274 1029 2328 omnia
1078 2283 1259 2338 vestra,
1309 2271 1459 2343 juxta
1514 2270 1661 2342 Apo-

78 2371 269 2439 stolum,
299 2370 355 2424 in
385 2370 633 2423 charitate
686 2369 811 2439 ﬁant
835 2368 855 2441 (
882 2367 901 2422 l
925 2366 1045 2422 Cor.
1078 2381 1185 2422 xw.
1214 2368 1233 2441 )
1285 2365 1323 2418 Α
1354 2376 1497 2429 recta
1530 2379 1659 2435 ergo

79 2464 173 2535 (ll.
200 2479 246 2533 ιι.
280 2463 331 2533 Ι,
384 2464 425 2523 Α
470 2472 609 2517 νεοίη
660 2478 812 2535 ergo;
842 2470 886 2514 et
934 2460 986 2513 in
1027 2459 1210 2514 decret.
1249 2454 1436 2510 Felicis
1466 2454 1656 2528 papw)

79 2558 168 2615 ﬁde
209 2568 261 2614 et
318 2560 619 2630 apostolico
682 2558 895 2613 tramite
972 2566 1190 2627 propter
1245 2555 1407 2610 ullam
1473 2570 1659 2629 persc-

78 2652 321 2707 cutionem
404 2651 569 2707 nolite
634 2650 922 2717 recedere,
978 2649 1212 2704 scientes
1283 2648 1401 2720 quia
1432 2688 1447 2719 ,
1507 2646 1656 2719 juxta

78 2741 345 2798 salvatoris
376 2744 691 2798 sententiam
714 2785 728 2810 ,
780 2742 911 2796 beati
946 2751 1060 2796 sunt
1085 2740 1172 2810 qui
1200 2740 1596 2810 persecutionem
1623 2737 1653 2777 ι)

80 2836 317 2905 patiuntur
385 2845 591 2909 prapter
637 2836 887 2904 iustitiam
950 2833 1174 2907 (Matth.
1246 2831 1351 2901 v).
1396 2830 1520 2887 Hmc
1575 2840 1657 2888 est

78 2926 436 2997 Apostolorum
499 2927 612 2983 viva
701 2926 914 2983 traditio
976 2925 1223 2999 (Agatho
1281 2924 1350 2980 ad
1417 2925 1652 2996 imperat.

80 3015 229 3074 (ἔοικε.
258 3027 364 3073 act.
409 3034 484 3086 vr,
537 3017 740 3073 concilii
784 3016 895 3085 ΕΡ.
938 3017 1176 3073 adversus
1215 3014 1580 3072 Monathclitas
1611 3012 1650 3086 ),

80 3108 176 3167 lucc
198 3127 321 3167 vera
349 3109 583 3168 charitas
608 3127 749 3182 quae,
786 3110 1122 3180 prmdicanda
1148 3118 1251 3178 est,
1302 3118 1359 3164 et
1386 3107 1655 3183 praecipue

1761 1904 1852 1974 qui
1906 1903 2065 1976 hujus
2114 1906 2397 1971 ministerii
2436 1922 2573 1967 onus
2618 1917 2922 1977 susceptum
2972 1907 3269 1973 habemus,
3320 1908 3369 1962 si

1762 1998 2045 2061 veritatem
2112 1999 2404 2067 Salvatoris
2481 2000 2651 2055 nostri
2709 1999 2834 2054 Jesu
2890 1999 3134 2064 Christi,
3200 2013 3365 2069 quam

1768 2091 2011 2160 Apostoli
2081 2092 2556 2162 praedicaverunt,
2613 2094 2905 2163 prazdicare
2969 2095 3368 2167 neglexerimus

1764 2183 1816 2256 (l
1862 2182 1982 2238 Cor.
2015 2196 2114 2251 ιχ).
2185 2183 2279 2240 Vae
2340 2186 2443 2247 erit
2500 2186 2692 2253 nobis,
2727 2186 2771 2243 si
2818 2187 3032 2241 silentio
3079 2186 3365 2243 veritatem
3442 2206 3449 2213 ·

1762 2277 2223 2345 oppresserimus,
2251 2293 2411 2347 quam
2440 2292 2664 2348 erogare
2692 2277 3064 2333 nummulariis
3086 2278 3362 2348 jubcmur,

1762 2366 1814 2420 id
1841 2374 1924 2420 est
1952 2367 2284 2425 Christianos
2310 2368 2537 2439 populos
2566 2369 2807 2425 imbuere
2835 2377 2891 2425 et
2918 2368 3116 2427 docere
3143 2370 3162 2441 (
3189 2370 3364 2426 Matii.

1763 2472 1871 2510 xxv
1920 2456 1963 2532 ).
2067 2457 2201 2535 Quid
2262 2459 2312 2511 in
2381 2459 2549 2528 ipsius
2620 2458 2819 2517 Christi
2917 2459 3095 2515 futuro
3167 2461 3365 2521 dicturi

1761 2564 1945 2611 sumus
1974 2550 2242 2615 examine,
2292 2550 2339 2605 si
2383 2565 2691 2606 sermonum
2752 2550 2866 2621 ejus
2917 2554 3192 2608 veritatem
3236 2568 3366 2610 con-

1762 2642 2039 2697 fundimur
2094 2644 2423 2713 prmdicare?
2452 2644 2591 2711 Quid
2648 2649 2750 2699 erit
2802 2645 2870 2699 de
2922 2646 3073 2700 nobis
3116 2661 3237 2713 cum
3288 2647 3360 2703 de

1758 2736 2064 2795 commissis
2114 2736 2270 2791 nobis
2314 2738 2595 2791 animabus
2651 2746 2705 2792 et
2756 2736 2822 2792 de
2863 2736 3043 2791 officio
3102 2747 3359 2807 suscepto

1760 2827 2025 2881 rationem
2077 2827 2255 2895 jnsms
2302 2826 2471 2897 judex
2525 2823 2772 2882 Christus
2833 2827 3093 2882 Dominus
3167 2837 3355 2884 noster

1757 2921 2046 2983 districtam
2076 2922 2314 2993 exegerit
2347 2919 2495 2987 (Luc.
2524 2920 2668 2991 xvn)?
2694 2920 2839 2987 Ideo,
2904 2918 3116 2987 fratres,
3177 2919 3367 2984 hortor

1759 3013 1844 3086 (8.
1879 3012 1982 3068 Leo
2013 3055 2027 3082 ,
2083 3013 2252 3085 Epist.
2315 3029 2333 3069 ι
2384 3014 2626 3070 adversus
2672 3012 2901 3071 Manich.
2941 3011 2961 3085 )
3011 3012 3364 3073 dilectionem

1754 3115 2012 3176 vestram,
2078 3107 2349 3163 obstestor
2399 3115 2454 3161 et
2504 3122 2698 3163 moneo
2758 3115 2815 3161 ut
2869 3122 2973 3177 qua
3023 3106 3230 3161 debetis
3308 3114 3367 3164 et

78 3201 318 3277 diligenda
350 3219 413 3261 ac
439 3203 690 3273 fovenda,
732 3213 891 3277 atque
920 3202 1234 3263 ﬁducialitcr
1286 3201 1353 3257 ab
1409 3200 1658 3261 omnibus
1686 3197 1729 3259 C
1766 3201 1990 3269 potestis
2055 3199 2417 3256 sollicitudine
2448 3241 2462 3266 ,
2528 3199 2760 3277 vigiletis
2830 3198 2897 3259 ad
2963 3197 3364 3270 investigandos

79 3294 303 3352 tenenda.
362 3296 487 3353 Haec
516 3305 698 3355 sancta
754 3306 809 3353 ct
859 3295 1150 3365 apostolica
1202 3304 1376 3355 mater
1410 3294 1649 3351 omnium

79 3388 403 3444 ecclesiarum
448 3388 647 3445 Christi
700 3388 973 3455 Ecclesia,
1020 3402 1141 3458 quae
1192 3403 1286 3459 per
1339 3388 1429 3443 Dei
1476 3388 1651 3443 omni-

81 3484 291 3553 potentis
348 3485 573 3555 gratiam
642 3500 670 3541 a
724 3484 937 3539 tramite
998 3483 1307 3548 apostolica:
1348 3482 1652 3539 traditionis

20 3578 23 3583 ⁴
78 3592 344 3646 humanam
376 3592 587 3634 errasse
617 3576 895 3647 probatur,
914 3590 1015 3631 nec
1032 3573 1301 3631 haereticis
1326 3573 1652 3631 novitatibus

77 3666 396 3737 depravanda
429 3680 451 3707 ο
478 3669 795 3724 succubuit:
842 3668 960 3733 sed,
988 3677 1044 3721 ut
1071 3668 1122 3721 in
1152 3667 1373 3721 exordio
1401 3680 1648 3721 normam

78 3765 179 3825 ﬁdei
205 3767 514 3839 apostolica:
565 3765 802 3837 percepit
858 3765 925 3820 ab
967 3764 1272 3821 auctoribus
1314 3762 1457 3831 suis,
1502 3763 1651 3832 Apo-

76 3861 317 3917 stolorum
364 3861 567 3916 Christi
629 3860 998 3935 principibus,
1066 3860 1263 3921 illibata
1341 3858 1447 3917 [ine
1494 3867 1651 3915 tenus

76 3961 261 4020 nonet,
294 3952 583 4008 secundum
612 3952 779 4021 ipsius
822 3951 1030 4006 Domini
1079 3950 1375 4006 Salvatoris
1402 3952 1644 4009 divinam

76 4044 495 4111 pollicitationem
528 4086 544 4113 ,
594 4044 682 4117 qui
724 4042 1107 4113 discipulorum
1152 4057 1368 4097 suorum
1422 4042 1648 4114 principi

75 4134 118 4191 in
152 4137 272 4191 suis
317 4134 458 4193 fatus
504 4145 588 4193 est
632 4134 964 4206 Evangeliis:
1014 4133 1186 4200 Patre,
1223 4133 1467 4204 inquiens
1491 4176 1505 4201 ,
1536 4150 1650 4190 ecce

74 4222 288 4282 Satanas
330 4227 562 4299 expetivit
618 4236 673 4281 ut
737 4225 978 4281 cribraret
1025 4241 1131 4292 vos,
1181 4226 1308 4281 sicut
1355 4227 1441 4296 qui
1465 4226 1652 4279 cribrat

1756 3292 2038 3349 haereticos
2064 3303 2120 3349 et
2145 3293 2392 3351 inimicos
2419 3304 2616 3351 sanctm
2664 3293 2752 3357 Dei
2786 3293 3045 3353 Ecclesia)
3074 3302 3127 3348 et
3154 3308 3183 3351 a
3215 3292 3364 3357 sanis

1755 3386 2044 3451 mentibus,
2086 3402 2153 3442 ne
2184 3387 2348 3457 pestis
2379 3387 2492 3440 lucc
2515 3386 2676 3441 latins
2717 3385 3036 3455 divulgetur,
3066 3384 3362 3442 severitate
3426 3400 3429 3403 '

1755 3496 1859 3552 qua
1915 3481 2138 3551 potestis
2184 3496 2280 3552 pro
2325 3480 2527 3536 viribus
2589 3479 2904 3551 extirpetis;
2963 3478 3255 3555 quoniam,
3307 3485 3370 3534 ut

1755 3573 2028 3629 babebita
2073 3574 2184 3630 Deo
2212 3572 2387 3645 dignae
2441 3571 2891 3631 remunerationis
2942 3570 3219 3642 prccmium
3274 3570 3369 3644 qui

1757 3664 2088 3734 diligentius,
2139 3664 2281 3734 quod
2339 3663 2406 3718 ad
2437 3663 2668 3719 salutent
2698 3663 3005 3721 commissa:
3044 3663 3147 3718 sibi
3187 3662 3367 3733 plebis

1756 3756 2020 3828 proﬁciat,
2063 3756 2221 3813 fuerit
2260 3767 2555 3825 executus,
2590 3756 2658 3810 ita
2704 3768 2827 3811 ante
2872 3755 3106 3811 tribunal
3147 3752 3362 3810 Domini

1753 3850 1821 3906 de
1859 3861 2009 3919 reatu
2039 3850 2376 3922 negligentitc
2400 3865 2459 3905 se
2486 3866 2590 3907 non
2623 3849 2816 3921 poterit
2841 3863 3102 3904 excusare
3127 3846 3370 3917 quicum-

1751 3960 1854 4015 que
1916 3945 2125 4015 plebem
2192 3958 2343 4000 suam
2400 3953 2586 3998 contra
2640 3941 2918 4011 sacrilegae
3002 3938 3371 4009 persuasionis

1751 4047 1999 4095 auctores
2038 4037 2299 4102 .noluerit
2357 4034 2648 4090 custodire.
2717 4032 2847 4086 Data
2890 4029 3139 4093 kalendis
3183 4027 3371 4099 apt-llis

1755 4146 1897 4187 anno
1919 4130 2048 4197 252,
2081 4129 2256 4187 adhuc
2285 4129 2495 4183 vivente
2522 4124 2795 4194 Cornelio,
2815 4122 2969 4181 Gallo
2990 4130 3047 4179 et
3074 4119 3372 4185 Volusiano

1757 4223 1886 4278 viris
1918 4222 2229 4277 clarissimis
2252 4219 2583 4285 consulibus.

1294 4316 1676 4376 LECTIONES
1714 4297 2136 4371 VARIANTES.

134 4390 161 4453 ξι
193 4385 333 4453 Alias
356 4390 686 4453 Sacrilegium
702 4390 936 4453 iudicant.

132 4447 162 4489 δ
193 4451 326 4507 Δία
362 4447 810 4505 Ρθτωτῦθιίοιῐρω.

110 4554 374 4574 ψ

1843 4410 1867 4440 °
1903 4405 2041 4461 Alias
2062 4408 2329 4472 depravata

402 4548 3368 4579 MM

1040 4621 1601 4708 DECRETA
1654 4624 1987 4711 LUCII
2051 4625 2406 4727 PAP/E,

1254 4760 1351 4818 EX
1391 4761 1746 4827 GRATIANO
1784 4764 2184 4823 DESUMPTA.

80 4936 117 4994 Ι.
170 4940 348 5014 οωεὶο
396 4952 445 4998 et
496 4941 740 5012 beneﬁcio
790 4939 1017 5014 privetur
1056 4938 1361 5014 jcpiscOpus,
1414 4938 1747 5010 presbyterD

142 5012 245 5068 let"
274 5015 534 5082 diaconus,
597 5029 808 5069 uxorem
875 5012 1176 5083 suscipiens,
1248 5013 1325 5066 vel
1380 5020 1668 5081 susceptam

147 5086 382 5142 retinens.

144 5174 361 5233 llinistri
388 5176 546 5248 (Dist.
578 5176 669 5302 8ὶῖ
702 5174 909 5243 altaris,
939 5175 1241 5248 presbyteri
1272 5175 1390 5230 sive
1418 5171 1665 5241 diaconi,

144 5242 423 5302 ldominica
455 5249 592 5302 tales
619 5264 647 5302 e
673 5247 887 5302 inanitur
916 5247 1113 5302 cilicia.
1143 5248 1231 5302 utti
1272 5247 1665 5302 continentiam

88 5244 147 5303 ad
166 5242 423 5321 dominica
455 5249 592 5303 talcs
619 5242 887 5321 eligantur
916 5242 1122 5321 cilicia;
1143 5248 1231 5321 qui
1272 5247 1666 5321 continentiam

90 5328 325 5393 servettt._
353 5318 411 5375 Si
434 5335 564 5374 vero
614 5317 735 5393 post
764 5317 1171 5393 ordinationem
1207 5332 1356 5393 suam
1389 5317 1669 5393 ministros

91 5389 353 5461 contigerit
402 5387 635 5462 propria:
684 5390 869 5444 uxoris
921 5388 1172 5443 invadere
1216 5388 1416 5462 cubile,
1449 5387 1672 5462 sacrarii

96 5472 190 5513 non
216 5459 416 5518 intrent
455 5459 668 5525 limina,
721 5476 893 5531 neque
926 5461 1147 5515 sacrarii
1180 5459 1473 5531 portitores
1517 5459 1669 5526 flant,

97 5542 249 5599 neque
277 5533 450 5587 altare
479 5535 817 5601 contingant,
852 5546 1026 5598 neque
1056 5533 1123 5585 ab
1144 5530 1496 5585 offerentibus
1525 5531 1677 5583 holo—

97 5606 247 5659 causti
275 5605 604 5660 oblationem
634 5602 950 5671 suscipiant,
989 5617 1162 5669 neque
1188 5602 1253 5655 ad
1276 5602 1540 5655 Dominici
1561 5616 1677 5655 cor-

101 5674 230 5749 poris
257 5676 561 5749 portionem
589 5674 868 5749 accedant,
904 5689 1077 5743 neque
1101 5674 1481 5749 propinquent.
1502 5687 1678 5749 neque

97 5740 202 5796 sine
226 5740 442 5821 majoris
480 5757 632 5821 na_tu_
666 5740 1005 5821 auctoritate
1036 5740 1234 5813 majora
1267 5740 1453 5821 gerant
1476 5740 1676 5815 ofliCia,

97 5814 464 5877 Wout'sane
489 5818 557 5874 ad
587 5816 755 5874 altare
783 5814 871 5873 vel
896 5816 1117 5873 calicem
1143 5828 1250 5873 non
1272 5814 1553 5873 sufferant.

2255 4961 2326 5000 Εἰ
2368 4959 2560 5002 ιιευεκ
2597 4957 2874 5001 υκαιετιε.

1841 5053 1905 5181 :1.
1932 5052 2160 5114 Clericus
2188 5064 2537 5122 matronarum
2564 5059 2826 5114 domicilia
2857 5061 3183 5132 frequentans
3212 5061 3368 5136 depo-

1864 5144 1945 5181 ur.
3366 5178 3368 5181 .

1772 5142 1858 5187 nat
1864 5144 1945 5182 ur.
3366 5156 3380 5189 J

1843 5241 2089 5315 Clericus
2120 5241 2277 5315 (Dist.
2314 5242 2407 5305 8!)
2430 5242 2579 5298 solus
2604 5243 2671 5297 ad
2719 5243 2932 5299 femina:
2965 5246 3380 5315 tabernaculum

1774 5328 1881 5368 non
1915 5314 2157 5387 accedat,
2195 5330 2370 5387 neque
2403 5315 2727 5387 frequenter
2743 5327 2997 5387 properet
3027 5318 3143 5373 sine
3165 5321 3387 5387 majoris

1775 5393 1902 5459 natu
1918 5385 2216 5459 sacerdotis
2234 5384 2628 5459 ῙιιβςίιιηθςΝω
2654 5386 2804 5459 solus
2825 5384 3112 5459 presbyter
3129 5384 3386 5447 cmnsola

1778 5458 1975 5533 femina
2000 5456 2205 5533 fabulas
2230 5456 2623 5533 _tnisceat._l‘icc
2662 5456 3100 5533 archidiaconus,
3130 5461 3229 5514 solt
3246 5477 3392 5533 prte-

1781 5536 1928 5599 tcxtu
1960 5528 2272 5582 humilitatis
2302 5536 2393 5581 aut
2439 5527 2627 5599 ofﬁcii,
2658 5525 2977 5599 frequenter
3032 5528 3195 5583 intret
3226 5525 3396 5595 domi-

1780 5598 1901 5652 cilia
1932 5607 2317 5665 matronarum,
2345 5608 2436 5651 ant
2480 5597 2618 5654 forte
2648 5614 2738 5664 per
2764 5597 3003 5653 clericos
3052 5613 3141 5655 aut
3172 5601 3394 5658 domes-

1784 5679 2206 5742 ttcos_matronte
2231 5669 2455 5742 tttatldet
2486 5668 2685 5740 aliquid
2710 5669 3043 5742 secreteasi
3082 5671 3207 5742 quid
3236 5673 3399 5741 agni-

1786 5752 1894 5797 tuut
1920 5740 2102 5807 fuerit,
2131 5750 2185 5797 et
2208 5741 2296 5798 ille
2316 5738 2635 5813 deponatur,
2663 5752 2716 5796 et
2733 5740 2826 5796 illa
2851 5738 3136 5800 liminibus
3152 5738 3405 5802 ecclesiae

1784 5819 2047 5868 arceatur.
