3742 6282
311 359 417 437 995

1278 372 1713 433 ROMANOBUM
1742 344 2155 431 rou'rtrtcou
2193 370 2578 433 EPISTOLE.
3470 366 3562 436 996

313 502 465 551 ratus
492 490 871 559 contemnitur,
894 489 1197 561 colligatur.
1244 488 1506 554 Sufﬁciat.
1563 491 1760 546 multos
1796 489 1904 545 illic
1929 491 1980 550 Α
2008 489 2130 543 dicit
2163 487 2413 544 Dominus
2441 504 2460 543 :
2491 487 2625 543 Ecce
2648 498 2741 561 ego
2765 496 2918 559 super
2966 492 3218 558 pastores,
3263 492 3309 542 et
3350 487 3557 560 inquiram

312 603 377 643 es
419 585 670 641 fratribus
697 583 898 639 nostris
945 583 1101 637 annis
1128 583 1243 638 istis
1287 583 1668 652 superioribus,
1718 595 1906 637 exces-

314 680 451 734 sisse
502 677 621 732 sine
651 691 815 744 pace;
846 676 931 732 vel
963 675 1177 731 caeteris
1204 674 1547 730 subveniatur
1576 676 1665 745 qui
1711 687 1903 743 super-

312 779 462 835 sunt,
494 777 547 826 et
562 769 752 826 diebus
777 779 803 807 ι
830 785 895 825 ac
925 770 1172 825 noctibus
1193 770 1568 841 ingemiscant,
1593 777 1647 825 et
1671 768 1905 823 divinam

309 876 374 916 ac
417 872 694 931 paternam
745 860 1169 917 misericordiam
1223 860 1595 931 deprecantes,
1655 860 1904 915 solatium

313 964 513 1012 nostra
543 954 913 1025 opitulatinnis
937 964 1254 1026 exposcunt.
1279 953 1485 1011 Idcirco
1524 954 1690 1021 enim,
1741 951 1908 1007 frater

309 1048 647 1115 charissima,
683 1048 961 1116 capiosum
1003 1061 1200 1117 corpus
1240 1054 1325 1101 est
1358 1046 1725 1107 sacerdotum,
1772 1059 1906 1100 con-

310 1140 510 1199 cordia:
538 1148 739 1197 mutua:
764 1140 972 1210 glutino
1001 1149 1161 1210 atque
1190 1140 1409 1194 unitatis
1441 1139 1652 1193 vinculo
1679 1139 1908 1209 copula-

313 1241 447 1297 tum,
476 1242 533 1288 ut
556 1232 603 1288 si
632 1231 753 1303 quis
781 1246 845 1287 ex
865 1231 1092 1303 collegio
1117 1240 1302 1287 nostro
1325 1231 1573 1287 haeresim
1600 1230 1799 1299 facere,
1853 1240 1910 1288 et

309 1338 525 1398 gregem
555 1326 757 1381 Cllﬂsll
792 1324 1031 1381 lacerare
1059 1334 1115 1380 et
1141 1333 1353 1381 vastare
1412 1326 1719 1391 tentaverit,
1774 1324 1904 1381 sub—

312 1421 529 1475 veniant
550 1420 767 1493 caeteri,
802 1427 856 1474 et
877 1420 1024 1488 quasi
1054 1430 1297 1490 pastores
1346 1419 1506 1474 utiles
1526 1417 1554 1457 ιι
1582 1427 1637 1474 et
1688 1419 1904 1474 miseri-

311 1515 524 1580 cordes,
557 1526 685 1569 oves
739 1511 1035 1568 dominicas
1090 1512 1143 1567 in
1203 1526 1418 1584 gregem
1460 1512 1735 1582 colligant.
1766 1508 1906 1578 Quid

313 1607 457 1662 enim
498 1606 542 1659 si
584 1605 639 1659 in
692 1604 825 1659 mari
874 1613 1061 1674 portus
1101 1603 1317 1675 aliquis,
1371 1604 1757 1659 munitionibus
1803 1603 1917 1659 suis

312 1700 486 1773 ruptis
512 1698 760 1766 infestus,
778 1704 837 1754 et
858 1699 1197 1770 periculosus
1225 1714 1346 1754 esse
1368 1699 1595 1755 navibus
1617 1710 1639 1739 ο
1660 1700 1911 1769 coeperit;

315 1812 496 1852 nonne
534 1796 847 1868 navigantes
900 1796 967 1850 ad
1015 1795 1151 1850 alios
1195 1795 1472 1865 proximos
1523 1805 1707 1864 portus
1753 1805 1915 1848 naves

2006 596 2121 635 oves
2150 597 2285 635 meas
2310 582 2375 636 de
2415 580 2649 636 manibus
2705 596 2879 635 eorum
2906 590 2955 636 et
2998 588 3223 635 avertam
3266 595 3349 635 eos
3387 590 3434 635 ut
3478 599 3554 638 non

2010 684 2219 743 pascant
2241 689 2355 729 oves
2382 688 2521 729 nicas
2544 689 2563 728 :
2583 683 2631 728 et
2669 675 2784 745 jam
2828 689 2929 728 non
2968 681 3176 741 parcent
3199 688 3303 738 eas,
3354 680 3399 728 et
3421 683 3561 730 estra-

2009 774 2129 827 Itant
2172 789 2257 828 eos
2304 774 2367 828 de
2404 789 2490 828 ore
2539 786 2735 840 eorum,
2780 781 2827 828 et
2877 784 3084 844 pascam
3124 782 3211 827 eas
3261 784 3369 825 eum
3402 772 3565 841 judicio

2011 866 2226 934 (Exerit.
2260 884 2441 933 xxxiv,
2475 866 2556 938 4).
2585 866 2722 923 Cum
2758 880 2887 937 ergo
2914 866 3217 934 pastoribus
3268 865 3467 931 talibus,
3495 879 3564 935 per

2010 975 2143 1045 quos
2171 961 2459 1015 Dominica:
2488 975 2616 1015 oves
2643 960 2983 1030 negliguntur
3002 970 3056 1013 et
3087 963 3331 1029 pereunt,
3373 957 3444 1013 sic
3488 957 3566 1014 Do-

2011 1053 2188 1106 minus
2212 1052 2608 1117 comminetur;
2635 1050 2763 1122 quid
2809 1064 2908 1106 nos
2956 1046 3099 1104 aliud
3141 1048 3319 1103 facere
3368 1056 3562 1119 oportet,

2010 1144 2177 1201 frater
2227 1144 2565 1211 charissima,
2620 1158 2781 1213 quam
2824 1142 3144 1214 colligendis
3189 1149 3245 1196 et
3305 1139 3566 1196 referendis

2011 1240 2211 1297 Christi
2247 1239 2437 1295 ovibus
2463 1237 2729 1295 exhibere
2779 1235 3109 1305 diligentiam
3155 1233 3386 1304 plenam,
3410 1238 3460 1288 et
3499 1246 3570 1289 cu-

2013 1333 2197 1390 randis
2225 1336 2496 1403 lapsorum
2523 1328 2834 1386 vulneribus
2850 1337 3091 1398 paternas
3118 1327 3335 1399 pietatis
3352 1325 3571 1382 adhibere

2014 1425 2361 1492 medicinam,
2398 1423 2613 1496 Quando
2670 1421 2929 1478 Dominus
2974 1420 3027 1475 iu
3076 1419 3367 1490 Evangelia
3392 1426 3573 1475 nonat

2016 1528 2070 1573 et
2098 1518 2241 1573 dicat
2265 1535 2279 1572 :
2307 1515 2431 1572 Non
2452 1525 2524 1571 est
2556 1528 2685 1585 opus
2710 1517 2850 1569 sanie
2875 1513 3124 1580 inediam,
3148 1510 3241 1567 sed
3264 1511 3390 1565 male
3416 1511 3576 1565 buten-

2019 1610 2151 1665 tibus
2180 1609 2398 1684 (Matth.
2428 1620 2502 1675 ix,
2542 1608 2627 1680 η)
2642 1609 2666 1660 ‘t
2681 1606 2814 1662 Nam
2833 1613 2887 1661 et
2907 1606 2951 1660 si
2970 1614 3216 1675 pastores
3238 1603 3389 1658 multi
3405 1612 3576 1668 sumtu,

2019 1720 2182 1759 unum
2215 1712 2393 1757 tamen
2436 1699 2995 1771 gregempascimus,
3040 1706 3097 1752 et
3141 1709 3274 1751 oves
3322 1696 3579 1759 universas,

2020 1812 2155 1868 quas
2176 1794 2425 1852 Christus
2456 1793 2715 1863 sanguine
2736 1804 2839 1847 suo
2865 1798 2922 1846 et
2949 1787 3204 1859 passione
3219 1787 3468 1859 quaesivit,
3489 1786 3583 1843 eol-

315 1904 440 1943 suas
460 1887 714 1959 dirigunt,
749 1889 835 1945 ubi
878 1890 948 1944 sit
979 1896 1126 1942 tutus
1153 1896 1207 1940 et
1256 1886 1507 1940 salutaris
1560 1885 1811 1940 introitus
1864 1893 1918 1939 et
1947 1888 1994 1949 B
2022 1889 2189 1960 ligare
2210 1896 2266 1940 et
2289 1886 2469 1941 fovere
2498 1884 2782 1950 debemus,
2812 1897 2912 1937 nec
2936 1883 3046 1952 pati
3076 1879 3344 1951 supplices
3360 1878 3587 1934 etdoleu.

315 1980 475 2033 statio
494 1981 719 2034 secura?
747 1989 839 2034 aut
860 1980 907 2034 si
938 1980 991 2033 in
1018 1979 1101 2032 via
1133 1977 1408 2033 Stabulum
1447 1976 1661 2047 aliquod
1685 1976 1916 2032 obsideri

316 2080 372 2126 et
402 2072 569 2127 teneri
602 2085 631 2123 a
655 2071 956 2125 latronibus
985 2070 1234 2136 eruperit,
1260 2078 1318 2123 ut
1356 2070 1595 2139 quisquis
1645 2068 1919 2138 ingressus

315 2160 498 2226 fuerit,
517 2161 885 2217 insidiantium
911 2160 1020 2215 illic
1050 2161 1395 2215 infestatione
1421 2160 1699 2229 capiatur;
1732 2173 1913 2215 nonne

317 2264 689 2310 commeantes
714 2295 729 2319 ,
779 2250 881 2307 hac
909 2250 1166 2327 opinione
1202 2260 1510 2320 comperta.
1552 2249 1761 2304 stabula
1816 2249 1918 2303 alia

318 2346 373 2402 in
425 2345 621 2401 itinere
673 2352 934 2414 appetunt
990 2341 1210 2408 tutiora,
1265 2341 1357 2397 ubi
1402 2341 1510 2396 sint
1563 2340 1666 2396 lida
1714 2340 1921 2421 hospi-

321 2439 391 2494 tia
430 2448 483 2494 et
522 2436 862 2507 receptaCula
902 2432 1333 2492 commeantibus
1391 2432 1541 2488 tuta?
1583 2432 1735 2502 Quod
1780 2447 1921 2489 nunc

320 2546 441 2587 csse
491 2529 631 2601 apud
673 2544 772 2585 nos
806 2526 991 2597 debet,
1039 2527 1205 2584 frater
1253 2527 1595 2595 charissime,
1621 2537 1680 2582 ut
1731 2524 1921 2582 fratres

320 2634 552 2693 nostros,
583 2624 673 2695 qui
700 2623 881 2678 vitatis
908 2620 1164 2677 Marciani
1191 2621 1425 2688 scopulis
1449 2628 1636 2689 petunt
1665 2618 1921 2674 Ecclesiae

319 2726 509 2788 portus
532 2719 817 2784 salutares,
847 2715 1207 2785 suspiciamus
1232 2712 1299 2768 ad
1328 2726 1429 2767 nos
1459 2720 1704 2784 prompta
1730 2719 1786 2767 et
1811 2711 1909 2765 be-

320 2811 478 2882 nigna
509 2808 864 2876 humanitate,
893 2816 948 2864 et
985 2807 1253 2863 stabulum
1306 2804 1732 2860 commeantibus
1785 2818 1921 2874 prae-

320 2907 544 2962 beamus
596 2905 702 2961 tale
729 2904 888 2976 quale
918 2910 1002 2959 est
1032 2905 1085 2956 in
1116 2901 1433 2971 Evangelio,
1474 2912 1579 2971 quo
1613 2914 1645 2955 a
1687 2899 1916 2954 latroni-

329 2999 428 3054 bns
458 2997 680 3052 sauciati
699 3005 755 3052 et
782 2994 1047 3050 vulnerati
1073 2993 1273 3064 suscipi
1297 3001 1353 3049 et
1377 2990 1545 3048 foveri
1572 3001 1627 3047 et
1657 2991 1817 3048 tutari
1846 2991 1917 3048 ab

322 3085 617 3144 stabulario
645 3086 853 3158 possint
880 3082 1061 3159 (Lacte
1082 3084 1162 3148 ι).

388 3195 481 3250 IV.
511 3195 641 3264 Quae
672 3203 755 3251 est
773 3194 918 3249 enim
958 3192 1130 3263 major
1156 3200 1248 3247 aut
1268 3192 1458 3247 melior
1498 3206 1624 3247 cura
1657 3190 1921 3262 praeposi-

2026 1992 2104 2037 tes
2158 1980 2348 2034 fratres
2402 1987 2617 2033 nostros
2673 1975 2966 2031 crudeliter
3015 1973 3244 2044 despici.
3297 1983 3348 2028 et
3387 1969 3589 2042 superba

2024 2072 2378 2147 quorumdam
2437 2072 2855 2141 prmsumptione
2904 2068 3137 2136 calcari,
3191 2082 3309 2123 cum
3358 2068 3587 2136 scriptum

2022 2168 2093 2221 sit
2118 2184 2132 2219 :
2168 2164 2272 2220 Ille
2291 2173 2482 2229 autem,
2512 2163 2595 2230 qui
2626 2172 2902 2217 contumax
2922 2170 3014 2224 est,
3038 2162 3115 2215 vir
3147 2159 3441 2230 auijactans,
3468 2155 3592 2211 nihil

2024 2259 2233 2312 omnino
2263 2256 2490 2327 perﬁciet
2510 2270 2528 2308 :
2548 2256 2633 2326 qui
2656 2254 2890 2309 dilatavit
2914 2263 3181 2324 tamquam
3212 2254 3357 2325 inferi
3390 2252 3592 2306 enim

2023 2368 2173 2409 suam
2200 2352 2471 2422 (Habitent:
2500 2367 2560 2418 ιι,
2588 2349 2644 2424 v)
2677 2368 2690 2403 :
2721 2357 2777 2405 et
2797 2347 3063 2420 ejusmodi
3094 2347 3340 2402 homines
3368 2344 3593 2401 Dominus

2024 2447 2079 2502 in
2112 2446 2370 2515 Evanglio
2401 2459 2499 2500 suo
2524 2443 2708 2514 culpet
2733 2450 2789 2497 et
2836 2442 3055 2497 damnet
3082 2440 3269 2498 dicens
3302 2458 3316 2497 :
3370 2432 3463 2494 Vos
3491 2438 3593 2493 estis

2022 2540 2109 2608 qui
2127 2539 2431 2609 justiﬁeatis
2458 2554 2545 2592 vos
2565 2538 2617 2590 in
2639 2545 2912 2606 conspectu
2939 2535 3225 2590 hominum.
3271 2532 3403 2588 Deus
3449 2541 3594 2587 auum

2024 2632 2272 2702 dignoscit
2302 2631 2461 2686 corda
2482 2640 2646 2685 vestra
2675 2646 2693 2685 :
2721 2628 2964 2699 quoniam
3012 2627 3155 2696 quod
3197 2626 3443 2683 metm
3462 2633 3527 2680 est
3548 2625 3593 2677 is

2025 2722 2331 2790 hominibus,
2363 2722 2616 2777 execratio
2659 2735 2732 2776 est
2772 2720 2823 2775 in
2864 2730 3138 2790 conspectu
3171 2717 3269 2774 Dei
3291 2716 3457 2793 (Lacte
3497 2731 3594 2782 xvi,

2024 2815 2135 2888 15).
2170 2814 2516 2873 Execrabiles
2569 2826 2625 2872 et
2673 2814 3022 2871 detestabiles
3058 2812 3191 2867 dicit
3242 2827 3360 2868 esse
3404 2810 3484 2882 qui
3504 2809 3595 2865 sibi

2025 2912 2291 2981 placeant,
2325 2911 2413 2981 qui
2446 2909 2635 2965 tumidi
2664 2919 2721 2964 et
2749 2907 2915 2963 inﬂati
2943 2906 3149 2977 aliquid
3185 2906 3286 2961 sibi
3314 2912 3592 2976 magnam

2023 3014 2321 3060 assumant.
2374 3004 2455 3058 Ex
2503 3003 2694 3074 quibus
2741 3016 2863 3058 cum
2894 3000 3199 3056 Marcianus
3228 3012 3350 3055 esse
3375 2994 3590 3061 ceperit,

2024 3107 2079 3154 et
2103 3113 2162 3154 se
2189 3097 2487 3153 Novatiano
2525 3096 2882 3166 coniungens,
2915 3092 3264 3148 adversarius
3316 3086 3590 3146 misericor-

2025 3191 2126 3247 diae
2153 3201 2204 3247 et
2230 3191 2444 3261 pietatis
2467 3188 2773 3255 exstiterit;
2801 3187 3125 3244 sententiam
3169 3200 3282 3242 non
3323 3184 3471 3250 dicet,
3506 3178 3596 3237 sed

323 3299 499 3344 torum
526 3285 576 3354 ἀ,
619 3300 781 3356 quam
806 3283 1049 3355 diligenti
1089 3284 1451 3339 sollicitudine
1476 3290 1533 3339 et
1587 3283 1796 3339 medela
1836 3296 1922 3338 sa-o
1948 3287 1994 3353 (ζ
2026 3283 2255 3355 accipiat
2284 3301 2297 3337 :
2333 3297 2435 3339 nec
2461 3283 2541 3338 sic
2566 3290 2690 3354 agat
2715 3282 2869 3351 quasi
2898 3282 3012 3349 ipse
3036 3279 3364 3350 judicavth
3396 3276 3457 3333 de
3486 3272 3594 3330 eol-

320 3379 459 3435 lubri
484 3376 733 3433 fovendis
749 3386 803 3432 et
829 3375 1217 3431 conservandis
1240 3374 1429 3432 ovibus
1456 3370 1777 3446 providere?
1798 3386 1919 3431 eum

322 3470 587 3526 Dominus
616 3469 868 3540 loquatur
892 3477 948 3523 et
972 3466 1117 3525 dicat
1152 3487 1166 3524 :
1192 3467 1345 3536 Quod
1372 3468 1691 3537 inﬁrmatam
1716 3477 1788 3522 est
1819 3483 1923 3522 non

322 3562 666 3632 confortatus,
698 3567 747 3615 et
766 3560 903 3626 quod
932 3559 1066 3614 male
1092 3559 1270 3615 habuit
1300 3576 1401 3614 non
1438 3559 1827 3623 corroborastie,
1874 3567 1924 3614 et

320 3650 459 3724 quod
486 3649 880 3706 contribulatum
910 3662 985 3707 est
1028 3668 1131 3706 non
1175 3649 1555 3717 consolidastis,
1590 3659 1636 3705 et
1679 3650 1816 3721 quod
1844 3666 1924 3705 er-

320 3745 453 3800 ravit
493 3760 597 3799 non
646 3743 947 3807 revocastis,
1003 3751 1048 3797 et
1077 3743 1213 3814 quod
1254 3743 1401 3812 periit
1450 3758 1553 3797 non
1608 3742 1925 3810 inquisistis:

322 3848 369 3894 et
398 3836 646 3903 dispersa:
662 3843 783 3890 sunt
809 3850 927 3889 oues
946 3848 1093 3899 meat,
1131 3850 1189 3889 eo
1210 3833 1346 3905 quod
1367 3849 1471 3888 non
1512 3834 1612 3888 sint
1665 3844 1928 3903 pastores;

321 3939 371 3986 et
390 3934 538 4003 facta
563 3938 683 3985 sunt
712 3932 765 3985 in
788 3939 1125 3985 comesturam
1147 3927 1381 3983 omnibus
1408 3927 1577 3983 bestiis
1599 3928 1712 4000 agri
1747 3938 1797 3982 et
1825 3945 1929 3982 non

324 4024 423 4098 fuit
442 4022 530 4095 qui
551 4022 848 4094 inquireret,
876 4037 1034 4093 neque
1057 4021 1146 4093 qui
1183 4029 1460 4077 revocaret.
1493 4017 1775 4091 Propterea
1820 4020 1929 4073 [two

2023 3378 2165 3449 legio
2187 3376 2550 3444 sacerdotum,
2582 3374 2799 3448 quando
2822 3375 2937 3446 ipse
2966 3373 3035 3429 sit
3055 3372 3126 3429 ab
3154 3372 3593 3430 universum!-

2023 3471 2542 3543 dotibusjudicatus.

2097 3644 2163 3708 ν.
2186 3648 2501 3706 Servandus
2545 3652 2632 3703 est
2675 3647 2819 3703 enim
2867 3654 3272 3704 antecesserunt
3319 3648 3597 3701 nam

2029 3741 2309 3798 beatorum
2345 3752 2644 3813 martyrum
2682 3737 2919 3796 Cornelii
2949 3751 3005 3795 et
3033 3739 3185 3797 Lucii
3234 3739 3398 3796 honor
3418 3735 3598 3810 glorio-

2030 3849 2125 3891 sus
2154 3853 2166 3889 :
2196 3848 2427 3904 quorum
2450 3835 2769 3889 memoriam
2796 3844 2919 3889 eum
2948 3847 3051 3887 nos
3078 3829 3406 3896 honorent”,
3432 3826 3595 3882 multo

2030 3924 2200 3998 magis
2231 3938 2308 3992 tu,
2335 3926 2498 3983 frater
2523 3924 2862 3993 cbarissime,
2904 3924 3256 3980 honerificare
3295 3930 3347 3978 et
3387 3930 3597 3975 servare

2029 4019 2291 4091 gravitate
2340 4028 2396 4075 et
2437 4020 2757 4076 auctoritate
2798 4030 2893 4075 tua
2938 4016 3131 4087 debes,
3175 4016 3259 4090 qui
3290 4012 3505 4073 vitarit!
3545 4018 3597 4067 et

1525 4113 1911 4172 LECTIONLS
1932 4115 2366 4173 .VARIANTES.

391 4211 418 4277 f‘
451 4211 829 4277 Supersuntque
855 4209 1107 4277 et_diebus
1132 4210 1289 4263 Oxon.

388 4270 423 4315 ι)
460 4270 564 4336 Qtia
590 4270 814 4339 pastores
836 4273 988 4325 utiles
1015 4276 1135 4326 Ver.

2096 4210 2120 4273 ξ
2157 4208 2510 4273 Navigautibus
2539 4206 2658 4260 Ver.

2095 4271 2124 4313 ἆ
2160 4271 2309 4335 Major
2333 4281 2583 4339 pastorum
2613 4274 2735 4323 rer.
2762 4271 2897 4323 Fata).

1633 4352 1995 4413 VARIORUM
2034 4354 2265 4411 NOTE.

399 4450 560 4505 Annis
587 4449 699 4506 istis
727 4450 1094 4520 superioribus.
1139 4446 1268 4504 Haec
1305 4448 1557 4520 loquendi
1598 4448 1735 4505 ratio
1775 4446 1918 4503 Mar-

327 4525 539 4578 cianum
574 4537 682 4576 non
708 4522 775 4578 ab
793 4518 899 4577 uno
922 4532 1128 4576 tantum
1148 4535 1291 4575 anno
1307 4518 1584 4575 Novatiani
1617 4519 1807 4575 haeresi
1827 4520 1923 4574 ad-

327 4590 738 4671 tlictttnt_fttisse
780 4593 995 4671 indicat.
1038 4591 1145 4671 sed
1176 4604 1229 4644 ut
1258 4607 1379 4671 eum
1421 4603 1545 4645 ante
1576 4590 1722 4671 duos
1757 4606 1919 4671 supe-
1948 4610 2001 4671 ι)
2027 4610 2180 4671 eos...
2257 4594 2494 4671 colligere
2533 4603 2598 4671 _et

328 4666 501 4719 riores
543 4662 681 4717 hanc
726 4665 921 4717 sectari
952 4663 1183 4732 erupisse
1210 4662 1509 4716 sentiamus
1536 4704 1550 4727 ,
1596 4662 1723 4716 nihil
1754 4661 1918 4732 cogit.

328 4736 461 4789 Cum
495 4743 671 4788 autem
701 4733 980 4788 Novatiaui
1010 4732 1240 4787 schis‘tua
1272 4748 1453 4787 tuense
1480 4732 1640 4787 Juuio
1668 4733 1794 4787 anni
1818 4735 1917 4789 251

329 4805 581 4876 nondum
601 4813 853 4860 ettortum
876 4815 1125 4876 ponatur.
1158 4804 1403 4876 sequitur
1424 4815 1475 4855 ut
1501 4802 1800 4876 Marcianus
1818 4803 1925 4858 No-

331 4878 532 4933 vatiani
570 4875 764 4932 haeresi
796 4874 902 4931 non
935 4874 1091 4946 longe
1129 4884 1252 4945 post
1294 4874 1443 4929 initia
1472 4875 1586 5001 (λὲις
1612 4874 1923 4930 :idlneserit.

1540 4960 1804 5001 ous'ranr.

1540 4960 1780 5001 OUS'I'ANT
1793 4984 1804 4998 .

404 5015 635 5074 Glutino.
660 5016 885 5087 Quidam
912 5014 1030 5073 libri
1063 5026 1273 5073 veteres
1304 5024 1358 5074 et
1396 5018 1627 5087 animum
1655 5019 1923 5073 editiones

332 5088 531 5145 habent
556 5077 768 5161 gluti‘ne.
799 5091 888 5144 Sic
910 5091 1070 5161 etiam
1091 5089 1299 5161 legebat
1328 5077 1617 5161 Vglericus
1639 5089 1927 5161 episcopus

334 5159 690 5216 V’ercellensis
737 5164 788 5215 in
833 5161 969 5215 libro
1015 5160 1079 5214 de
1126 5159 1333 5214 Unitate
1374 5159 1637 5215 Ecclesiae.
1694 5159 1928 5229 Utraque

332 5232 496 5289 lectio
524 5233 661 5287 bona
689 5240 788 5287 est.
821 5234 995 5303 Atque
1019 5231 1090 5287 ob
1121 5246 1239 5287 eam
1263 5246 1480 5286 causam
1520 5240 1729 5286 mutare
1750 5232 1928 5287 nolui-

333 5320 473 5360 mus.
501 5303 699 5359 BALUZ.

410 5375 649 5431 Obsideri
666 5384 710 5429 et
751 5375 925 5429 teneri.
958 5373 1013 5429 In
1044 5372 1293 5443 vulgatis.
1325 5370 1372 5428 si
1399 5371 1528 5428 edit.
1562 5370 1737 5428 Oxon.
1782 5374 1931 5430 exci-

335 5448 470 5518 pias.
492 5445 706 5502 obtineri
728 5457 774 5501 ct
806 5446 993 5500 teneri:
1025 5460 1171 5500 mera
1197 5444 1509 5518 tautologia.
1529 5442 1607 5498 Ex
1629 5461 1731 5499 ms.
1763 5443 1928 5518 Corb.

337 5514 391 5573 in
430 5518 560 5574 edit.
606 5518 775 5573 Oxon.
809 5518 1115 5572 resritutum
1164 5526 1248 5570 est
1291 5514 1510 5569 obsideri
1549 5526 1594 5568 et
1648 5518 1824 5571 teneri.
1873 5517 1931 5573 ιη

336 5587 485 5644 Coib.
522 5590 748 5658 legimus
779 5589 993 5642 obtineri
1019 5598 1065 5643 et
1094 5585 1665 5658 obsideri.CouanT.

422 5657 620 5714 Vitatis.
652 5660 820 5715 Aliter
853 5658 1034 5714 Baluz.
1066 5657 1282 5713 laetati.
1326 5657 1403 5712 Ita
1450 5672 1548 5712 nos
1598 5659 1934 5728 reposuimus

339 5745 438 5799 pro
459 5746 526 5799 eo
550 5732 692 5799 quod
710 5729 974 5799 Manutius
1002 5739 1057 5785 et
1084 5730 1172 5782 alii
1205 5739 1325 5798 post
1340 5744 1468 5799 eum
1494 5727 1780 5784 ediderunt
1807 5732 1934 5785 vita-

345 5796 430 5852 tis.
465 5796 913 5852 Emendationem
941 5810 1180 5853 nostram
1206 5796 1542 5853 confirmant
1575 5808 1792 5858 veteres
1816 5800 1933 5857 edi-

350 5866 525 5934 tiones
549 5874 606 5920 et
626 5877 853 5934 quatuor
879 5868 1006 5921 libri
1033 5876 1268 5921 veteres.
1296 5864 1492 5921 Bth.
1537 5881 1548 5889 '

428 5932 515 5988 IV.
548 5962 618 5974 —
644 5932 969 6004 Reforendis.
1009 5936 1211 5990 Manut.
1260 5938 1581 6007 reponendir.
1620 5939 1823 6000 Pamel.
1855 5960 1936 5999 re-

2026 4450 2268 4504 vocandis
2295 4466 2306 4502 :
2337 4450 2479 4520 quod
2533 4443 2727 4506 deinde
2772 4457 3065 4520 retentum.
3118 4443 3449 4520 Concipnitls
3486 4452 3593 4520 tm.

2028 4520 2184 4576 Coib.
2225 4515 2392 4577 Corb.
2438 4532 2542 4576 etc.
2578 4522 2886 4593 referendis.
2920 4519 3008 4573 Sic
3055 4519 3247 4593 inl'ra,_
3273 4517 3402 4573 θνα
3428 4515 3595 4569 uili-

2663 4598 2831 4663 fovere
2880 4593 3139 4645 debemus.
3206 4587 3597 4663 Consumti-

2028 4656 2481 4734 liefovendisflta
2533 4656 2729 4719 habent
2785 4677 2974 4718 omnes
3019 4662 3287 4717 editiones
3325 4656 3595 4734 Pauth

2028 4732 2380 4805 antiquiores.
2439 4736 2705 4790 Pamclius
2733 4735 2888 4804 igitur
2916 4735 3142 4787 tnutavit
3176 4742 3233 4786 et
3256 4732 3593 4805 nucum

2030 4808 2149 4860 libri
2163 4798 2629 4861 'Cantberouensis
2650 4798 2865 4861 Secutus
2891 4808 3109 4875 scripsu
3130 4803 3452 4875 revocandis,

2030 4892 2089 4932 se
2119 4876 2254 4932 hanc
2286 4879 2565 4932 lectionem
2602 4876 2853 4945 pr.uferre
2874 4864 3088 4931 excusis
3118 4864 3592 4945 orniiillus,_iat|tti-

2031 4948 2129 5002 bus
2150 4950 2225 5002 ait
2246 4948 2343 5016 legi
2366 4942 2687 5018 reperiendis.
2726 4948 2781 5002 lu
2813 4963 2917 5016 quo
2948 4949 3128 5014 lapsus
3169 4944 3310 4999 haud

2031 5020 2217 5073 morizu
2243 5012 2339 5073 fuit
2372 5012 2432 5073 in.
2469 5021 2722 5075 Patuelio.
2765 5012 2896 5073 Nam
2941 5012 3132 5072 attines
3178 5014 3366 5071 excusi
3412 5012 3593 5069 rem

2034 5090 2230 5145 habent
2261 5092 2543 5156 referendis
2564 5134 2577 5151 .
2608 5106 2833 5158 eamque
2857 5090 3018 5143 etiam
3048 5088 3335 5161 lectionem
3362 5082 3589 5161 eam

2033 5176 2127 5215 sex
2155 5162 2477 5230 exetnplaria
2497 5173 2693 5216 vetera.
2715 5157 2784 5216 lit
2811 5175 3030 5215 minime
3050 5159 3291 5230 dubitari

2036 5232 2151 5287 lia-c
2179 5234 2245 5286 sit
2277 5224 2398 5288 vero
2433 5234 2611 5289 lcetio.
2641 5232 2823 5287 Codex
2854 5230 3117 5285 Fuxeusis
3145 5224 3590 5300 hebetatur!!!-

2034 5304 2134 5358 dis.
2166 5303 2474 5359 Lectimlem
2506 5320 2666 5373 porro
2696 5319 2853 5373 quam
2882 5318 2982 5357 nos
3026 5302 3401 5357 remeavimus

2034 5385 2183 5445 munt
2221 5391 2281 5431 ea
2324 5391 2444 5445 qua:
2500 5368 2623 5430 mox
2676 5368 2990 5442 seituuntur,
3035 5388 3155 5428 oves

2036 5434 2538 5571 flii'istusBsa'nguine
2574 5463 2668 5502 suo
2693 5434 2767 5501 et.
2778 5434 3013 5516 passione
3048 5442 3285 5516 qusivit

2063 5534 2226 5571 avere.
2300 5534 2455 5571 ALUZ.

2063 5534 2226 5572 avere.
2260 5534 2455 5573 HALUZ.

2036 5520 2596 5659 fwﬁgf‘ngtL.thbidex
2625 5586 2779 5644 Coib.
2806 5603 2929 5645 cum
2957 5586 3122 5645 Corb.
3168 5577 3583 5659 ροράκιιεᾜι

2038 5634 2340 5723 ωιιιρηἙιι.
2358 5677 2433 5725 x1,
2455 5661 2521 5715 ad
2544 5658 2761 5715 Cornel.
2796 5677 2849 5716 n.
2875 5660 2930 5722 5.
2959 5667 3138 5715 exstat

2110 5714 2432 5787 Exseeratio:
2462 5732 2604 5786 idem
2627 5714 2795 5787 codex
2817 5714 3115 5797 Fanensis,

2039 5784 2677 5860 recinat;senatus
2702 5784 3259 5874 manu;
3040 5784 3077 5787 ἡ
3097 5784 3115 5797 ’
3170 5784 3187 5785 ⁷⁷
3204 5784 3239 5786 ’⁷
3269 5836 3293 5869 ς
3314 5784 3577 5855 an“

2038 5884 2087 5929 et
2112 5874 2425 5931 detestabiles
2452 5875 2575 5929 dicit
2597 5890 2720 5930 esse.
2754 5874 2952 5930 Βλιυι.

2040 5898 2083 5929 ει
2112 5898 2425 5931 αειεδιαυιιεσ
2452 5898 2575 5929 cum
2597 5898 2720 5930 βεδε.
2754 5898 2952 5930 ῠΔΙιυισ

2040 6008 2051 6015 ε
2112 5942 2254 6001 V.--
2270 5942 2519 6004 Vicarius.
2537 5945 2613 6005 lta
2631 5944 2826 6019 passim
2846 5953 3067 6005 vocatur
3094 5898 3571 6013 θωυμῶ

3328 6132 3553 6173 ωλι
