  <div class='ocr_page' id='page_1' title='image "/cluster/home/n/w/nwhite01/storage/ocr_20150623/3/uva.x000669812/552.png"; bbox 0 0 3742 6282; ppageno 0'>
   <div class='ocr_carea' id='block_1_1' title="bbox 167 314 277 373">
    <p class='ocr_par' dir='ltr' id='par_1_1' title="bbox 167 314 277 373">
     <span class='ocr_line' id='line_1_1' title="bbox 167 314 277 373; baseline -0.036 0"><span class='ocrx_word' id='word_1_1' title='bbox 167 314 277 373; x_wconf 74' lang='grc'><strong>1001</strong></span> 
     </span>
    </p>
   </div>
   <div class='ocr_carea' id='block_1_2' title="bbox 153 525 1696 595">
    <p class='ocr_par' dir='ltr' id='par_1_2' title="bbox 153 525 1696 595">
     <span class='ocr_line' id='line_1_2' title="bbox 153 525 1696 595; baseline 0.006 -12"><span class='ocrx_word' id='word_1_2' title='bbox 153 527 373 586; x_wconf 59' lang='lat' dir='ltr'><strong>Ecclesiae</strong></span> <span class='ocrx_word' id='word_1_3' title='bbox 400 525 651 580; x_wconf 73' lang='lat' dir='ltr'><strong>ministris</strong></span> <span class='ocrx_word' id='word_1_4' title='bbox 681 527 1003 595; x_wconf 78' lang='lat' dir='ltr'><strong>celebratur,</strong></span> <span class='ocrx_word' id='word_1_5' title='bbox 1029 540 1081 584; x_wconf 91' lang='lat' dir='ltr'><strong>et</strong></span> <span class='ocrx_word' id='word_1_6' title='bbox 1110 541 1318 587; x_wconf 89' lang='lat' dir='ltr'><strong>sacrata</strong></span> <span class='ocrx_word' id='word_1_7' title='bbox 1347 532 1547 591; x_wconf 89' lang='lat' dir='ltr'><strong>debent</strong></span> <span class='ocrx_word' id='word_1_8' title='bbox 1572 551 1696 593; x_wconf 89' lang='lat' dir='ltr'><strong>esse</strong></span> 
     </span>
    </p>
   </div>
   <div class='ocr_carea' id='block_1_3' title="bbox 151 618 1693 701">
    <p class='ocr_par' dir='ltr' id='par_1_3' title="bbox 151 618 1693 701">
     <span class='ocr_line' id='line_1_3' title="bbox 151 618 1693 701; baseline 0.006 -25"><span class='ocrx_word' id='word_1_9' title='bbox 151 632 195 679; x_wconf 87' lang='lat' dir='ltr'><strong>et</strong></span> <span class='ocrx_word' id='word_1_10' title='bbox 215 620 431 675; x_wconf 84' lang='lat' dir='ltr'><strong>honesta.</strong></span> <span class='ocrx_word' id='word_1_11' title='bbox 470 618 668 687; x_wconf 85' lang='lat' dir='ltr'><strong>Quibus</strong></span> <span class='ocrx_word' id='word_1_12' title='bbox 686 620 808 676; x_wconf 89' lang='lat' dir='ltr'><strong>aliis</strong></span> <span class='ocrx_word' id='word_1_13' title='bbox 837 621 889 676; x_wconf 93' lang='lat' dir='ltr'><strong>in</strong></span> <span class='ocrx_word' id='word_1_14' title='bbox 915 623 1119 689; x_wconf 88' lang='lat' dir='ltr'><strong>usibus,</strong></span> <span class='ocrx_word' id='word_1_15' title='bbox 1145 639 1266 680; x_wconf 89' lang='lat' dir='ltr'><strong>cum</strong></span> <span class='ocrx_word' id='word_1_16' title='bbox 1301 626 1433 695; x_wconf 90' lang='lat' dir='ltr'><strong>Deo,</strong></span> <span class='ocrx_word' id='word_1_17' title='bbox 1459 627 1693 701; x_wconf 91' lang='lat' dir='ltr'><strong>ejusque</strong></span> 
     </span>
    </p>
   </div>
   <div class='ocr_carea' id='block_1_4' title="bbox 152 713 1695 789">
    <p class='ocr_par' dir='ltr' id='par_1_4' title="bbox 152 713 1695 789">
     <span class='ocr_line' id='line_1_4' title="bbox 152 713 1695 789; baseline 0.003 -18"><span class='ocrx_word' id='word_1_18' title='bbox 152 713 334 771; x_wconf 85' lang='lat' dir='ltr'><strong>servitio</strong></span> <span class='ocrx_word' id='word_1_19' title='bbox 347 722 647 768; x_wconf 88' lang='lat' dir='ltr'><strong>consecrata</strong></span> <span class='ocrx_word' id='word_1_20' title='bbox 673 722 728 769; x_wconf 89' lang='lat' dir='ltr'><strong>et</strong></span> <span class='ocrx_word' id='word_1_21' title='bbox 753 713 997 771; x_wconf 86' lang='lat' dir='ltr'><strong>dedicata</strong></span> <span class='ocrx_word' id='word_1_22' title='bbox 1026 718 1155 785; x_wconf 90' lang='lat' dir='ltr'><strong>sint,</strong></span> <span class='ocrx_word' id='word_1_23' title='bbox 1188 734 1348 774; x_wconf 91' lang='lat' dir='ltr'><strong>nemo</strong></span> <span class='ocrx_word' id='word_1_24' title='bbox 1376 719 1540 776; x_wconf 88' lang='lat' dir='ltr'><strong>debet</strong></span> <span class='ocrx_word' id='word_1_25' title='bbox 1570 722 1695 789; x_wconf 92' lang='lat' dir='ltr'><strong>frui,</strong></span> 
     </span>
    </p>
   </div>
   <div class='ocr_carea' id='block_1_5' title="bbox 151 803 1699 881">
    <p class='ocr_par' dir='ltr' id='par_1_5' title="bbox 151 803 1699 881">
     <span class='ocr_line' id='line_1_5' title="bbox 151 803 1699 881; baseline 0.006 -20"><span class='ocrx_word' id='word_1_26' title='bbox 151 821 279 878; x_wconf 84' lang='lat' dir='ltr'><strong>quam</strong></span> <span class='ocrx_word' id='word_1_27' title='bbox 317 803 683 861; x_wconf 77' lang='lat' dir='ltr'><strong>ecclesiasticis</strong></span> <span class='ocrx_word' id='word_1_28' title='bbox 732 814 787 861; x_wconf 92' lang='lat' dir='ltr'><strong>et</strong></span> <span class='ocrx_word' id='word_1_29' title='bbox 839 805 949 863; x_wconf 92' lang='lat' dir='ltr'><strong>Deo</strong></span> <span class='ocrx_word' id='word_1_30' title='bbox 998 808 1173 881; x_wconf 83' lang='lat' dir='ltr'><strong>dignis</strong></span> <span class='ocrx_word' id='word_1_31' title='bbox 1198 808 1411 867; x_wconf 89' lang='lat' dir='ltr'><strong>officiis.</strong></span> <span class='ocrx_word' id='word_1_32' title='bbox 1444 812 1575 880; x_wconf 84' lang='lat' dir='ltr'><strong>Quae</strong></span> <span class='ocrx_word' id='word_1_33' title='bbox 1598 829 1699 871; x_wconf 90' lang='lat' dir='ltr'><strong>nec</strong></span> 
     </span>
    </p>
   </div>
   <div class='ocr_carea' id='block_1_6' title="bbox 151 898 1698 971">
    <p class='ocr_par' dir='ltr' id='par_1_6' title="bbox 151 898 1698 971">
     <span class='ocr_line' id='line_1_6' title="bbox 151 898 1698 971; baseline 0.005 -14"><span class='ocrx_word' id='word_1_34' title='bbox 151 902 206 957; x_wconf 83' lang='lat' dir='ltr'><strong>ab</strong></span> <span class='ocrx_word' id='word_1_35' title='bbox 242 900 347 955; x_wconf 84' lang='lat' dir='ltr'><strong>aliis</strong></span> <span class='ocrx_word' id='word_1_36' title='bbox 384 898 578 954; x_wconf 89' lang='lat' dir='ltr'><strong>debent</strong></span> <span class='ocrx_word' id='word_1_37' title='bbox 636 901 871 971; x_wconf 89' lang='lat' dir='ltr'><strong>contingi</strong></span> <span class='ocrx_word' id='word_1_38' title='bbox 915 912 1007 958; x_wconf 92' lang='lat' dir='ltr'><strong>aut</strong></span> <span class='ocrx_word' id='word_1_39' title='bbox 1055 902 1182 958; x_wconf 83' lang='lat' dir='ltr'><strong>ferri</strong></span> <span class='ocrx_word' id='word_1_40' title='bbox 1238 905 1339 960; x_wconf 90' lang='lat' dir='ltr'><strong>nisi</strong></span> <span class='ocrx_word' id='word_1_41' title='bbox 1390 921 1420 961; x_wconf 86' lang='lat' dir='ltr'><strong>a</strong></span> <span class='ocrx_word' id='word_1_42' title='bbox 1475 907 1698 964; x_wconf 80' lang='lat' dir='ltr'><strong>sacratis</strong></span> 
     </span>
    </p>
   </div>
   <div class='ocr_carea' id='block_1_7' title="bbox 154 991 1696 1070">
    <p class='ocr_par' dir='ltr' id='par_1_7' title="bbox 154 991 1696 1070">
     <span class='ocr_line' id='line_1_7' title="bbox 154 991 1696 1070; baseline 0.005 -23"><span class='ocrx_word' id='word_1_43' title='bbox 154 991 442 1056; x_wconf 84' lang='lat' dir='ltr'><strong>hominibus,</strong></span> <span class='ocrx_word' id='word_1_44' title='bbox 514 1006 582 1047; x_wconf 91' lang='lat' dir='ltr'><strong>ne</strong></span> <span class='ocrx_word' id='word_1_45' title='bbox 643 992 778 1048; x_wconf 92' lang='lat' dir='ltr'><strong>ultio</strong></span> <span class='ocrx_word' id='word_1_46' title='bbox 831 1008 950 1065; x_wconf 69' lang='lat' dir='ltr'><strong>qum</strong></span> <span class='ocrx_word' id='word_1_47' title='bbox 990 994 1277 1051; x_wconf 83' lang='lat' dir='ltr'><strong>Baitbazar</strong></span> <span class='ocrx_word' id='word_1_48' title='bbox 1330 1012 1512 1070; x_wconf 82' lang='lat' dir='ltr'><strong>regem</strong></span> <span class='ocrx_word' id='word_1_49' title='bbox 1570 1014 1696 1070; x_wconf 89' lang='lat' dir='ltr'><strong>per-</strong></span> 
     </span>
    </p>
   </div>
   <div class='ocr_carea' id='block_1_8' title="bbox 151 1084 1697 1163">
    <p class='ocr_par' dir='ltr' id='par_1_8' title="bbox 151 1084 1697 1163">
     <span class='ocr_line' id='line_1_8' title="bbox 151 1084 1697 1163; baseline 0.005 -21"><span class='ocrx_word' id='word_1_50' title='bbox 151 1086 301 1152; x_wconf 85' lang='lat' dir='ltr'><strong>cussit,</strong></span> <span class='ocrx_word' id='word_1_51' title='bbox 334 1099 490 1153; x_wconf 84' lang='lat' dir='ltr'><strong>super</strong></span> <span class='ocrx_word' id='word_1_52' title='bbox 548 1084 663 1142; x_wconf 65' lang='lat' dir='ltr'><strong>bace</strong></span> <span class='ocrx_word' id='word_1_53' title='bbox 704 1087 1164 1159; x_wconf 82' lang='lat' dir='ltr'><strong>transgredientes</strong></span> <span class='ocrx_word' id='word_1_54' title='bbox 1197 1101 1251 1146; x_wconf 92' lang='lat' dir='ltr'><strong>et</strong></span> <span class='ocrx_word' id='word_1_55' title='bbox 1305 1092 1430 1147; x_wconf 89' lang='lat' dir='ltr'><strong>talia</strong></span> <span class='ocrx_word' id='word_1_56' title='bbox 1488 1109 1697 1163; x_wconf 82' lang='lat' dir='ltr'><strong>praesu-</strong></span> 
     </span>
    </p>
   </div>
   <div class='ocr_carea' id='block_1_9' title="bbox 147 1177 1696 1248">
    <p class='ocr_par' dir='ltr' id='par_1_9' title="bbox 147 1177 1696 1248">
     <span class='ocr_line' id='line_1_9' title="bbox 147 1177 1696 1248; baseline 0.007 -15"><span class='ocrx_word' id='word_1_57' title='bbox 147 1187 318 1235; x_wconf 87' lang='lat' dir='ltr'><strong>mentes</strong></span> <span class='ocrx_word' id='word_1_58' title='bbox 388 1177 565 1234; x_wconf 82' lang='lat' dir='ltr'><strong>veniet</strong></span> <span class='ocrx_word' id='word_1_59' title='bbox 636 1177 855 1248; x_wconf 89' lang='lat' dir='ltr'><strong>divina,</strong></span> <span class='ocrx_word' id='word_1_60' title='bbox 925 1190 980 1237; x_wconf 87' lang='lat' dir='ltr'><strong>et</strong></span> <span class='ocrx_word' id='word_1_61' title='bbox 1042 1198 1298 1241; x_wconf 85' lang='lat' dir='ltr'><strong>corruere</strong></span> <span class='ocrx_word' id='word_1_62' title='bbox 1371 1201 1467 1243; x_wconf 91' lang='lat' dir='ltr'><strong>eos</strong></span> <span class='ocrx_word' id='word_1_63' title='bbox 1536 1187 1696 1244; x_wconf 79' lang='lat' dir='ltr'><strong>faciat</strong></span> 
     </span>
    </p>
   </div>
   <div class='ocr_carea' id='block_1_10' title="bbox 144 1271 1694 1347">
    <p class='ocr_par' dir='ltr' id='par_1_10' title="bbox 144 1271 1694 1347">
     <span class='ocr_line' id='line_1_10' title="bbox 144 1271 1694 1347; baseline 0.003 -18"><span class='ocrx_word' id='word_1_64' title='bbox 144 1273 300 1329; x_wconf 76' lang='lat' dir='ltr'><strong>divinae</strong></span> <span class='ocrx_word' id='word_1_65' title='bbox 348 1271 558 1327; x_wconf 87' lang='lat' dir='ltr'><strong>ultionis</strong></span> <span class='ocrx_word' id='word_1_66' title='bbox 605 1271 807 1343; x_wconf 89' lang='lat' dir='ltr'><strong>justum</strong></span> <span class='ocrx_word' id='word_1_67' title='bbox 863 1273 1131 1347; x_wconf 85' lang='lat' dir='ltr'><strong>ﬂagellum</strong></span> <span class='ocrx_word' id='word_1_68' title='bbox 1183 1277 1250 1332; x_wconf 90' lang='lat' dir='ltr'><strong>ad</strong></span> <span class='ocrx_word' id='word_1_69' title='bbox 1300 1278 1423 1333; x_wconf 91' lang='lat' dir='ltr'><strong>ima.</strong></span> <span class='ocrx_word' id='word_1_70' title='bbox 1475 1278 1598 1334; x_wconf 81' lang='lat' dir='ltr'><strong>Haec</strong></span> <span class='ocrx_word' id='word_1_71' title='bbox 1630 1280 1694 1334; x_wconf 76' lang='lat' dir='ltr'><strong>il~</strong></span> 
     </span>
    </p>
   </div>
   <div class='ocr_carea' id='block_1_11' title="bbox 151 1365 1695 1444">
    <p class='ocr_par' dir='ltr' id='par_1_11' title="bbox 151 1365 1695 1444">
     <span class='ocr_line' id='line_1_11' title="bbox 151 1365 1695 1444; baseline 0.005 -23"><span class='ocrx_word' id='word_1_72' title='bbox 151 1367 199 1421; x_wconf 87' lang='lat' dir='ltr'><strong>lis</strong></span> <span class='ocrx_word' id='word_1_73' title='bbox 228 1365 474 1435; x_wconf 87' lang='lat' dir='ltr'><strong>partibus,</strong></span> <span class='ocrx_word' id='word_1_74' title='bbox 509 1366 704 1435; x_wconf 82' lang='lat' dir='ltr'><strong>quibus</strong></span> <span class='ocrx_word' id='word_1_75' title='bbox 742 1370 969 1423; x_wconf 89' lang='lat' dir='ltr'><strong>moraris</strong></span> <span class='ocrx_word' id='word_1_76' title='bbox 991 1411 1006 1437; x_wconf 90' lang='lat'><strong>,</strong></span> <span class='ocrx_word' id='word_1_77' title='bbox 1053 1379 1108 1424; x_wconf 89' lang='lat' dir='ltr'><strong>et</strong></span> <span class='ocrx_word' id='word_1_78' title='bbox 1138 1371 1190 1424; x_wconf 91' lang='lat' dir='ltr'><strong>in</strong></span> <span class='ocrx_word' id='word_1_79' title='bbox 1217 1372 1467 1428; x_wconf 88' lang='lat' dir='ltr'><strong>omnibus</strong></span> <span class='ocrx_word' id='word_1_80' title='bbox 1502 1374 1695 1444; x_wconf 83' lang='lat' dir='ltr'><strong>quibus</strong></span> 
     </span>
    </p>
   </div>
   <div class='ocr_carea' id='block_1_12' title="bbox 145 1457 1691 1533">
    <p class='ocr_par' dir='ltr' id='par_1_12' title="bbox 145 1457 1691 1533">
     <span class='ocr_line' id='line_1_12' title="bbox 145 1457 1691 1533; baseline 0.008 -26"><span class='ocrx_word' id='word_1_81' title='bbox 145 1457 358 1528; x_wconf 79' lang='lat' dir='ltr'><strong>potueris,</strong></span> <span class='ocrx_word' id='word_1_82' title='bbox 388 1458 597 1512; x_wconf 87' lang='lat' dir='ltr'><strong>cunctis</strong></span> <span class='ocrx_word' id='word_1_83' title='bbox 631 1467 755 1513; x_wconf 84' lang='lat' dir='ltr'><strong>nota</strong></span> <span class='ocrx_word' id='word_1_84' title='bbox 784 1460 964 1526; x_wconf 90' lang='lat' dir='ltr'><strong>facito,</strong></span> <span class='ocrx_word' id='word_1_85' title='bbox 990 1470 1043 1516; x_wconf 92' lang='lat' dir='ltr'><strong>et</strong></span> <span class='ocrx_word' id='word_1_86' title='bbox 1072 1461 1366 1518; x_wconf 85' lang='lat' dir='ltr'><strong>observare</strong></span> <span class='ocrx_word' id='word_1_87' title='bbox 1395 1464 1691 1533; x_wconf 85' lang='lat' dir='ltr'><strong>apostolica</strong></span> 
     </span>
    </p>
   </div>
   <div class='ocr_carea' id='block_1_13' title="bbox 143 1552 1693 1629">
    <p class='ocr_par' dir='ltr' id='par_1_13' title="bbox 143 1552 1693 1629">
     <span class='ocr_line' id='line_1_13' title="bbox 143 1552 1693 1629; baseline 0.005 -22"><span class='ocrx_word' id='word_1_88' title='bbox 143 1552 350 1608; x_wconf 88' lang='lat' dir='ltr'><strong>mandato</strong></span> <span class='ocrx_word' id='word_1_89' title='bbox 378 1552 729 1619; x_wconf 88' lang='lat' dir='ltr'><strong>auctoritate;</strong></span> <span class='ocrx_word' id='word_1_90' title='bbox 771 1554 894 1624; x_wconf 86' lang='lat' dir='ltr'><strong>quia</strong></span> <span class='ocrx_word' id='word_1_91' title='bbox 943 1562 997 1610; x_wconf 87' lang='lat' dir='ltr'><strong>et</strong></span> <span class='ocrx_word' id='word_1_92' title='bbox 1040 1558 1206 1611; x_wconf 82' lang='lat' dir='ltr'><strong>nostri</strong></span> <span class='ocrx_word' id='word_1_93' title='bbox 1238 1557 1498 1629; x_wconf 88' lang='lat' dir='ltr'><strong>nobisque</strong></span> <span class='ocrx_word' id='word_1_94' title='bbox 1542 1574 1693 1614; x_wconf 87' lang='lat' dir='ltr'><strong>com-</strong></span> 
     </span>
    </p>
   </div>
   <div class='ocr_carea' id='block_1_14' title="bbox 139 1645 1690 1718">
    <p class='ocr_par' dir='ltr' id='par_1_14' title="bbox 139 1645 1690 1718">
     <span class='ocr_line' id='line_1_14' title="bbox 139 1645 1690 1718; baseline 0.005 -18"><span class='ocrx_word' id='word_1_95' title='bbox 139 1646 254 1700; x_wconf 83' lang='lat' dir='ltr'><strong>missi</strong></span> <span class='ocrx_word' id='word_1_96' title='bbox 281 1645 327 1698; x_wconf 91' lang='lat' dir='ltr'><strong>iu</strong></span> <span class='ocrx_word' id='word_1_97' title='bbox 351 1656 529 1699; x_wconf 87' lang='lat' dir='ltr'><strong>saneta</strong></span> <span class='ocrx_word' id='word_1_98' title='bbox 546 1646 843 1715; x_wconf 88' lang='lat' dir='ltr'><strong>apostolica</strong></span> <span class='ocrx_word' id='word_1_99' title='bbox 867 1658 919 1701; x_wconf 90' lang='lat' dir='ltr'><strong>et</strong></span> <span class='ocrx_word' id='word_1_100' title='bbox 943 1647 1232 1704; x_wconf 79' lang='lat' dir='ltr'><strong>universali</strong></span> <span class='ocrx_word' id='word_1_101' title='bbox 1269 1648 1534 1718; x_wconf 84' lang='lat' dir='ltr'><strong>Ecclesia,</strong></span> <span class='ocrx_word' id='word_1_102' title='bbox 1567 1666 1690 1706; x_wconf 92' lang='lat' dir='ltr'><strong>om-</strong></span> 
     </span>
    </p>
   </div>
   <div class='ocr_carea' id='block_1_15' title="bbox 139 1735 1693 1812">
    <p class='ocr_par' dir='ltr' id='par_1_15' title="bbox 139 1735 1693 1812">
     <span class='ocr_line' id='line_1_15' title="bbox 139 1735 1693 1812; baseline 0.003 -20"><span class='ocrx_word' id='word_1_103' title='bbox 139 1752 211 1792; x_wconf 83' lang='lat' dir='ltr'><strong>nes</strong></span> <span class='ocrx_word' id='word_1_104' title='bbox 235 1735 335 1792; x_wconf 81' lang='lat' dir='ltr'><strong>lucc</strong></span> <span class='ocrx_word' id='word_1_105' title='bbox 362 1736 675 1803; x_wconf 88' lang='lat' dir='ltr'><strong>observare,</strong></span> <span class='ocrx_word' id='word_1_106' title='bbox 721 1754 861 1793; x_wconf 90' lang='lat' dir='ltr'><strong>nunc</strong></span> <span class='ocrx_word' id='word_1_107' title='bbox 887 1749 938 1793; x_wconf 91' lang='lat' dir='ltr'><strong>et</strong></span> <span class='ocrx_word' id='word_1_108' title='bbox 983 1738 1174 1794; x_wconf 87' lang='lat' dir='ltr'><strong>futuris</strong></span> <span class='ocrx_word' id='word_1_109' title='bbox 1207 1741 1538 1810; x_wconf 84' lang='lat' dir='ltr'><strong>temporibus</strong></span> <span class='ocrx_word' id='word_1_110' title='bbox 1568 1758 1693 1812; x_wconf 88' lang='lat' dir='ltr'><strong>pro-</strong></span> 
     </span>
    </p>
   </div>
   <div class='ocr_carea' id='block_1_16' title="bbox 136 1831 1766 1905">
    <p class='ocr_par' dir='ltr' id='par_1_16' title="bbox 136 1831 1766 1905">
     <span class='ocr_line' id='line_1_16' title="bbox 136 1831 1766 1905; baseline 0.005 -20"><span class='ocrx_word' id='word_1_111' title='bbox 136 1831 233 1886; x_wconf 83' lang='lat' dir='ltr'><strong>fessi</strong></span> <span class='ocrx_word' id='word_1_112' title='bbox 272 1842 404 1886; x_wconf 88' lang='lat' dir='ltr'><strong>sunt.</strong></span> <span class='ocrx_word' id='word_1_113' title='bbox 441 1831 535 1887; x_wconf 83' lang='lat' dir='ltr'><strong>His</strong></span> <span class='ocrx_word' id='word_1_114' title='bbox 562 1833 816 1889; x_wconf 86' lang='lat' dir='ltr'><strong>breveter</strong></span> <span class='ocrx_word' id='word_1_115' title='bbox 848 1835 972 1899; x_wconf 86' lang='lat' dir='ltr'><strong>tuis,</strong></span> <span class='ocrx_word' id='word_1_116' title='bbox 1020 1833 1204 1899; x_wconf 78' lang='lat' dir='ltr'><strong>frater,</strong></span> <span class='ocrx_word' id='word_1_117' title='bbox 1236 1835 1520 1904; x_wconf 83' lang='lat' dir='ltr'><strong>magnifice</strong></span> <span class='ocrx_word' id='word_1_118' title='bbox 1568 1852 1687 1892; x_wconf 85' lang='lat' dir='ltr'><strong>res-</strong></span> <span class='ocrx_word' id='word_1_119' title='bbox 1716 1845 1766 1905; x_wconf 88' lang='lat' dir='ltr'><strong>B</strong></span> 
     </span>
    </p>
   </div>
   <div class='ocr_carea' id='block_1_17' title="bbox 137 1924 1692 1997">
    <p class='ocr_par' dir='ltr' id='par_1_17' title="bbox 137 1924 1692 1997">
     <span class='ocr_line' id='line_1_17' title="bbox 137 1924 1692 1997; baseline 0.005 -21"><span class='ocrx_word' id='word_1_120' title='bbox 137 1924 261 1991; x_wconf 83' lang='lat' dir='ltr'><strong>pandi</strong></span> <span class='ocrx_word' id='word_1_121' title='bbox 299 1924 502 1981; x_wconf 90' lang='lat' dir='ltr'><strong>litteris.</strong></span> <span class='ocrx_word' id='word_1_122' title='bbox 543 1924 754 1992; x_wconf 80' lang='lat' dir='ltr'><strong>Quibus</strong></span> <span class='ocrx_word' id='word_1_123' title='bbox 804 1936 891 1981; x_wconf 91' lang='lat' dir='ltr'><strong>tua</strong></span> <span class='ocrx_word' id='word_1_124' title='bbox 930 1925 1146 1981; x_wconf 87' lang='lat' dir='ltr'><strong>dilectio</strong></span> <span class='ocrx_word' id='word_1_125' title='bbox 1205 1927 1275 1981; x_wconf 88' lang='lat' dir='ltr'><strong>ita</strong></span> <span class='ocrx_word' id='word_1_126' title='bbox 1323 1929 1584 1997; x_wconf 82' lang='lat' dir='ltr'><strong>societur,</strong></span> <span class='ocrx_word' id='word_1_127' title='bbox 1636 1940 1692 1984; x_wconf 91' lang='lat' dir='ltr'><strong>ut</strong></span> 
     </span>
    </p>
   </div>
   <div class='ocr_carea' id='block_1_18' title="bbox 134 2017 1693 2091">
    <p class='ocr_par' dir='ltr' id='par_1_18' title="bbox 134 2017 1693 2091">
     <span class='ocr_line' id='line_1_18' title="bbox 134 2017 1693 2091; baseline 0.002 -18"><span class='ocrx_word' id='word_1_128' title='bbox 134 2018 234 2073; x_wconf 76' lang='lat' dir='ltr'><strong>lllllll</strong></span> <span class='ocrx_word' id='word_1_129' title='bbox 257 2017 303 2073; x_wconf 88' lang='lat' dir='ltr'><strong>in</strong></span> <span class='ocrx_word' id='word_1_130' title='bbox 332 2017 412 2073; x_wconf 89' lang='lat' dir='ltr'><strong>bis</strong></span> <span class='ocrx_word' id='word_1_131' title='bbox 440 2034 559 2089; x_wconf 69' lang='lat' dir='ltr'><strong>quin</strong></span> <span class='ocrx_word' id='word_1_132' title='bbox 584 2018 656 2073; x_wconf 83' lang='lat' dir='ltr'><strong>ad</strong></span> <span class='ocrx_word' id='word_1_133' title='bbox 701 2019 1019 2074; x_wconf 82' lang='lat' dir='ltr'><strong>universalis</strong></span> <span class='ocrx_word' id='word_1_134' title='bbox 1047 2018 1307 2075; x_wconf 70' lang='lat' dir='ltr'><strong>Ecclesia:</strong></span> <span class='ocrx_word' id='word_1_135' title='bbox 1344 2029 1539 2075; x_wconf 85' lang='lat' dir='ltr'><strong>statum</strong></span> <span class='ocrx_word' id='word_1_136' title='bbox 1572 2036 1693 2091; x_wconf 80' lang='lat' dir='ltr'><strong>per-</strong></span> 
     </span>
    </p>
   </div>
   <div class='ocr_carea' id='block_1_19' title="bbox 134 2113 1687 2187">
    <p class='ocr_par' dir='ltr' id='par_1_19' title="bbox 134 2113 1687 2187">
     <span class='ocr_line' id='line_1_19' title="bbox 134 2113 1687 2187; baseline 0.002 -20"><span class='ocrx_word' id='word_1_137' title='bbox 134 2114 303 2179; x_wconf 76' lang='lat' dir='ltr'><strong>tinent,</strong></span> <span class='ocrx_word' id='word_1_138' title='bbox 357 2121 447 2168; x_wconf 88' lang='lat' dir='ltr'><strong>aut</strong></span> <span class='ocrx_word' id='word_1_139' title='bbox 495 2113 666 2170; x_wconf 83' lang='lat' dir='ltr'><strong>dubie</strong></span> <span class='ocrx_word' id='word_1_140' title='bbox 727 2123 912 2183; x_wconf 82' lang='lat' dir='ltr'><strong>agatur</strong></span> <span class='ocrx_word' id='word_1_141' title='bbox 968 2123 1060 2167; x_wconf 89' lang='lat' dir='ltr'><strong>aut</strong></span> <span class='ocrx_word' id='word_1_142' title='bbox 1111 2114 1350 2185; x_wconf 83' lang='lat' dir='ltr'><strong>segniter</strong></span> <span class='ocrx_word' id='word_1_143' title='bbox 1399 2115 1509 2187; x_wconf 85' lang='lat' dir='ltr'><strong>(S.</strong></span> <span class='ocrx_word' id='word_1_144' title='bbox 1562 2113 1687 2170; x_wconf 85' lang='lat' dir='ltr'><strong>Leo.</strong></span> 
     </span>
    </p>
   </div>
   <div class='ocr_carea' id='block_1_20' title="bbox 133 2205 1687 2277">
    <p class='ocr_par' dir='ltr' id='par_1_20' title="bbox 133 2205 1687 2277">
     <span class='ocr_line' id='line_1_20' title="bbox 133 2205 1687 2277; baseline 0.001 -18"><span class='ocrx_word' id='word_1_145' title='bbox 133 2206 413 2277; x_wconf 66' lang='lat' dir='ltr'><strong>sputum).</strong></span> <span class='ocrx_word' id='word_1_146' title='bbox 443 2205 508 2260; x_wconf 88' lang='lat' dir='ltr'><strong>Et</strong></span> <span class='ocrx_word' id='word_1_147' title='bbox 535 2222 666 2262; x_wconf 88' lang='lat' dir='ltr'><strong>eum</strong></span> <span class='ocrx_word' id='word_1_148' title='bbox 699 2206 790 2260; x_wconf 88' lang='lat' dir='ltr'><strong>tali</strong></span> <span class='ocrx_word' id='word_1_149' title='bbox 817 2206 1184 2277; x_wconf 85' lang='lat' dir='ltr'><strong>moderatione</strong></span> <span class='ocrx_word' id='word_1_150' title='bbox 1213 2215 1436 2277; x_wconf 82' lang='lat' dir='ltr'><strong>agantur</strong></span> <span class='ocrx_word' id='word_1_151' title='bbox 1460 2217 1650 2263; x_wconf 91' lang='lat' dir='ltr'><strong>cuncta</strong></span> <span class='ocrx_word' id='word_1_152' title='bbox 1673 2251 1687 2275; x_wconf 92' lang='lat'><strong>,</strong></span> 
     </span>
    </p>
   </div>
   <div class='ocr_carea' id='block_1_21' title="bbox 134 2300 1685 2372">
    <p class='ocr_par' dir='ltr' id='par_1_21' title="bbox 134 2300 1685 2372">
     <span class='ocr_line' id='line_1_21' title="bbox 134 2300 1685 2372; baseline 0.001 -17"><span class='ocrx_word' id='word_1_153' title='bbox 134 2311 177 2355; x_wconf 89' lang='lat' dir='ltr'><strong>ut</strong></span> <span class='ocrx_word' id='word_1_154' title='bbox 201 2317 281 2356; x_wconf 86' lang='lat' dir='ltr'><strong>nec</strong></span> <span class='ocrx_word' id='word_1_155' title='bbox 300 2300 688 2356; x_wconf 73' lang='lat' dir='ltr'><strong>benevolentia:</strong></span> <span class='ocrx_word' id='word_1_156' title='bbox 716 2310 919 2372; x_wconf 79' lang='lat' dir='ltr'><strong>partes,</strong></span> <span class='ocrx_word' id='word_1_157' title='bbox 944 2317 1044 2358; x_wconf 90' lang='lat' dir='ltr'><strong>nec</strong></span> <span class='ocrx_word' id='word_1_158' title='bbox 1066 2301 1288 2371; x_wconf 69' lang='lat' dir='ltr'><strong>justitise</strong></span> <span class='ocrx_word' id='word_1_159' title='bbox 1318 2301 1685 2372; x_wconf 82' lang='lat' dir='ltr'><strong>negligantur,</strong></span> 
     </span>
    </p>
   </div>
   <div class='ocr_carea' id='block_1_22' title="bbox 136 2392 1691 2465">
    <p class='ocr_par' dir='ltr' id='par_1_22' title="bbox 136 2392 1691 2465">
     <span class='ocr_line' id='line_1_22' title="bbox 136 2392 1691 2465; baseline 0.001 -18"><span class='ocrx_word' id='word_1_160' title='bbox 136 2392 205 2447; x_wconf 85' lang='lat' dir='ltr'><strong>sed</strong></span> <span class='ocrx_word' id='word_1_161' title='bbox 240 2393 423 2464; x_wconf 83' lang='lat' dir='ltr'><strong>absque</strong></span> <span class='ocrx_word' id='word_1_162' title='bbox 459 2409 817 2463; x_wconf 84' lang='lat' dir='ltr'><strong>personarum</strong></span> <span class='ocrx_word' id='word_1_163' title='bbox 850 2394 1159 2465; x_wconf 83' lang='lat' dir='ltr'><strong>acceptione</strong></span> <span class='ocrx_word' id='word_1_164' title='bbox 1205 2394 1445 2449; x_wconf 89' lang='lat' dir='ltr'><strong>divinum</strong></span> <span class='ocrx_word' id='word_1_165' title='bbox 1490 2394 1544 2448; x_wconf 92' lang='lat' dir='ltr'><strong>in</strong></span> <span class='ocrx_word' id='word_1_166' title='bbox 1575 2409 1691 2449; x_wconf 86' lang='lat' dir='ltr'><strong>om-</strong></span> 
     </span>
    </p>
   </div>
   <div class='ocr_carea' id='block_1_23' title="bbox 136 2485 1690 2557">
    <p class='ocr_par' dir='ltr' id='par_1_23' title="bbox 136 2485 1690 2557">
     <span class='ocr_line' id='line_1_23' title="bbox 136 2485 1690 2557; baseline 0.003 -18"><span class='ocrx_word' id='word_1_167' title='bbox 136 2485 254 2540; x_wconf 74' lang='lat' dir='ltr'><strong>nibus</strong></span> <span class='ocrx_word' id='word_1_168' title='bbox 276 2486 521 2556; x_wconf 84' lang='lat' dir='ltr'><strong>judicium</strong></span> <span class='ocrx_word' id='word_1_169' title='bbox 562 2486 857 2557; x_wconf 85' lang='lat' dir='ltr'><strong>cogitetur.</strong></span> <span class='ocrx_word' id='word_1_170' title='bbox 888 2487 1039 2554; x_wconf 86' lang='lat' dir='ltr'><strong>Quod</strong></span> <span class='ocrx_word' id='word_1_171' title='bbox 1082 2497 1138 2542; x_wconf 92' lang='lat' dir='ltr'><strong>ut</strong></span> <span class='ocrx_word' id='word_1_172' title='bbox 1174 2495 1319 2543; x_wconf 89' lang='lat' dir='ltr'><strong>recta</strong></span> <span class='ocrx_word' id='word_1_173' title='bbox 1351 2487 1690 2543; x_wconf 82' lang='lat' dir='ltr'><strong>observantia</strong></span> 
     </span>
    </p>
   </div>
   <div class='ocr_carea' id='block_1_24' title="bbox 138 2577 1689 2649">
    <p class='ocr_par' dir='ltr' id='par_1_24' title="bbox 138 2577 1689 2649">
     <span class='ocr_line' id='line_1_24' title="bbox 138 2577 1689 2649; baseline 0.006 -20"><span class='ocrx_word' id='word_1_174' title='bbox 138 2577 270 2633; x_wconf 80' lang='lat' dir='ltr'><strong>valeat</strong></span> <span class='ocrx_word' id='word_1_175' title='bbox 286 2579 553 2646; x_wconf 71' lang='lat' dir='ltr'><strong>custodiri,</strong></span> <span class='ocrx_word' id='word_1_176' title='bbox 576 2578 862 2634; x_wconf 67' lang='lat' dir='ltr'><strong>catholicae</strong></span> <span class='ocrx_word' id='word_1_177' title='bbox 879 2581 1125 2649; x_wconf 90' lang='lat' dir='ltr'><strong>primitus</strong></span> <span class='ocrx_word' id='word_1_178' title='bbox 1144 2591 1388 2636; x_wconf 87' lang='lat' dir='ltr'><strong>servetur</strong></span> <span class='ocrx_word' id='word_1_179' title='bbox 1408 2580 1531 2636; x_wconf 85' lang='lat' dir='ltr'><strong>fidei</strong></span> <span class='ocrx_word' id='word_1_180' title='bbox 1556 2582 1689 2638; x_wconf 79' lang='lat' dir='ltr'><strong>inle-</strong></span> 
     </span>
    </p>
   </div>
   <div class='ocr_carea' id='block_1_25' title="bbox 139 2671 1692 2745">
    <p class='ocr_par' dir='ltr' id='par_1_25' title="bbox 139 2671 1692 2745">
     <span class='ocr_line' id='line_1_25' title="bbox 139 2671 1692 2745; baseline 0.003 -21"><span class='ocrx_word' id='word_1_181' title='bbox 139 2671 275 2740; x_wconf 79' lang='lat' dir='ltr'><strong>gritas.</strong></span> <span class='ocrx_word' id='word_1_182' title='bbox 303 2671 365 2727; x_wconf 82' lang='lat' dir='ltr'><strong>Et</strong></span> <span class='ocrx_word' id='word_1_183' title='bbox 383 2672 502 2743; x_wconf 83' lang='lat' dir='ltr'><strong>quia</strong></span> <span class='ocrx_word' id='word_1_184' title='bbox 526 2687 632 2743; x_wconf 83' lang='lat' dir='ltr'><strong>per</strong></span> <span class='ocrx_word' id='word_1_185' title='bbox 655 2671 829 2727; x_wconf 88' lang='lat' dir='ltr'><strong>omnia</strong></span> <span class='ocrx_word' id='word_1_186' title='bbox 859 2684 1080 2743; x_wconf 83' lang='lat' dir='ltr'><strong>angusta</strong></span> <span class='ocrx_word' id='word_1_187' title='bbox 1102 2683 1156 2728; x_wconf 87' lang='lat' dir='ltr'><strong>et</strong></span> <span class='ocrx_word' id='word_1_188' title='bbox 1182 2683 1325 2729; x_wconf 85' lang='lat' dir='ltr'><strong>arcta</strong></span> <span class='ocrx_word' id='word_1_189' title='bbox 1344 2675 1426 2729; x_wconf 88' lang='lat' dir='ltr'><strong>via</strong></span> <span class='ocrx_word' id='word_1_190' title='bbox 1445 2690 1563 2745; x_wconf 63' lang='lat' dir='ltr'><strong>quae</strong></span> <span class='ocrx_word' id='word_1_191' title='bbox 1593 2675 1692 2730; x_wconf 88' lang='lat' dir='ltr'><strong>du-</strong></span> 
     </span>
    </p>
   </div>
   <div class='ocr_carea' id='block_1_26' title="bbox 144 2763 1691 2838">
    <p class='ocr_par' dir='ltr' id='par_1_26' title="bbox 144 2763 1691 2838">
     <span class='ocr_line' id='line_1_26' title="bbox 144 2763 1691 2838; baseline 0.005 -23"><span class='ocrx_word' id='word_1_192' title='bbox 144 2763 196 2816; x_wconf 88' lang='lat' dir='ltr'><strong>cit</strong></span> <span class='ocrx_word' id='word_1_193' title='bbox 211 2764 261 2819; x_wconf 81' lang='lat' dir='ltr'><strong>ad</strong></span> <span class='ocrx_word' id='word_1_194' title='bbox 275 2765 445 2831; x_wconf 84' lang='lat' dir='ltr'><strong>vitam,</strong></span> <span class='ocrx_word' id='word_1_195' title='bbox 479 2780 667 2836; x_wconf 88' lang='lat' dir='ltr'><strong>neque</strong></span> <span class='ocrx_word' id='word_1_196' title='bbox 701 2766 755 2820; x_wconf 88' lang='lat' dir='ltr'><strong>in</strong></span> <span class='ocrx_word' id='word_1_197' title='bbox 777 2764 1046 2821; x_wconf 87' lang='lat' dir='ltr'><strong>sinistram</strong></span> <span class='ocrx_word' id='word_1_198' title='bbox 1073 2782 1247 2838; x_wconf 88' lang='lat' dir='ltr'><strong>neque</strong></span> <span class='ocrx_word' id='word_1_199' title='bbox 1277 2767 1331 2822; x_wconf 91' lang='lat' dir='ltr'><strong>in</strong></span> <span class='ocrx_word' id='word_1_200' title='bbox 1354 2766 1593 2823; x_wconf 85' lang='lat' dir='ltr'><strong>dextram</strong></span> <span class='ocrx_word' id='word_1_201' title='bbox 1623 2768 1691 2822; x_wconf 89' lang='lat' dir='ltr'><strong>ab</strong></span> 
     </span>
    </p>
   </div>
   <div class='ocr_carea' id='block_1_27' title="bbox 150 2855 737 2925">
    <p class='ocr_par' dir='ltr' id='par_1_27' title="bbox 150 2855 737 2925">
     <span class='ocr_line' id='line_1_27' title="bbox 150 2855 737 2925; baseline 0.012 -16"><span class='ocrx_word' id='word_1_202' title='bbox 150 2855 233 2925; x_wconf 83' lang='lat' dir='ltr'><strong>ejus</strong></span> <span class='ocrx_word' id='word_1_203' title='bbox 249 2861 428 2915; x_wconf 77' lang='lat' dir='ltr'><strong>tramite</strong></span> <span class='ocrx_word' id='word_1_204' title='bbox 456 2859 737 2916; x_wconf 80' lang='lat' dir='ltr'><strong>devictur.</strong></span> 
     </span>
    </p>
   </div>
   <div class='ocr_carea' id='block_1_28' title="bbox 197 2949 1690 3024">
    <p class='ocr_par' dir='ltr' id='par_1_28' title="bbox 197 2949 1690 3024">
     <span class='ocr_line' id='line_1_28' title="bbox 197 2949 1690 3024; baseline 0.003 -20"><span class='ocrx_word' id='word_1_205' title='bbox 197 2949 290 3005; x_wconf 82' lang='lat' dir='ltr'><strong>Data</strong></span> <span class='ocrx_word' id='word_1_206' title='bbox 306 2953 489 3024; x_wconf 90' lang='lat' dir='ltr'><strong>quinto</strong></span> <span class='ocrx_word' id='word_1_207' title='bbox 517 2970 701 3010; x_wconf 90' lang='lat' dir='ltr'><strong>nonas</strong></span> <span class='ocrx_word' id='word_1_208' title='bbox 721 2954 868 3023; x_wconf 90' lang='lat' dir='ltr'><strong>maii,</strong></span> <span class='ocrx_word' id='word_1_209' title='bbox 891 2955 1178 3011; x_wconf 80' lang='lat' dir='ltr'><strong>Valeriano</strong></span> <span class='ocrx_word' id='word_1_210' title='bbox 1203 2964 1257 3011; x_wconf 87' lang='lat' dir='ltr'><strong>et</strong></span> <span class='ocrx_word' id='word_1_211' title='bbox 1282 2955 1581 3021; x_wconf 80' lang='lat' dir='ltr'><strong>Gallicana,</strong></span> <span class='ocrx_word' id='word_1_212' title='bbox 1612 2954 1690 3008; x_wconf 81' lang='lat' dir='ltr'><strong>vi-</strong></span> 
     </span>
    </p>
   </div>
   <div class='ocr_carea' id='block_1_29' title="bbox 141 3039 1617 3119">
    <p class='ocr_par' dir='ltr' id='par_1_29' title="bbox 141 3039 1617 3119">
     <span class='ocr_line' id='line_1_29' title="bbox 141 3039 1617 3119; baseline 0.004 -24"><span class='ocrx_word' id='word_1_213' title='bbox 141 3039 193 3096; x_wconf 86' lang='lat' dir='ltr'><strong>ris</strong></span> <span class='ocrx_word' id='word_1_214' title='bbox 213 3042 513 3114; x_wconf 80' lang='lat' dir='ltr'><strong>clarissimis,</strong></span> <span class='ocrx_word' id='word_1_215' title='bbox 542 3048 866 3103; x_wconf 85' lang='lat' dir='ltr'><strong>consulibus</strong></span> <span class='ocrx_word' id='word_1_216' title='bbox 890 3048 1072 3119; x_wconf 88' lang='lat' dir='ltr'><strong>(Annis</strong></span> <span class='ocrx_word' id='word_1_217' title='bbox 1096 3049 1226 3115; x_wconf 74' lang='grc'><strong>254,</strong></span> <span class='ocrx_word' id='word_1_218' title='bbox 1257 3049 1367 3105; x_wconf 69' lang='grc'><strong>255</strong></span> <span class='ocrx_word' id='word_1_219' title='bbox 1394 3057 1441 3102; x_wconf 87' lang='lat' dir='ltr'><strong>et</strong></span> <span class='ocrx_word' id='word_1_220' title='bbox 1465 3044 1617 3116; x_wconf 65' lang='lat'><strong>257).</strong></span> 
     </span>
    </p>
   </div>
   <div class='ocr_carea' id='block_1_30' title="bbox 678 3162 1086 3220">
    <p class='ocr_par' dir='ltr' id='par_1_30' title="bbox 678 3162 1086 3220">
     <span class='ocr_line' id='line_1_30' title="bbox 678 3162 1086 3220; baseline -0.005 -1"><span class='ocrx_word' id='word_1_221' title='bbox 678 3162 1008 3220; x_wconf 78' lang='lat' dir='ltr'><strong>EPISTOLA</strong></span> <span class='ocrx_word' id='word_1_222' title='bbox 1044 3163 1086 3218; x_wconf 87' lang='lat' dir='ltr'><strong>ll</strong></span> 
     </span>
    </p>
   </div>
   <div class='ocr_carea' id='block_1_31' title="bbox 631 3272 1161 3334">
    <p class='ocr_par' dir='ltr' id='par_1_31' title="bbox 631 3272 1161 3334">
     <span class='ocr_line' id='line_1_31' title="bbox 631 3272 1161 3334; baseline -0.008 -1"><span class='ocrx_word' id='word_1_223' title='bbox 631 3272 883 3334; x_wconf 65' lang='lat' dir='ltr'><strong>srsruiut</strong></span> <span class='ocrx_word' id='word_1_224' title='bbox 932 3294 1079 3333; x_wconf 65' lang='lat' dir='ltr'><strong>rara:</strong></span> <span class='ocrx_word' id='word_1_225' title='bbox 1123 3293 1161 3332; x_wconf 87' lang='grc' dir='ltr'>ι.</span> 
     </span>
    </p>
   </div>
   <div class='ocr_carea' id='block_1_32' title="bbox 1714 3239 1759 3302">
    <p class='ocr_par' dir='ltr' id='par_1_32' title="bbox 1714 3239 1759 3302">
     <span class='ocr_line' id='line_1_32' title="bbox 1714 3239 1759 3302; baseline 0 0"><span class='ocrx_word' id='word_1_226' title='bbox 1714 3239 1759 3302; x_wconf 90' lang='lat' dir='ltr'><strong>C</strong></span> 
     </span>
    </p>
   </div>
   <div class='ocr_carea' id='block_1_33' title="bbox 135 3392 1690 3467">
    <p class='ocr_par' dir='ltr' id='par_1_33' title="bbox 135 3392 1690 3467">
     <span class='ocr_line' id='line_1_33' title="bbox 135 3392 1690 3467; baseline 0 -21"><span class='ocrx_word' id='word_1_227' title='bbox 135 3392 466 3454; x_wconf 70' lang='grc' dir='ltr'>Λκιυιιειιτωι.</span> <span class='ocrx_word' id='word_1_228' title='bbox 496 3426 576 3437; x_wconf 91' lang='lat'><strong>--—</strong></span> <span class='ocrx_word' id='word_1_229' title='bbox 603 3394 681 3448; x_wconf 86' lang='lat' dir='ltr'><strong>De</strong></span> <span class='ocrx_word' id='word_1_230' title='bbox 752 3394 1051 3467; x_wconf 69' lang='lat' dir='ltr'><strong>expulsione</strong></span> <span class='ocrx_word' id='word_1_231' title='bbox 1092 3394 1467 3465; x_wconf 83' lang='lat' dir='ltr'><strong>episcOporum,</strong></span> <span class='ocrx_word' id='word_1_232' title='bbox 1543 3401 1589 3447; x_wconf 92' lang='lat' dir='ltr'><strong>et</strong></span> <span class='ocrx_word' id='word_1_233' title='bbox 1631 3404 1690 3447; x_wconf 89' lang='lat' dir='ltr'><strong>ut</strong></span> 
     </span>
    </p>
   </div>
   <div class='ocr_carea' id='block_1_34' title="bbox 180 3487 1689 3561">
    <p class='ocr_par' dir='ltr' id='par_1_34' title="bbox 180 3487 1689 3561">
     <span class='ocr_line' id='line_1_34' title="bbox 180 3487 1689 3561; baseline -0.003 -16"><span class='ocrx_word' id='word_1_234' title='bbox 180 3491 387 3561; x_wconf 71' lang='lat' dir='ltr'><strong>quidquid</strong></span> <span class='ocrx_word' id='word_1_235' title='bbox 441 3493 497 3546; x_wconf 84' lang='lat' dir='ltr'><strong>in</strong></span> <span class='ocrx_word' id='word_1_236' title='bbox 536 3489 761 3544; x_wconf 85' lang='lat' dir='ltr'><strong>sacratis</strong></span> <span class='ocrx_word' id='word_1_237' title='bbox 802 3488 909 3542; x_wconf 90' lang='lat' dir='ltr'><strong>Deo</strong></span> <span class='ocrx_word' id='word_1_238' title='bbox 947 3488 1093 3542; x_wconf 86' lang='lat' dir='ltr'><strong>rebus</strong></span> <span class='ocrx_word' id='word_1_239' title='bbox 1121 3497 1169 3542; x_wconf 88' lang='lat' dir='ltr'><strong>et</strong></span> <span class='ocrx_word' id='word_1_240' title='bbox 1194 3487 1447 3559; x_wconf 76' lang='lat' dir='ltr'><strong>episcopis</strong></span> <span class='ocrx_word' id='word_1_241' title='bbox 1501 3487 1689 3557; x_wconf 78' lang='lat' dir='ltr'><strong>injuste</strong></span> 
     </span>
    </p>
   </div>
   <div class='ocr_carea' id='block_1_35' title="bbox 180 3583 1689 3660">
    <p class='ocr_par' dir='ltr' id='par_1_35' title="bbox 180 3583 1689 3660">
     <span class='ocr_line' id='line_1_35' title="bbox 180 3583 1689 3660; baseline -0.001 -22"><span class='ocrx_word' id='word_1_242' title='bbox 180 3586 336 3656; x_wconf 84' lang='lat' dir='ltr'><strong>agitur,</strong></span> <span class='ocrx_word' id='word_1_243' title='bbox 361 3604 453 3660; x_wconf 87' lang='lat' dir='ltr'><strong>pro</strong></span> <span class='ocrx_word' id='word_1_244' title='bbox 479 3583 761 3656; x_wconf 83' lang='lat' dir='ltr'><strong>sacrilegio</strong></span> <span class='ocrx_word' id='word_1_245' title='bbox 793 3584 1145 3653; x_wconf 78' lang='lat' dir='ltr'><strong>reputabitur;</strong></span> <span class='ocrx_word' id='word_1_246' title='bbox 1173 3594 1218 3638; x_wconf 88' lang='lat' dir='ltr'><strong>et</strong></span> <span class='ocrx_word' id='word_1_247' title='bbox 1256 3594 1309 3636; x_wconf 84' lang='lat' dir='ltr'><strong>ut</strong></span> <span class='ocrx_word' id='word_1_248' title='bbox 1357 3598 1447 3652; x_wconf 87' lang='lat' dir='ltr'><strong>per</strong></span> <span class='ocrx_word' id='word_1_249' title='bbox 1495 3583 1689 3652; x_wconf 86' lang='lat' dir='ltr'><strong>scripta</strong></span> 
     </span>
    </p>
   </div>
   <div class='ocr_carea' id='block_1_36' title="bbox 179 3674 1688 3750">
    <p class='ocr_par' dir='ltr' id='par_1_36' title="bbox 179 3674 1688 3750">
     <span class='ocr_line' id='line_1_36' title="bbox 179 3674 1688 3750; baseline -0.001 -20"><span class='ocrx_word' id='word_1_250' title='bbox 179 3679 338 3734; x_wconf 78' lang='lat' dir='ltr'><strong>nullius</strong></span> <span class='ocrx_word' id='word_1_251' title='bbox 352 3679 619 3734; x_wconf 78' lang='lat' dir='ltr'><strong>accusatio</strong></span> <span class='ocrx_word' id='word_1_252' title='bbox 648 3678 974 3750; x_wconf 82' lang='lat' dir='ltr'><strong>suscipiatur,</strong></span> <span class='ocrx_word' id='word_1_253' title='bbox 996 3687 1041 3731; x_wconf 87' lang='lat' dir='ltr'><strong>et</strong></span> <span class='ocrx_word' id='word_1_254' title='bbox 1070 3676 1133 3732; x_wconf 89' lang='lat' dir='ltr'><strong>de</strong></span> <span class='ocrx_word' id='word_1_255' title='bbox 1153 3677 1268 3732; x_wconf 84' lang='lat' dir='ltr'><strong>aliis</strong></span> <span class='ocrx_word' id='word_1_256' title='bbox 1291 3674 1521 3746; x_wconf 81' lang='lat' dir='ltr'><strong>pluribus</strong></span> <span class='ocrx_word' id='word_1_257' title='bbox 1537 3684 1688 3745; x_wconf 87' lang='lat' dir='ltr'><strong>atque</strong></span> 
     </span>
    </p>
   </div>
   <div class='ocr_carea' id='block_1_37' title="bbox 179 3771 575 3828">
    <p class='ocr_par' dir='ltr' id='par_1_37' title="bbox 179 3771 575 3828">
     <span class='ocr_line' id='line_1_37' title="bbox 179 3771 575 3828; baseline 0.01 -6"><span class='ocrx_word' id='word_1_258' title='bbox 179 3771 355 3828; x_wconf 77' lang='lat' dir='ltr'><strong>utilibus</strong></span> <span class='ocrx_word' id='word_1_259' title='bbox 381 3774 575 3828; x_wconf 85' lang='lat' dir='ltr'><strong>causis.</strong></span> 
     </span>
    </p>
   </div>
   <div class='ocr_carea' id='block_1_38' title="bbox 129 3858 1037 3921">
    <p class='ocr_par' dir='ltr' id='par_1_38' title="bbox 129 3858 1037 3921">
     <span class='ocr_line' id='line_1_38' title="bbox 129 3858 1037 3921; baseline 0.007 -10"><span class='ocrx_word' id='word_1_260' title='bbox 129 3858 156 3912; x_wconf 90' lang='grc' dir='ltr'><strong>Ι.</strong></span> <span class='ocrx_word' id='word_1_261' title='bbox 179 3861 239 3917; x_wconf 86' lang='lat' dir='ltr'><strong>De</strong></span> <span class='ocrx_word' id='word_1_262' title='bbox 262 3865 668 3921; x_wconf 83' lang='lat' dir='ltr'><strong>accusationibus</strong></span> <span class='ocrx_word' id='word_1_263' title='bbox 697 3864 1037 3919; x_wconf 77' lang='lat' dir='ltr'><strong>sacerdotum.</strong></span> 
     </span>
    </p>
   </div>
   <div class='ocr_carea' id='block_1_39' title="bbox 128 3950 1612 4030">
    <p class='ocr_par' dir='ltr' id='par_1_39' title="bbox 128 3950 1612 4030">
     <span class='ocr_line' id='line_1_39' title="bbox 128 3950 1612 4030; baseline 0.005 -27"><span class='ocrx_word' id='word_1_264' title='bbox 128 3950 172 4006; x_wconf 93' lang='lat' dir='ltr'><strong>ll.</strong></span> <span class='ocrx_word' id='word_1_265' title='bbox 191 3952 252 4008; x_wconf 89' lang='lat' dir='ltr'><strong>De</strong></span> <span class='ocrx_word' id='word_1_266' title='bbox 268 3960 507 4030; x_wconf 81' lang='lat' dir='ltr'><strong>episcOpis</strong></span> <span class='ocrx_word' id='word_1_267' title='bbox 528 3957 683 4013; x_wconf 80' lang='lat' dir='ltr'><strong>rebus</strong></span> <span class='ocrx_word' id='word_1_268' title='bbox 699 3960 802 4012; x_wconf 88' lang='lat' dir='ltr'><strong>suis</strong></span> <span class='ocrx_word' id='word_1_269' title='bbox 823 3956 1112 4028; x_wconf 74' lang='lat' dir='ltr'><strong>expoliatis,</strong></span> <span class='ocrx_word' id='word_1_270' title='bbox 1136 3964 1222 4011; x_wconf 89' lang='lat' dir='ltr'><strong>aut</strong></span> <span class='ocrx_word' id='word_1_271' title='bbox 1247 3973 1278 4010; x_wconf 92' lang='lat' dir='ltr'><strong>a</strong></span> <span class='ocrx_word' id='word_1_272' title='bbox 1298 3957 1417 4011; x_wconf 87' lang='lat' dir='ltr'><strong>sede</strong></span> <span class='ocrx_word' id='word_1_273' title='bbox 1433 3958 1612 4026; x_wconf 82' lang='lat' dir='ltr'><strong>pulsis.</strong></span> 
     </span>
    </p>
   </div>
   <div class='ocr_carea' id='block_1_40' title="bbox 127 4041 1685 4122">
    <p class='ocr_par' dir='ltr' id='par_1_40' title="bbox 127 4041 1685 4122">
     <span class='ocr_line' id='line_1_40' title="bbox 127 4041 1685 4122; baseline 0.005 -24"><span class='ocrx_word' id='word_1_274' title='bbox 127 4041 188 4099; x_wconf 89' lang='lat' dir='ltr'><strong>Ill.</strong></span> <span class='ocrx_word' id='word_1_275' title='bbox 214 4047 263 4103; x_wconf 88' lang='lat' dir='ltr'><strong>Si</strong></span> <span class='ocrx_word' id='word_1_276' title='bbox 283 4053 388 4121; x_wconf 87' lang='lat' dir='ltr'><strong>quis</strong></span> <span class='ocrx_word' id='word_1_277' title='bbox 412 4053 686 4122; x_wconf 84' lang='lat' dir='ltr'><strong>episcopos</strong></span> <span class='ocrx_word' id='word_1_278' title='bbox 712 4049 790 4105; x_wconf 84' lang='lat' dir='ltr'><strong>uel</strong></span> <span class='ocrx_word' id='word_1_279' title='bbox 818 4060 1012 4106; x_wconf 88' lang='lat' dir='ltr'><strong>actores</strong></span> <span class='ocrx_word' id='word_1_280' title='bbox 1044 4050 1145 4104; x_wconf 88' lang='lat' dir='ltr'><strong>sive</strong></span> <span class='ocrx_word' id='word_1_281' title='bbox 1181 4050 1471 4120; x_wconf 75' lang='lat' dir='ltr'><strong>defensores</strong></span> <span class='ocrx_word' id='word_1_282' title='bbox 1504 4050 1685 4105; x_wconf 77' lang='lat' dir='ltr'><strong>Eccie-</strong></span> 
     </span>
    </p>
   </div>
   <div class='ocr_carea' id='block_1_41' title="bbox 186 4142 1692 4217">
    <p class='ocr_par' dir='ltr' id='par_1_41' title="bbox 186 4142 1692 4217">
     <span class='ocr_line' id='line_1_41' title="bbox 186 4142 1692 4217; baseline 0.003 -22"><span class='ocrx_word' id='word_1_283' title='bbox 186 4142 289 4208; x_wconf 79' lang='lat' dir='ltr'><strong>site,</strong></span> <span class='ocrx_word' id='word_1_284' title='bbox 328 4156 601 4217; x_wconf 82' lang='lat' dir='ltr'><strong>antequam</strong></span> <span class='ocrx_word' id='word_1_285' title='bbox 645 4162 728 4200; x_wconf 90' lang='lat' dir='ltr'><strong>eos</strong></span> <span class='ocrx_word' id='word_1_286' title='bbox 773 4145 1064 4201; x_wconf 80' lang='lat' dir='ltr'><strong>cltaritative</strong></span> <span class='ocrx_word' id='word_1_287' title='bbox 1116 4146 1412 4210; x_wconf 77' lang='lat' dir='ltr'><strong>conveniat,</strong></span> <span class='ocrx_word' id='word_1_288' title='bbox 1451 4161 1692 4201; x_wconf 86' lang='lat' dir='ltr'><strong>accusare</strong></span> 
     </span>
    </p>
   </div>
   <div class='ocr_carea' id='block_1_42' title="bbox 176 4237 1075 4315">
    <p class='ocr_par' dir='ltr' id='par_1_42' title="bbox 176 4237 1075 4315">
     <span class='ocr_line' id='line_1_42' title="bbox 176 4237 1075 4315; baseline 0 -25"><span class='ocrx_word' id='word_1_289' title='bbox 176 4240 527 4308; x_wconf 59' lang='lat' dir='ltr'><strong>prosumpserit</strong></span> <span class='ocrx_word' id='word_1_290' title='bbox 543 4246 641 4315; x_wconf 32' lang='lat' dir='ltr'><strong>,out</strong></span> <span class='ocrx_word' id='word_1_291' title='bbox 662 4237 727 4291; x_wconf 86' lang='lat' dir='ltr'><strong>sit</strong></span> <span class='ocrx_word' id='word_1_292' title='bbox 770 4237 1075 4308; x_wconf 78' lang='lat' dir='ltr'><strong>puniendus.</strong></span> 
     </span>
    </p>
   </div>
   <div class='ocr_carea' id='block_1_43' title="bbox 124 4323 1408 4396">
    <p class='ocr_par' dir='ltr' id='par_1_43' title="bbox 124 4323 1408 4396">
     <span class='ocr_line' id='line_1_43' title="bbox 124 4323 1408 4396; baseline 0.005 -17"><span class='ocrx_word' id='word_1_293' title='bbox 124 4323 189 4380; x_wconf 80' lang='lat' dir='ltr'><strong>IV.</strong></span> <span class='ocrx_word' id='word_1_294' title='bbox 216 4329 301 4396; x_wconf 79' lang='lat' dir='ltr'><strong>Qui</strong></span> <span class='ocrx_word' id='word_1_295' title='bbox 326 4350 423 4387; x_wconf 86' lang='lat' dir='ltr'><strong>non</strong></span> <span class='ocrx_word' id='word_1_296' title='bbox 442 4332 664 4388; x_wconf 86' lang='lat' dir='ltr'><strong>debeant</strong></span> <span class='ocrx_word' id='word_1_297' title='bbox 699 4331 900 4385; x_wconf 84' lang='lat' dir='ltr'><strong>admitti</strong></span> <span class='ocrx_word' id='word_1_298' title='bbox 927 4331 995 4386; x_wconf 89' lang='lat' dir='ltr'><strong>ad</strong></span> <span class='ocrx_word' id='word_1_299' title='bbox 1019 4332 1408 4386; x_wconf 82' lang='lat' dir='ltr'><strong>accusationem.</strong></span> 
     </span>
    </p>
   </div>
   <div class='ocr_carea' id='block_1_44' title="bbox 124 4414 1686 4498">
    <p class='ocr_par' dir='ltr' id='par_1_44' title="bbox 124 4414 1686 4498">
     <span class='ocr_line' id='line_1_44' title="bbox 124 4414 1686 4498; baseline 0.001 -19"><span class='ocrx_word' id='word_1_300' title='bbox 124 4414 171 4472; x_wconf 63' lang='grc' dir='ltr'><strong>νο</strong></span> <span class='ocrx_word' id='word_1_301' title='bbox 195 4424 563 4483; x_wconf 64' lang='lat' dir='ltr'><strong>decusationem</strong></span> <span class='ocrx_word' id='word_1_302' title='bbox 618 4442 708 4498; x_wconf 88' lang='lat' dir='ltr'><strong>per</strong></span> <span class='ocrx_word' id='word_1_303' title='bbox 756 4426 945 4498; x_wconf 87' lang='lat' dir='ltr'><strong>scripta</strong></span> <span class='ocrx_word' id='word_1_304' title='bbox 983 4443 1085 4481; x_wconf 88' lang='lat' dir='ltr'><strong>non</strong></span> <span class='ocrx_word' id='word_1_305' title='bbox 1135 4426 1551 4497; x_wconf 88' lang='lat' dir='ltr'><strong>suscipiendam,</strong></span> <span class='ocrx_word' id='word_1_306' title='bbox 1594 4442 1686 4481; x_wconf 84' lang='lat' dir='ltr'><strong>nec</strong></span> 
     </span>
    </p>
   </div>
   <div class='ocr_carea' id='block_1_45' title="bbox 186 4518 1688 4592">
    <p class='ocr_par' dir='ltr' id='par_1_45' title="bbox 186 4518 1688 4592">
     <span class='ocr_line' id='line_1_45' title="bbox 186 4518 1688 4592; baseline 0.002 -20"><span class='ocrx_word' id='word_1_307' title='bbox 186 4518 409 4576; x_wconf 79' lang='lat' dir='ltr'><strong>absentem</strong></span> <span class='ocrx_word' id='word_1_308' title='bbox 432 4536 584 4592; x_wconf 83' lang='lat' dir='ltr'><strong>posse</strong></span> <span class='ocrx_word' id='word_1_309' title='bbox 602 4519 835 4575; x_wconf 87' lang='lat' dir='ltr'><strong>accusari</strong></span> <span class='ocrx_word' id='word_1_310' title='bbox 852 4520 927 4575; x_wconf 83' lang='lat' dir='ltr'><strong>uel</strong></span> <span class='ocrx_word' id='word_1_311' title='bbox 945 4536 1201 4581; x_wconf 85' lang='lat' dir='ltr'><strong>accusare,</strong></span> <span class='ocrx_word' id='word_1_312' title='bbox 1222 4536 1311 4574; x_wconf 91' lang='lat' dir='ltr'><strong>nec</strong></span> <span class='ocrx_word' id='word_1_313' title='bbox 1328 4519 1506 4575; x_wconf 82' lang='lat' dir='ltr'><strong>debere</strong></span> <span class='ocrx_word' id='word_1_314' title='bbox 1522 4521 1688 4591; x_wconf 88' lang='lat' dir='ltr'><strong>prius-</strong></span> 
     </span>
    </p>
   </div>
   <div class='ocr_carea' id='block_1_46' title="bbox 185 4615 1039 4687">
    <p class='ocr_par' dir='ltr' id='par_1_46' title="bbox 185 4615 1039 4687">
     <span class='ocr_line' id='line_1_46' title="bbox 185 4615 1039 4687; baseline 0.001 -19"><span class='ocrx_word' id='word_1_315' title='bbox 185 4628 310 4683; x_wconf 77' lang='lat' dir='ltr'><strong>quam</strong></span> <span class='ocrx_word' id='word_1_316' title='bbox 332 4617 497 4671; x_wconf 86' lang='lat' dir='ltr'><strong>locum</strong></span> <span class='ocrx_word' id='word_1_317' title='bbox 516 4617 739 4687; x_wconf 86' lang='lat' dir='ltr'><strong>accipiat</strong></span> <span class='ocrx_word' id='word_1_318' title='bbox 760 4615 1039 4685; x_wconf 77' lang='lat' dir='ltr'><strong>deferendi.</strong></span> 
     </span>
    </p>
   </div>
   <div class='ocr_carea' id='block_1_47' title="bbox 126 4697 1684 4780">
    <p class='ocr_par' dir='ltr' id='par_1_47' title="bbox 126 4697 1684 4780">
     <span class='ocr_line' id='line_1_47' title="bbox 126 4697 1684 4780; baseline 0.006 -27"><span class='ocrx_word' id='word_1_319' title='bbox 126 4697 271 4760; x_wconf 70' lang='lat' dir='ltr'><strong>VLDe</strong></span> <span class='ocrx_word' id='word_1_320' title='bbox 296 4710 597 4779; x_wconf 81' lang='lat' dir='ltr'><strong>primatibus</strong></span> <span class='ocrx_word' id='word_1_321' title='bbox 626 4719 672 4762; x_wconf 88' lang='lat' dir='ltr'><strong>et</strong></span> <span class='ocrx_word' id='word_1_322' title='bbox 701 4706 1127 4777; x_wconf 88' lang='lat' dir='ltr'><strong>metropolitanis,</strong></span> <span class='ocrx_word' id='word_1_323' title='bbox 1161 4717 1208 4763; x_wconf 89' lang='lat' dir='ltr'><strong>et</strong></span> <span class='ocrx_word' id='word_1_324' title='bbox 1233 4709 1296 4763; x_wconf 88' lang='lat' dir='ltr'><strong>de</strong></span> <span class='ocrx_word' id='word_1_325' title='bbox 1323 4709 1537 4780; x_wconf 84' lang='lat' dir='ltr'><strong>negotiis</strong></span> <span class='ocrx_word' id='word_1_326' title='bbox 1572 4709 1684 4779; x_wconf 58' lang='lat' dir='ltr'><strong>cpi.</strong></span> 
     </span>
    </p>
   </div>
   <div class='ocr_carea' id='block_1_48' title="bbox 176 4801 1003 4873">
    <p class='ocr_par' dir='ltr' id='par_1_48' title="bbox 176 4801 1003 4873">
     <span class='ocr_line' id='line_1_48' title="bbox 176 4801 1003 4873; baseline 0.007 -24"><span class='ocrx_word' id='word_1_327' title='bbox 176 4810 416 4864; x_wconf 82' lang='lat' dir='ltr'><strong>scoparum</strong></span> <span class='ocrx_word' id='word_1_328' title='bbox 441 4802 513 4856; x_wconf 86' lang='lat' dir='ltr'><strong>ad</strong></span> <span class='ocrx_word' id='word_1_329' title='bbox 540 4805 678 4873; x_wconf 89' lang='lat' dir='ltr'><strong>ipsos</strong></span> <span class='ocrx_word' id='word_1_330' title='bbox 702 4801 1003 4871; x_wconf 79' lang='lat' dir='ltr'><strong>referendis.</strong></span> 
     </span>
    </p>
   </div>
   <div class='ocr_carea' id='block_1_49' title="bbox 126 4879 1685 4967">
    <p class='ocr_par' dir='ltr' id='par_1_49' title="bbox 126 4879 1685 4967">
     <span class='ocr_line' id='line_1_49' title="bbox 126 4879 1685 4967; baseline 0.005 -25"><span class='ocrx_word' id='word_1_331' title='bbox 126 4879 209 4941; x_wconf 66' lang='grc' dir='ltr'><strong>ΠΙ.</strong></span> <span class='ocrx_word' id='word_1_332' title='bbox 236 4889 297 4945; x_wconf 87' lang='lat' dir='ltr'><strong>Ut</strong></span> <span class='ocrx_word' id='word_1_333' title='bbox 331 4895 598 4964; x_wconf 79' lang='lat' dir='ltr'><strong>episcOpus</strong></span> <span class='ocrx_word' id='word_1_334' title='bbox 647 4904 934 4960; x_wconf 86' lang='lat' dir='ltr'><strong>accusatus,</strong></span> <span class='ocrx_word' id='word_1_335' title='bbox 980 4893 1043 4948; x_wconf 88' lang='lat' dir='ltr'><strong>ab</strong></span> <span class='ocrx_word' id='word_1_336' title='bbox 1083 4895 1318 4950; x_wconf 89' lang='lat' dir='ltr'><strong>omnibus</strong></span> <span class='ocrx_word' id='word_1_337' title='bbox 1361 4897 1685 4967; x_wconf 80' lang='lat' dir='ltr'><strong>comprovin-</strong></span> 
     </span>
    </p>
   </div>
   <div class='ocr_carea' id='block_1_50' title="bbox 174 4981 941 5059">
    <p class='ocr_par' dir='ltr' id='par_1_50' title="bbox 174 4981 941 5059">
     <span class='ocr_line' id='line_1_50' title="bbox 174 4981 941 5059; baseline 0.01 -25"><span class='ocrx_word' id='word_1_338' title='bbox 174 4981 362 5041; x_wconf 82' lang='lat' dir='ltr'><strong>cioiibus</strong></span> <span class='ocrx_word' id='word_1_339' title='bbox 390 4988 643 5059; x_wconf 82' lang='lat' dir='ltr'><strong>episcopis</strong></span> <span class='ocrx_word' id='word_1_340' title='bbox 680 4988 941 5044; x_wconf 83' lang='lat' dir='ltr'><strong>audiatur.</strong></span> 
     </span>
    </p>
   </div>
   <div class='ocr_carea' id='block_1_51' title="bbox 123 5065 1684 5154">
    <p class='ocr_par' dir='ltr' id='par_1_51' title="bbox 123 5065 1684 5154">
     <span class='ocr_line' id='line_1_51' title="bbox 123 5065 1684 5154; baseline 0.004 -23"><span class='ocrx_word' id='word_1_341' title='bbox 123 5065 227 5126; x_wconf 60' lang='grc' dir='ltr'><strong>ῩΙΙΙ.</strong></span> <span class='ocrx_word' id='word_1_342' title='bbox 270 5074 333 5132; x_wconf 89' lang='lat' dir='ltr'><strong>Ut</strong></span> <span class='ocrx_word' id='word_1_343' title='bbox 362 5082 528 5136; x_wconf 88' lang='lat' dir='ltr'><strong>omnis</strong></span> <span class='ocrx_word' id='word_1_344' title='bbox 548 5083 805 5136; x_wconf 88' lang='lat' dir='ltr'><strong>accusatio</strong></span> <span class='ocrx_word' id='word_1_345' title='bbox 847 5083 982 5137; x_wconf 87' lang='lat' dir='ltr'><strong>intra</strong></span> <span class='ocrx_word' id='word_1_346' title='bbox 1009 5084 1322 5154; x_wconf 84' lang='lat' dir='ltr'><strong>provinciam</strong></span> <span class='ocrx_word' id='word_1_347' title='bbox 1369 5085 1684 5147; x_wconf 78' lang='lat' dir='ltr'><strong>terminatur,</strong></span> 
     </span>
    </p>
   </div>
   <div class='ocr_carea' id='block_1_52' title="bbox 1571 314 1911 381">
    <p class='ocr_par' dir='ltr' id='par_1_52' title="bbox 1571 314 1911 381">
     <span class='ocr_line' id='line_1_52' title="bbox 1571 314 1911 381; baseline 0.003 -2"><span class='ocrx_word' id='word_1_348' title='bbox 1571 314 1791 380; x_wconf 78' lang='lat' dir='ltr'><strong>APPEN</strong></span> <span class='ocrx_word' id='word_1_349' title='bbox 1802 324 1911 381; x_wconf 76' lang='lat' dir='ltr'><strong>DIX</strong></span> 
     </span>
    </p>
   </div>
   <div class='ocr_carea' id='block_1_53' title="bbox 156 428 1772 513">
    <p class='ocr_par' dir='ltr' id='par_1_53' title="bbox 156 428 1772 513">
     <span class='ocr_line' id='line_1_53' title="bbox 156 428 1772 513; baseline 0.007 -24"><span class='ocrx_word' id='word_1_350' title='bbox 156 431 446 493; x_wconf 84' lang='lat' dir='ltr'><strong>norificentia</strong></span> <span class='ocrx_word' id='word_1_351' title='bbox 493 437 546 486; x_wconf 89' lang='lat' dir='ltr'><strong>et</strong></span> <span class='ocrx_word' id='word_1_352' title='bbox 571 428 844 489; x_wconf 84' lang='lat' dir='ltr'><strong>honestate</strong></span> <span class='ocrx_word' id='word_1_353' title='bbox 869 447 898 491; x_wconf 90' lang='lat' dir='ltr'><strong>a</strong></span> <span class='ocrx_word' id='word_1_354' title='bbox 936 435 1309 493; x_wconf 84' lang='lat' dir='ltr'><strong>sacerdotibus</strong></span> <span class='ocrx_word' id='word_1_355' title='bbox 1347 437 1689 513; x_wconf 84' lang='lat' dir='ltr'><strong>reliquisque</strong></span> <span class='ocrx_word' id='word_1_356' title='bbox 1716 444 1772 505; x_wconf 83' lang='lat' dir='ltr'><strong>A</strong></span> 
     </span>
    </p>
   </div>
   <div class='ocr_carea' id='block_1_54' title="bbox 3266 346 3403 407">
    <p class='ocr_par' dir='ltr' id='par_1_54' title="bbox 3266 346 3403 407">
     <span class='ocr_line' id='line_1_54' title="bbox 3266 346 3403 407; baseline 0.029 -4"><span class='ocrx_word' id='word_1_357' title='bbox 3266 346 3403 407; x_wconf 71' lang='grc'><strong>1002</strong></span> 
     </span>
    </p>
   </div>
   <div class='ocr_carea' id='block_1_55' title="bbox 1869 443 3402 526">
    <p class='ocr_par' dir='ltr' id='par_1_55' title="bbox 1869 443 3402 526">
     <span class='ocr_line' id='line_1_55' title="bbox 1869 443 3402 526; baseline 0.015 -28"><span class='ocrx_word' id='word_1_358' title='bbox 1869 443 1970 498; x_wconf 87' lang='lat' dir='ltr'><strong>nisi</strong></span> <span class='ocrx_word' id='word_1_359' title='bbox 1997 443 2066 498; x_wconf 87' lang='lat' dir='ltr'><strong>ad</strong></span> <span class='ocrx_word' id='word_1_360' title='bbox 2091 444 2279 500; x_wconf 82' lang='lat' dir='ltr'><strong>Sedeat</strong></span> <span class='ocrx_word' id='word_1_361' title='bbox 2305 448 2641 517; x_wconf 89' lang='lat' dir='ltr'><strong>apostolicam</strong></span> <span class='ocrx_word' id='word_1_362' title='bbox 2667 452 2822 524; x_wconf 79' lang='lat' dir='ltr'><strong>fuerit</strong></span> <span class='ocrx_word' id='word_1_363' title='bbox 2855 456 3202 526; x_wconf 84' lang='lat' dir='ltr'><strong>appellatum;</strong></span> <span class='ocrx_word' id='word_1_364' title='bbox 3249 473 3297 517; x_wconf 90' lang='lat' dir='ltr'><strong>et</strong></span> <span class='ocrx_word' id='word_1_365' title='bbox 3339 467 3402 522; x_wconf 86' lang='lat' dir='ltr'><strong>de</strong></span> 
     </span>
    </p>
   </div>
   <div class='ocr_carea' id='block_1_56' title="bbox 1868 538 3402 624">
    <p class='ocr_par' dir='ltr' id='par_1_56' title="bbox 1868 538 3402 624">
     <span class='ocr_line' id='line_1_56' title="bbox 1868 538 3402 624; baseline 0.017 -34"><span class='ocrx_word' id='word_1_366' title='bbox 1868 538 2279 594; x_wconf 81' lang='lat' dir='ltr'><strong>accusationibus</strong></span> <span class='ocrx_word' id='word_1_367' title='bbox 2297 541 2646 598; x_wconf 86' lang='lat' dir='ltr'><strong>crintinalibus</strong></span> <span class='ocrx_word' id='word_1_368' title='bbox 2671 547 2961 617; x_wconf 80' lang='lat' dir='ltr'><strong>impticatis,</strong></span> <span class='ocrx_word' id='word_1_369' title='bbox 2983 552 3061 606; x_wconf 80' lang='lat' dir='ltr'><strong>vel</strong></span> <span class='ocrx_word' id='word_1_370' title='bbox 3079 570 3259 624; x_wconf 88' lang='lat' dir='ltr'><strong>sponte</strong></span> <span class='ocrx_word' id='word_1_371' title='bbox 3279 576 3402 616; x_wconf 89' lang='lat' dir='ltr'><strong>con-</strong></span> 
     </span>
    </p>
   </div>
   <div class='ocr_carea' id='block_1_57' title="bbox 1873 630 2575 700">
    <p class='ocr_par' dir='ltr' id='par_1_57' title="bbox 1873 630 2575 700">
     <span class='ocr_line' id='line_1_57' title="bbox 1873 630 2575 700; baseline 0.013 -17"><span class='ocrx_word' id='word_1_372' title='bbox 1873 630 2049 700; x_wconf 85' lang='lat' dir='ltr'><strong>fessis,</strong></span> <span class='ocrx_word' id='word_1_373' title='bbox 2080 640 2167 685; x_wconf 90' lang='lat' dir='ltr'><strong>aut</strong></span> <span class='ocrx_word' id='word_1_374' title='bbox 2191 632 2312 687; x_wconf 80' lang='lat' dir='ltr'><strong>oliui</strong></span> <span class='ocrx_word' id='word_1_375' title='bbox 2336 633 2575 692; x_wconf 87' lang='lat' dir='ltr'><strong>inimicis.</strong></span> 
     </span>
    </p>
   </div>
   <div class='ocr_carea' id='block_1_58' title="bbox 1802 719 3403 802">
    <p class='ocr_par' dir='ltr' id='par_1_58' title="bbox 1802 719 3403 802">
     <span class='ocr_line' id='line_1_58' title="bbox 1802 719 3403 802; baseline 0.015 -26"><span class='ocrx_word' id='word_1_376' title='bbox 1802 719 1892 779; x_wconf 84' lang='lat' dir='ltr'><strong>IX.</strong></span> <span class='ocrx_word' id='word_1_377' title='bbox 1925 721 1987 779; x_wconf 89' lang='lat' dir='ltr'><strong>Si</strong></span> <span class='ocrx_word' id='word_1_378' title='bbox 2026 725 2237 780; x_wconf 85' lang='lat' dir='ltr'><strong>clericus</strong></span> <span class='ocrx_word' id='word_1_379' title='bbox 2280 727 2574 799; x_wconf 86' lang='lat' dir='ltr'><strong>episcopum</strong></span> <span class='ocrx_word' id='word_1_380' title='bbox 2607 734 2946 802; x_wconf 84' lang='lat' dir='ltr'><strong>accusaverit,</strong></span> <span class='ocrx_word' id='word_1_381' title='bbox 3007 747 3094 792; x_wconf 87' lang='lat' dir='ltr'><strong>aut</strong></span> <span class='ocrx_word' id='word_1_382' title='bbox 3132 739 3403 800; x_wconf 87' lang='lat' dir='ltr'><strong>insidiatus</strong></span> 
     </span>
    </p>
   </div>
   <div class='ocr_carea' id='block_1_59' title="bbox 1980 821 2153 888">
    <p class='ocr_par' dir='ltr' id='par_1_59' title="bbox 1980 821 2153 888">
     <span class='ocr_line' id='line_1_59' title="bbox 1980 821 2153 888; baseline 0.023 -18"><span class='ocrx_word' id='word_1_383' title='bbox 1980 821 2153 888; x_wconf 79' lang='lat' dir='ltr'><strong>fuerit.</strong></span> 
     </span>
    </p>
   </div>
   <div class='ocr_carea' id='block_1_60' title="bbox 1800 905 3320 992">
    <p class='ocr_par' dir='ltr' id='par_1_60' title="bbox 1800 905 3320 992">
     <span class='ocr_line' id='line_1_60' title="bbox 1800 905 3320 992; baseline 0.016 -30"><span class='ocrx_word' id='word_1_384' title='bbox 1800 905 1870 962; x_wconf 84' lang='lat' dir='ltr'><strong>X.</strong></span> <span class='ocrx_word' id='word_1_385' title='bbox 1917 906 1977 964; x_wconf 91' lang='lat' dir='ltr'><strong>Si</strong></span> <span class='ocrx_word' id='word_1_386' title='bbox 2014 908 2133 965; x_wconf 84' lang='lat' dir='ltr'><strong>laici</strong></span> <span class='ocrx_word' id='word_1_387' title='bbox 2174 928 2253 967; x_wconf 88' lang='lat' dir='ltr'><strong>res</strong></span> <span class='ocrx_word' id='word_1_388' title='bbox 2294 916 2661 975; x_wconf 86' lang='lat' dir='ltr'><strong>ecclesiasticas</strong></span> <span class='ocrx_word' id='word_1_389' title='bbox 2696 920 2992 992; x_wconf 83' lang='lat' dir='ltr'><strong>dispensare</strong></span> <span class='ocrx_word' id='word_1_390' title='bbox 3036 926 3265 988; x_wconf 87' lang='lat' dir='ltr'><strong>debeant.</strong></span> <span class='ocrx_word' id='word_1_391' title='bbox 3316 927 3320 931; x_wconf 74' lang='grc'><em>’</em></span> 
     </span>
    </p>
   </div>
   <div class='ocr_carea' id='block_1_61' title="bbox 1800 999 2651 1074">
    <p class='ocr_par' dir='ltr' id='par_1_61' title="bbox 1800 999 2651 1074">
     <span class='ocr_line' id='line_1_61' title="bbox 1800 999 2651 1074; baseline 0.018 -21"><span class='ocrx_word' id='word_1_392' title='bbox 1800 1000 1890 1055; x_wconf 82' lang='lat' dir='ltr'><strong>XI.</strong></span> <span class='ocrx_word' id='word_1_393' title='bbox 1926 999 2006 1057; x_wconf 88' lang='lat' dir='ltr'><strong>De</strong></span> <span class='ocrx_word' id='word_1_394' title='bbox 2027 1008 2256 1074; x_wconf 84' lang='lat' dir='ltr'><strong>personis</strong></span> <span class='ocrx_word' id='word_1_395' title='bbox 2279 1021 2651 1068; x_wconf 86' lang='lat' dir='ltr'><strong>accusatorum.</strong></span> 
     </span>
    </p>
   </div>
   <div class='ocr_carea' id='block_1_62' title="bbox 1799 1091 3403 1182">
    <p class='ocr_par' dir='ltr' id='par_1_62' title="bbox 1799 1091 3403 1182">
     <span class='ocr_line' id='line_1_62' title="bbox 1799 1091 3403 1182; baseline 0.02 -34"><span class='ocrx_word' id='word_1_396' title='bbox 1799 1091 1914 1149; x_wconf 83' lang='grc' dir='ltr'><strong>ΧΙΙ.</strong></span> <span class='ocrx_word' id='word_1_397' title='bbox 1947 1093 2022 1149; x_wconf 87' lang='lat' dir='ltr'><strong>De</strong></span> <span class='ocrx_word' id='word_1_398' title='bbox 2046 1098 2481 1160; x_wconf 87' lang='lat' dir='ltr'><strong>criminationibus</strong></span> <span class='ocrx_word' id='word_1_399' title='bbox 2508 1106 2803 1175; x_wconf 87' lang='lat' dir='ltr'><strong>doctorum,</strong></span> <span class='ocrx_word' id='word_1_400' title='bbox 2833 1113 2909 1167; x_wconf 79' lang='lat' dir='ltr'><strong>vel</strong></span> <span class='ocrx_word' id='word_1_401' title='bbox 2931 1118 3068 1182; x_wconf 84' lang='lat' dir='ltr'><strong>quod</strong></span> <span class='ocrx_word' id='word_1_402' title='bbox 3095 1120 3279 1177; x_wconf 77' lang='lat' dir='ltr'><strong>divinis</strong></span> <span class='ocrx_word' id='word_1_403' title='bbox 3312 1142 3403 1180; x_wconf 76' lang='lat' dir='ltr'><strong>vo~</strong></span> 
     </span>
    </p>
   </div>
   <div class='ocr_carea' id='block_1_63' title="bbox 1873 1187 3409 1282">
    <p class='ocr_par' dir='ltr' id='par_1_63' title="bbox 1873 1187 3409 1282">
     <span class='ocr_line' id='line_1_63' title="bbox 1873 1187 3409 1282; baseline 0.024 -43"><span class='ocrx_word' id='word_1_404' title='bbox 1873 1187 2010 1242; x_wconf 88' lang='lat' dir='ltr'><strong>cibus</strong></span> <span class='ocrx_word' id='word_1_405' title='bbox 2031 1190 2263 1248; x_wconf 83' lang='lat' dir='ltr'><strong>damnati</strong></span> <span class='ocrx_word' id='word_1_406' title='bbox 2295 1198 2559 1270; x_wconf 88' lang='lat' dir='ltr'><strong>episc0pos</strong></span> <span class='ocrx_word' id='word_1_407' title='bbox 2596 1219 2698 1258; x_wconf 89' lang='lat' dir='ltr'><strong>non</strong></span> <span class='ocrx_word' id='word_1_408' title='bbox 2733 1219 2943 1282; x_wconf 83' lang='lat' dir='ltr'><strong>possunt</strong></span> <span class='ocrx_word' id='word_1_409' title='bbox 2978 1228 3222 1272; x_wconf 77' lang='lat' dir='ltr'><strong>accusare</strong></span> <span class='ocrx_word' id='word_1_410' title='bbox 3247 1219 3324 1274; x_wconf 83' lang='lat' dir='ltr'><strong>vel</strong></span> <span class='ocrx_word' id='word_1_411' title='bbox 3354 1221 3409 1275; x_wconf 83' lang='lat' dir='ltr'><strong>in</strong></span> 
     </span>
    </p>
   </div>
   <div class='ocr_carea' id='block_1_64' title="bbox 1871 1286 2262 1357">
    <p class='ocr_par' dir='ltr' id='par_1_64' title="bbox 1871 1286 2262 1357">
     <span class='ocr_line' id='line_1_64' title="bbox 1871 1286 2262 1357; baseline 0.015 -20"><span class='ocrx_word' id='word_1_412' title='bbox 1871 1298 1955 1338; x_wconf 89' lang='lat' dir='ltr'><strong>eos</strong></span> <span class='ocrx_word' id='word_1_413' title='bbox 1983 1286 2093 1339; x_wconf 85' lang='lat' dir='ltr'><strong>testi</strong></span> <span class='ocrx_word' id='word_1_414' title='bbox 2098 1288 2262 1357; x_wconf 79' lang='lat' dir='ltr'><strong>ﬁcari.</strong></span> 
     </span>
    </p>
   </div>
   <div class='ocr_carea' id='block_1_65' title="bbox 1800 1411 3407 1482">
    <p class='ocr_par' dir='ltr' id='par_1_65' title="bbox 1800 1411 3407 1482">
     <span class='ocr_line' id='line_1_65' title="bbox 1800 1411 3407 1482; baseline 0.021 -32"><span class='ocrx_word' id='word_1_415' title='bbox 1800 1411 2120 1463; x_wconf 77' lang='lat' dir='ltr'><strong>STEPHANUS.</strong></span> <span class='ocrx_word' id='word_1_416' title='bbox 2162 1419 2377 1462; x_wconf 65' lang='lat' dir='ltr'><strong>SANCTE</strong></span> <span class='ocrx_word' id='word_1_417' title='bbox 2417 1425 2757 1471; x_wconf 64' lang='grc' dir='ltr'><strong>Αροετοιιειιε</strong></span> <span class='ocrx_word' id='word_1_418' title='bbox 2809 1434 2878 1474; x_wconf 85' lang='grc' dir='ltr'><strong>ΕΤ</strong></span> <span class='ocrx_word' id='word_1_419' title='bbox 2918 1436 3265 1482; x_wconf 69' lang='grc' dir='ltr'>υΝιιἘιιεΛιιε</span> <span class='ocrx_word' id='word_1_420' title='bbox 3309 1443 3407 1482; x_wconf 76' lang='lat' dir='ltr'><strong>RO-</strong></span> 
     </span>
    </p>
   </div>
   <div class='ocr_carea' id='block_1_66' title="bbox 1870 1509 3403 1578">
    <p class='ocr_par' dir='ltr' id='par_1_66' title="bbox 1870 1509 3403 1578">
     <span class='ocr_line' id='line_1_66' title="bbox 1870 1509 3403 1578; baseline 0.02 -31"><span class='ocrx_word' id='word_1_421' title='bbox 1870 1509 2029 1549; x_wconf 67' lang='grc' dir='ltr'><strong>ΗΛΝᾸΞ</strong></span> <span class='ocrx_word' id='word_1_422' title='bbox 2067 1512 2335 1555; x_wconf 69' lang='grc' dir='ltr'><strong>Εεοιεειιε</strong></span> <span class='ocrx_word' id='word_1_423' title='bbox 2386 1519 2687 1574; x_wconf 78' lang='lat' dir='ltr'><strong>EPISCOPUS,</strong></span> <span class='ocrx_word' id='word_1_424' title='bbox 2738 1524 2964 1568; x_wconf 74' lang='lat' dir='ltr'><strong>OMNIBUS</strong></span> <span class='ocrx_word' id='word_1_425' title='bbox 3009 1531 3110 1571; x_wconf 78' lang='lat' dir='ltr'><strong>PER</strong></span> <span class='ocrx_word' id='word_1_426' title='bbox 3149 1530 3403 1578; x_wconf 67' lang='grc' dir='ltr'><strong>οινειιςΑδ</strong></span> 
     </span>
    </p>
   </div>
   <div class='ocr_carea' id='block_1_67' title="bbox 1868 1602 3401 1670">
    <p class='ocr_par' dir='ltr' id='par_1_67' title="bbox 1868 1602 3401 1670">
     <span class='ocr_line' id='line_1_67' title="bbox 1868 1602 3401 1670; baseline 0.019 -30"><span class='ocrx_word' id='word_1_427' title='bbox 1868 1602 2533 1653; x_wconf 73' lang='lat' dir='ltr'><strong>PROVINCIASCONSTITUTIS</strong></span> <span class='ocrx_word' id='word_1_428' title='bbox 2556 1616 2836 1670; x_wconf 78' lang='lat' dir='ltr'><strong>EPISCOPIS,</strong></span> <span class='ocrx_word' id='word_1_429' title='bbox 2859 1622 2907 1660; x_wconf 78' lang='grc' dir='ltr'><strong>ΙΝ</strong></span> <span class='ocrx_word' id='word_1_430' title='bbox 2923 1622 3118 1665; x_wconf 75' lang='grc' dir='ltr'>οοΜιΝο</span> <span class='ocrx_word' id='word_1_431' title='bbox 3134 1626 3401 1669; x_wconf 74' lang='lat' dir='ltr'><strong>SALUTEM.</strong></span> 
     </span>
    </p>
   </div>
   <div class='ocr_carea' id='block_1_68' title="bbox 1869 1702 3400 1798">
    <p class='ocr_par' dir='ltr' id='par_1_68' title="bbox 1869 1702 3400 1798">
     <span class='ocr_line' id='line_1_68' title="bbox 1869 1702 3400 1798; baseline 0.016 -42"><span class='ocrx_word' id='word_1_432' title='bbox 1869 1702 2162 1759; x_wconf 89' lang='lat' dir='ltr'><strong>Plurimum</strong></span> <span class='ocrx_word' id='word_1_433' title='bbox 2192 1708 2487 1776; x_wconf 65' lang='lat' dir='ltr'><strong>gaudemus</strong></span> <span class='ocrx_word' id='word_1_434' title='bbox 2508 1710 2561 1767; x_wconf 91' lang='lat' dir='ltr'><strong>in</strong></span> <span class='ocrx_word' id='word_1_435' title='bbox 2590 1713 2812 1769; x_wconf 82' lang='lat' dir='ltr'><strong>Domino</strong></span> <span class='ocrx_word' id='word_1_436' title='bbox 2828 1718 2914 1791; x_wconf 89' lang='lat' dir='ltr'><strong>(S.</strong></span> <span class='ocrx_word' id='word_1_437' title='bbox 2947 1719 3070 1775; x_wconf 84' lang='lat' dir='ltr'><strong>Leo.</strong></span> <span class='ocrx_word' id='word_1_438' title='bbox 3102 1726 3251 1793; x_wconf 85' lang='lat' dir='ltr'><strong>epist.</strong></span> <span class='ocrx_word' id='word_1_439' title='bbox 3283 1726 3400 1798; x_wconf 75' lang='lat' dir='ltr'><strong>XL),</strong></span> 
     </span>
    </p>
   </div>
   <div class='ocr_carea' id='block_1_69' title="bbox 1797 1795 3399 1889">
    <p class='ocr_par' dir='ltr' id='par_1_69' title="bbox 1797 1795 3399 1889">
     <span class='ocr_line' id='line_1_69' title="bbox 1797 1795 3399 1889; baseline 0.016 -41"><span class='ocrx_word' id='word_1_440' title='bbox 1797 1804 1849 1850; x_wconf 88' lang='lat' dir='ltr'><strong>et</strong></span> <span class='ocrx_word' id='word_1_441' title='bbox 1864 1796 1915 1849; x_wconf 90' lang='lat' dir='ltr'><strong>iu</strong></span> <span class='ocrx_word' id='word_1_442' title='bbox 1931 1795 2072 1851; x_wconf 85' lang='lat' dir='ltr'><strong>dooo</strong></span> <span class='ocrx_word' id='word_1_443' title='bbox 2085 1801 2270 1867; x_wconf 74' lang='lat' dir='ltr'><strong>gratia:</strong></span> <span class='ocrx_word' id='word_1_444' title='bbox 2285 1803 2449 1871; x_wconf 87' lang='lat' dir='ltr'><strong>ipsius</strong></span> <span class='ocrx_word' id='word_1_445' title='bbox 2463 1805 2775 1875; x_wconf 86' lang='lat' dir='ltr'><strong>gloriamur,</strong></span> <span class='ocrx_word' id='word_1_446' title='bbox 2794 1812 2935 1879; x_wconf 84' lang='lat' dir='ltr'><strong>quod</strong></span> <span class='ocrx_word' id='word_1_447' title='bbox 2958 1813 3092 1869; x_wconf 87' lang='lat' dir='ltr'><strong>fides</strong></span> <span class='ocrx_word' id='word_1_448' title='bbox 3111 1827 3285 1871; x_wconf 85' lang='lat' dir='ltr'><strong>vestra</strong></span> <span class='ocrx_word' id='word_1_449' title='bbox 3304 1795 3399 1889; x_wconf 83' lang='lat' dir='ltr'><strong>per</strong></span> 
     </span>
    </p>
   </div>
   <div class='ocr_carea' id='block_1_70' title="bbox 1797 1887 3396 1979">
    <p class='ocr_par' dir='ltr' id='par_1_70' title="bbox 1797 1887 3396 1979">
     <span class='ocr_line' id='line_1_70' title="bbox 1797 1887 3396 1979; baseline 0.016 -37"><span class='ocrx_word' id='word_1_450' title='bbox 1797 1887 1934 1942; x_wconf 87' lang='lat' dir='ltr'><strong>bona</strong></span> <span class='ocrx_word' id='word_1_451' title='bbox 1954 1904 2115 1955; x_wconf 88' lang='lat' dir='ltr'><strong>opera</strong></span> <span class='ocrx_word' id='word_1_452' title='bbox 2141 1894 2650 1967; x_wconf 85' lang='lat' dir='ltr'><strong>crescitmaguificc,</strong></span> <span class='ocrx_word' id='word_1_453' title='bbox 2682 1910 2736 1954; x_wconf 90' lang='lat' dir='ltr'><strong>et</strong></span> <span class='ocrx_word' id='word_1_454' title='bbox 2762 1902 3016 1959; x_wconf 86' lang='lat' dir='ltr'><strong>dilatatur</strong></span> <span class='ocrx_word' id='word_1_455' title='bbox 3043 1887 3396 1979; x_wconf 60' lang='lat' dir='ltr'><strong>amplissime,</strong></span> 
     </span>
    </p>
   </div>
   <div class='ocr_carea' id='block_1_71' title="bbox 1794 1980 3401 2071">
    <p class='ocr_par' dir='ltr' id='par_1_71' title="bbox 1794 1980 3401 2071">
     <span class='ocr_line' id='line_1_71' title="bbox 1794 1980 3401 2071; baseline 0.014 -37"><span class='ocrx_word' id='word_1_456' title='bbox 1794 1980 1888 2034; x_wconf 87' lang='lat' dir='ltr'><strong>scd</strong></span> <span class='ocrx_word' id='word_1_457' title='bbox 1918 1983 2077 2037; x_wconf 88' lang='lat' dir='ltr'><strong>nimis</strong></span> <span class='ocrx_word' id='word_1_458' title='bbox 2108 1983 2396 2056; x_wconf 85' lang='lat' dir='ltr'><strong>afﬂigimur</strong></span> <span class='ocrx_word' id='word_1_459' title='bbox 2420 2001 2470 2042; x_wconf 92' lang='lat' dir='ltr'><strong>et</strong></span> <span class='ocrx_word' id='word_1_460' title='bbox 2505 1991 2818 2047; x_wconf 86' lang='lat' dir='ltr'><strong>tribulamur</strong></span> <span class='ocrx_word' id='word_1_461' title='bbox 2847 1995 2914 2050; x_wconf 92' lang='lat' dir='ltr'><strong>de</strong></span> <span class='ocrx_word' id='word_1_462' title='bbox 2958 2006 3132 2053; x_wconf 88' lang='lat' dir='ltr'><strong>vestra</strong></span> <span class='ocrx_word' id='word_1_463' title='bbox 3173 2016 3401 2071; x_wconf 82' lang='lat' dir='ltr'><strong>oppres-</strong></span> 
     </span>
    </p>
   </div>
   <div class='ocr_carea' id='block_1_72' title="bbox 1793 2072 3399 2161">
    <p class='ocr_par' dir='ltr' id='par_1_72' title="bbox 1793 2072 3399 2161">
     <span class='ocr_line' id='line_1_72' title="bbox 1793 2072 3399 2161; baseline 0.016 -36"><span class='ocrx_word' id='word_1_464' title='bbox 1793 2072 1967 2140; x_wconf 90' lang='lat' dir='ltr'><strong>sione,</strong></span> <span class='ocrx_word' id='word_1_465' title='bbox 1989 2090 2150 2146; x_wconf 85' lang='lat' dir='ltr'><strong>super</strong></span> <span class='ocrx_word' id='word_1_466' title='bbox 2176 2092 2277 2147; x_wconf 88' lang='lat' dir='ltr'><strong>qua</strong></span> <span class='ocrx_word' id='word_1_467' title='bbox 2300 2079 2539 2136; x_wconf 86' lang='lat' dir='ltr'><strong>crebrior</strong></span> <span class='ocrx_word' id='word_1_468' title='bbox 2560 2088 2978 2142; x_wconf 85' lang='lat' dir='ltr'><strong>commeantiqu</strong></span> <span class='ocrx_word' id='word_1_469' title='bbox 3011 2106 3179 2161; x_wconf 88' lang='lat' dir='ltr'><strong>usque</strong></span> <span class='ocrx_word' id='word_1_470' title='bbox 3200 2094 3266 2147; x_wconf 88' lang='lat' dir='ltr'><strong>ad</strong></span> <span class='ocrx_word' id='word_1_471' title='bbox 3300 2110 3399 2149; x_wconf 89' lang='lat' dir='ltr'><strong>nos</strong></span> 
     </span>
    </p>
   </div>
   <div class='ocr_carea' id='block_1_73' title="bbox 1794 2161 3399 2248">
    <p class='ocr_par' dir='ltr' id='par_1_73' title="bbox 1794 2161 3399 2248">
     <span class='ocr_line' id='line_1_73' title="bbox 1794 2161 3399 2248; baseline 0.016 -34"><span class='ocrx_word' id='word_1_472' title='bbox 1794 2161 2020 2219; x_wconf 81' lang='lat' dir='ltr'><strong>fratrum</strong></span> <span class='ocrx_word' id='word_1_473' title='bbox 2060 2181 2239 2221; x_wconf 89' lang='lat' dir='ltr'><strong>sermo</strong></span> <span class='ocrx_word' id='word_1_474' title='bbox 2276 2171 2514 2238; x_wconf 83' lang='lat' dir='ltr'><strong>perlatus</strong></span> <span class='ocrx_word' id='word_1_475' title='bbox 2552 2182 2637 2227; x_wconf 90' lang='lat' dir='ltr'><strong>est</strong></span> <span class='ocrx_word' id='word_1_476' title='bbox 2675 2173 2869 2247; x_wconf 84' lang='lat' dir='ltr'><strong>(Idem,</strong></span> <span class='ocrx_word' id='word_1_477' title='bbox 2894 2180 3041 2248; x_wconf 85' lang='lat' dir='ltr'><strong>epist.</strong></span> <span class='ocrx_word' id='word_1_478' title='bbox 3079 2198 3303 2239; x_wconf 82' lang='lat' dir='ltr'><strong>Lxxxvu</strong></span> <span class='ocrx_word' id='word_1_479' title='bbox 3348 2195 3399 2240; x_wconf 87' lang='lat' dir='ltr'><strong>et</strong></span> 
     </span>
    </p>
   </div>
   <div class='ocr_carea' id='block_1_74' title="bbox 1794 2254 3398 2340">
    <p class='ocr_par' dir='ltr' id='par_1_74' title="bbox 1794 2254 3398 2340">
     <span class='ocr_line' id='line_1_74' title="bbox 1794 2254 3398 2340; baseline 0.014 -32"><span class='ocrx_word' id='word_1_480' title='bbox 1794 2254 1951 2326; x_wconf 84' lang='lat' dir='ltr'><strong>seq.).</strong></span> <span class='ocrx_word' id='word_1_481' title='bbox 1980 2255 2094 2312; x_wconf 86' lang='lat' dir='ltr'><strong>Non</strong></span> <span class='ocrx_word' id='word_1_482' title='bbox 2116 2268 2425 2328; x_wconf 88' lang='lat' dir='ltr'><strong>oportuerat</strong></span> <span class='ocrx_word' id='word_1_483' title='bbox 2456 2262 2673 2331; x_wconf 88' lang='lat' dir='ltr'><strong>quidem</strong></span> <span class='ocrx_word' id='word_1_484' title='bbox 2698 2267 2766 2321; x_wconf 89' lang='lat' dir='ltr'><strong>ab</strong></span> <span class='ocrx_word' id='word_1_485' title='bbox 2794 2268 2896 2323; x_wconf 78' lang='lat' dir='ltr'><strong>illis</strong></span> <span class='ocrx_word' id='word_1_486' title='bbox 2915 2285 2942 2321; x_wconf 90' lang='lat' dir='ltr'><strong>a</strong></span> <span class='ocrx_word' id='word_1_487' title='bbox 2963 2272 3156 2340; x_wconf 84' lang='lat' dir='ltr'><strong>quibus</strong></span> <span class='ocrx_word' id='word_1_488' title='bbox 3185 2284 3398 2332; x_wconf 89' lang='lat' dir='ltr'><strong>susten-</strong></span> 
     </span>
    </p>
   </div>
   <div class='ocr_carea' id='block_1_75' title="bbox 1796 2353 3396 2424">
    <p class='ocr_par' dir='ltr' id='par_1_75' title="bbox 1796 2353 3396 2424">
     <span class='ocr_line' id='line_1_75' title="bbox 1796 2353 3396 2424; baseline 0.014 -22"><span class='ocrx_word' id='word_1_489' title='bbox 1796 2356 1910 2403; x_wconf 87' lang='lat' dir='ltr'><strong>tare</strong></span> <span class='ocrx_word' id='word_1_490' title='bbox 1938 2358 1987 2421; x_wconf 72' lang='lat' dir='ltr'><strong>ct</strong></span> <span class='ocrx_word' id='word_1_491' title='bbox 2018 2353 2215 2419; x_wconf 85' lang='lat' dir='ltr'><strong>portari</strong></span> <span class='ocrx_word' id='word_1_492' title='bbox 2263 2362 2424 2424; x_wconf 89' lang='lat' dir='ltr'><strong>atque</strong></span> <span class='ocrx_word' id='word_1_493' title='bbox 2464 2354 2714 2411; x_wconf 88' lang='lat' dir='ltr'><strong>honorari</strong></span> <span class='ocrx_word' id='word_1_494' title='bbox 2756 2358 3063 2418; x_wconf 86' lang='lat' dir='ltr'><strong>debueratis</strong></span> <span class='ocrx_word' id='word_1_495' title='bbox 3109 2368 3268 2422; x_wconf 84' lang='lat' dir='ltr'><strong>tantis</strong></span> <span class='ocrx_word' id='word_1_496' title='bbox 3298 2383 3396 2424; x_wconf 85' lang='lat' dir='ltr'><strong>vos</strong></span> 
     </span>
    </p>
   </div>
   <div class='ocr_carea' id='block_1_76' title="bbox 1795 2442 3398 2522">
    <p class='ocr_par' dir='ltr' id='par_1_76' title="bbox 1795 2442 3398 2522">
     <span class='ocr_line' id='line_1_76' title="bbox 1795 2442 3398 2522; baseline 0.016 -29"><span class='ocrx_word' id='word_1_497' title='bbox 1795 2442 2236 2510; x_wconf 85' lang='lat' dir='ltr'><strong>Oppressiouibus</strong></span> <span class='ocrx_word' id='word_1_498' title='bbox 2284 2447 2518 2501; x_wconf 90' lang='lat' dir='ltr'><strong>concuti.</strong></span> <span class='ocrx_word' id='word_1_499' title='bbox 2551 2448 2886 2522; x_wconf 81' lang='lat' dir='ltr'><strong>Quapropter</strong></span> <span class='ocrx_word' id='word_1_500' title='bbox 2913 2459 3273 2513; x_wconf 85' lang='lat' dir='ltr'><strong>necessarium</strong></span> <span class='ocrx_word' id='word_1_501' title='bbox 3313 2471 3398 2517; x_wconf 89' lang='lat' dir='ltr'><strong>est</strong></span> 
     </span>
    </p>
   </div>
   <div class='ocr_carea' id='block_1_77' title="bbox 1793 2537 3394 2619">
    <p class='ocr_par' dir='ltr' id='par_1_77' title="bbox 1793 2537 3394 2619">
     <span class='ocr_line' id='line_1_77' title="bbox 1793 2537 3394 2619; baseline 0.014 -30"><span class='ocrx_word' id='word_1_502' title='bbox 1793 2542 1883 2600; x_wconf 89' lang='lat' dir='ltr'><strong>ut,</strong></span> <span class='ocrx_word' id='word_1_503' title='bbox 1913 2537 2135 2591; x_wconf 83' lang='lat' dir='ltr'><strong>remetis</strong></span> <span class='ocrx_word' id='word_1_504' title='bbox 2178 2539 2358 2593; x_wconf 84' lang='lat' dir='ltr'><strong>talium</strong></span> <span class='ocrx_word' id='word_1_505' title='bbox 2394 2543 2956 2613; x_wconf 85' lang='lat' dir='ltr'><strong>tergiversationibus,</strong></span> <span class='ocrx_word' id='word_1_506' title='bbox 2985 2551 3179 2619; x_wconf 86' lang='lat' dir='ltr'><strong>quibus</strong></span> <span class='ocrx_word' id='word_1_507' title='bbox 3227 2569 3394 2610; x_wconf 87' lang='lat' dir='ltr'><strong>vene-</strong></span> 
     </span>
    </p>
   </div>
   <div class='ocr_carea' id='block_1_78' title="bbox 1796 2630 3396 2705">
    <p class='ocr_par' dir='ltr' id='par_1_78' title="bbox 1796 2630 3396 2705">
     <span class='ocr_line' id='line_1_78' title="bbox 1796 2630 3396 2705; baseline 0.013 -23"><span class='ocrx_word' id='word_1_508' title='bbox 1796 2643 1925 2683; x_wconf 86' lang='lat' dir='ltr'><strong>nosa</strong></span> <span class='ocrx_word' id='word_1_509' title='bbox 1951 2630 2147 2684; x_wconf 88' lang='lat' dir='ltr'><strong>malitia</strong></span> <span class='ocrx_word' id='word_1_510' title='bbox 2173 2631 2419 2701; x_wconf 79' lang='lat' dir='ltr'><strong>revelari,</strong></span> <span class='ocrx_word' id='word_1_511' title='bbox 2446 2644 2627 2705; x_wconf 84' lang='lat' dir='ltr'><strong>atque,</strong></span> <span class='ocrx_word' id='word_1_512' title='bbox 2648 2635 2922 2694; x_wconf 82' lang='lat' dir='ltr'><strong>obscurari</strong></span> <span class='ocrx_word' id='word_1_513' title='bbox 2950 2641 3159 2698; x_wconf 86' lang='lat' dir='ltr'><strong>bonitas</strong></span> <span class='ocrx_word' id='word_1_514' title='bbox 3180 2653 3233 2699; x_wconf 90' lang='lat' dir='ltr'><strong>et</strong></span> <span class='ocrx_word' id='word_1_515' title='bbox 3254 2646 3396 2701; x_wconf 91' lang='lat' dir='ltr'><strong>veri-</strong></span> 
     </span>
    </p>
   </div>
   <div class='ocr_carea' id='block_1_79' title="bbox 1797 2721 3396 2797">
    <p class='ocr_par' dir='ltr' id='par_1_79' title="bbox 1797 2721 3396 2797">
     <span class='ocr_line' id='line_1_79' title="bbox 1797 2721 3396 2797; baseline 0.011 -22"><span class='ocrx_word' id='word_1_516' title='bbox 1797 2731 1875 2776; x_wconf 88' lang='lat' dir='ltr'><strong>tas</strong></span> <span class='ocrx_word' id='word_1_517' title='bbox 1903 2722 2041 2777; x_wconf 86' lang='lat' dir='ltr'><strong>solet</strong></span> <span class='ocrx_word' id='word_1_518' title='bbox 2063 2721 2254 2797; x_wconf 88' lang='lat' dir='ltr'><strong>(Idem,</strong></span> <span class='ocrx_word' id='word_1_519' title='bbox 2277 2726 2426 2794; x_wconf 86' lang='lat' dir='ltr'><strong>epist.</strong></span> <span class='ocrx_word' id='word_1_520' title='bbox 2456 2727 2650 2797; x_wconf 75' lang='lat' dir='ltr'><strong>xxxv),</strong></span> <span class='ocrx_word' id='word_1_521' title='bbox 2680 2728 3059 2788; x_wconf 83' lang='lat' dir='ltr'><strong>adminiculum</strong></span> <span class='ocrx_word' id='word_1_522' title='bbox 3085 2751 3189 2791; x_wconf 91' lang='lat' dir='ltr'><strong>non</strong></span> <span class='ocrx_word' id='word_1_523' title='bbox 3215 2738 3396 2792; x_wconf 83' lang='lat' dir='ltr'><strong>modi-</strong></span> 
     </span>
    </p>
   </div>
   <div class='ocr_carea' id='block_1_80' title="bbox 1795 2816 3394 2901">
    <p class='ocr_par' dir='ltr' id='par_1_80' title="bbox 1795 2816 3394 2901">
     <span class='ocr_line' id='line_1_80' title="bbox 1795 2816 3394 2901; baseline 0.011 -33"><span class='ocrx_word' id='word_1_524' title='bbox 1795 2828 1915 2869; x_wconf 89' lang='lat' dir='ltr'><strong>cum</strong></span> <span class='ocrx_word' id='word_1_525' title='bbox 1951 2816 2101 2870; x_wconf 81' lang='lat' dir='ltr'><strong>vobis</strong></span> <span class='ocrx_word' id='word_1_526' title='bbox 2126 2833 2154 2871; x_wconf 89' lang='lat' dir='ltr'><strong>a</strong></span> <span class='ocrx_word' id='word_1_527' title='bbox 2183 2816 2430 2873; x_wconf 82' lang='lat' dir='ltr'><strong>ﬁdelibus</strong></span> <span class='ocrx_word' id='word_1_528' title='bbox 2454 2820 2816 2890; x_wconf 82' lang='lat' dir='ltr'><strong>impendatur,</strong></span> <span class='ocrx_word' id='word_1_529' title='bbox 2842 2835 3003 2896; x_wconf 77' lang='lat' dir='ltr'><strong>atque</strong></span> <span class='ocrx_word' id='word_1_530' title='bbox 3032 2829 3099 2883; x_wconf 89' lang='lat' dir='ltr'><strong>ab</strong></span> <span class='ocrx_word' id='word_1_531' title='bbox 3119 2832 3216 2884; x_wconf 89' lang='lat' dir='ltr'><strong>bac</strong></span> <span class='ocrx_word' id='word_1_532' title='bbox 3236 2845 3394 2901; x_wconf 87' lang='lat' dir='ltr'><strong>apos-</strong></span> 
     </span>
    </p>
   </div>
   <div class='ocr_carea' id='block_1_81' title="bbox 1797 2906 3392 2993">
    <p class='ocr_par' dir='ltr' id='par_1_81' title="bbox 1797 2906 3392 2993">
     <span class='ocr_line' id='line_1_81' title="bbox 1797 2906 3392 2993; baseline 0.013 -34"><span class='ocrx_word' id='word_1_533' title='bbox 1797 2906 1952 2962; x_wconf 84' lang='lat' dir='ltr'><strong>tolica</strong></span> <span class='ocrx_word' id='word_1_534' title='bbox 1983 2908 2122 2963; x_wconf 89' lang='lat' dir='ltr'><strong>Sede</strong></span> <span class='ocrx_word' id='word_1_535' title='bbox 2159 2909 2499 2981; x_wconf 59' lang='lat' dir='ltr'><strong>solli-agetur,</strong></span> <span class='ocrx_word' id='word_1_536' title='bbox 2553 2930 2690 2985; x_wconf 89' lang='lat' dir='ltr'><strong>quos</strong></span> <span class='ocrx_word' id='word_1_537' title='bbox 2742 2932 2839 2985; x_wconf 89' lang='lat' dir='ltr'><strong>per</strong></span> <span class='ocrx_word' id='word_1_538' title='bbox 2887 2920 3119 2975; x_wconf 85' lang='lat' dir='ltr'><strong>divinam</strong></span> <span class='ocrx_word' id='word_1_539' title='bbox 3167 2925 3392 2993; x_wconf 86' lang='lat' dir='ltr'><strong>gratiam</strong></span> 
     </span>
    </p>
   </div>
   <div class='ocr_carea' id='block_1_82' title="bbox 1793 2997 3397 3079">
    <p class='ocr_par' dir='ltr' id='par_1_82' title="bbox 1793 2997 3397 3079">
     <span class='ocr_line' id='line_1_82' title="bbox 1793 2997 3397 3079; baseline 0.014 -26"><span class='ocrx_word' id='word_1_540' title='bbox 1793 2997 1992 3056; x_wconf 87' lang='lat' dir='ltr'><strong>Christi</strong></span> <span class='ocrx_word' id='word_1_541' title='bbox 2021 3004 2223 3058; x_wconf 82' lang='lat' dir='ltr'><strong>auxilio</strong></span> <span class='ocrx_word' id='word_1_542' title='bbox 2245 3004 2461 3075; x_wconf 80' lang='lat' dir='ltr'><strong>dignum</strong></span> <span class='ocrx_word' id='word_1_543' title='bbox 2487 3016 2570 3062; x_wconf 90' lang='lat' dir='ltr'><strong>est</strong></span> <span class='ocrx_word' id='word_1_544' title='bbox 2598 3008 2859 3079; x_wconf 83' lang='lat' dir='ltr'><strong>adjuvari,</strong></span> <span class='ocrx_word' id='word_1_545' title='bbox 2896 3029 2962 3068; x_wconf 90' lang='lat' dir='ltr'><strong>ne</strong></span> <span class='ocrx_word' id='word_1_546' title='bbox 3012 3014 3065 3069; x_wconf 93' lang='lat' dir='ltr'><strong>iu</strong></span> <span class='ocrx_word' id='word_1_547' title='bbox 3096 3017 3260 3072; x_wconf 86' lang='lat' dir='ltr'><strong>totius</strong></span> <span class='ocrx_word' id='word_1_548' title='bbox 3293 3019 3397 3075; x_wconf 89' lang='lat' dir='ltr'><strong>Ec-</strong></span> 
     </span>
    </p>
   </div>
   <div class='ocr_carea' id='block_1_83' title="bbox 1794 3095 3394 3176">
    <p class='ocr_par' dir='ltr' id='par_1_83' title="bbox 1794 3095 3394 3176">
     <span class='ocr_line' id='line_1_83' title="bbox 1794 3095 3394 3176; baseline 0.014 -28"><span class='ocrx_word' id='word_1_549' title='bbox 1794 3095 1974 3152; x_wconf 69' lang='lat' dir='ltr'><strong>clesize</strong></span> <span class='ocrx_word' id='word_1_550' title='bbox 2028 3099 2485 3168; x_wconf 73' lang='lat' dir='ltr'><strong>perturbationem</strong></span> <span class='ocrx_word' id='word_1_551' title='bbox 2543 3102 2856 3174; x_wconf 88' lang='lat' dir='ltr'><strong>imprudens</strong></span> <span class='ocrx_word' id='word_1_552' title='bbox 2908 3112 3161 3176; x_wconf 83' lang='lat' dir='ltr'><strong>procedat</strong></span> <span class='ocrx_word' id='word_1_553' title='bbox 3217 3113 3394 3170; x_wconf 88' lang='lat' dir='ltr'><strong>inten-</strong></span> 
     </span>
    </p>
   </div>
   <div class='ocr_carea' id='block_1_84' title="bbox 1794 3186 3394 3272">
    <p class='ocr_par' dir='ltr' id='par_1_84' title="bbox 1794 3186 3394 3272">
     <span class='ocr_line' id='line_1_84' title="bbox 1794 3186 3394 3272; baseline 0.013 -32"><span class='ocrx_word' id='word_1_554' title='bbox 1794 3186 1892 3250; x_wconf 87' lang='lat' dir='ltr'><strong>tio,</strong></span> <span class='ocrx_word' id='word_1_555' title='bbox 1933 3197 1988 3243; x_wconf 88' lang='lat' dir='ltr'><strong>et</strong></span> <span class='ocrx_word' id='word_1_556' title='bbox 2045 3205 2104 3242; x_wconf 88' lang='lat' dir='ltr'><strong>ea</strong></span> <span class='ocrx_word' id='word_1_557' title='bbox 2148 3207 2268 3262; x_wconf 59' lang='lat' dir='ltr'><strong>quas</strong></span> <span class='ocrx_word' id='word_1_558' title='bbox 2314 3208 2342 3244; x_wconf 90' lang='lat' dir='ltr'><strong>a</strong></span> <span class='ocrx_word' id='word_1_559' title='bbox 2390 3195 2591 3248; x_wconf 84' lang='lat' dir='ltr'><strong>sanctis</strong></span> <span class='ocrx_word' id='word_1_560' title='bbox 2648 3197 3132 3265; x_wconf 68' lang='lat' dir='ltr'><strong>prmdecessoribus</strong></span> <span class='ocrx_word' id='word_1_561' title='bbox 3170 3208 3394 3272; x_wconf 87' lang='lat' dir='ltr'><strong>nostris,</strong></span> 
     </span>
    </p>
   </div>
   <div class='ocr_carea' id='block_1_85' title="bbox 1793 3282 3389 3364">
    <p class='ocr_par' dir='ltr' id='par_1_85' title="bbox 1793 3282 3389 3364">
     <span class='ocr_line' id='line_1_85' title="bbox 1793 3282 3389 3364; baseline 0.009 -28"><span class='ocrx_word' id='word_1_562' title='bbox 1793 3289 1847 3336; x_wconf 90' lang='lat' dir='ltr'><strong>et</strong></span> <span class='ocrx_word' id='word_1_563' title='bbox 1868 3282 2089 3353; x_wconf 87' lang='lat' dir='ltr'><strong>reliquis</strong></span> <span class='ocrx_word' id='word_1_564' title='bbox 2136 3283 2337 3339; x_wconf 84' lang='lat' dir='ltr'><strong>sanctis</strong></span> <span class='ocrx_word' id='word_1_565' title='bbox 2365 3284 2613 3342; x_wconf 88' lang='lat' dir='ltr'><strong>Patribus</strong></span> <span class='ocrx_word' id='word_1_566' title='bbox 2639 3286 2840 3343; x_wconf 89' lang='lat' dir='ltr'><strong>dudum</strong></span> <span class='ocrx_word' id='word_1_567' title='bbox 2865 3290 3075 3347; x_wconf 86' lang='lat' dir='ltr'><strong>fuerant</strong></span> <span class='ocrx_word' id='word_1_568' title='bbox 3098 3294 3389 3364; x_wconf 85' lang='lat' dir='ltr'><strong>prohibita,</strong></span> 
     </span>
    </p>
   </div>
   <div class='ocr_carea' id='block_1_86' title="bbox 1791 3377 3390 3463">
    <p class='ocr_par' dir='ltr' id='par_1_86' title="bbox 1791 3377 3390 3463">
     <span class='ocr_line' id='line_1_86' title="bbox 1791 3377 3390 3463; baseline 0.009 -31"><span class='ocrx_word' id='word_1_569' title='bbox 1791 3377 1970 3432; x_wconf 88' lang='lat' dir='ltr'><strong>denuo</strong></span> <span class='ocrx_word' id='word_1_570' title='bbox 2024 3378 2369 3433; x_wconf 81' lang='lat' dir='ltr'><strong>reviviscaul.</strong></span> <span class='ocrx_word' id='word_1_571' title='bbox 2421 3380 2549 3436; x_wconf 89' lang='lat' dir='ltr'><strong>Loci</strong></span> <span class='ocrx_word' id='word_1_572' title='bbox 2596 3398 2826 3454; x_wconf 88' lang='lat' dir='ltr'><strong>namque</strong></span> <span class='ocrx_word' id='word_1_573' title='bbox 2891 3385 3058 3440; x_wconf 86' lang='lat' dir='ltr'><strong>nostri</strong></span> <span class='ocrx_word' id='word_1_574' title='bbox 3106 3389 3203 3460; x_wconf 83' lang='lat' dir='ltr'><strong>(S.</strong></span> <span class='ocrx_word' id='word_1_575' title='bbox 3236 3388 3390 3463; x_wconf 81' lang='lat' dir='ltr'><strong>Greg‘.</strong></span> 
     </span>
    </p>
   </div>
   <div class='ocr_carea' id='block_1_87' title="bbox 1792 3471 3388 3550">
    <p class='ocr_par' dir='ltr' id='par_1_87' title="bbox 1792 3471 3388 3550">
     <span class='ocr_line' id='line_1_87' title="bbox 1792 3471 3388 3550; baseline 0.009 -24"><span class='ocrx_word' id='word_1_576' title='bbox 1792 3471 1937 3542; x_wconf 88' lang='lat' dir='ltr'><strong>epist.</strong></span> <span class='ocrx_word' id='word_1_577' title='bbox 1982 3487 2066 3536; x_wconf 74' lang='grc' dir='ltr'><strong>χι,</strong></span> <span class='ocrx_word' id='word_1_578' title='bbox 2099 3472 2187 3526; x_wconf 86' lang='lat' dir='ltr'><strong>lib.</strong></span> <span class='ocrx_word' id='word_1_579' title='bbox 2224 3471 2342 3544; x_wconf 80' lang='lat' dir='ltr'><strong>xu)</strong></span> <span class='ocrx_word' id='word_1_580' title='bbox 2389 3475 2819 3534; x_wconf 71' lang='lat' dir='ltr'><strong>consideratione</strong></span> <span class='ocrx_word' id='word_1_581' title='bbox 2865 3481 3277 3550; x_wconf 87' lang='lat' dir='ltr'><strong>compellimur,</strong></span> <span class='ocrx_word' id='word_1_582' title='bbox 3324 3499 3388 3540; x_wconf 85' lang='lat' dir='ltr'><strong>ea</strong></span> 
     </span>
    </p>
   </div>
   <div class='ocr_carea' id='block_1_88' title="bbox 1793 3565 3392 3647">
    <p class='ocr_par' dir='ltr' id='par_1_88' title="bbox 1793 3565 3392 3647">
     <span class='ocr_line' id='line_1_88' title="bbox 1793 3565 3392 3647; baseline 0.011 -30"><span class='ocrx_word' id='word_1_583' title='bbox 1793 3581 1911 3636; x_wconf 74' lang='lat' dir='ltr'><strong>qua:</strong></span> <span class='ocrx_word' id='word_1_584' title='bbox 1944 3565 2009 3620; x_wconf 90' lang='lat' dir='ltr'><strong>ad</strong></span> <span class='ocrx_word' id='word_1_585' title='bbox 2049 3567 2290 3623; x_wconf 85' lang='lat' dir='ltr'><strong>notitiam</strong></span> <span class='ocrx_word' id='word_1_586' title='bbox 2331 3579 2568 3625; x_wconf 89' lang='lat' dir='ltr'><strong>nostram</strong></span> <span class='ocrx_word' id='word_1_587' title='bbox 2615 3573 2947 3629; x_wconf 86' lang='lat' dir='ltr'><strong>emendanda</strong></span> <span class='ocrx_word' id='word_1_588' title='bbox 2990 3588 3392 3647; x_wconf 87' lang='lat' dir='ltr'><strong>pervenerunt,</strong></span> 
     </span>
    </p>
   </div>
   <div class='ocr_carea' id='block_1_89' title="bbox 1792 3660 3394 3743">
    <p class='ocr_par' dir='ltr' id='par_1_89' title="bbox 1792 3660 3394 3743">
     <span class='ocr_line' id='line_1_89' title="bbox 1792 3660 3394 3743; baseline 0.01 -30"><span class='ocrx_word' id='word_1_589' title='bbox 1792 3668 2012 3730; x_wconf 85' lang='lat' dir='ltr'><strong>propter</strong></span> <span class='ocrx_word' id='word_1_590' title='bbox 2044 3660 2324 3715; x_wconf 89' lang='lat' dir='ltr'><strong>Dominum</strong></span> <span class='ocrx_word' id='word_1_591' title='bbox 2348 3679 2452 3717; x_wconf 92' lang='lat' dir='ltr'><strong>nou</strong></span> <span class='ocrx_word' id='word_1_592' title='bbox 2480 3666 2872 3738; x_wconf 86' lang='lat' dir='ltr'><strong>derelinquere,</strong></span> <span class='ocrx_word' id='word_1_593' title='bbox 2902 3669 2995 3724; x_wconf 89' lang='lat' dir='ltr'><strong>scd</strong></span> <span class='ocrx_word' id='word_1_594' title='bbox 3021 3670 3178 3743; x_wconf 88' lang='lat' dir='ltr'><strong>digna</strong></span> <span class='ocrx_word' id='word_1_595' title='bbox 3207 3689 3394 3729; x_wconf 91' lang='lat' dir='ltr'><strong>emen-</strong></span> 
     </span>
    </p>
   </div>
   <div class='ocr_carea' id='block_1_90' title="bbox 1792 3753 3392 3825">
    <p class='ocr_par' dir='ltr' id='par_1_90' title="bbox 1792 3753 3392 3825">
     <span class='ocr_line' id='line_1_90' title="bbox 1792 3753 3392 3825; baseline 0.009 -17"><span class='ocrx_word' id='word_1_596' title='bbox 1792 3753 2008 3808; x_wconf 88' lang='lat' dir='ltr'><strong>datione</strong></span> <span class='ocrx_word' id='word_1_597' title='bbox 2061 3755 2350 3825; x_wconf 87' lang='lat' dir='ltr'><strong>corrigere.</strong></span> <span class='ocrx_word' id='word_1_598' title='bbox 2403 3757 2467 3812; x_wconf 85' lang='lat' dir='ltr'><strong>Et</strong></span> <span class='ocrx_word' id='word_1_599' title='bbox 2514 3759 2557 3812; x_wconf 89' lang='lat' dir='ltr'><strong>si</strong></span> <span class='ocrx_word' id='word_1_600' title='bbox 2607 3763 2953 3817; x_wconf 69' lang='lat' dir='ltr'><strong>smcularibus</strong></span> <span class='ocrx_word' id='word_1_601' title='bbox 3006 3762 3198 3819; x_wconf 76' lang='lat' dir='ltr'><strong>officiis</strong></span> <span class='ocrx_word' id='word_1_602' title='bbox 3256 3767 3392 3822; x_wconf 91' lang='lat' dir='ltr'><strong>ordo</strong></span> 
     </span>
    </p>
   </div>
   <div class='ocr_carea' id='block_1_91' title="bbox 1791 3848 3389 3924">
    <p class='ocr_par' dir='ltr' id='par_1_91' title="bbox 1791 3848 3389 3924">
     <span class='ocr_line' id='line_1_91' title="bbox 1791 3848 3389 3924; baseline 0.009 -23"><span class='ocrx_word' id='word_1_603' title='bbox 1791 3862 1922 3902; x_wconf 91' lang='lat' dir='ltr'><strong>suus</strong></span> <span class='ocrx_word' id='word_1_604' title='bbox 1941 3888 1955 3914; x_wconf 93' lang='lat'><strong>,</strong></span> <span class='ocrx_word' id='word_1_605' title='bbox 1983 3857 2038 3902; x_wconf 89' lang='lat' dir='ltr'><strong>et</strong></span> <span class='ocrx_word' id='word_1_606' title='bbox 2065 3848 2255 3903; x_wconf 87' lang='lat' dir='ltr'><strong>tradita</strong></span> <span class='ocrx_word' id='word_1_607' title='bbox 2283 3866 2310 3902; x_wconf 90' lang='lat' dir='ltr'><strong>a</strong></span> <span class='ocrx_word' id='word_1_608' title='bbox 2338 3850 2629 3919; x_wconf 85' lang='lat' dir='ltr'><strong>majoribus</strong></span> <span class='ocrx_word' id='word_1_609' title='bbox 2662 3854 2940 3924; x_wconf 87' lang='lat' dir='ltr'><strong>disciplina</strong></span> <span class='ocrx_word' id='word_1_610' title='bbox 2973 3857 3234 3912; x_wconf 76' lang='lat' dir='ltr'><strong>servanda</strong></span> <span class='ocrx_word' id='word_1_611' title='bbox 3274 3868 3389 3924; x_wconf 91' lang='lat' dir='ltr'><strong>est,</strong></span> 
     </span>
    </p>
   </div>
   <div class='ocr_carea' id='block_1_92' title="bbox 1791 3938 3388 4016">
    <p class='ocr_par' dir='ltr' id='par_1_92' title="bbox 1791 3938 3388 4016">
     <span class='ocr_line' id='line_1_92' title="bbox 1791 3938 3388 4016; baseline 0.009 -26"><span class='ocrx_word' id='word_1_612' title='bbox 1791 3939 1910 4009; x_wconf 89' lang='lat' dir='ltr'><strong>quis</strong></span> <span class='ocrx_word' id='word_1_613' title='bbox 1947 3938 2080 3994; x_wconf 86' lang='lat' dir='ltr'><strong>ferat</strong></span> <span class='ocrx_word' id='word_1_614' title='bbox 2124 3939 2518 3996; x_wconf 87' lang='lat' dir='ltr'><strong>ecclesiasticos</strong></span> <span class='ocrx_word' id='word_1_615' title='bbox 2551 3943 2765 3998; x_wconf 89' lang='lat' dir='ltr'><strong>ordines</strong></span> <span class='ocrx_word' id='word_1_616' title='bbox 2805 3946 3085 3999; x_wconf 86' lang='lat' dir='ltr'><strong>tcmcraria</strong></span> <span class='ocrx_word' id='word_1_617' title='bbox 3123 3962 3388 4016; x_wconf 66' lang='lat' dir='ltr'><strong>praesum-</strong></span> 
     </span>
    </p>
   </div>
   <div class='ocr_carea' id='block_1_93' title="bbox 1790 4030 3387 4106">
    <p class='ocr_par' dir='ltr' id='par_1_93' title="bbox 1790 4030 3387 4106">
     <span class='ocr_line' id='line_1_93' title="bbox 1790 4030 3387 4106; baseline 0.009 -22"><span class='ocrx_word' id='word_1_618' title='bbox 1790 4032 1972 4100; x_wconf 87' lang='lat' dir='ltr'><strong>ptione</strong></span> <span class='ocrx_word' id='word_1_619' title='bbox 1999 4030 2272 4099; x_wconf 86' lang='lat' dir='ltr'><strong>confundi,</strong></span> <span class='ocrx_word' id='word_1_620' title='bbox 2292 4033 2470 4086; x_wconf 85' lang='lat' dir='ltr'><strong>audita</strong></span> <span class='ocrx_word' id='word_1_621' title='bbox 2504 4034 2792 4104; x_wconf 81' lang='lat' dir='ltr'><strong>negligere,</strong></span> <span class='ocrx_word' id='word_1_622' title='bbox 2817 4045 2871 4089; x_wconf 88' lang='lat' dir='ltr'><strong>et</strong></span> <span class='ocrx_word' id='word_1_623' title='bbox 2905 4036 3256 4106; x_wconf 87' lang='lat' dir='ltr'><strong>emendanda,</strong></span> <span class='ocrx_word' id='word_1_624' title='bbox 3281 4057 3387 4097; x_wconf 89' lang='lat' dir='ltr'><strong>non</strong></span> 
     </span>
    </p>
   </div>
   <div class='ocr_carea' id='block_1_94' title="bbox 1791 4123 2604 4194">
    <p class='ocr_par' dir='ltr' id='par_1_94' title="bbox 1791 4123 2604 4194">
     <span class='ocr_line' id='line_1_94' title="bbox 1791 4123 2604 4194; baseline 0.002 -17"><span class='ocrx_word' id='word_1_625' title='bbox 1791 4137 1946 4192; x_wconf 84' lang='lat' dir='ltr'><strong>opem</strong></span> <span class='ocrx_word' id='word_1_626' title='bbox 1981 4123 2203 4178; x_wconf 88' lang='lat' dir='ltr'><strong>ferendo</strong></span> <span class='ocrx_word' id='word_1_627' title='bbox 2220 4164 2235 4188; x_wconf 91' lang='lat'><strong>,</strong></span> <span class='ocrx_word' id='word_1_628' title='bbox 2261 4136 2604 4194; x_wconf 80' lang='lat' dir='ltr'><strong>postponere.</strong></span> 
     </span>
    </p>
   </div>
   <div class='ocr_carea' id='block_1_95' title="bbox 1857 4205 3387 4293">
    <p class='ocr_par' dir='ltr' id='par_1_95' title="bbox 1857 4205 3387 4293">
     <span class='ocr_line' id='line_1_95' title="bbox 1857 4205 3387 4293; baseline 0.009 -25"><span class='ocrx_word' id='word_1_629' title='bbox 1857 4215 1900 4268; x_wconf 85' lang='grc' dir='ltr'><strong>Ι.</strong></span> <span class='ocrx_word' id='word_1_630' title='bbox 1932 4215 2247 4270; x_wconf 85' lang='lat' dir='ltr'><strong>Audivimus</strong></span> <span class='ocrx_word' id='word_1_631' title='bbox 2270 4205 2412 4269; x_wconf 80' lang='lat' dir='ltr'><strong>enim</strong></span> <span class='ocrx_word' id='word_1_632' title='bbox 2447 4232 2541 4271; x_wconf 87' lang='lat' dir='ltr'><strong>vos</strong></span> <span class='ocrx_word' id='word_1_633' title='bbox 2570 4232 2598 4270; x_wconf 94' lang='lat' dir='ltr'><strong>a</strong></span> <span class='ocrx_word' id='word_1_634' title='bbox 2624 4219 2941 4287; x_wconf 88' lang='lat' dir='ltr'><strong>quibusdam</strong></span> <span class='ocrx_word' id='word_1_635' title='bbox 2973 4225 3236 4293; x_wconf 90' lang='lat' dir='ltr'><strong>accusari,</strong></span> <span class='ocrx_word' id='word_1_636' title='bbox 3281 4243 3387 4283; x_wconf 88' lang='lat' dir='ltr'><strong>non</strong></span> 
     </span>
    </p>
   </div>
   <div class='ocr_carea' id='block_1_96' title="bbox 1788 4308 3394 4385">
    <p class='ocr_par' dir='ltr' id='par_1_96' title="bbox 1788 4308 3394 4385">
     <span class='ocr_line' id='line_1_96' title="bbox 1788 4308 3394 4385; baseline 0.008 -22"><span class='ocrx_word' id='word_1_637' title='bbox 1788 4318 1894 4363; x_wconf 89' lang='lat' dir='ltr'><strong>tam</strong></span> <span class='ocrx_word' id='word_1_638' title='bbox 1928 4322 2023 4377; x_wconf 90' lang='lat' dir='ltr'><strong>pro</strong></span> <span class='ocrx_word' id='word_1_639' title='bbox 2064 4317 2236 4361; x_wconf 80' lang='lat' dir='ltr'><strong>vestra</strong></span> <span class='ocrx_word' id='word_1_640' title='bbox 2294 4308 2472 4376; x_wconf 89' lang='lat' dir='ltr'><strong>culpa,</strong></span> <span class='ocrx_word' id='word_1_641' title='bbox 2527 4324 2685 4378; x_wconf 88' lang='lat' dir='ltr'><strong>quam</strong></span> <span class='ocrx_word' id='word_1_642' title='bbox 2721 4326 2815 4380; x_wconf 89' lang='lat' dir='ltr'><strong>pro</strong></span> <span class='ocrx_word' id='word_1_643' title='bbox 2871 4329 3057 4369; x_wconf 89' lang='lat' dir='ltr'><strong>eorum</strong></span> <span class='ocrx_word' id='word_1_644' title='bbox 3115 4316 3289 4385; x_wconf 87' lang='lat' dir='ltr'><strong>libittt,</strong></span> <span class='ocrx_word' id='word_1_645' title='bbox 3335 4331 3394 4377; x_wconf 88' lang='lat' dir='ltr'><strong>ut</strong></span> 
     </span>
    </p>
   </div>
   <div class='ocr_carea' id='block_1_97' title="bbox 1787 4401 3392 4483">
    <p class='ocr_par' dir='ltr' id='par_1_97' title="bbox 1787 4401 3392 4483">
     <span class='ocr_line' id='line_1_97' title="bbox 1787 4401 3392 4483; baseline 0.007 -27"><span class='ocrx_word' id='word_1_646' title='bbox 1787 4411 1962 4457; x_wconf 80' lang='lat' dir='ltr'><strong>vestra</strong></span> <span class='ocrx_word' id='word_1_647' title='bbox 1994 4416 2183 4469; x_wconf 90' lang='lat' dir='ltr'><strong>rapere</strong></span> <span class='ocrx_word' id='word_1_648' title='bbox 2215 4401 2454 4470; x_wconf 82' lang='lat' dir='ltr'><strong>possint:</strong></span> <span class='ocrx_word' id='word_1_649' title='bbox 2499 4411 2555 4456; x_wconf 90' lang='lat' dir='ltr'><strong>et</strong></span> <span class='ocrx_word' id='word_1_650' title='bbox 2611 4403 2731 4457; x_wconf 89' lang='lat' dir='ltr'><strong>ideo</strong></span> <span class='ocrx_word' id='word_1_651' title='bbox 2779 4420 2873 4459; x_wconf 74' lang='lat' dir='ltr'><strong>vos</strong></span> <span class='ocrx_word' id='word_1_652' title='bbox 2919 4408 3079 4464; x_wconf 89' lang='lat' dir='ltr'><strong>nimis</strong></span> <span class='ocrx_word' id='word_1_653' title='bbox 3124 4410 3287 4483; x_wconf 85' lang='lat' dir='ltr'><strong>afﬂigi</strong></span> <span class='ocrx_word' id='word_1_654' title='bbox 3336 4425 3392 4472; x_wconf 88' lang='lat' dir='ltr'><strong>et</strong></span> 
     </span>
    </p>
   </div>
   <div class='ocr_carea' id='block_1_98' title="bbox 1787 4495 3389 4576">
    <p class='ocr_par' dir='ltr' id='par_1_98' title="bbox 1787 4495 3389 4576">
     <span class='ocr_line' id='line_1_98' title="bbox 1787 4495 3389 4576; baseline 0.009 -27"><span class='ocrx_word' id='word_1_655' title='bbox 1787 4495 1998 4550; x_wconf 86' lang='lat' dir='ltr'><strong>concuti</strong></span> <span class='ocrx_word' id='word_1_656' title='bbox 2033 4496 2084 4549; x_wconf 92' lang='lat' dir='ltr'><strong>in</strong></span> <span class='ocrx_word' id='word_1_657' title='bbox 2107 4503 2334 4556; x_wconf 88' lang='lat' dir='ltr'><strong>tantum,</strong></span> <span class='ocrx_word' id='word_1_658' title='bbox 2375 4501 2431 4547; x_wconf 90' lang='lat' dir='ltr'><strong>ut</strong></span> <span class='ocrx_word' id='word_1_659' title='bbox 2452 4495 2614 4550; x_wconf 89' lang='lat' dir='ltr'><strong>etiam</strong></span> <span class='ocrx_word' id='word_1_660' title='bbox 2646 4512 2674 4550; x_wconf 89' lang='lat' dir='ltr'><strong>a</strong></span> <span class='ocrx_word' id='word_1_661' title='bbox 2706 4497 2923 4553; x_wconf 88' lang='lat' dir='ltr'><strong>sedibus</strong></span> <span class='ocrx_word' id='word_1_662' title='bbox 2955 4504 3188 4573; x_wconf 87' lang='lat' dir='ltr'><strong>propriis</strong></span> <span class='ocrx_word' id='word_1_663' title='bbox 3219 4507 3389 4576; x_wconf 84' lang='lat' dir='ltr'><strong>pella-</strong></span> 
     </span>
    </p>
   </div>
   <div class='ocr_carea' id='block_1_99' title="bbox 1790 4586 3389 4666">
    <p class='ocr_par' dir='ltr' id='par_1_99' title="bbox 1790 4586 3389 4666">
     <span class='ocr_line' id='line_1_99' title="bbox 1790 4586 3389 4666; baseline 0.008 -24"><span class='ocrx_word' id='word_1_664' title='bbox 1790 4587 1940 4651; x_wconf 89' lang='lat' dir='ltr'><strong>miui,</strong></span> <span class='ocrx_word' id='word_1_665' title='bbox 1970 4597 2024 4644; x_wconf 89' lang='lat' dir='ltr'><strong>et</strong></span> <span class='ocrx_word' id='word_1_666' title='bbox 2053 4586 2142 4641; x_wconf 92' lang='lat' dir='ltr'><strong>tali</strong></span> <span class='ocrx_word' id='word_1_667' title='bbox 2171 4586 2456 4642; x_wconf 87' lang='lat' dir='ltr'><strong>occasione</strong></span> <span class='ocrx_word' id='word_1_668' title='bbox 2485 4587 2740 4643; x_wconf 70' lang='lat' dir='ltr'><strong>Ecclesia:</strong></span> <span class='ocrx_word' id='word_1_669' title='bbox 2778 4589 3167 4666; x_wconf 87' lang='lat' dir='ltr'><strong>facultatesque</strong></span> <span class='ocrx_word' id='word_1_670' title='bbox 3192 4609 3389 4655; x_wconf 74' lang='lat' dir='ltr'><strong>vestra:</strong></span> 
     </span>
    </p>
   </div>
   <div class='ocr_carea' id='block_1_100' title="bbox 1708 4656 3389 4759">
    <p class='ocr_par' dir='ltr' id='par_1_100' title="bbox 1708 4656 3389 4759">
     <span class='ocr_line' id='line_1_100' title="bbox 1708 4656 3389 4759; baseline 0.005 -23"><span class='ocrx_word' id='word_1_671' title='bbox 1708 4656 1764 4717; x_wconf 70' lang='grc' dir='ltr'><strong>Β</strong></span> <span class='ocrx_word' id='word_1_672' title='bbox 1792 4692 2067 4737; x_wconf 82' lang='lat' dir='ltr'><strong>vastantur</strong></span> <span class='ocrx_word' id='word_1_673' title='bbox 2093 4698 2153 4736; x_wconf 89' lang='lat' dir='ltr'><strong>ac</strong></span> <span class='ocrx_word' id='word_1_674' title='bbox 2174 4680 2575 4752; x_wconf 72' lang='lat' dir='ltr'><strong>deprzetlcntur.</strong></span> <span class='ocrx_word' id='word_1_675' title='bbox 2594 4679 2724 4748; x_wconf 87' lang='lat' dir='ltr'><strong>Ista,</strong></span> <span class='ocrx_word' id='word_1_676' title='bbox 2746 4682 3076 4753; x_wconf 88' lang='lat' dir='ltr'><strong>cbarissimi,</strong></span> <span class='ocrx_word' id='word_1_677' title='bbox 3105 4704 3210 4742; x_wconf 87' lang='lat' dir='ltr'><strong>non</strong></span> <span class='ocrx_word' id='word_1_678' title='bbox 3231 4704 3389 4759; x_wconf 88' lang='lat' dir='ltr'><strong>opor-</strong></span> 
     </span>
    </p>
   </div>
   <div class='ocr_carea' id='block_1_101' title="bbox 1793 4775 3392 4848">
    <p class='ocr_par' dir='ltr' id='par_1_101' title="bbox 1793 4775 3392 4848">
     <span class='ocr_line' id='line_1_101' title="bbox 1793 4775 3392 4848; baseline 0.005 -14"><span class='ocrx_word' id='word_1_679' title='bbox 1793 4787 1869 4836; x_wconf 89' lang='lat' dir='ltr'><strong>tet</strong></span> <span class='ocrx_word' id='word_1_680' title='bbox 1896 4775 2034 4841; x_wconf 84' lang='lat' dir='ltr'><strong>ﬁeri,</strong></span> <span class='ocrx_word' id='word_1_681' title='bbox 2085 4791 2185 4832; x_wconf 88' lang='lat' dir='ltr'><strong>nec</strong></span> <span class='ocrx_word' id='word_1_682' title='bbox 2232 4775 2413 4832; x_wconf 67' lang='lat' dir='ltr'><strong>denuo</strong></span> <span class='ocrx_word' id='word_1_683' title='bbox 2443 4776 2714 4848; x_wconf 84' lang='lat' dir='ltr'><strong>replicari.</strong></span> <span class='ocrx_word' id='word_1_684' title='bbox 2751 4778 2954 4835; x_wconf 87' lang='lat' dir='ltr'><strong>Tamen</strong></span> <span class='ocrx_word' id='word_1_685' title='bbox 2987 4796 3211 4838; x_wconf 89' lang='lat' dir='ltr'><strong>necesse</strong></span> <span class='ocrx_word' id='word_1_686' title='bbox 3232 4793 3392 4841; x_wconf 86' lang='lat' dir='ltr'><strong>estut</strong></span> 
     </span>
    </p>
   </div>
   <div class='ocr_carea' id='block_1_102' title="bbox 1790 4875 3390 4947">
    <p class='ocr_par' dir='ltr' id='par_1_102' title="bbox 1790 4875 3390 4947">
     <span class='ocr_line' id='line_1_102' title="bbox 1790 4875 3390 4947; baseline 0.005 -20"><span class='ocrx_word' id='word_1_687' title='bbox 1790 4890 1910 4945; x_wconf 73' lang='lat' dir='ltr'><strong>quae</strong></span> <span class='ocrx_word' id='word_1_688' title='bbox 1934 4875 2092 4930; x_wconf 90' lang='lat' dir='ltr'><strong>toties</strong></span> <span class='ocrx_word' id='word_1_689' title='bbox 2121 4884 2468 4945; x_wconf 88' lang='lat' dir='ltr'><strong>usurpantur,</strong></span> <span class='ocrx_word' id='word_1_690' title='bbox 2518 4875 2716 4944; x_wconf 80' lang='lat' dir='ltr'><strong>sacpius</strong></span> <span class='ocrx_word' id='word_1_691' title='bbox 2745 4875 3074 4945; x_wconf 88' lang='lat' dir='ltr'><strong>rcplicentur</strong></span> <span class='ocrx_word' id='word_1_692' title='bbox 3114 4887 3169 4932; x_wconf 89' lang='lat' dir='ltr'><strong>et</strong></span> <span class='ocrx_word' id='word_1_693' title='bbox 3206 4879 3390 4947; x_wconf 86' lang='lat' dir='ltr'><strong>probi-</strong></span> 
     </span>
    </p>
   </div>
   <div class='ocr_carea' id='block_1_103' title="bbox 1792 4969 3389 5041">
    <p class='ocr_par' dir='ltr' id='par_1_103' title="bbox 1792 4969 3389 5041">
     <span class='ocr_line' id='line_1_103' title="bbox 1792 4969 3389 5041; baseline 0.001 -13"><span class='ocrx_word' id='word_1_694' title='bbox 1792 4973 2040 5031; x_wconf 84' lang='lat' dir='ltr'><strong>beantur.</strong></span> <span class='ocrx_word' id='word_1_695' title='bbox 2087 4969 2219 5026; x_wconf 89' lang='lat' dir='ltr'><strong>Nam</strong></span> <span class='ocrx_word' id='word_1_696' title='bbox 2281 4969 2534 5041; x_wconf 78' lang='lat' dir='ltr'><strong>quidquid</strong></span> <span class='ocrx_word' id='word_1_697' title='bbox 2592 4970 2644 5025; x_wconf 91' lang='lat' dir='ltr'><strong>in</strong></span> <span class='ocrx_word' id='word_1_698' title='bbox 2702 4972 2927 5026; x_wconf 87' lang='lat' dir='ltr'><strong>sacratis</strong></span> <span class='ocrx_word' id='word_1_699' title='bbox 2972 4971 3081 5027; x_wconf 91' lang='lat' dir='ltr'><strong>Deo</strong></span> <span class='ocrx_word' id='word_1_700' title='bbox 3128 4973 3288 5027; x_wconf 90' lang='lat' dir='ltr'><strong>rebus</strong></span> <span class='ocrx_word' id='word_1_701' title='bbox 3337 4985 3389 5029; x_wconf 91' lang='lat' dir='ltr'><strong>et</strong></span> 
     </span>
    </p>
   </div>
   <div class='ocr_carea' id='block_1_104' title="bbox 1795 5061 3387 5142">
    <p class='ocr_par' dir='ltr' id='par_1_104' title="bbox 1795 5061 3387 5142">
     <span class='ocr_line' id='line_1_104' title="bbox 1795 5061 3387 5142; baseline 0.001 -24"><span class='ocrx_word' id='word_1_702' title='bbox 1795 5064 2062 5142; x_wconf 82' lang='lat' dir='ltr'><strong>episcopis</strong></span> <span class='ocrx_word' id='word_1_703' title='bbox 2092 5062 2289 5133; x_wconf 87' lang='lat' dir='ltr'><strong>injuste</strong></span> <span class='ocrx_word' id='word_1_704' title='bbox 2316 5064 2511 5132; x_wconf 85' lang='lat' dir='ltr'><strong>agitur,</strong></span> <span class='ocrx_word' id='word_1_705' title='bbox 2567 5077 2663 5133; x_wconf 86' lang='lat' dir='ltr'><strong>pro</strong></span> <span class='ocrx_word' id='word_1_706' title='bbox 2711 5061 2993 5134; x_wconf 85' lang='lat' dir='ltr'><strong>sacrilegio</strong></span> <span class='ocrx_word' id='word_1_707' title='bbox 3032 5064 3387 5133; x_wconf 90' lang='lat' dir='ltr'><strong>reputabitur,</strong></span> 
     </span>
    </p>
   </div>
   <div class='ocr_carea' id='block_1_105' title="bbox 1394 5187 2020 5254">
    <p class='ocr_par' dir='ltr' id='par_1_105' title="bbox 1394 5187 2020 5254">
     <span class='ocr_line' id='line_1_105' title="bbox 1394 5187 2020 5254; baseline -0.022 0"><span class='ocrx_word' id='word_1_708' title='bbox 1394 5193 1760 5254; x_wconf 74' lang='lat' dir='ltr'><strong>VARIORUM</strong></span> <span class='ocrx_word' id='word_1_709' title='bbox 1790 5187 2020 5249; x_wconf 63' lang='lat' dir='ltr'><strong>NOTAE.</strong></span> 
     </span>
    </p>
   </div>
   <div class='ocr_carea' id='block_1_106' title="bbox 123 5305 1676 5387">
    <p class='ocr_par' dir='ltr' id='par_1_106' title="bbox 123 5305 1676 5387">
     <span class='ocr_line' id='line_1_106' title="bbox 123 5305 1676 5387; baseline 0.005 -27"><span class='ocrx_word' id='word_1_710' title='bbox 123 5305 284 5387; x_wconf 68' lang='lat' dir='ltr'><strong>tiones,</strong></span> <span class='ocrx_word' id='word_1_711' title='bbox 307 5329 436 5387; x_wconf 81' lang='lat' dir='ltr'><strong>quas</strong></span> <span class='ocrx_word' id='word_1_712' title='bbox 473 5316 604 5373; x_wconf 89' lang='lat' dir='ltr'><strong>dicit</strong></span> <span class='ocrx_word' id='word_1_713' title='bbox 630 5316 883 5373; x_wconf 86' lang='lat' dir='ltr'><strong>sacerdos</strong></span> <span class='ocrx_word' id='word_1_714' title='bbox 916 5331 1035 5371; x_wconf 87' lang='lat' dir='ltr'><strong>cum</strong></span> <span class='ocrx_word' id='word_1_715' title='bbox 1062 5329 1244 5387; x_wconf 84' lang='lat' dir='ltr'><strong>sacras</strong></span> <span class='ocrx_word' id='word_1_716' title='bbox 1271 5322 1451 5370; x_wconf 88' lang='lat' dir='ltr'><strong>vestes</strong></span> <span class='ocrx_word' id='word_1_717' title='bbox 1479 5313 1676 5369; x_wconf 87' lang='lat' dir='ltr'><strong>induit.</strong></span> 
     </span>
    </p>
   </div>
   <div class='ocr_carea' id='block_1_107' title="bbox 122 5375 1680 5469">
    <p class='ocr_par' dir='ltr' id='par_1_107' title="bbox 122 5375 1680 5469">
     <span class='ocr_line' id='line_1_107' title="bbox 122 5375 1680 5469; baseline 0.002 -31"><span class='ocrx_word' id='word_1_718' title='bbox 122 5375 653 5469; x_wconf 44' lang='lat' dir='ltr'><strong>{funes-Diaepnus,</strong></span> <span class='ocrx_word' id='word_1_719' title='bbox 700 5389 793 5443; x_wconf 92' lang='lat' dir='ltr'><strong>lib.</strong></span> <span class='ocrx_word' id='word_1_720' title='bbox 852 5407 886 5469; x_wconf 61' lang='grc' dir='ltr'><strong>ιι</strong></span> <span class='ocrx_word' id='word_1_721' title='bbox 942 5386 1369 5469; x_wconf 44' lang='grc' dir='ltr'><strong>νὲιωηϐιςρθογὶἱ,</strong></span> <span class='ocrx_word' id='word_1_722' title='bbox 1411 5401 1530 5469; x_wconf 79' lang='lat' dir='ltr'><strong>cap.</strong></span> <span class='ocrx_word' id='word_1_723' title='bbox 1586 5386 1680 5467; x_wconf 65' lang='grc'><strong>57.</strong></span> 
     </span>
    </p>
   </div>
   <div class='ocr_carea' id='block_1_108' title="bbox 124 5450 1682 5543">
    <p class='ocr_par' dir='ltr' id='par_1_108' title="bbox 124 5450 1682 5543">
     <span class='ocr_line' id='line_1_108' title="bbox 124 5450 1682 5543; baseline -0.002 -31"><span class='ocrx_word' id='word_1_724' title='bbox 124 5450 257 5543; x_wconf 51' lang='grc' dir='ltr'><strong>’λιπες</strong></span> <span class='ocrx_word' id='word_1_725' title='bbox 279 5457 590 5527; x_wconf 81' lang='lat' dir='ltr'><strong>Gregorium</strong></span> <span class='ocrx_word' id='word_1_726' title='bbox 628 5450 841 5531; x_wconf 83' lang='lat' dir='ltr'><strong>papam,</strong></span> <span class='ocrx_word' id='word_1_727' title='bbox 868 5461 1134 5543; x_wconf 59' lang='lat' dir='ltr'><strong>interalia</strong></span> <span class='ocrx_word' id='word_1_728' title='bbox 1160 5450 1323 5543; x_wconf 48' lang='lat' dir='ltr'><strong>diiua,</strong></span> <span class='ocrx_word' id='word_1_729' title='bbox 1358 5450 1609 5543; x_wconf 38' lang='lat' dir='ltr'><strong>&quot;tumis-se</strong></span> <span class='ocrx_word' id='word_1_730' title='bbox 1630 5457 1682 5543; x_wconf 79' lang='lat' dir='ltr'><strong>in</strong></span> 
     </span>
    </p>
   </div>
   <div class='ocr_carea' id='block_1_109' title="bbox 126 5518 1682 5608">
    <p class='ocr_par' dir='ltr' id='par_1_109' title="bbox 126 5518 1682 5608">
     <span class='ocr_line' id='line_1_109' title="bbox 126 5518 1682 5608; baseline -0.004 -24"><span class='ocrx_word' id='word_1_731' title='bbox 126 5518 331 5608; x_wconf 53' lang='grc' dir='ltr'>ξιπῆιιιι</span> <span class='ocrx_word' id='word_1_732' title='bbox 349 5518 666 5608; x_wconf 51' lang='lat' dir='ltr'><strong>vestimenta</strong></span> <span class='ocrx_word' id='word_1_733' title='bbox 698 5518 1053 5608; x_wconf 57' lang='lat' dir='ltr'><strong>sacerdotalia</strong></span> <span class='ocrx_word' id='word_1_734' title='bbox 1077 5539 1131 5585; x_wconf 90' lang='lat' dir='ltr'><strong>et</strong></span> <span class='ocrx_word' id='word_1_735' title='bbox 1161 5528 1451 5608; x_wconf 68' lang='lat' dir='ltr'><strong>clericalis.</strong></span> <span class='ocrx_word' id='word_1_736' title='bbox 1481 5526 1682 5608; x_wconf 42' lang='lat' dir='ltr'><strong>.&#39;l‘b_eo-</strong></span> 
     </span>
    </p>
   </div>
   <div class='ocr_carea' id='block_1_110' title="bbox 126 5587 1687 5679">
    <p class='ocr_par' dir='ltr' id='par_1_110' title="bbox 126 5587 1687 5679">
     <span class='ocr_line' id='line_1_110' title="bbox 126 5587 1687 5679; baseline -0.021 1"><span class='ocrx_word' id='word_1_737' title='bbox 126 5587 441 5679; x_wconf 45' lang='grc' dir='ltr'><strong>ἓθθέίυενίίὺ-</strong></span> <span class='ocrx_word' id='word_1_738' title='bbox 494 5619 531 5657; x_wconf 87' lang='grc' dir='ltr'><strong>ιι</strong></span> <span class='ocrx_word' id='word_1_739' title='bbox 579 5604 751 5679; x_wconf 44' lang='lat' dir='ltr'><strong>Hist,</strong></span> <span class='ocrx_word' id='word_1_740' title='bbox 801 5587 920 5672; x_wconf 84' lang='lat' dir='ltr'><strong>cap.</strong></span> <span class='ocrx_word' id='word_1_741' title='bbox 971 5603 1064 5679; x_wconf 63' lang='lat'><strong>27,</strong></span> <span class='ocrx_word' id='word_1_742' title='bbox 1114 5599 1356 5679; x_wconf 76' lang='lat' dir='ltr'><strong>meminit</strong></span> <span class='ocrx_word' id='word_1_743' title='bbox 1410 5596 1687 5679; x_wconf 65' lang='lat' dir='ltr'><strong>cujusdam</strong></span> 
     </span>
    </p>
   </div>
   <div class='ocr_carea' id='block_1_111' title="bbox 125 5666 1694 5748">
    <p class='ocr_par' dir='ltr' id='par_1_111' title="bbox 125 5666 1694 5748">
     <span class='ocr_line' id='line_1_111' title="bbox 125 5666 1694 5748; baseline 0 -26"><span class='ocrx_word' id='word_1_744' title='bbox 125 5666 261 5748; x_wconf 56' lang='grc' dir='ltr'><strong>νᾳξὶρ</strong></span> <span class='ocrx_word' id='word_1_745' title='bbox 288 5666 448 5748; x_wconf 65' lang='lat' dir='ltr'><strong>saera:</strong></span> <span class='ocrx_word' id='word_1_746' title='bbox 502 5690 659 5745; x_wconf 86' lang='lat' dir='ltr'><strong>quam</strong></span> <span class='ocrx_word' id='word_1_747' title='bbox 715 5666 1098 5748; x_wconf 67' lang='lat' dir='ltr'><strong>constitutions</strong></span> <span class='ocrx_word' id='word_1_748' title='bbox 1148 5671 1377 5748; x_wconf 53' lang='lat' dir='ltr'><strong>blueario</strong></span> <span class='ocrx_word' id='word_1_749' title='bbox 1432 5669 1694 5748; x_wconf 75' lang='lat' dir='ltr'><strong>episcopo</strong></span> 
     </span>
    </p>
   </div>
   <div class='ocr_carea' id='block_1_112' title="bbox 126 5733 1697 5817">
    <p class='ocr_par' dir='ltr' id='par_1_112' title="bbox 126 5733 1697 5817">
     <span class='ocr_line' id='line_1_112' title="bbox 126 5733 1697 5817; baseline -0.004 -19"><span class='ocrx_word' id='word_1_750' title='bbox 307 5743 452 5800; x_wconf 77' lang='lat' dir='ltr'><strong>Adde</strong></span> <span class='ocrx_word' id='word_1_751' title='bbox 505 5733 667 5817; x_wconf 79' lang='lat' dir='ltr'><strong>quod,</strong></span> <span class='ocrx_word' id='word_1_752' title='bbox 725 5747 911 5802; x_wconf 77' lang='lat' dir='ltr'><strong>libI‘Ol</strong></span> <span class='ocrx_word' id='word_1_753' title='bbox 952 5754 1131 5799; x_wconf 87' lang='lat' dir='ltr'><strong>contra</strong></span> <span class='ocrx_word' id='word_1_754' title='bbox 1162 5733 1482 5812; x_wconf 41' lang='lat' dir='ltr'><strong>Pelagium,—</strong></span> <span class='ocrx_word' id='word_1_755' title='bbox 1506 5733 1697 5792; x_wconf 81' lang='lat' dir='ltr'><strong>scribit</strong></span> 
     </span>
    </p>
   </div>
   <div class='ocr_carea' id='block_1_113' title="bbox 127 5801 1694 5890">
    <p class='ocr_par' dir='ltr' id='par_1_113' title="bbox 127 5801 1694 5890">
     <span class='ocr_line' id='line_1_113' title="bbox 127 5801 1694 5890; baseline -0.018 -1"><span class='ocrx_word' id='word_1_756' title='bbox 127 5801 466 5885; x_wconf 62' lang='lat' dir='ltr'><strong>uim!mns,</strong></span> <span class='ocrx_word' id='word_1_757' title='bbox 516 5801 819 5890; x_wconf 51' lang='lat' dir='ltr'><strong>épise&#39;opos,</strong></span> <span class='ocrx_word' id='word_1_758' title='bbox 845 5801 1218 5887; x_wconf 76' lang='lat' dir='ltr'><strong>presbyteros</strong></span> <span class='ocrx_word' id='word_1_759' title='bbox 1263 5801 1424 5884; x_wconf 66' lang='lat' dir='ltr'><strong>sique</strong></span> <span class='ocrx_word' id='word_1_760' title='bbox 1449 5801 1694 5867; x_wconf 42' lang='lat' dir='ltr'><strong>&#39;omuem</strong></span> 
     </span>
    </p>
   </div>
   <div class='ocr_carea' id='block_1_114' title="bbox 488 5910 928 5981">
    <p class='ocr_par' dir='ltr' id='par_1_114' title="bbox 488 5910 928 5981">
     <span class='ocr_line' id='line_1_114' title="bbox 488 5910 928 5981; baseline -0.011 -5"><span class='ocrx_word' id='word_1_761' title='bbox 488 5914 768 5981; x_wconf 65' lang='grc' dir='ltr'>Ῥηιιοι.</span> <span class='ocrx_word' id='word_1_762' title='bbox 816 5910 928 5973; x_wconf 81' lang='grc' dir='ltr'><strong>ΙΙΙ.</strong></span> 
     </span>
    </p>
   </div>
   <div class='ocr_carea' id='block_1_115' title="bbox 1784 5292 3392 5366">
    <p class='ocr_par' dir='ltr' id='par_1_115' title="bbox 1784 5292 3392 5366">
     <span class='ocr_line' id='line_1_115' title="bbox 1784 5292 3392 5366; baseline -0.017 0"><span class='ocrx_word' id='word_1_763' title='bbox 1784 5309 1994 5366; x_wconf 89' lang='lat' dir='ltr'><strong>clerum</strong></span> <span class='ocrx_word' id='word_1_764' title='bbox 2024 5302 2078 5354; x_wconf 89' lang='lat' dir='ltr'><strong>in</strong></span> <span class='ocrx_word' id='word_1_765' title='bbox 2107 5294 2357 5351; x_wconf 85' lang='lat' dir='ltr'><strong>sacrificii</strong></span> <span class='ocrx_word' id='word_1_766' title='bbox 2391 5292 2864 5366; x_wconf 82' lang='lat' dir='ltr'><strong>administratione</strong></span> <span class='ocrx_word' id='word_1_767' title='bbox 2888 5294 3129 5349; x_wconf 87' lang='lat' dir='ltr'><strong>candidis</strong></span> <span class='ocrx_word' id='word_1_768' title='bbox 3158 5300 3392 5355; x_wconf 69' lang='lat' dir='ltr'><strong>vestibus</strong></span> 
     </span>
    </p>
   </div>
   <div class='ocr_carea' id='block_1_116' title="bbox 1786 5364 3389 5436">
    <p class='ocr_par' dir='ltr' id='par_1_116' title="bbox 1786 5364 3389 5436">
     <span class='ocr_line' id='line_1_116' title="bbox 1786 5364 3389 5436; baseline -0.012 0"><span class='ocrx_word' id='word_1_769' title='bbox 1786 5364 1862 5436; x_wconf 60' lang='lat' dir='ltr'><strong>illi</strong></span> <span class='ocrx_word' id='word_1_770' title='bbox 1894 5377 2080 5432; x_wconf 79' lang='lat' dir='ltr'><strong>Solitos</strong></span> <span class='ocrx_word' id='word_1_771' title='bbox 2108 5368 2292 5422; x_wconf 79' lang='lat' dir='ltr'><strong>fuisse.</strong></span> <span class='ocrx_word' id='word_1_772' title='bbox 2353 5366 2531 5434; x_wconf 84' lang='lat' dir='ltr'><strong>Itaque</strong></span> <span class='ocrx_word' id='word_1_773' title='bbox 2570 5364 2672 5418; x_wconf 79' lang='lat' dir='ltr'><strong>hoc</strong></span> <span class='ocrx_word' id='word_1_774' title='bbox 2722 5367 2789 5419; x_wconf 76' lang='lat' dir='ltr'><strong>dt:</strong></span> <span class='ocrx_word' id='word_1_775' title='bbox 2839 5368 3008 5420; x_wconf 85' lang='lat' dir='ltr'><strong>sacris</strong></span> <span class='ocrx_word' id='word_1_776' title='bbox 3055 5369 3389 5426; x_wconf 73' lang='lat' dir='ltr'><strong>vestiti-emis</strong></span> 
     </span>
    </p>
   </div>
   <div class='ocr_carea' id='block_1_117' title="bbox 1788 5437 3391 5517">
    <p class='ocr_par' dir='ltr' id='par_1_117' title="bbox 1788 5437 3391 5517">
     <span class='ocr_line' id='line_1_117' title="bbox 1788 5437 3391 5517; baseline -0.006 -9"><span class='ocrx_word' id='word_1_777' title='bbox 1788 5446 2044 5517; x_wconf 83' lang='lat' dir='ltr'><strong>Stephani</strong></span> <span class='ocrx_word' id='word_1_778' title='bbox 2090 5440 2387 5500; x_wconf 71' lang='lat' dir='ltr'><strong>tle-cretum,</strong></span> <span class='ocrx_word' id='word_1_779' title='bbox 2439 5451 2541 5517; x_wconf 75' lang='lat' dir='ltr'><strong>non</strong></span> <span class='ocrx_word' id='word_1_780' title='bbox 2587 5445 2790 5517; x_wconf 75' lang='lat' dir='ltr'><strong>tantum</strong></span> <span class='ocrx_word' id='word_1_781' title='bbox 2823 5437 2890 5488; x_wconf 86' lang='lat' dir='ltr'><strong>ab</strong></span> <span class='ocrx_word' id='word_1_782' title='bbox 2948 5440 3064 5506; x_wconf 89' lang='lat' dir='ltr'><strong>ipso</strong></span> <span class='ocrx_word' id='word_1_783' title='bbox 3119 5440 3391 5517; x_wconf 77' lang='lat' dir='ltr'><strong>ipsiusque</strong></span> 
     </span>
    </p>
   </div>
   <div class='ocr_carea' id='block_1_118' title="bbox 1791 5506 3392 5592">
    <p class='ocr_par' dir='ltr' id='par_1_118' title="bbox 1791 5506 3392 5592">
     <span class='ocr_line' id='line_1_118' title="bbox 1791 5506 3392 5592; baseline -0.038 -16"><span class='ocrx_word' id='word_1_784' title='bbox 1791 5506 2107 5592; x_wconf 78' lang='lat' dir='ltr'><strong>quibusdam</strong></span> <span class='ocrx_word' id='word_1_785' title='bbox 2169 5507 2601 5592; x_wconf 68' lang='lat' dir='ltr'><strong>antecessoribus</strong></span> <span class='ocrx_word' id='word_1_786' title='bbox 2657 5506 2791 5592; x_wconf 39' lang='lat' dir='ltr'><strong>ite-ne</strong></span> <span class='ocrx_word' id='word_1_787' title='bbox 2866 5522 2930 5561; x_wconf 63' lang='lat' dir='ltr'><strong>ac</strong></span> <span class='ocrx_word' id='word_1_788' title='bbox 2972 5506 3392 5592; x_wconf 38' lang='lat' dir='ltr'><strong>_c0nvenim|ipr</strong></span> 
     </span>
    </p>
   </div>
   <div class='ocr_carea' id='block_1_119' title="bbox 1795 5576 3393 5665">
    <p class='ocr_par' dir='ltr' id='par_1_119' title="bbox 1795 5576 3393 5665">
     <span class='ocr_line' id='line_1_119' title="bbox 1795 5576 3393 5665; baseline -0.004 -19"><span class='ocrx_word' id='word_1_789' title='bbox 1795 5576 2187 5665; x_wconf 69' lang='lat' dir='ltr'><strong>promulgatum</strong></span> <span class='ocrx_word' id='word_1_790' title='bbox 2217 5587 2319 5665; x_wconf 66' lang='lat' dir='ltr'><strong>est,</strong></span> <span class='ocrx_word' id='word_1_791' title='bbox 2349 5576 2441 5630; x_wconf 86' lang='lat' dir='ltr'><strong>sed</strong></span> <span class='ocrx_word' id='word_1_792' title='bbox 2468 5577 2629 5665; x_wconf 62' lang='lat' dir='ltr'><strong>etiarn</strong></span> <span class='ocrx_word' id='word_1_793' title='bbox 2661 5586 2772 5665; x_wconf 71' lang='lat' dir='ltr'><strong>toto</strong></span> <span class='ocrx_word' id='word_1_794' title='bbox 2803 5593 2941 5665; x_wconf 78' lang='lat' dir='ltr'><strong>pene</strong></span> <span class='ocrx_word' id='word_1_795' title='bbox 2969 5590 3230 5665; x_wconf 76' lang='lat' dir='ltr'><strong>terrarum</strong></span> <span class='ocrx_word' id='word_1_796' title='bbox 3264 5586 3393 5665; x_wconf 76' lang='lat' dir='ltr'><strong>orbe</strong></span> 
     </span>
    </p>
   </div>
   <div class='ocr_carea' id='block_1_120' title="bbox 1798 5646 3393 5720">
    <p class='ocr_par' dir='ltr' id='par_1_120' title="bbox 1798 5646 3393 5720">
     <span class='ocr_line' id='line_1_120' title="bbox 1798 5646 3393 5720; baseline -0.005 -1"><span class='ocrx_word' id='word_1_797' title='bbox 1798 5646 2047 5720; x_wconf 55' lang='lat' dir='ltr'><strong>amnibus</strong></span> <span class='ocrx_word' id='word_1_798' title='bbox 2068 5651 2282 5709; x_wconf 76' lang='lat' dir='ltr'><strong>szeculis</strong></span> <span class='ocrx_word' id='word_1_799' title='bbox 2309 5656 2581 5717; x_wconf 77' lang='lat' dir='ltr'><strong>receptum</strong></span> <span class='ocrx_word' id='word_1_800' title='bbox 2605 5646 2725 5712; x_wconf 86' lang='lat' dir='ltr'><strong>fuit,</strong></span> <span class='ocrx_word' id='word_1_801' title='bbox 2751 5664 2813 5702; x_wconf 83' lang='lat' dir='ltr'><strong>ac</strong></span> <span class='ocrx_word' id='word_1_802' title='bbox 2829 5650 3053 5720; x_wconf 78' lang='lat' dir='ltr'><strong>proinde</strong></span> <span class='ocrx_word' id='word_1_803' title='bbox 3079 5654 3393 5711; x_wconf 83' lang='lat' dir='ltr'><strong>eorumdcm</strong></span> 
     </span>
    </p>
   </div>
   <div class='ocr_carea' id='block_1_121' title="bbox 1796 5719 3394 5801">
    <p class='ocr_par' dir='ltr' id='par_1_121' title="bbox 1796 5719 3394 5801">
     <span class='ocr_line' id='line_1_121' title="bbox 1796 5719 3394 5801; baseline -0.007 -10"><span class='ocrx_word' id='word_1_804' title='bbox 1796 5749 1945 5796; x_wconf 85' lang='lat' dir='ltr'><strong>usus,</strong></span> <span class='ocrx_word' id='word_1_805' title='bbox 1978 5728 2128 5801; x_wconf 86' lang='lat' dir='ltr'><strong>quasi</strong></span> <span class='ocrx_word' id='word_1_806' title='bbox 2156 5720 2682 5801; x_wconf 69' lang='lat' dir='ltr'><strong>quiindill‘ereussit</strong></span> <span class='ocrx_word' id='word_1_807' title='bbox 2726 5734 2835 5801; x_wconf 62' lang='lat' dir='ltr'><strong>non</strong></span> <span class='ocrx_word' id='word_1_808' title='bbox 2879 5719 2981 5771; x_wconf 89' lang='lat' dir='ltr'><strong>nisi</strong></span> <span class='ocrx_word' id='word_1_809' title='bbox 3012 5721 3081 5801; x_wconf 74' lang='lat' dir='ltr'><strong>ab</strong></span> <span class='ocrx_word' id='word_1_810' title='bbox 3129 5723 3394 5786; x_wconf 66' lang='lat' dir='ltr'><strong>lterclieis</strong></span> 
     </span>
    </p>
   </div>
   <div class='ocr_carea' id='block_1_122' title="bbox 1799 5789 3135 5877">
    <p class='ocr_par' dir='ltr' id='par_1_122' title="bbox 1799 5789 3135 5877">
     <span class='ocr_line' id='line_1_122' title="bbox 1799 5789 3135 5877; baseline 0.018 -51"><span class='ocrx_word' id='word_1_811' title='bbox 1799 5789 2061 5877; x_wconf 37' lang='grc' dir='ltr'><strong>ἡμῶν,</strong></span> <span class='ocrx_word' id='word_1_812' title='bbox 2092 5789 2363 5867; x_wconf 68' lang='grc' dir='ltr'><strong>γρι’ρι;ιηρ</strong></span> <span class='ocrx_word' id='word_1_813' title='bbox 2390 5791 2691 5863; x_wconf 78' lang='lat' dir='ltr'><strong>negligitur.</strong></span> <span class='ocrx_word' id='word_1_814' title='bbox 2726 5789 2983 5843; x_wconf 62' lang='lat' dir='ltr'><strong>Serenus.</strong></span> <span class='ocrx_word' id='word_1_815' title='bbox 3020 5790 3135 5850; x_wconf 77' lang='lat' dir='ltr'><strong>BIN.</strong></span> 
     </span>
    </p>
   </div>
   <div class='ocr_carea' id='block_1_123' title="bbox 2644 5877 2723 5944">
    <p class='ocr_par' dir='ltr' id='par_1_123' title="bbox 2644 5877 2723 5944">
     <span class='ocr_line' id='line_1_123' title="bbox 2644 5877 2723 5944; baseline 0.013 -1"><span class='ocrx_word' id='word_1_816' title='bbox 2644 5877 2723 5944; x_wconf 71' lang='lat'><strong>32</strong></span> 
     </span>
    </p>
   </div>
  </div>
