3742 6282
315 331 458 390 1005
1063 322 1426 384 EPISTOLE
1466 321 1917 382 DECRETALES
1950 320 2007 381 S.
2047 318 2410 380 STEPHANO
2438 316 2861 380 ADSCRIPTE.
3434 318 3544 379 1004

313 448 440 520 quia
470 446 678 502 sacrata
705 446 847 507 sunt,
882 447 936 497 et
963 438 1150 496 violari
1182 457 1212 497 a
1244 457 1512 514 quoquam
1552 457 1659 497 non
1685 440 1905 496 debent.
1936 442 1986 504 Α
2086 435 2153 497 ν.
2188 439 2297 496 Eos
2338 454 2552 513 quoque
2596 439 2720 496 dico
2765 435 3247 493 anathematizatos
3296 448 3405 491 esse
3447 451 3551 508 quos

392 539 455 595 ll.
481 537 670 594 Nullus
695 535 838 591 enim
866 533 1242 606 episcOpornm
1276 534 1355 603 (‘2,
1387 552 1437 607 ᾳ.
1469 535 1523 589 2.
1554 532 1747 589 Nullus
1775 533 1908 604 epis-
2017 534 2251 605 episcopi
2281 536 2392 590 suis
2419 536 2635 603 scriptis
2664 532 3287 596 anathematizavernnt,
3311 539 3392 585 aut
3409 546 3560 592 eorum

320 633 612 707 coporum),
641 630 770 687 dum
811 630 922 685 suis
978 629 1137 684 fuerit
1184 628 1347 684 rebus
1391 628 1715 700 expoliatus,
1749 632 1841 681 aut
1881 640 1911 680 τι
2014 636 2212 682 statuta
2234 627 2708 683 anathematizant.
2736 627 2838 682 Per
2858 625 3063 695 scripta
3091 623 3232 697 (λς.
3253 622 3309 695 8)
3327 623 3453 678 enim
3472 626 3563 680 nul-

320 726 449 782 sede
488 723 703 797 propria
734 722 971 795 qualibet
996 720 1282 778 occasione
1307 722 1492 793 pulsus
1513 764 1528 789 ,
1563 720 1724 777 debet
1750 734 1915 774 accn—
2017 719 2102 775 lus
2133 730 2154 758 ο
2189 721 2461 776 accusatio
2486 719 2832 789 suscipiatur,
2858 718 2955 774 sed
2987 718 3206 788 propria
3228 730 3370 780 voce,
3394 716 3434 770 si
3459 716 3564 787 legi-

319 821 459 885 sari,
492 828 586 874 aut
620 835 649 874 a
679 833 948 889 quoquam
979 817 1028 873 ei
1072 826 1254 888 potest
1292 818 1498 871 crimen
1540 815 1698 886 objici
1721 856 1735 880 ,
1766 815 1916 885 prius
2021 813 2149 869 tiina
2170 820 2223 867 et
2241 812 2506 883 condigna
2534 811 2864 867 accusatoris
2893 825 3122 882 persona
3146 808 3323 871 fuerit,
3345 818 3567 878 prasente

323 928 483 985 quam
520 911 868 982 integerrime
904 920 1237 966 restauretur
1271 907 1489 983 (Concil.
1523 908 1677 963 Rom.
1711 923 1768 964 nt
1794 918 1914 973 etv,
2020 905 2274 961 videlicet
2296 921 2381 973 eo,
2409 920 2570 976 quem
2616 919 2872 960 accusare
2925 902 3234 968 desiderat;
3284 902 3400 973 quia
3428 902 3569 958 nullus

319 1004 411 1060 sub
448 1003 740 1075 Symmam;
772 1000 968 1073 Hadr.)
1002 1019 1015 1056 :
1049 1011 1104 1057 et
1132 1002 1310 1057 omnia
1338 1017 1458 1073 qua:
1480 1001 1556 1056 illi
1584 1000 1759 1056 ablata
1787 1015 1920 1072 quo-
2021 1000 2215 1056 absens
2238 1010 2329 1057 aut
2358 1000 2600 1058 accusari
2627 1009 2804 1072 potest
2823 1007 2916 1055 aut
2942 1013 3217 1054 accusare.
3235 996 3415 1053 Nullus
3433 1006 3572 1054 tamen

319 1110 550 1168 cumque
590 1096 805 1168 ingenio
846 1097 1078 1161 fuerant,
1112 1094 1322 1167 legibus
1364 1094 1835 1166 redintegrentur,
1866 1100 1923 1149 et
2023 1094 2231 1164 praafati
2271 1094 2478 1151 ordinis
2505 1096 2587 1150 vir
2614 1094 2855 1151 accusari
2896 1101 3075 1164 potest
3111 1090 3347 1166 (Hincm.
3373 1107 3477 1163 cap.
3502 1091 3570 1157 l5,

319 1189 438 1260 ipse
459 1186 693 1261 propria:
722 1184 840 1243 sedi
864 1186 1162 1257 etpristino
1188 1186 1350 1241 statui
1380 1185 1695 1256 regulariter
1724 1184 1922 1241 redda-
2028 1185 2119 1240 lib.
2161 1186 2265 1258 ιν)
2293 1229 2307 1254 ,
2340 1197 2432 1243 aut
2475 1187 2963 1258 responderesuis
3005 1185 3406 1242 accusatoribus
3447 1184 3573 1241 debet

321 1293 440 1348 tur,
466 1282 538 1338 ita
566 1289 623 1336 ut
652 1294 840 1336 omnes
878 1280 1251 1349 possessiones
1281 1288 1337 1334 et
1365 1286 1554 1334 cuncta
1593 1275 1692 1332 sibi
1730 1275 1925 1348 injuste
2029 1279 2339 1351 priusquam
2387 1281 2710 1352 regulariter
2749 1296 2780 1336 a
2826 1294 2928 1337 suo
2977 1280 3211 1350 primate
3257 1288 3461 1334 vocatus
3489 1278 3568 1347 sit,

320 1374 705 1443 ablata,atque
745 1369 952 1426 fructus
978 1384 1186 1438 omnes,
1214 1378 1340 1425 ante
1384 1377 1593 1440 captam
1629 1369 1927 1424 accusatio-
2032 1369 2319 1443 locumque
2376 1371 2706 1429 defendendi
2758 1381 2816 1429 et
2853 1371 2883 1408 ά
2928 1370 3235 1443 inquirendi
3290 1370 3493 1441 accipiat
3520 1370 3570 1425 ad

324 1481 486 1534 nem,
516 1466 773 1536 primates
817 1473 872 1519 et
898 1463 1138 1535 synodus
1160 1463 1416 1534 episcOpo
1463 1460 1533 1517 de
1581 1476 1688 1532 quo
1731 1460 1925 1532 agitur,
2031 1464 2309 1521 abluenda
2336 1465 2588 1521 crimina.

323 1561 560 1617 funditus
606 1559 930 1623 restituant;
962 1559 1085 1630 quia
1116 1556 1219 1613 hoc
1258 1568 1365 1613 nun
1397 1555 1571 1612 solum
1599 1555 1929 1612 ecclesiasti-
2112 1558 2197 1615 Vl.
2226 1558 2367 1614 Nulli
2400 1557 2572 1632 (Idem
2592 1575 2750 1629 supra
2774 1558 2828 1613 in
2854 1557 3008 1613 Decr.
3043 1556 3241 1612 Aniceti
3284 1556 3441 1628 papa)
3463 1555 3571 1612 enim

324 1671 401 1712 cae
419 1696 437 1722 ,
465 1653 562 1711 sed
590 1654 753 1710 etiam
798 1653 981 1709 saeculi
1012 1652 1162 1721 leges
1189 1651 1305 1707 fieri
1334 1652 1645 1722 prohibent.
2037 1652 2438 1722 metropolitani
2463 1661 2558 1707 aut
2581 1652 2674 1707 alii
2697 1651 2935 1722 episcopi
2964 1650 3306 1722 appellentur
3340 1651 3573 1719 primates.

398 1746 484 1802 Ill.
536 1745 723 1816 Neque
782 1744 977 1816 aliquis
1026 1760 1237 1810 eorum,
1302 1754 1398 1799 aut
1465 1744 1815 1801 ecclesiarum
1845 1758 1934 1799 ae-
2040 1744 2142 1800 nisi
2187 1745 2241 1800 lii
2272 1745 2397 1817 quis
2432 1742 2635 1816 primas
2670 1746 2827 1800 sedes
2865 1743 3277 1815 tenent(Hadr.
3310 1741 3575 1815 cott.25)et

328 1850 504 1897 torum
528 1840 612 1893 vel
633 1838 978 1894 defensorum
1005 1836 1203 1906 (Hadr.
1232 1837 1352 1891 colt.
1386 1852 1503 1907 cap.
1534 1837 1588 1903 9,
1623 1852 1685 1891 ex
1713 1838 1933 1904 can.i7,
1966 1832 2014 1903 Β
2043 1854 2268 1909 quorum
2306 1837 2555 1892 civitates
2594 1838 2797 1907 antiqui
2830 1839 3090 1909 primates
3125 1852 3250 1893 esse
3284 1844 3575 1891 censuerunt.

326 1949 468 1987 conc.
500 1946 531 1984 v
568 1928 991 1999 Aurelianensis)
1042 1929 1109 1983 ad
1147 1929 1356 1999 aliquos
1391 1930 1537 1998 prius
1572 1930 1811 1984 accusari
1851 1929 1938 1985 de-
2040 1930 2251 2001 Reliqui
2303 1946 2463 1996 vero,
2495 1931 2586 2001 qui
2633 1943 2861 1986 cameras
2900 1931 3342 2001 metropolitanas
3384 1929 3583 1986 civitates

327 2027 448 2093 bet,
478 2040 638 2096 quam
686 2024 789 2095 ipsi
832 2022 1151 2078 charitative
1175 2023 1257 2078 bis
1296 2032 1388 2078 aut
1431 2032 1513 2078 ter
1547 2021 1619 2077 ab
1644 2024 1724 2079 eis
1755 2025 1845 2095 qni
1880 2041 1939 2080 se
2041 2024 2222 2095 adepti
2270 2036 2410 2089 sunt,
2445 2040 2550 2080 non
2602 2025 2888 2096 primates,
2937 2027 3031 2081 sed
3078 2035 3172 2080 aut
3213 2025 3578 2095 archiepiscopi,

328 2118 488 2174 laesos
506 2116 797 2183 restituant,
819 2116 904 2170 vel
927 2129 1024 2170 eos
1053 2130 1151 2185 pro
1180 2116 1450 2186 aliquibus
1480 2116 1748 2171 erratibus
1769 2119 1939 2173 corri-
2043 2130 2135 2173 aut
2166 2118 2561 2189 metropolitani
2591 2130 2868 2174 vocentur.
2899 2118 3073 2175 Urbes
3100 2117 3276 2192 (Dist.
3300 2118 3389 2184 90,
3418 2116 3585 2182 Urbes,

326 2227 456 2282 pere
481 2212 727 2281 cupiunt,
746 2210 1155 2276 conveniantur,
1188 2219 1247 2265 ut
1289 2211 1357 2265 ab
1387 2212 1466 2266 eis
1496 2220 1588 2266 aut
1618 2211 1938 2269 familiarem
2044 2214 2131 2265 sed
2155 2212 2246 2266 sub
2271 2212 2475 2266 nomine
2502 2209 2667 2279 Lucii,
2694 2228 2795 2266 non
2823 2210 3101 2281 Stephani)
3123 2212 3267 2267 enim
3298 2219 3349 2266 et
3371 2210 3475 2265 loca
3498 2212 3590 2280 qui-

328 2303 789 2369 emendationem,
821 2311 913 2357 aut
936 2304 1135 2373 justam
1162 2304 1463 2375 percipiant
1503 2306 1935 2364 excusationem.
2043 2304 2145 2359 bus
2169 2303 2426 2373 primates
2456 2304 2746 2375 praesidere
2772 2304 2976 2359 debent
3003 2320 3143 2360 nona
3174 2302 3455 2369 modernis,
3478 2300 3590 2357 esed

328 2395 482 2464 Quod
506 2396 596 2466 qui
624 2395 1046 2465 praesumpserit,
1079 2396 1355 2452 liminibus
1405 2406 1652 2454 arceatur
1680 2398 1940 2457 Ecclesia:
2045 2398 2208 2451 etiam
2262 2396 2445 2451 multis
2485 2404 2613 2451 ante
2649 2395 2975 2461 adventum,
3023 2397 3224 2452 ϐίη-ἱεή
3269 2404 3389 2450 sunt
3425 2403 3591 2449 statuite

330 2501 500 2558 usque
525 2486 591 2543 ad
614 2486 934 2557 condignam
964 2488 1405 2544 satisfactionem.
1442 2526 1449 2530 -
2048 2490 2411 2561 temporibus,
2443 2504 2668 2559 quorum
2707 2489 2994 2559 primates,
3042 2490 3209 2544 etiam
3255 2487 3493 2559 gentiles,
3519 2499 3592 2556 pro

404 2578 494 2635 ιν.
526 2579 884 2636 Accusatores
910 2580 983 2651 (5
1003 2621 1017 2646 ,
1050 2597 1100 2651 q.
1133 2581 1198 2648 5,
1235 2581 1603 2649 Accusatores,-
1629 2594 1675 2637 et
1704 2600 1862 2655 supra
1887 2587 1941 2641 in
2049 2583 2343 2653 majoribus
2380 2583 2543 2636 etiam
2598 2582 2829 2652 negotiis
2867 2580 3231 2652 appellabant.
3262 2580 3318 2635 In
3348 2579 3466 2649 ipsis
3495 2590 3596 2631 vero

332 2670 490 2728 Decr.
522 2671 860 2744 Telesophori
885 2682 933 2726 et
961 2671 1117 2745 Julii)
1143 2689 1276 2729 vero
1303 2682 1358 2729 et
1398 2678 1771 2733 accusationes
1806 2694 1941 2750 quas
2050 2675 2271 2730 urbibus
2298 2684 2421 2746 post
2450 2673 2646 2730 Christi
2699 2674 3013 2738 adventurm,
3054 2671 3305 2743 Apostoli
3338 2680 3388 2727 et
3428 2684 3598 2726 succes-

334 2767 518 2824 szeculi
551 2768 696 2838 leges
746 2782 853 2821 non
886 2766 1171 2837 recipiunt,
1230 2776 1285 2822 et
1331 2777 1709 2825 antecessores
1767 2772 1939 2826 nuStri
2053 2786 2206 2825 sores
2236 2786 2422 2824 eorum
2476 2768 2808 2838 patriarchas
2842 2769 2926 2825 vel
2955 2768 3212 2839 primates
3244 2763 3599 2838 posuerunt,ad

337 2861 751 2932 prohibuerunt,
781 2868 837 2916 et
866 2875 966 2915 nos
996 2860 1404 2915 submovemus.
1427 2860 1619 2917 Nullus
1641 2863 1787 2918 enim
1812 2865 1944 2921 alie—
2061 2880 2195 2932 «pios
2241 2862 2618 2933 episcoporum
2664 2862 2899 2931 negotia,
2930 2861 3078 2916 salva
3133 2862 3188 2917 in
3218 2860 3459 2916 omnibus
3479 2871 3601 2929 apos-

338 2957 531 3027 nigena
561 2962 656 3009 aut
682 2962 964 3010 accusator
991 2969 1179 3009 eorum
1212 2954 1302 3009 fiat
1342 2965 1433 3010 aut
1472 2956 1659 3026 judex.
1708 2957 1860 3014 Unde
1889 2968 1944 3015 et
2051 2955 2212 3010 tolica
2251 2954 2602 3022 auctoritate,
2634 2963 2688 3008 ct
2727 2955 2960 3025 majores
3009 2968 3219 3021 causae,
3253 2963 3372 3025 post
3395 2948 3600 3022 apostoli-

335 3049 404 3104 de
435 3048 571 3104 Loth
600 3047 860 3119 scriptum
905 3055 1028 3103 est:
1055 3046 1326 3119 ingressus
1355 3065 1407 3104 es
1438 3059 1491 3103 ut
1521 3049 1737 3118 advena,
1793 3067 1944 3106 num—
2050 3065 2167 3103 eam
2195 3047 2389 3105 Sedcm
2432 3059 2561 3103 sunt
2607 3046 2928 3104 referendae.
2959 3048 3025 3102 Et
3050 3049 3197 3113 licet,
3242 3047 3485 3116 Apostolo
3507 3056 3602 3113 pro-

343 3142 465 3213 quid
493 3152 546 3197 ut
576 3142 771 3210 iudices
803 3139 957 3215 (Gen.
981 3140 1133 3213 nx)?
1163 3139 1460 3196 Accusator
1500 3150 1681 3198 autem
1737 3154 1944 3199 vestro-
2053 3141 2271 3199 hibente
2301 3143 2343 3215 (Ι
2364 3143 2483 3199 Cor.
2513 3143 2614 3213 vr),
2649 3143 2787 3197 inter
2809 3140 3146 3197 Christianos
3173 3156 3280 3196 non
3308 3141 3513 3196 debeant
3538 3152 3603 3192 ac-

351 3252 469 3290 rum
501 3236 679 3290 nullus
706 3235 776 3289 sit
805 3249 999 3288 servus
1024 3230 1219 3303 (Hadr.
1248 3232 1370 3289 coll.
1402 3235 1556 3290 variis
1589 3236 1730 3307 cap.)
1763 3242 1857 3291 aut
1888 3236 1951 3291 li-
1984 3261 2029 3323 ρ
2064 3239 2375 3293 cusationcs
2423 3236 2684 3301 exerceri,
2725 3235 2820 3290 sed
2864 3236 2906 3290 si
2933 3233 3212 3306 prohiberi
3251 3250 3355 3290 non
3401 3232 3600 3304 poterint,

348 3330 554 3396 bertus,
581 3328 830 3399 nullaque
873 3338 1122 3397 suspecta
1170 3340 1399 3397 persona
1442 3339 1535 3385 aut
1571 3330 1805 3386 infamis.
1842 3332 1949 3387 Re-
2061 3332 2433 3387 accusationes
2459 3327 3262 3399 cpiscOporumadmemoratos
3292 3324 3602 3396 primatesde-

346 3422 612 3491 pcllantnr
636 3422 797 3475 etiam
826 3419 1197 3475 cohabitantes
1228 3422 1481 3489 inimicis,
1508 3432 1561 3479 et
1581 3440 1770 3481 omnes
1792 3426 1949 3492 laici;
2062 3424 2191 3479 bent
2229 3424 2296 3479 ab
2331 3421 2733 3479 accusatoribus
2773 3420 2976 3476 deferri
3012 3418 3336 3477 Studendum
3364 3428 3444 3475 est
3468 3428 3604 3473 tamen

347 3512 473 3582 quia
504 3511 903 3567 infestationem
937 3512 1285 3584 blasphemia:
1321 3514 1533 3571 affectio
1575 3518 1827 3574 amicitia:
1873 3522 1959 3574 in.
2062 3518 2355 3588 episcopis,
2395 3526 2454 3572 ut
2495 3516 2820 3570 dissidentes
2865 3512 3062 3568 fratres
3115 3513 3289 3583 magis
3330 3512 3394 3566 ad
3433 3522 3608 3581 pacem,

347 3604 517 3657 citare
546 3603 705 3657 solet.
736 3600 848 3658 Nec
876 3601 951 3656 illi
989 3605 1042 3658 in
1076 3616 1249 3659 vestra
1282 3616 1407 3661 sunt
1434 3610 1769 3679 suscipiendi
1799 3626 1957 3668 accu-
2063 3627 2221 3682 quam
2272 3611 2339 3666 ad
2388 3609 2652 3680 judicium
2683 3607 2702 3646 τ
2737 3616 3090 3663 coerceantur
3121 3606 3300 3678 (Cone.
3343 3604 3503 3660 Certa.
3541 3614 3611 3667 nr,

352 3695 562 3750 satione
601 3696 690 3765 qui
736 3709 830 3751 vos
873 3695 926 3750 in
964 3712 1059 3751 sua
1098 3697 1282 3753 volunt
1323 3702 1564 3771 recipere
1608 3702 1958 3763 infamatione
2068 3705 2330 3778 cap.26).

365 3797 392 3823 ει
420 3786 612 3843 Nullus
636 3786 666 3825 ι)
687 3787 973 3844 anathema
1002 3790 1326 3860 suscipiatur
1353 3792 1412 3863 (2
1436 3808 1486 3860 q.
1514 3790 1569 3845 2.
1600 3792 1799 3850 Nullus
1832 3813 1960 3853 una-
2140 3800 2253 3856 VII.
2288 3800 2586 3871 Episcolins
2632 3796 2823 3870 (Hadr.
2879 3797 2999 3851 colt.
3041 3796 3138 3861 εδ,
3169 3794 3262 3868 Ξῖ)
3291 3801 3444 3849 autem
3477 3786 3613 3842 aliter

358 3879 848 3953 thematisatorum),
869 3894 968 3936 nec
994 3896 1023 3935 a
1050 3896 1317 3953 quoquam
1350 3883 1639 3942 credentur
1662 3903 1781 3961 qua:
1801 3890 1868 3946 ab
1886 3893 1964 3951 eis
2073 3909 2179 3950 non
2216 3893 2376 3948 debet
2405 3890 2576 3947 audiri
2607 3902 2695 3945 aut
2731 3889 2978 3959 jndicari,
3008 3888 3114 3943 nisi
3142 3888 3196 3944 in
3231 3880 3483 3957 prasentia
3506 3893 3612 3933 om-

355 3974 441 4030 vcl
471 3973 739 4043 dicuntur,
768 3976 851 4031 vel
874 3976 1308 4034 conscribuntur.
2073 3990 2220 4044 nium
2254 3983 2823 4057 comprovincialium,
2850 3993 2903 4040 et
2943 3982 3014 4039 ab
3051 3981 3299 4037 omnibus
3318 3970 3615 4046 comprovin-

1614 4138 1999 4200 LECTIONES
2042 4144 2132 4200 VA
2144 4142 2460 4199 RlANTES.
2506 4095 2513 4101 ι

444 4298 469 4327 ⁸
496 4294 589 4347 Ms.
616 4294 788 4347 Nullus
811 4296 961 4347 enim.
990 4295 1153 4346 Hurd.

440 4356 469 4396 b
506 4357 558 4396 ΔΙ
607 4361 1140 4396 ειηιιιιιριιιειιὶπιιηιιηηι-

2161 4304 2185 4342 ιι
2209 4301 2288 4354 ΑΙ.
2308 4301 2556 4353 abluendi.
2688 4304 2696 4313 '

2136 4367 2185 4396 te
2220 4364 2427 4396 ιηήηευ.
2447 4361 2557 4396 Ian-'1
2574 4366 2662 4396 and
2684 4365 2696 4396 ἰ

495 4357 578 4430 ᾼρ.
600 4361 1141 4430 Δειηειιιι(ξιμιειιὶῑρειιονιιιιι.
2136 4367 2185 4430 \‘j-
2214 4364 2427 4417 Latinius
2445 4361 2557 4430 tegit
2574 4366 2663 4415 sed
2681 4365 2798 4429 jam.
2825 4364 2990 4418 Βανά.

439 4425 461 4454 ο
489 4419 863 4474 ALAccusatio.
2164 4427 2183 4465 ί
2212 4433 2292 4481 At.
2326 4419 2662 4480 eobort‘éutur.

1697 4570 2056 4632 vamonun
2089 4548 2318 4634 Nam.

448 4732 886 4808 [IL—Actorum
926 4729 1023 4808 uel.
1069 4729 1321 4808 Episcopi
1347 4729 1600 4795 dicuntur
1640 4740 1851 4808 actores
1882 4735 2253 4807 Ec-Dlatnm
2327 4747 2428 4793 est.
2480 4737 2597 4794 Non
2655 4749 2860 4795 tantum
2923 4741 3067 4795 enim
3112 4738 3284 4795 Judaei
3349 4737 3441 4795 sed
3501 4734 3619 4808 alia?!

380 4807 559 4862 clesia:
580 4820 595 4869 ;
619 4804 742 4882 quia
779 4803 912 4882 ipsis
943 4803 1060 4882 lege
1099 4803 1390 4882 apostolica
1424 4818 1628 4882 ret‘un't_
1658 4806 1985 4882 ecclesiasii-
2008 4803 2045 4807 ”
2089 4808 2328 4882 Egyplii
2371 4810 2655 4882 utebantur
2681 4827 2746 4867 eo
2777 4813 2995 4868 nomine
3020 4822 3182 4881 atque
3222 4812 3463 4882 primaria
3490 4803 3622 4882 diser

384 4875 1034 4953 canturadministratio,
1085 4888 1209 4953 cura
1240 4883 1291 4953 et
1337 4874 1667 4953 dispensatio
1699 4879 1985 4953 commissa
2092 4873 2394 4953 Luci-Nunt
2422 4874 2723 4937 Herodotus
2744 4899 2866 4937 cum
2915 4884 3023 4953 agit
3066 4873 3134 4939 d'e
3187 4873 3356 4938 sacris
3401 4873 3622 4953 :Egypliﬂ'

388 4957 489 5027 est.
526 4945 803 5027 Videqua:
835 4942 1075 5027 diximus
1104 4944 1156 4998 in
1185 4945 1325 5027 notis
1353 4944 1417 4997 ad
1437 4946 1672 5027 primatu
1703 4941 1985 5027 epistolam
2090 4969 2233 5017 rum,
2264 4950 2343 5024 (l)
2375 4955 2706 5022 patriarchas
2745 4956 2863 5027 illus
2892 4941 3135 5009 inﬁndunt
3163 4956 3253 5026 qui
3283 4941 3621 5027 (irincipemloj

389 5019 701 5096 Alesandri,
735 5016 945 5096 verbis.
978 5031 1129 5096 quam
1169 5016 1238 5069 ad
1266 5017 1578 5071 sacerdotes.
1637 5019 1826 5096 Seven
1872 5020 1986 5074 BIN.
2093 5016 2227 5096 runt
2269 5016 2521 5079 in's'acris
2563 5037 2764 5080 tenent.
2798 5026 3023 5096 insuper
3064 5016 3194 5080 usus
3223 5016 3302 5082 esi
3351 5040 3415 5081 eo
3450 5016 3622 5096 belli“?

466 5087 827 5166 ullus
854 5082 1141 5166 alienigena
1165 5096 1270 5166 _aut
1296 5099 1566 5166 accusator
1585 5106 1761 5166 eorum
1790 5092 1990 5166 ﬁutnut
2098 5094 2401 5166 Hadrianus
2431 5098 2742 5166 imperator,
2776 5082 2992 5165 Trujzini
3017 5113 3324 5161 successor,
3370 5097 3421 5151 in
3449 5082 3622 5164 enim)“

398 5161 592 5239 Iudex.
628 5159 758 5239 Vide
799 5169 955 5239 notas
986 5158 1227 5239 epistola:
1256 5162 1459 5239 primae
1484 5162 1746 5239 fanacleti,
1780 5157 1985 5239 verbis,
2096 5165 2160 5239 ad
2198 5167 2441 5222 Servium
2472 5157 2747 5239 consultari
2776 5171 2844 5223 de
2882 5157 3264 5239 'Aigyptiornm
3308 5157 3619 5239 incons'iantiaj

400 5233 665 5309 peregrina
709 5230 970 5309 judicia,_
987 5241 1091 5285 etc.
1115 5270 1130 5296 ,
1175 5225 1301 5285 item
1349 5231 1528 5286 verbis
1567 5234 1806 5301 quoniam
1853 5225 1989 5302 Apo-
2102 5238 2215 5302 ubi,
2253 5249 2386 5309 {este
2419 5240 2601 5292 Mario
2652 5238 2885 5309 Vospicn
2916 5225 3333 5307 iir'Satnrninn,
3362 5240 3470 5295 hmo
3508 5225 3620 5309 Ῡθτδῗ

402 5292 542 5383 stall:
574 5292 905 5383 ειοεὲενξιι.
928 5292 1046 5356 BIN.
1088 5292 1126 5383 ,⁷
1200 5382 1206 5383 7
1496 5373 1535 5383 η
1579 5292 1589 5301 ’
1637 5374 1647 5383 ·
1899 5292 1908 5302 ’
2099 5292 2215 5383 ait;
2239 5307 2338 5383 [fle
2369 5312 2477 5380 ipse
2507 5292 2800 5383 patriarcha
2834 5292 2954 5365 sunt
2985 5292 3362 5383 inv
3388 5292 3621 5383 υεῆεῖίιοξθ

472 5375 635 5432 Vl.—-
655 5374 985 5454 Appellantur
1020 5373 1261 5455 primates
1281 5414 1314 5455 ,_
1342 5384 1446 5455 etc.
1495 5373 1990 5455 Hoc-lococaqum
2089 5373 2563 5455 aliis_Sei'tipitléitt
2609 5382 2844 5450 adorare,
2899 5384 2964 5455 ab
3004 5384 3121 5437 aliis
3150 5373 3356 5455 Ebbim
3401 5378 3620 5455 ϐἡςῦσίαίξς

402 5448 471 5522 de
503 5432 806 5522 nnmcrn'et
834 5432 1040 5522 origine
1069 5432 1498 5522 patriarelial-itnn
1524 5447 1731 5522 sedirnn
1755 5432 1990 5522 diximus
2089 5432 2351 5519 unum
2902 5432 3129 5520 dixerit,
3399 5432 3618 5522 quibus.

403 5519 456 5572 in
489 5516 626 5593 notis
656 5516 720 5571 ad
755 5501 1396 5593 tn‘epi‘stolain_Anacleti
1450 5518 1990 5593 corriiﬂrnnnttnr:ita~
3153 5501 3512 5581 anno—bhgsli
3549 5501 3620 5566 ‘53

402 5604 505 5658 que
533 5589 652 5642 vide
678 5602 794 5656 «pun
819 5587 1010 5641 ibidem
1038 5586 1292 5641 diximus.
1323 5588 1526 5643 Seven.
1572 5589 1687 5642 Bm.
2098 5610 2247 5648 unm,
2272 5586 2362 5649 νίζ’)
2401 5604 2455 5649 οι
2497 5595 2583 5649 Μ,
2610 5586 2813 5651 sua“,
2849 5596 2965 5652 Bm,

474 5661 701 5726 Quorum
752 5658 992 5724 primates
1047 5660 1200 5711 etiam
1226 5659 1453 5728 gentiles.
1489 5661 1637 5715 Sicut
1666 5661 1766 5715 alia
1799 5660 1980 5725 multa,

396 5728 1739 5817 ita.“iam9:?etaritur":1'29tamenarte
1782 5731 1983 5817 Prim-
2121 5748 2867 5817 _-(u.Is.mnon_lesumurapud
2884 5743 3615 5817 Hmtmetww

401 5808 509 5851 tum
552 5807 606 5850 et
648 5796 1070 5863 patriarcharum
1113 5797 1338 5853 feliciter
1381 5800 1431 5852 in
1487 5796 1987 5857 Ecclesiam'trans-
2092 5796 2630 5875 aliquis’fecithKI—a:
