3716 6272
113 385 230 445 ιοθὸ

1493 375 1857 436 APPENDIX.

3186 383 3329 448 1006

110 504 294 564 cialibus
324 495 588 571 episcopis,
618 494 734 567 quia
755 535 769 562 ,
802 493 936 566 ipsis
973 494 1305 565 absentibus,
1339 511 1439 553 nec
1464 496 1577 552 dein

1859 532 1897 573 'n
1928 532 2085 575 nemo
2130 517 2405 587 suspiciat,
2430 518 2550 590 quia
2577 521 2748 592 magis
2770 528 2894 576 sunt
2920 520 3171 580 doctores
3197 537 3326 595 por-

108 616 187 657 nec
218 602 387 669 potest.
416 590 540 659 Qua:
567 603 691 644 vero
715 601 960 659 perSonze
1006 588 1073 644 ad
1117 590 1513 646 accusationem
1541 605 1627 645 eo-

104 707 197 749 rum
230 704 318 743 non
343 689 456 740 sunt
484 677 819 737 admittenda:
840 722 854 745 ,
884 690 938 737 et
963 680 1211 752 superius
1240 697 1308 737 ex
1338 691 1489 752 parte
1513 681 1623 752 jam

103 781 265 838 dictum
303 782 393 841 est,
447 782 499 830 et
548 771 703 828 latius
768 780 875 827 tam
948 771 1000 826 hi
1077 786 1236 844 quam
1284 781 1337 827 et
1395 773 1623 829 infames

102 884 330 946 personat,
368 867 417 920 in
462 864 679 937 epistola
728 879 889 936 quam
939 863 1141 922 dudum
1188 864 1393 922 Hilario
1424 874 1451 903 λ
1477 865 1626 920 misi-

101 982 215 1034 mus,
236 971 338 1018 sunt
359 969 739 1015 aunumeratm.

165 1057 268 1117 Vill.
293 1054 423 1113 Ultra
452 1052 736 1126 provincia:
767 1056 845 1131 (3,
876 1074 928 1129 q.
954 1056 1006 1123 6,
1042 1055 1193 1112 Ultra
1231 1055 1509 1130 provincia:
1526 1073 1545 1123 ;
1566 1054 1624 1111 'et

100 1157 143 1214 in
173 1154 291 1213 Decr.
317 1149 464 1205 Joan.
498 1150 586 1204 lib.
618 1150 694 1223 ιν)
736 1165 868 1206 vero
922 1152 1180 1207 terminos
1216 1149 1503 1207 accusandi
1553 1151 1621 1206 li-

95 1250 230 1309 centia
264 1262 356 1302 non
392 1242 792 1316 progrediatur,
822 1248 917 1301 sed
946 1247 1120 1302 omnis
1165 1247 1432 1302 accusatio
1482 1247 1622 1304 inter

95 1339 359 1416 provinciam
385 1336 649 1404 audiatur,
676 1347 732 1394 et
749 1353 775 1391 a
797 1338 1338 1409 comprovincialibus
1367 1341 1620 1396 termine-

94 1446 170 1500 tur,
187 1432 271 1489 nisi
289 1431 349 1485 ad
376 1430 720 1501 apostolicam
740 1429 937 1486 Sedem
967 1430 1125 1487 fuerit
1150 1440 1353 1487 tantum
1380 1432 1619 1503 appella-

94 1539 189 1586 tum.
210 1525 269 1581 Et
292 1521 518 1595 neganda
541 1522 618 1596 (5,
641 1541 692 1595 q.
726 1523 812 1590 11,
840 1523 1095 1596 Neganda
1121 1536 1226 1591 est;
1255 1533 1302 1579 et
1327 1526 1381 1579 in
1409 1523 1610 1580 Decret.

89 1620 202 1677 toan.
225 1617 302 1673 lib.
323 1615 392 1689 ιν)
421 1625 502 1673 est
532 1616 800 1674 accusatis
838 1615 1054 1673 licentia
1087 1618 1434 1685 criminandi,
1468 1620 1617 1690 prius

89 1729 205 1786 quam
221 1727 274 1767 se
287 1712 522 1777 crimine,
552 1710 661 1783 (ιιιὸ
684 1723 1020 1783 premuntur,
1041 1714 1289 1769 exuerint
1310 1710 1467 1785 (Vide
1482 1712 1609 1769 Cod.

87 1807 233 1863 Tlteed.
256 1806 338 1861 lib.
374 1822 459 1875 ιχ,
493 1816 659 1862 const.
695 1806 781 1877 10,
813 1807 914 1876 11,
949 1805 1038 1875 12,
1070 1806 1329 1861 Anianum
1366 1806 1615 1878 interprcv
1642 1876 1659 1896 .

1729 609 1895 674 tandi,
1915 626 2073 680 quam
2098 610 2451 677 laedendi,aut
2472 611 2783 667 infamandi.
2816 612 2967 670 Unde
2997 616 3069 669 ait
3092 616 3325 685 Aposto-

1725 700 1840 756 lus:
1870 702 2012 757 Alter
2033 703 2240 758 alterius
2275 721 2429 759 onera
2457 714 2671 773 portate,
2700 715 2743 760 et
2764 706 2836 760 sic
2863 706 3133 777 implebitis
3164 707 3325 778 legem

1727 792 1918 850 Christi
1947 795 2144 869 (Galat.
2178 796 2279 871 vi).
2308 797 2545 853 Charitas
2576 811 2746 854 autem
2786 817 2886 855 non
2941 810 3012 856 est
3034 802 3323 870 ambitiosa,

1724 905 1827 943 non
1874 888 2124 960 inﬂatur,
2182 909 2281 946 non
2331 894 2513 963 quaerit
2551 910 2666 963 qua:
2710 911 2803 948 sua
2858 905 3014 962 sunt,
3072 895 3161 951 sed
3208 911 3323 967 qua:

1725 979 1853 1037 Iesu
1904 981 2094 1038 Christi
2143 982 2354 1057 (lCor.
2402 986 2514 1059 15).
2576 987 2678 1053 Qui
2728 999 2897 1043 manet
2939 990 2992 1043 in
3051 990 3321 1055 charitate,

1721 1077 1776 1132 in
1807 1071 1914 1133 Deo
1941 1087 2132 1147 manet,
2156 1090 2204 1134 et
2234 1078 2375 1135 Deus
2414 1081 2466 1136 in
2492 1094 2553 1135 eo
2580 1080 2624 1153 (Ι
2667 1079 2825 1136 Joan.
2865 1087 2961 1153 ιν).
3015 1082 3080 1137 Et
3126 1089 3214 1154 qui
3264 1083 3324 1138 in

1730 1171 1841 1228 Deo
1896 1181 2098 1241 manet,
2145 1173 2276 1228 nulli
2307 1174 2417 1229 vult
2474 1190 2668 1231 nocere
2724 1170 2831 1231 sed'
2873 1191 3062 1231 omnes
3106 1175 3320 1231 deside-

1726 1274 1811 1320 rat
1873 1265 2130 1336 adjuvare
2189 1277 2242 1322 et
2286 1275 2633 1333 sustentare,
2698 1266 2837 1323 sicut
2890 1268 3004 1337 ipse
3056 1267 3318 1325 Dominus

1723 1375 1895 1413 omnes
1933 1360 2068 1414 venit
2106 1357 2304 1414 salvare
2340 1370 2385 1415 et
2414 1361 2639 1414 animant
2677 1376 2824 1414 suam
2860 1359 2984 1414 dare
3027 1360 3079 1413 in
3113 1359 3317 1414 redem-

1721 1453 1945 1522 ptionem
1988 1469 2081 1523 pro
2127 1451 2270 1506 nobis
2302 1451 2526 1524 (Matth.
2558 1450 2680 1523 xx).
2713 1451 2915 1507 Eorum
2945 1450 3157 1524 (Hadr.
3190 1454 3313 1507 coll.

1719 1540 1826 1614 29)
1873 1553 2050 1599 autem
2106 1544 2391 1600 accusandi
2457 1544 2807 1610 sacerdotes,
2857 1544 2941 1599 vel
2991 1544 3316 1600 testificandi

1720 1635 1773 1690 in
1823 1650 1920 1691 eos
1950 1651 2139 1692 vocem
2181 1637 2514 1692 obstruimus
2558 1652 2695 1708 quos
2746 1636 2996 1691 humanis
3036 1645 3090 1691 et
3115 1636 3310 1692 divinis

1718 1730 1941 1786 vocibus
1998 1730 2280 1786 damnatos
2336 1730 2425 1786 vel
2481 1740 2724 1786 mortuos
2780 1744 2901 1785 esse
2949 1734 3314 1800 agnoscimus.

1718 1821 2025 1879 Prmvidere
2052 1837 2181 1893 ergo
2207 1837 2554 1891 summopere
2575 1822 2774 1877 debent
2795 1806 2984 1877 omnes
3014 1822 3103 1892 qui
3135 1836 3317 1877 sacer-

85 1899 355 1967 tau;Hadr.
383 1899 569 1970 coll.);
604 1901 726 1972 quia
768 1915 874 1956 non
927 1909 1011 1956 est
1048 1899 1374 1957 credendum
1426 1905 1551 1955 cont

1913 1915 2128 1971 Domini
2153 1925 2575 1986 persequuntur,
2610 1925 2715 1970 tam
2748 1916 2958 1972 occulte
3007 1929 3168 1984 quam
3201 1930 3317 1970 ma-
3339 1909 3353 1919 ”

83 1997 181 2052 alios
225 2009 393 2050 eorum
431 1992 798 2063 confessioni,
845 2012 935 2065 qui
981 1994 1297 2050 criminibus
1356 1993 1616 2064 implicati

83 2098 187 2153 sunt,
212 2086 300 2142 nisi
322 2101 377 2143 se
402 2085 557 2160 prius
614 2087 961 2157 probaverint
990 2086 1331 2155 innoeentes,
1360 2087 1615 2159 quoniam

82 2183 318 2257 periculosa
354 2186 456 2247 est,
500 2190 556 2238 et
604 2179 815 2237 admitti
856 2198 965 2239 non
1021 2181 1185 2238 debet
1227 2183 1304 2239 rei
1355 2182 1615 2238 adversus

82 2286 407 2346 quemcumque
444 2272 736 2345 professio.
777 2270 1094 2329 Familiares
1128 2288 1259 2329 vero
1312 2282 1368 2329 et
1423 2283 1617 2344 sponte

82 2368 261 2427 confessi
304 2376 458 2440 atque
507 2366 820 2424 sceleribus
864 2368 1083 2432 irretiti,
1132 2382 1240 2423 non
1280 2364 1479 2423 debent
1523 2366 1620 2421 ad-

80 2462 194 2529 mitti,
221 2476 308 2517 nec
346 2458 400 2515 hi
421 2459 509 2532 qui
535 2454 630 2533 (S.
662 2459 840 2516 Ambr.
868 2461 1017 2534 epist.
1045 2462 1196 2532 Lxrv)
1228 2458 1480 2515 hesterna
1506 2457 1613 2529 die,

81 2566 147 2612 aut
166 2553 338 2625 pridie,
375 2564 465 2610 aut
491 2564 623 2609 ante
648 2553 862 2611 fuerunt
891 2553 1113 2609 inimici.

128 2648 196 2705 lx.
243 2649 471 2705 Clericus
515 2664 654 2721 ergo
693 2648 781 2719 qui
836 2646 1149 2719 episcopum
1180 2646 1257 2721 (3,
1282 2664 1332 2720 q.
1361 2649 1426 2714 4,
1456 2645 1618 2704 Cleri—

83 2743 231 2813 τιςρηί
251 2740 549 2815 episcopum)
589 2757 746 2797 suum
778 2740 1127 2806 accusaverit,
1175 2750 1266 2796 aut
1302 2741 1351 2796 ei
1396 2741 1617 2798 insidia-

84 2837 393 2906 torextiterit,
443 2851 553 2893 non
607 2845 691 2891 est
735 2833 1096 2907 recipiendus,
1124 2834 1251 2906 quia
1293 2832 1506 2890 infamis
1535 2834 1618 2890 ef-

84 2932 208 2990 fectos
227 2942 316 2997 est.
348 2941 401 2989 et
424 2947 455 2989 a
481 2930 660 3005 gradu
691 2928 850 2987 debet
871 2929 1146 2999 recedere,
1170 2937 1262 2986 aut
1289 2929 1454 2985 curia:
1485 2927 1632 2985 tradi

89 3027 345 3086 serviturus.

132 3121 181 3178 Χ.
221 3122 379 3179 Laicis
432 3136 675 3195 quoque,
724 3120 968 3194 quamvis
1006 3116 1247 3192 religiosi
1293 3117 1402 3174 sint
1450 3115 1622 3192 (Idem

85 3217 252 3288 ittepitl.
278 3214 493 3273 Fabiani
520 3205 698 3290 papa)
721 3258 737 3283 ,
771 3212 902 3270 nulli
934 3228 1113 3270 tamen
1142 3213 1211 3269 de
1238 3211 1623 3269 ecclesiasticis

1719 2007 1935 2075 nifeste,
1967 2022 2035 2063 ne
2065 2007 2324 2078 subjectis
2354 2008 2567 2063 Domini
2617 2008 2944 2064 damnentur
3000 2010 3311 2078 praeceptis.

1719 2099 1822 2155 Per
1868 2098 2160 2155 Jeremiam
2212 2108 2394 2155 autem
2458 2099 2799 2171 prephetam,
2840 2099 3034 2154 talibus
3090 2099 3323 2155 commi‘

1718 2193 1898 2250 nando
1940 2194 2218 2264 Dominus,
2268 2193 2504 2265 loquitur
2543 2193 2727 2250 dicens
2756 2212 2771 2249 :
2804 2191 3112 2266 lniquitatcs
3143 2205 3320 2250 vestra:

1726 2290 2110 2344 declinaverunt
2147 2287 2175 2325 ἀ
2218 2288 2392 2344 omnia
2414 2334 2427 2355 ,
2479 2296 2527 2343 et
2575 2297 2783 2360 peccata
2820 2298 2987 2343 vestra
3022 2299 3321 2344 amoverant

1725 2382 1857 2436 bona
1884 2398 1916 2435 ιι
1940 2382 2098 2449 vobis,
2132 2383 2253 2453 quia
2282 2382 2471 2436 inventi
2501 2390 2616 2435 sunt
2670 2384 2724 2436 in
2762 2382 2952 2453 populo
3008 2400 3119 2437 meo
3172 2382 3322 2453 impii

1720 2485 1767 2531 et
1808 2475 2067 2545 loquentes
2114 2492 2283 2543 vana;
2337 2483 2622 2530 statuerunt
2669 2475 2738 2528 ad
2765 2476 3132 2546 disperdendos
3161 2479 3317 2544 viros,

1721 2580 1767 2624 et
1817 2567 2325 2640 comprehenderunt,
2369 2579 2421 2622 ut
2462 2569 2676 2632 laqueus
2700 2571 2934 2623 venantis
2964 2571 3144 2638 plenus
3171 2570 3317 2625 vola—-

1726 2662 1918 2728 litibus,
1960 2663 2033 2718 sic
2082 2663 2264 2718 domus
2318 2679 2491 2717 eorum
2535 2662 2699 2734 plena:
2743 2661 2864 2717 dolo
2901 2663 3114 2733 (Jerem.
3146 2664 3223 2737 v).
3258 2667 3324 2721 Et

1722 2770 1820 2825 per
1864 2754 2032 2810 David
2060 2756 2165 2810 ait:
2207 2753 2307 2822 Qui
2367 2755 2717 2826 cogitaverunt
2762 2756 2986 2827 malitias
3037 2759 3092 2812 in
3144 2758 3321 2828 corde,

1722 2854 1828 2899 tota
1870 2846 1951 2900 die
2010 2848 2193 2902 versati
2239 2856 2356 2900 sunt
2402 2847 2455 2901 in
2499 2847 2731 2917 praeliis:
2765 2860 3078 2904 emacuerunt
3118 2851 3324 2922 linguas

1723 2956 1844 2994 suas
1869 2940 1995 2994 sicut
2040 2950 2312 3012 serpentes,
2354 2958 2598 2995 venenum
2640 2941 2879 3012 aspidum
2925 2944 3019 2998 sub
3066 2942 3213 3000 labiis
3239 2961 3327 3000 eo-

1725 3050 1840 3088 rum
1886 3031 2056 3107 (Psal.
2119 3032 2367 3108 cxxxrx).
2409 3034 2479 3089 Et
2511 3032 2673 3104 paulo
2724 3045 2880 3105 post:
2933 3032 3130 3091 Cadent
3172 3054 3329 3108 super

1726 3141 1811 3180 eos
1845 3124 2086 3180 carbones
2144 3126 2197 3180 in
2243 3127 2380 3197 igne,
2417 3126 2631 3198 dejecies
2670 3142 2753 3180 eos
2796 3127 2850 3180 in
2901 3131 3090 3199 foveas,
3121 3138 3176 3183 ut
3226 3147 3330 3186 non

1733 3229 2066 3291 consurgant.
2101 3217 2192 3275 Vir
2221 3220 2485 3291 linguosus
2514 3238 2616 3275 non
2638 3220 2885 3292 dirigetur
2914 3222 2967 3276 in
2990 3232 3144 3293 terra,
3163 3226 3331 3280 virum

87 3312 356 3371 facultatibus
380 3313 587 3386 aliquid
613 3306 1027 3384 brespondendi
1050 3308 1245 3380 legitur
1264 3323 1518 3379 umquam
1540 3316 1621 3362 at-
1649 3306 1696 3371 C
1728 3314 1975 3386 injustam
2017 3313 2158 3369 mala
2208 3315 2409 3384 capient
2450 3315 2505 3368 in
2556 3315 2787 3369 interitu.
2840 3316 2963 3371 Scio
3011 3319 3133 3389 quia
3175 3320 3332 3388 faciet

92 3406 230 3463 tributa
266 3407 497 3464 facultas.
539 3407 759 3464 Scimus
792 3416 814 3445 (ε
846 3403 1216 3471 dilectissimi,
1243 3401 1365 3474 quia
1411 3414 1625 3470 semper

89 3501 272 3556 carnales
294 3501 635 3570 Spirituales,
669 3499 844 3556 solent
871 3498 1150 3569 persequi,
1183 3506 1236 3552 et
1263 3494 1510 3550 malevoli
1540 3493 1626 3549 be-

90 3592 517 3650 nevolosiufamare
544 3602 606 3649 et
632 3590 892 3648 lacerare.
916 3586 1148 3661 Ideoque
1166 3587 1409 3659 Aposmli
1430 3596 1483 3642 et
1500 3600 1624 3643 suc-

90 3698 273 3742 cessares
307 3702 524 3753 eorum,
562 3699 629 3743 ac
666 3685 859 3756 reliljul
886 3687 1057 3740 sancti
1108 3681 1297 3738 Patres
1338 3679 1628 3736 noluerunt

93 3774 171 3831 ﬁeri
189 3778 374 3835 facilem
402 3782 785 3850 episctiporum
813 3775 1246 3842 accusationem;
1270 3774 1545 3846 quoniam,
1581 3774 1643 3827 si

93 3868 218 3929 facilis
237 3885 390 3942 esset,
408 3885 500 3931 aut
518 3871 708 3929 nullus
734 3871 926 3927 autvix
944 3868 1139 3942 aliquis
1163 3866 1323 3924 modo
1354 3869 1626 3923 invenire-

95 3972 165 4020 tur.
216 3966 399 4022 Tbroni
448 3968 599 4024 enim
654 3964 749 4021 Dei
804 3973 1063 4019 vocantur
1114 3961 1310 4036 (Coac.
1360 3959 1481 4017 Tol.
1537 3975 1622 4028 xr,

92 4073 171 4133 ξαρ.
196 4060 403 4133 5):ideo
428 4077 536 4116 non
572 4058 770 4115 debent
794 4057 1027 4121 moveri,
1056 4065 1149 4110 aut
1174 4054 1368 4126 afﬂigi,
1397 4055 1479 4108 vel
1508 4069 1630 4125 per-

96 4128 266 4208 lurbari.
290 4155 364 4212 De
383 4156 515 4228 ipsis
532 4167 669 4224 ergo
691 4151 767 4208 ait
781 4150 1047 4222 Propheta
1071 4169 1084 4205 ε
1109 4148 1234 4205 Caeli
1254 4159 1493 4204 enarrant
1518 4150 1630 4220 glo-

92 4244 186 4300 riam
221 4245 321 4316 Dei,
351 4258 398 4305 et
441 4264 603 4319 opera
630 4262 875 4302 manuum
896 4246 1009 4318 ejus
1034 4241 1305 4298 annuntiat
1329 4242 1632 4310 firmamen-

98 4342 174 4387 tum
196 4338 344 4407 (Psal.
372 4341 551 4411 xvm).

153 4426 221 4484 XI.
251 4430 307 4489 Hi
331 4448 458 4489 vero
486 4431 582 4505 qui
614 4446 722 4487 non
749 4440 876 4487 sunt
906 4431 1065 4487 bonae
1106 4428 1529 4487 conversationis
1579 4438 1633 4485 et

100 4532 271 4587 quorum
330 4527 434 4582 vita
479 4534 568 4582 est
628 4524 989 4594 accusabilis,
1051 4533 1143 4581 aut
1193 4540 1420 4595 quorum
1476 4522 1631 4591 lldes,

99 4609 177 4666 vita
207 4625 254 4671 et
292 4600 510 4674 libertas
579 4617 852 4680 nescitur,
902 4633 1007 4673 non
1056 4625 1284 4688 possunt
1338 4630 1433 4670 eos
1476 4628 1637 4669 accu-

1728 3404 1983 3462 Dominus
2026 3424 2238 3463 causam
2301 3408 2490 3478 inopis,
2523 3407 2726 3478 judicia
2774 3425 3058 3478 pauperum
3106 3409 3326 3485 (Ibid.).

1730 3500 1861 3557 Item
1891 3500 2073 3557 idem:
2107 3499 2257 3555 Muta
2299 3503 2427 3572 [iant
2467 3501 2605 3556 labia
2635 3502 2813 3558 dolosa
2855 3501 3026 3575 (Psal.
3057 3506 3210 3565 xxxi.
3258 3506 3329 3563 Et

1729 3595 1925 3651 iterum
1990 3612 2085 3666 per
2139 3593 2413 3650 Michaeam
2464 3595 2685 3666 inquit:
2738 3595 2925 3652 Omnes
2979 3598 3034 3653 in
3082 3602 3334 3669 sanguine

1735 3689 2089 3762 ejudicantur,
2117 3688 2460 3760 unusquisque
2482 3690 2771 3761 proximum
2798 3707 2945 3745 suum
2970 3691 3201 3759 tribulat,
3222 3710 3332 3749 ont-

1731 3798 1820 3838 nes
1858 3783 1911 3836 in
1954 3782 2149 3836 malum
2175 3799 2357 3836 manus
2397 3798 2518 3836 suas
2559 3794 2851 3852 prwparant
2878 3783 2897 3857 (
2928 3783 3089 3839 Mich.
3135 3802 3229 3841 vn.
3272 3803 3338 3843 ea:

1732 3890 1860 3930 vers.
1895 3873 2050 3945 ωτι).
2096 3873 2205 3930 llos
2232 3874 2492 3929 Dominus
2524 3874 2847 3943 praevidens.
2881 3873 3157 3945 Apostolis
3192 3896 3333 3948 prte-

1731 3966 1874 4036 cepit
1904 3981 1971 4022 ne
1998 3965 2157 4021 facile
2186 3965 2329 4020 servi
2357 3965 2439 4020 sui
2473 3966 2863 4031 Iacerarentur,
2886 3981 2951 4020 ne
2982 3968 3120 4023 forte
3142 3971 3337 4039 perde-

1732 4069 1940 4124 rentur,
1983 4068 2077 4112 aut
2130 4060 2182 4112 in
2224 4058 2386 4112 talem
2422 4060 2774 4115 tentationem
2814 4059 3141 4129 inciderent,
3168 4082 3331 4135 quam

1732 4152 1876 4208 ferre
1928 4152 2150 4207 minime
2200 4161 2445 4220 possent.
2502 4151 2710 4207 Idcirco
2768 4155 2939 4208 sancti
2981 4155 3224 4225 Apostoli
3279 4169 3338 4216 et

1733 4260 2076 4301 SUCCESSOI‘BS
2117 4260 2303 4299 eorum
2361 4244 2703 4300 decretorum
2735 4260 2953 4301 normas
3002 4257 3331 4322 statuerunt,

1734 4356 1802 4396 ne
1831 4340 2012 4393 talium
2057 4354 2159 4393 vox
2188 4337 2330 4412 (quae
2361 4339 2530 4409 magis
2584 4337 2812 4408 perdere
2856 4341 3045 4396 nititur
3076 4342 3337 4402 innocen-

1735 4444 1818 4489 tes
1839 4443 1894 4488 et
1931 4432 2227 4502 simplices,
2280 4446 2442 4502 quant
2493 4430 2734 4502 salvare)
2782 4429 2939 4486 facile
2979 4435 3336 4506 reciperetur,

1700 4526 1833 4582 -sed
1880 4526 1980 4589 ipsi
2028 4523 2114 4581 his
2156 4524 2353 4595 jaculis
2399 4522 2734 4595 pellerentur
2773 4525 2979 4595 procul,
3015 4537 3069 4581 et
3126 4529 3340 4587 Domini
3387 4546 3419 4563 ’τ

1736 4621 2070 4691 discipulos,
2105 4619 2261 4692 juxta
2317 4620 2624 4675 voluntates
2682 4629 2736 4676 et
2794 4624 3058 4679 versutias
3107 4640 3339 4694 eorum,

98 4713 205 4761 Sate.
244 4707 413 4766 Primo
480 4724 707 4780 semper
760 4718 1143 4765 accusatorum
1190 4722 1459 4780 personae,
1499 4707 1958 4772 lideSDminime
2017 4715 2242 4786 perdere
2299 4723 2539 4791 possent)
2588 4713 2740 4771 Unde
2804 4726 2858 4771 et
2904 4719 3019 4788 ipse
3076 4720 3338 4775 Dominus

98 4793 179 4852 rita
220 4807 267 4855 et
304 4800 643 4858 conversatio
689 4812 773 4858 est
814 4802 1132 4858 enucleatim
1184 4800 1548 4873 inquirenda;
1583 4808 1638 4856 et

101 4899 263 4959 Postea,
308 4912 423 4966 qua:
465 4897 752 4969 objiciunt,
807 4895 1041 4951 ﬁdeliter
1073 4904 1199 4951 sunt
1250 4893 1634 4967 pertractanda

1738 4810 1843 4864 ait:
1905 4808 2148 4863 Excutite
2180 4808 2441 4878 pulverem
2487 4806 2551 4861 de
2596 4806 2808 4879 pedibus
2835 4811 3014 4864 vestris
3043 4811 3095 4865 in
3120 4812 3346 4868 testimoo

1738 4902 1879 4956 nium
1920 4901 2026 4955 illis
2079 4898 2272 4970 (Marc.
2322 4899 2423 4970 vr).
2468 4899 2534 4954 Et
2564 4900 2687 4955 alibi
2744 4899 2856 4970 ipsa
2898 4916 2994 4971 per
3032 4918 3093 4957 se
3126 4901 3343 4962 Veritas

99 4982 189 5051 quia
212 4987 326 5043 nihil
356 4991 505 5061 prius
529 4990 643 5047 fieri
687 4990 847 5046 debet
892 5004 1052 5060 quam
1100 4990 1465 5059 impetitornm
1514 5005 1633 5059 per-
1740 4994 1808 5049 de
1836 4993 2031 5048 talibus
2055 4991 2189 5047 dicit
2220 5011 2233 5045 :
2267 4989 2457 5044 Melius
2506 5000 2580 5045 est
2618 4991 2697 5044 illi
2730 5001 2783 5045 ut
2812 4994 3157 5060 suspendatur
3202 4995 3342 5050 mola

98 5082 396 5151 sonte,lides,
452 5086 669 5156 vitaque
697 5095 748 5139 et
771 5084 1114 5140 conversatio
1135 5083 1418 5155 diligenter
1447 5063 1667 5139 disco:
1737 5084 1961 5139 asinaria
2017 5084 2071 5136 in
2117 5080 2249 5134 collo
2306 5082 2416 5151 ejus
2462 5090 2509 5133 et
2568 5081 2885 5151 demergatur
2932 5085 2985 5137 in
3032 5086 3347 5155 profundunt

100 5165 277 5240 tiantur,
306 5192 371 5232 ne
390 5177 617 5247 alicujus
662 5177 860 5232 invidia
909 5186 1000 5229 aut
1030 5175 1307 5230 inimicitia
1345 5176 1431 5230 vel
1461 5178 1636 5231 inten—
1740 5179 1896 5230 maris
1915 5217 1929 5242 ,
1969 5190 2120 5245 quant
2143 5172 2451 5227 scandalizet
2480 5189 2640 5227 unum
2668 5176 2731 5228 de
2759 5175 2958 5246 pusillis
2985 5177 3093 5230 istis
3120 5177 3348 5248 (Matth.

103 5260 217 5320 tione
249 5269 375 5324 mala
420 5273 701 5343 quisquam
758 5278 985 5326 vexetur
1021 5267 1176 5341 (2,q.
1209 5270 1262 5336 7,
1296 5269 1639 5334 Quaerendum
1741 5286 1867 5325 xvrn
1898 5272 1937 5341 ).
2011 5269 2074 5322 Et
2136 5265 2366 5321 Jacobus
2441 5266 2712 5334 apostolus
2774 5267 2945 5337 inquit
3007 5286 3020 5322 :
3084 5266 3350 5325 Jadiciant

101 5363 187 5420 9“;
212 5359 260 5425 ‘1,
285 5377 333 5431 q.
355 5361 803 5429 8,Accusatorum
827 5373 1173 5440 personw;et
1201 5363 1253 5416 in
1274 5361 1482 5421 Decret.
1514 5363 1636 5418 Cal-
1742 5367 1850 5419 sine
1903 5359 2248 5416 misericordia
2295 5360 2380 5428 [iet
2432 5348 2511 5413 illi
2549 5360 2635 5430 qui
2680 5376 2781 5414 non
2827 5362 2999 5431 fecerit
3056 5364 3350 5421 misericor-

102 5443 185 5501 ιίειί
206 5457 382 5525 parve)-

1932 5456 2070 5529 (Jac.
2106 5452 2187 5525 ιι.)
2237 5452 2353 5520 Qua
2420 5454 2561 5507 enim
2618 5453 2795 5508 ironte
2840 5455 2960 5523 quis
3001 5467 3352 5525 peccatorum

158 5540 254 5601 XII.
300 5549 701 5613 Criminationes
724 5555 920 5629 (Hadr.
948 5554 1068 5611 coll.
1106 5551 1196 5625 G7)
1227 5553 1485 5609 adversus
1522 5551 1644 5610 doc-
1748 5542 1999 5608 suorum‘
2022 5547 2239 5605 veniam
2269 5553 2453 5616 sperat
2482 5559 2513 5601 a
2561 5545 2675 5603 Deo
2697 5561 2758 5605 se
2783 5545 3222 5624 impetraturum,
3257 5554 3353 5627 qui

1256 5667 1637 5728 LECTIONES
1680 5664 2093 5729 VARIANTES.

1808 5758 1837 5799 ἀ
1856 5759 1973 5809 Haec
1994 5757 2115 5808 add.
2151 5755 2220 5807 al.
2260 5778 2270 5808 ξ

155 5752 273 5832 ἒέι·
292 5761 405 5832 βάρι
426 5767 667 5832 episcopo.
744 5830 750 5832 Α

639 5784 667 5820 ιο
744 5830 750 5832 Α
1808 5758 1837 5799 ἀ
1856 5759 1979 5832 Eleo.
1994 5757 2106 5832 “44;

1819 5832 1840 5856 υ
1860 5821 1941 5873 Al.
1966 5821 2256 5875 insidiantur

155 5809 183 5909 ἓ
199 5809 807 5909 εἷενξέἐῇἐέιῖεἷέῦῗραθρ·

199 5881 270 5934 na
283 5881 452 5953 legitur
472 5888 523 5943 in
541 5907 631 5947 ms.
653 5881 785 5948 ma.
