3700 6276
341 311 484 373 1007

341 521 575 580 ofﬁcium
607 512 724 569 vult
764 508 1125 566 condonare?
1177 507 1428 563 Profecto
1471 516 1695 559 necesse
1751 507 1837 554 est
1884 508 1942 552 ut

342 615 576 672 aestimet
601 623 662 665 se
683 606 845 661 talem
877 606 930 659 in
949 602 1156 674 judicio
1190 602 1361 656 Deum
1390 607 1767 667 experturum,
1812 606 1935 647 cum

340 718 466 765 ante
485 704 616 778 justi
634 701 833 774 judicis
861 696 1099 754 tribunal
1147 695 1314 750 fuerit
1339 690 1686 751 constitutus,
1719 684 1939 758 qualem

337 815 401 858 se
445 776 596 854 fratri
652 808 753 850 suo
800 788 1145 847 exhibuerit:
1199 784 1340 840 Nam
1365 799 1467 855 qua
1505 795 1743 837 mensura
1781 776 1941 831 mensi

341 892 612 965 fuerimus,
681 885 860 940 eadem
909 880 1199 937 remetietur
1243 877 1390 933 nobis
1442 873 1657 949 (Matth.
1700 871 1819 942 vn).
1877 868 1942 924 Et

339 984 580 1043 Joannes
605 978 883 1050 apostolus
910 984 962 1031 et
994 972 1323 1045 evangelista
1351 971 1425 1025 ait
1449 987 1463 1025 :
1492 967 1711 1035 Quiodit
1726 970 1941 1038 fratrem

346 1093 520 1142 suum,
546 1070 802 1128 homicida
826 1076 917 1124 est.
944 1065 1014 1121 Et
1033 1066 1172 1121 scitis
1197 1065 1320 1136 quia
1341 1061 1507 1116 omnis
1532 1058 1792 1114 homicida
1836 1072 1940 1110 non

344 1170 495 1225 habet
538 1168 697 1222 vitam
744 1173 989 1219 internum
1035 1160 1090 1214 in
1146 1174 1201 1212 se
1226 1164 1511 1211 manentem
1545 1152 1596 1226 (ι
1629 1152 1788 1206 Joan.
1832 1146 1937 1221 tv).

340 1262 455 1319 Vos
478 1269 676 1321 tamen,
721 1254 814 1310 filii
862 1250 1188 1315 cbarissimi,
1243 1248 1525 1303 hortamur
1556 1254 1611 1299 ιιι
1666 1244 1939 1314 patienter

343 1353 488 1411 mala
516 1351 671 1406 vobis
702 1349 845 1403 illata
890 1344 1100 1401 Domini
1132 1340 1462 1397 adminiculo
1486 1338 1735 1407 portetis,
1773 1346 1823 1391 ct
1856 1335 1938 1389 bis

337 1444 649 1519 apostolicis
675 1441 957 1514 praeceptis
983 1438 1116 1492 tales
1157 1434 1340 1503 procul
1392 1429 1612 1502 pellite,
1656 1445 1727 1484 ne
1785 1442 1937 1482 more

338 1539 536 1596 canino
584 1549 681 1591 vos
729 1533 970 1588 lacerare
998 1537 1091 1582 aut
1131 1525 1385 1582 mordere
1413 1523 1649 1577 valeant.
1695 1519 1937 1575 Memen-

340 1640 472 1699 tote,
487 1628 648 1684 etiam
669 1624 815 1695 quia,
828 1623 982 1692 juxta
1007 1615 1413 1689 Psalmograpbi
1433 1630 1617 1669 vocem
1644 1612 1728 1684 (8.
1755 1610 1931 1678 Bonif.

337 1742 421 1790 ep.
449 1719 596 1790 xxvr)
627 1715 797 1773 Homo
813 1714 942 1769 sicut
959 1716 1152 1783 fumum
1172 1710 1280 1765 dies
1302 1714 1437 1779 ejus.
1462 1715 1584 1760 etut
1608 1706 1705 1776 ﬂos
1732 1704 1845 1775 agri
1867 1703 1939 1756 ita

339 1813 538 1886 ﬂorebit
562 1809 737 1884 (Psal.
765 1806 881 1876 cu).
904 1807 970 1861 Et
993 1803 1280 1874 Apostolus
1306 1802 1416 1857 ait;
1446 1798 1602 1854 Totus
1633 1796 1853 1851 mundus
1882 1795 1936 1849 in
1966 1803 2144 1872 B'bus
2202 1810 2511 1883 pasloribus
2563 1808 2652 1878 qui
2716 1820 2812 1862 eos
2846 1805 3161 1861 cuslodiam
3225 1809 3279 1857 ει
3324 1800 3556 1866 defendam,

338 1906 566 1976 maligno
589 1902 785 1975 positus
813 1909 884 1953 est
907 1898 951 1969 (l
973 1895 1132 1951 Joan.
1157 1893 1234 1967 v).
1270 1892 1426 1950 Unde
1449 1906 1734 1962 precamur
1757 1904 1827 1945 ne
1857 1897 1938 1942 ta—

336 2001 418 2055 les
448 1996 672 2052 multum
703 1993 958 2057 timeatis,
982 1990 1106 2062 quia
1136 1987 1365 2044 infames
1385 1994 1510 2041 sttnt
1530 2027 1545 2052 ,
1575 1993 1630 2040 et
1659 1998 1764 2037 non
1797 1981 1939 2035 mul-

336 2103 451 2150 tum
474 2089 630 2147 vobis
659 2103 857 2144 nocere
885 2093 1135 2158 possunt,
1163 2083 1287 2154 quia
1314 2095 1504 2137 eorum
1534 2095 1635 2133 vox
1663 2076 1935 2133 exstincta

336 2194 460 2249 est;
491 2183 748 2255 quoniam
778 2181 857 2236 sic
881 2178 994 2234 odit
1025 2177 1166 2231 Deus
1189 2189 1284 2231 eos
1304 2172 1547 2246 (Proetus
1568 2171 1636 2224 ad
1658 2169 1934 2225 Domuum.

339 2276 512 2332 Hadr.
532 2276 653 2331 coll.
675 2274 768 2345 71)
794 2274 885 2346 qui
913 2272 1174 2328 adversus
1194 2278 1405 2339 patrum
1438 2269 1740 2331 invasores,
1763 2264 1855 2336 qui
1882 2263 1937 2317 in

335 2370 542 2427 mundo
565 2378 745 2439 patres
770 2374 1081 2430 armantur,
1111 2372 1169 2417 ut
1197 2360 1415 2415 infamia
1444 2368 1570 2413 sunt
1612 2358 1806 2412 notati.
1839 2361 1939 2410 Ar-

337 2466 562 2521 mamini
594 2478 723 2531 ergo
751 2462 833 2516 Itis
860 2455 1173 2530 aposmlicis
1212 2451 1553 2509 adminiculis
1596 2460 1786 2506 contra
1818 2461 1940 2514 eos,

339 2566 396 2615 ct
426 2556 618 2628 spiritu
660 2551 944 2625 principali
992 2549 1242 2604 roborato
1270 2545 1433 2602 corda
1475 2554 1653 2600 vestra
1672 2584 1686 2609 ,
1710 2552 1767 2595 ut
1798 2540 1940 2594 Deus

338 2651 428 2724 qui
461 2664 559 2705 vos
592 2656 837 2719 pastores
863 2645 915 2698 iu
954 2641 1152 2713 populo
1173 2655 1272 2695 suo
1294 2639 1472 2693 VOCaI‘i
1496 2636 1681 2699 voluit,
1712 2649 1817 2689 non
1847 2646 1940 2688 ne-

337 2746 602 2821 gligentes
629 2749 722 2796 aut
746 2736 976 2809 tepidos,
1002 2744 1094 2790 aut
1121 2734 1260 2804 lupis
1298 2727 1826 2804 supervenientibus,
1858 2726 1941 2782 fu-

336 2840 552 2914 gientes
577 2835 837 2896 inveniat,
866 2830 963 2887 sed
1014 2827 1266 2896 exemplo
1300 2825 1424 2881 boni
1472 2824 1702 2894 pastoris
1724 2866 1740 2889 ,
1771 2836 1942 2892 agnos

339 2933 541 3006 pariter
570 2945 693 2985 cum
722 2926 983 2983 matribus
1013 2934 1065 2980 et
1099 2921 1222 2977 filiis
1252 2936 1316 2974 ac
1346 2917 1557 2973 filiabus
1584 2916 1821 2971 viriliter
1846 2915 1943 2970 de-

335 3026 634 3084 fensantes.
664 3033 826 3093 atque
858 3026 1098 3073 sanctam
1128 3026 1354 3069 matrem
1384 3012 1683 3068 Ecclesiam
1714 3010 1944 3067 fideliter

334 3126 706 3190 reportantes,
746 3123 960 3181 semper
988 3109 1249 3165 inveniat.
1282 3106 1349 3162 Et
1369 3122 1693 3177 quamquam
1723 3104 1808 3177 (S.
1838 3103 1944 3158 Bo-

336 3211 438 3282 nif.
482 3226 564 3279 ep.
596 3210 727 3276 xxv)
767 3205 878 3259 dies
922 3202 1048 3257 mali
1098 3201 1236 3268 sint,
1287 3216 1373 3255 vos
1420 3208 1585 3254 tamen
1636 3198 1793 3252 nolite
1836 3198 2014 3262 esseC

335 3303 721 3373 imprudentes,
769 3298 859 3353 sed
904 3295 1248 3368 intelligentes
1296 3310 1412 3366 qua:
1460 3294 1524 3347 sit
1573 3293 1809 3347 voluntas
1851 3290 1943 3345 Dei

338 3398 559 3473 (Ephes.
614 3393 693 3466 v).
742 3392 1104 3461 Quamobrem
1163 3390 1562 3462 confortamini,
1609 3397 1656 3441 et
1709 3395 1837 3440 state
1890 3385 1944 3439 in

337 3490 464 3560 fide,
497 3487 711 3541 viriliter
738 3495 967 3556 agentes,
991 3500 1052 3538 ac
1071 3485 1244 3538 omnia
1273 3491 1438 3537 vestra
1467 3483 1519 3535 in
1544 3480 1793 3534 charilate
1816 3477 1945 3546 ﬁant

338 3578 541 3653 (ICor.
581 3576 747 3648 xvr);
802 3587 857 3633 et
900 3576 1196 3632 secundum
1250 3585 1498 3631 sanctum
1550 3571 1940 3642 Evangelium,

336 3674 391 3728 in
422 3671 668 3745 patientia
696 3679 860 3726 vestra
882 3667 1202 3737 possidebitis
1228 3667 1429 3721 animas
1446 3675 1637 3718 vestras
1667 3663 1799 3736 (Luc
1819 3664 1941 3736 xu).

335 3765 720 3823 Recordamini
743 3776 959 3835 quoque
980 3772 1291 3816 sanctorum
1316 3762 1697 3828 Apostolorum
1730 3768 1784 3813 et
1809 3758 1945 3813 Pro-

335 3859 622 3931 pbeturum
650 3873 665 3922 ;
698 3864 754 3913 et
779 3855 904 3929 quia
934 3852 1161 3908 multum
1192 3850 1576 3907 laboraverunt
1605 3850 1657 3905 in
1692 3850 1940 3917 Domino,

334 3952 464 4010 ideo
490 3950 672 4021 adepti
704 3959 833 4005 sunt
872 3947 1095 4019 praemia
1134 3946 1491 4016 sempiterna.
1533 3943 1739 4000 Scitote
1777 3944 1942 3998 etiam

338 4046 596 4120 quoniam
625 4044 778 4114 juxta
804 4041 1108 4097 Psalmista:
1132 4052 1344 4103 vocem,
1381 4037 1560 4093 multa:
1582 4036 1943 4091 tribulatioues

337 4144 612 4207 iustorum,
672 4146 720 4194 et
767 4137 831 4191 de
885 4134 1118 4191 omnibus
1175 4135 1255 4187 his
1302 4131 1532 4185 liberabit
1561 4146 1649 4185 eos
1690 4128 1943 4183 Dominus

338 4233 514 4303 (Psal.
545 4229 767 4302 χχχιιι).
810 4228 1172 4300 Quapropter,
1221 4225 1314 4280 filii
1356 4222 1702 4288 eliurissimi,
1754 4224 1941 4276 horta-

336 4344 459 4384 mur
485 4342 581 4382 vos
606 4336 663 4382 et
705 4323 1061 4393 deprecamur
1087 4328 1147 4374 ut
1175 4318 1381 4373 crebris
1402 4316 1706 4372 orationum
1738 4324 1943 4370 vestra-

334 4437 456 4476 rum
490 4418 740 4490 precibus
770 4417 937 4472 Deum
964 4414 1225 4480 cxoretis,
1250 4420 1309 4467 ut
1336 4409 1355 4484 (
1385 4411 1445 4467 8.
1477 4406 1851 4481 Bouif.,ibid.)
1877 4408 1939 4462 li-

336 4510 591 4567 beremur
618 4525 718 4564 nos
743 4517 797 4563 et
827 4523 941 4571 vos,
957 4506 1106 4577 juxta
1136 4504 1337 4559 dictum
1368 4500 1633 4573 Apostoli,
1660 4500 1724 4554 ab
1746 4492 1943 4573 impari

337 4605 472 4658 tuuis
497 4613 544 4655 et
573 4602 722 4654 atatis
753 4599 1062 4662 hominibus,
1090 4603 1207 4666 quia
1230 4614 1333 4652 non
1362 4614 1587 4653 omnium
1614 4611 1686 4656 est
1721 4599 1849 4669 ﬁdes
1875 4596 1941 4669 (ll
1966 4593 2019 4653 D
2082 4591 2087 4592 ί
2116 4627 2245 4682 nam
2274 4625 2432 4681 nonis
2454 4624 2662 4694 amnis,
2685 4622 2973 4678 Valeriano
2993 4630 3047 4677 el
3069 4618 3339 4681 Gallieno,
3362 4607 3473 4669 viris
3491 4591 3668 4694 ὼ..

337 4696 517 4752 Thess.
542 4694 641 4765 tu).
664 4694 928 4765 Flagitate
955 4692 1117 4747 etiam
1142 4701 1198 4744 ut
1229 4691 1369 4746 Deus
1394 4703 1447 4746 et
1477 4694 1736 4749 Dominus
1757 4706 1945 4750 noster

335 4788 428 4862 qui
457 4795 541 4845 est
568 4784 836 4857 refugium
867 4796 1183 4854 pauperum,
1215 4793 1272 4840 et
1298 4798 1421 4855 Spes
1450 4783 1756 4855 humilium,
1784 4801 1944 4844 sanc-

1076 295 1435 359 EPISTOLE
1475 284 1929 352 DECRETALES
1966 282 2024 345 S.
2065 275 2431 341 STEPIIANO
2458 270 2895 366 ADSCRIPTJE.

340 418 671 497 delinquenti
727 413 880 474 fratri
922 410 1055 468 nihil
1106 428 1205 484 per
1254 411 1470 482 pietatis
1526 419 1581 465 et
1632 407 1801 462 clemc

2067 437 2153 476 am
2184 434 2334 475 suam
2360 416 2658 473 Ecclesium
2676 455 2694 481 ,
2724 411 2964 484 pretioso
2990 405 3224 464 videlicet
3239 411 3435 480 sanguine
3447 429 3525 470 suo

2023 3683 2247 3753 ~iniquis
2271 3683 2322 3736 in
2344 3682 2461 3737 dies
2490 3681 2779 3751 irrogatur.
2816 3677 2883 3732 Et
2924 3688 3053 3733 ante
3085 3691 3317 3747 corpora
3349 3668 3577 3743 Apostolo-

3352 268 3516 336 illius

2045 514 2401 584 redemptam,
2427 521 2485 567 et
2509 525 2629 574 nos,
2662 508 2754 579 qui
2781 503 3025 562 eamdem
3064 512 3280 558 sanctam
3301 503 3526 560 Ecclesium

2043 607 2260 672 docere,
2309 619 2522 676 regere,
2571 612 2790 674 portare
2825 611 2881 656 et
2926 598 3060 653 tueri
3086 597 3422 663 debemus,de
3440 614 3538 669 pra-

2043 700 2202 756 dictis
2227 696 2666 769 oppressionibus
2720 704 2775 750 et
2817 689 3358 757 tentationibusbujus
3412 692 3541 749 seculi

2046 808 2317 862 nequam,
2361 800 2526 860 atque
2579 786 2651 843 de
2692 785 2947 840 omnibus
2988 781 3379 839 necessitatibus
3410 784 3545 839 nostris

2045 880 2472 940 misericorditer
2498 888 2672 945 eruat,
2698 889 2753 932 ut
2782 892 2950 931 sermo
2983 874 3075 929 Dei
3103 882 3271 927 currat
3291 873 3337 944 (1
3357 872 3458 928 Cor.
3477 877 3545 944 ιι)

2044 987 2092 1034 et
2117 975 2454 1047 glorificetur
2480 973 2777 1043 gloriosum
2825 966 3175 1040 Evangelium
3223 964 3414 1020 Domini
3440 970 3547 1024 nostri

2041 1068 2171 1126 Jesu
2199 1065 2435 1131 Christi;
2464 1073 2520 1120 et
2544 1063 2714 1134 gratia
2745 1061 2864 1133 ejus
2893 1060 2946 1116 in
2988 1060 3144 1113 nobis
3191 1072 3350 1111 vacua
3374 1072 3460 1111 non
3480 1057 3546 1124 ﬁat,

2044 1179 2113 1219 ne
2129 1163 2247 1218 siue
2269 1163 2443 1216 fructu
2468 1156 2763 1228 Evangelii,
2783 1153 2924 1226 quod
2949 1151 3119 1207 absit!
3163 1150 3362 1205 steriles
3390 1149 3433 1203 in
3451 1164 3551 1205 cons-

2043 1268 2199 1329 pectu
2228 1257 2318 1312 Dei
2347 1266 2706 1326 appar-eamus
2727 1293 2744 1319 ,
2771 1258 2827 1306 et
2855 1248 3009 1304 vacui
3043 1246 3273 1301 filiorum
3304 1245 3550 1317 filiarumque

2041 1366 2271 1406 numero
2298 1357 2658 1411 revertamur,
2689 1359 2791 1399 nec
2815 1343 2886 1399 de
2908 1339 3232 1397 abscondito
3257 1340 3451 1405 talento,
3485 1342 3553 1395 Do-

2043 1443 2192 1499 mino
2223 1441 2495 1503 veniente,
2553 1438 2631 1493 rei
2662 1451 2781 1492 esse
2824 1434 3156 1506 judicemur.
3179 1430 3279 1486 Ista
3308 1433 3433 1485 enim
3464 1447 3556 1488 sem-

2043 1553 2140 1608 per
2189 1534 2394 1590 invidet
2437 1532 2627 1587 Satan.
2676 1529 2743 1584 Et
2780 1527 2985 1581 idcirco
3038 1526 3173 1581 tales
3219 1523 3467 1578 adversum
3493 1541 3557 1581 nos

2042 1630 2268 1686 suscitat
2298 1627 2387 1697 qui
2463 1640 2565 1680 nos
2611 1630 2859 1694 premant
2899 1629 2957 1675 et
2994 1617 3280 1684 suffoceut,
3325 1626 3377 1670 ut
3416 1616 3557 1672 Domini

2042 1736 2175 1778 oves
2200 1720 2405 1789 absque
2445 1717 2600 1772 nobis
2647 1715 2841 1785 rapiat.
2866 1712 2934 1784 {et
2958 1714 3010 1766 in
3042 1711 3174 1772 ima.
3217 1724 3317 1764 non
3343 1708 3551 1765 existenti-

2045 1923 2203 1965 ruere
2262 1906 2441 1962 faciat.
2489 1902 2601 1957 Vos
2651 1900 2811 1972 igitur
2873 1914 2967 1969 pro
3012 1896 3218 1952 viribus
3277 1894 3490 1963 labante,
3527 1904 3560 1950 et

2043 2010 2196 2059 orate
2248 2008 2412 2070 atque
2487 1996 2706 2068 vigilate
2751 2009 2821 2050 ne
2865 1994 2983 2047 haec
3037 1992 3189 2056 fiant,
3259 1989 3454 2047 scientes
3492 2005 3562 2046 nos

2044 2113 2262 2167 semper
2328 2102 2546 2166 paratos
2608 2107 2732 2148 esse
2789 2091 2842 2146 in
2903 2086 3161 2145 omnibus
3220 2086 3564 2158 quibuscumque

2047 2191 2308 2247 Dominus
2348 2202 2506 2257 posse
2557 2182 2771 2241 dederit
2834 2182 3031 2249 modis,
3073 2179 3230 2237 vobis
3274 2195 3415 2250 opem
3453 2179 3566 2245 ferre,

2044 2283 2171 2339 licet
2209 2296 2308 2338 nos
2342 2280 2427 2336 ab‘
2466 2278 2597 2350 ipsis
2650 2276 2860 2332 aemulis
2910 2283 3116 2331 sanctae
3162 2273 3253 2327 Dei
3313 2271 3565 2327 Ecclesiae

2045 2378 2248 2433 nostris
2280 2390 2387 2429 non
2414 2374 2585 2429 simus
2637 2372 2889 2442 excepti;
2919 2380 2977 2426 et
3030 2367 3401 2424 tribulationes
3447 2366 3569 2421 cordis

2047 2472 2217 2527 nostri
2244 2484 2346 2541 pro
2376 2476 2561 2523 nostra
2584 2476 2640 2522 et
2668 2478 2846 2521 vestra
2891 2463 3262 2521 tribulatione.
3316 2462 3416 2515 sive
3436 2460 3564 2514 ovium

2046 2564 2202 2619 nobis
2253 2561 2688 2621 commissarum.
2746 2557 3041 2613 admodum
3093 2556 3203 2610 sint
3258 2553 3467 2608 dilatata.
3500 2551 3573 2606 Vss

2045 2670 2261 2727 quoque
2303 2653 2656 2709 obsecramus
2684 2659 2744 2705 ut
2784 2650 3082 2721 injunctutn
3134 2645 3293 2701 vobis
3343 2661 3369 2699 a
3411 2645 3572 2699 Domino

2048 2748 2356 2803 famulatum
2389 2762 2495 2801 non
2547 2743 2857 2816 negligatis,
2916 2752 2972 2798 et
3020 2756 3217 2799 omnes
3270 2753 3517 2809 oppressos
3540 2743 3662 2816 cili,

2047 2850 2270 2896 cunctos
2315 2840 2410 2895 Dei
2438 2854 2648 2903 servos,
2678 2848 2843 2908 atque
2886 2838 3216 2908 generaliter
3243 2850 3419 2889 omnes
3448 2831 3585 2889 Ciuis-1

2052 2936 2247 2999 tianos,
2283 2943 2441 3003 prout
2471 2932 2734 2988 Dominus
2760 2946 2921 3002 posse
2956 2930 3195 2996 dederit,
3229 2928 3670 3003 adiuvarem-Il.

2047 3029 2220 3085 dentis
2265 3027 2351 3097 (S.
2394 3027 2576 3096 Bonif.
2618 3044 2700 3097 ep.
2730 3028 2883 3093 xxvr)
2914 3032 2973 3080 ttt
3000 3035 3129 3081 ante
3175 3021 3402 3079 tribunal
3432 3016 3670 3097 Chriiﬁl,

2049 3120 2382 3185 mercedem,
2406 3117 2649 3174 habeatis
2662 3127 2998 3190 perpetuam.
3019 3116 3087 3171 Et
3103 3116 3305 3172 scitote
3317 3113 3444 3185 quod
3455 3123 3577 3167 nunc

2047 3218 2126 3272 ria
2154 3228 2335 3272 vestra
2369 3230 2553 3271 coram
2591 3215 2701 3269 Deo
2728 3223 2815 3268 est
2836 3213 3076 3268 assidue.
3103 3210 3242 3285 Nam
3264 3253 3280 3276 ,
3304 3204 3577 3280 quemadmo-

2049 3311 2175 3366 dum
2202 3310 2451 3365 dolentes
2473 3307 2856 3378 cognoscimus
2885 3321 2982 3361 vos
3011 3305 3080 3361 ab
3102 3304 3308 3372 iniquis
3327 3312 3377 3358 et
3402 3296 3576 3357 scelestis

2049 3403 2364 3458 hominibus
2390 3400 2691 3463 obturbari.
2723 3400 2795 3454 ita
2813 3399 3069 3454 continuo
3092 3398 3253 3451 vobis
3271 3393 3573 3463 compitum,
3588 3393 3662 3464 ι

2049 3497 2218 3552 Deum
2245 3504 2465 3551 orantes
2494 3511 2591 3564 pro
2618 3492 2939 3549 liberatione
2963 3508 3027 3547 ac
3054 3490 3419 3547 sublevatione
3440 3490 3669 3564 recall

2052 3589 2389 3655 afflictionis,
2442 3603 2562 3658 quae
2599 3585 2751 3641 vobis
2786 3585 2955 3661 (unde
2984 3584 3232 3656 graviter
3280 3580 3512 3653 angimur)
3531 3572 3577 3630 ab

3659 537 3662 600 ἓ

3646 2759 3670 2922 ’³1

3664 3163 3670 3378 i

3659 3427 3670 3476 Ι

3662 3621 3670 3659 ι

3666 3702 3670 3752 1

2047 3793 2166 3833 rum
2217 3792 2314 3848 pro
2361 3775 2512 3831 vobis
2543 3789 2733 3846 preces
2786 3772 2921 3828 fiunt
2971 3771 3241 3842 quotidie.
3270 3778 3321 3823 ut
3358 3761 3580 3823 etrosli-

2045 3871 2309 3928 beretnini
2348 3869 2415 3925 ab
2446 3866 2767 3939 importunis
2796 3876 2853 3924 et
2895 3865 3051 3921 malis
3082 3863 3371 3920 hominibus
3404 3852 3579 3914 Drunini

2047 3965 2271 4030 auxilio,
2304 3974 2357 4020 et
2388 3979 2518 4019 oves
2580 3962 2733 4018 vobis
2789 3960 3101 4017 commissrc
3125 3960 3197 4015 ad
3222 3970 3383 4030 pascua
3397 3962 3579 4006 :eternze
3602 3960 3669 4030 ι

2046 4058 2168 4112 vitae
2190 4073 2294 4112 una
2323 4055 2601 4111 Vobiscum
2634 4054 2953 4124 perveniant
2981 4051 3333 4121 sempiterna.
3357 4043 3583 4101 “nitatem
3598 4043 3667 4124 Ι

2046 4159 2100 4205 ct
2134 4147 2570 4204 communioocm
2602 4145 2686 4219 (S.
2728 4144 2905 4215 Bonif.
2943 4160 3027 4214 ep.
3066 4148 3148 4209 Vt)
3182 4138 3460 4197 dilectionis
3484 4146 3580 4188 ναε-
3604 4138 3667 4219 Ι

2048 4252 2164 4308 trtr,
2194 4242 2462 4297 valentem
2489 4252 2650 4312 atque
2676 4238 3052 4310 proficientem
3083 4239 3139 4292 in
3159 4238 3376 4293 salutem
3393 4227 3579 4288 omnium

2044 4338 2367 4411 populorum
2393 4380 2408 4405 ,
2453 4336 2679 4392 Creator
2720 4336 2963 4390 omnium
3010 4332 3366 4403 populorum,
3406 4326 3577 4383 Cresa!

2044 4440 2283 4492 omnium
2316 4435 2458 4491 Deus
2482 4431 2828 4503 omnipotens
2850 4445 3155 4487 memorem
3188 4426 3353 4484 nostri
3368 4414 3579 4481 ειειτηιὶα

2045 4543 2128 4592 ter
2150 4534 2442 4591 custodiat.
2473 4533 2669 4589 Amen.

2045 4719 2301 4788 rissirnis,
2334 4718 2653 4776 consulibus
2684 4718 2854 4790 (Anno
2879 4715 3073 4772 Christi
3104 4711 3262 4781 255).
