3742 6282
386 569 1018 742 ACTA
1154 429 1665 732 ἐῖιπῗ

1841 429 3145 727 DNUMENTA

2951 377 3342 385 mim—

165 937 821 1080 CELEBERBIME
864 936 998 1064 DE
1043 924 1789 1062 HEBETICllBUM
1836 922 2500 1054 BAPTISMATE
2554 914 3384 1057 DISPUTATIONIS.

1151 1225 1607 1356 PARS
1709 1218 2320 1352 PRIMA.

282 1550 858 1636 PBECIPUA
912 1544 1449 1623 VETERUM
1507 1543 1665 1618 ΜΟ

1841 1541 2233 1618 ΜΕΝΤΑ
2286 1539 2524 1628 ρυλε
2570 1533 3216 1616 SUPERSUNT

1063 1777 1163 1841 DE
1204 1771 1713 1838 BAPTISMATE
1755 1767 2389 1834 HERETICORUM.

1696 1987 1795 2031 00

728 2178 836 2262 S.’
870 2170 1451 2261 STEPHANI
1506 2166 1665 2252 ΡΑῘ

1880 2163 2030 2249 ΕΤ
2080 2163 2689 2248 MARTYRIS

1201 2402 1737 2472 DECRETORIIE
1781 2399 2275 2465 SENTENTIJE.

711 2622 1100 2684 PROOEMIUM
1111 2665 1122 2680 .

194 2792 439 2851 halendum
484 2806 615 2848 sane
658 2796 743 2844 est
785 2786 850 2842 ad
892 2800 992 2841 nos
1033 2796 1201 2855 usque
1241 2795 1346 2837 non
1386 2776 1671 2834 devenisse

156 2903 430 2960 quascumque
460 2889 512 2942 in
541 2886 628 2941 his
662 2899 842 2955 rerum
885 2879 1299 2951 tempestatibus
1326 2874 1671 2931 beatissimus

152 2979 369 3052 Stephanus
395 2997 527 3051 papa
570 2980 587 3034 1
632 2976 854 3046 scripsit
894 2974 1188 3044 epistulas.
1219 2972 1335 3028 sive
1364 2969 1431 3025 ad
1463 2969 1671 3024 Africa—

148 3074 328 3138 nos,sive
342 3075 401 3129 ad
414 3071 726 3130 Orientales
750 3069 1035 3139 eplSt‘OPOS
1054 3084 1068 3131 ;
1088 3065 1384 3136 quininnno
1397 3073 1449 3118 et
1472 3060 1670 3115 miran-

145 3166 233 3220 dum
264 3168 439 3223 nullam
481 3167 742 3230 omnino,
775 3162 1017 3232 exceptis
1041 3171 1245 3216 tantum
1274 3156 1518 3229 pauculis
1541 3170 1670 3210 sen-

71 3332 79 3347 Ι
145 3260 297 3322 tentiis,
319 3259 677 3329 superfuisse;
716 3271 836 3312 cum
868 3256 1071 3310 interea
1101 3268 1200 3309 nec
1222 3251 1405 3306 oblivii
1445 3248 1669 3320 injuria,

143 3366 209 3407 nec
223 3342 451 3410 edacitate
473 3364 784 3424 temporum
808 3349 1107 3405 exciderint
1139 3346 1380 3403 nonnulli
1408 3350 1672 3417 quorum-

142 3443 226 3501 dam
246 3462 609 3520 anonymorum
642 3443 807 3500 libelli
835 3444 995 3512 longe
1022 3440 1337 3495 humiliores
1355 3480 1369 3504 ,
1397 3437 1672 3506 multoque

142 3539 320 3597 uilioris
356 3542 588 3608 tenoris,
634 3553 701 3594 ac
729 3535 1024 3600 momenti;
1059 3548 1291 3602 cumque
1316 3532 1531 3586 aliunde
1562 3537 1671 3583 tota

139 3634 185 3687 ab
202 3634 296 3691 imis
318 3637 524 3693 sedibus
547 3637 618 3691 ob
646 3632 1022 3706 gravissimam
1054 3629 1191 3684 hanc
1220 3629 1368 3682 litem
1397 3631 1670 3681 commota

140 3721 320 3784 Erelesia
342 3729 516 3795 fuerit,
550 3727 788 3797 indeque
826 3723 878 3779 in
909 3731 1150 3779 sanctam
1177 3720 1321 3776 Petri
1365 3717 1560 3775 Sedem
1592 3717 1672 3770 in-

139 3824 265 3885 tenta,
285 3836 624 3892 quacumque
647 3817 971 3889 pontiﬁcalia
1013 3813 1230 3885 placita,
1264 3811 1551 3867 decretave
1578 3822 1669 3862 ar-

139 3914 254 3969 rectis
274 3917 472 3972 auribus
498 3916 748 3985 accipere
774 3909 1041 3968 debuerit.
1084 3907 1161 3962 Eo
1197 3922 1326 3977 ergo
1365 3902 1670 3974 diligentius

139 4003 369 4077 colligenda
398 4019 539 4075 Sunt,
573 4015 840 4079 quotquot
861 4000 1214 4064 emerserint,
1236 3996 1491 4068 Stephani
1510 3994 1667 4064 Papa:
1698 4016 1745 4075 Β

138 4101 353 4156 sententia:
381 4118 445 4158 ex
480 4100 728 4172 epistolis
767 4093 1020 4169 Cypriani
1057 4101 1111 4147 et
1146 4089 1443 4146 Firntiliani
1484 4099 1671 4141 excer-

139 4199 239 4258 Ριίὲς
278 4197 528 4264 paltnares
575 4209 741 4267 porro
783 4208 846 4245 ac
887 4189 1079 4244 merito
1118 4184 1275 4240 dicta:
1316 4180 1667 4246 decretorian,

140 4284 283 4355 lillippc
307 4304 443 4359 quc,
478 4289 605 4344 licet
639 4286 763 4341 hinc
791 4293 843 4340 et
874 4283 998 4337 hinc
1027 4277 1383 4336 renitentibus
1423 4272 1670 4328 maximae

141 4386 185 4429 ac
212 4382 536 4437 meritissima:
579 4377 915 4435 auctoritatis
954 4372 1116 4439 viris,
1148 4372 1418 4443 ingentem
1451 4366 1667 4421 demum

144 4468 249 4527 litem
274 4475 576 4533 diremerint
604 4491 666 4529 ac
701 4470 862 4545 paulo
892 4478 1014 4541 post
1041 4466 1238 4523 l'uerint
1275 4463 1342 4519 ab
1368 4460 1514 4518 omni
1540 4473 1669 4528 qua-

142 4577 215 4633 ιιιιε
249 4580 371 4638 patet
419 4571 662 4627 Ecclesia
711 4574 978 4636 acceptas,
1026 4560 1288 4632 amplexa:
1331 4554 1558 4610 ﬁrmiter
1608 4566 1670 4606 ac

142 4667 344 4726 perpetuo
382 4674 628 4718 servatas.
658 4660 783 4716 Haec
810 4671 942 4714 vero
986 4654 1157 4710 sancti
1196 4647 1473 4706 Pontiﬁcis
1513 4644 1669 4701 ell'ata

144 4743 233 4802 dum
257 4765 283 4806 e
309 4753 589 4810 Firmiliani
628 4752 823 4809 litteris
862 4748 1199 4821 p0tissimum
1238 4744 1510 4803 eruimus,
1542 4753 1671 4794 neu-

145 4836 292 4909 liquam
318 4848 365 4902 in
392 4850 570 4904 animo
610 4857 692 4905 est
717 4847 885 4917 ipsam
912 4841 1211 4899 Firmiliani
1251 4837 1534 4910 epistolam
1575 4849 1671 4888 au—

145 4928 374 4995 thenticam
401 4951 491 4997 aut
517 4951 689 4998 ratam
730 4940 951 4996 habere.
997 4937 1122 4992 Esto
1151 4933 1252 4989 sub
1274 4932 1457 5004 judice
1489 4930 1553 4985 lis
1580 4929 1666 4983 in-

145 5027 603 5108 teimmotumque
639 5034 866 5090 velimus
908 5032 1095 5095 liceat,
1139 5043 1202 5083 ex
1255 5026 1356 5080 hoc
1397 5027 1544 5080 lente
1581 5021 1668 5078 vel

141 5114 262 5176 dubio
293 5130 366 5185 vel
400 5131 694 5188 disturbato
734 5127 1022 5186 exhaurire
1059 5122 1353 5181 sententias
1391 5120 1510 5176 illas
1548 5132 1668 5190 qua:

141 5220 435 5278 venerandam
476 5225 691 5296 Sttpiunl
734 5228 1089 5283 vetustatem,
1117 5229 1359 5287 quasque
1399 5211 1549 5267 vafer
1588 5211 1668 5266 in-

1694 2617 1747 2677 A

2527 2608 2591 2664 ll.

2196 2726 2441 2783 Pahnare
2456 2726 2599 2798 juris
2630 2726 2963 2796 principium.

1846 2844 1903 2901 Si
1944 2842 2067 2915 quis
2095 2857 2224 2913 ergo
2253 2857 2284 2896 a
2314 2855 2652 2911 quacumque
2681 2838 2876 2894 haeresi
2906 2839 3115 2895 venerit
3144 2837 3213 2893 ad
3244 2851 3345 2894 nos
3365 2880 3379 2906 ,

1774 2954 1921 2994 NIHIL
1950 2951 2260 2991 INNOVETUR
2280 2977 2294 3001 ,
2324 2948 2425 2990 NISI
2455 2947 2592 2998 QUOD
2621 2947 2899 2988 TRADI'I‘UI
2928 2949 3048 2996 EST,
3096 2940 3154 2986 ut
3191 2946 3383 2986 manus

1776 3030 1852 3085 illi
1902 3032 2213 3099 imponatur
2259 3028 2309 3081 in
2358 3025 2764 3097 paenitentiam,
2816 3039 2939 3079 enm
2986 3023 3088 3093 ipsi
3140 3022 3381 3078 lnrretici

1775 3123 1994 3196 proprie
2023 3121 2340 3177 alterutrum
2364 3120 2430 3174 ad
2453 3134 2512 3173 se
2533 3119 2812 3174 venientes
2838 3133 2943 3171 non
2969 3116 3262 3187 baptizent,
3282 3113 3377 3169 sed

1774 3199 2138 3274 communicet
2168 3225 2371 3269 tantum
2399 3210 2598 3285 (Cypr.
2629 3210 2801 3282 Epist.
2830 3212 3065 3280 LXXIV).

1824 3448 2133 3504 Traditionis
2164 3446 2474 3517 Apostolica:
2504 3442 2849 3499 testimonium
2879 3442 2943 3497 de
2970 3440 3324 3497 hazreticorum

2405 3539 2733 3610 baptismate.

1849 3722 1862 3737 .
1874 3720 1888 3738 .
1899 3680 2078 3749 .Quasi
2101 3680 2136 3734 Α
2148 3677 2341 3750 postoli
2356 3691 2451 3733 eos
2465 3676 2555 3747 qui
2574 3676 2643 3730 ab
2665 3674 2859 3731 haeresi
2878 3675 3097 3730 veniant
3116 3669 3376 3744 baptizari

1776 3772 2153 3847 prohibuerint
2181 3782 2238 3827 ct
2274 3770 2379 3826 hoc
2406 3768 2820 3826 cuStodiendum
2861 3768 3094 3840 posteris
3134 3764 3376 3824 tradide-

1775 3868 1884 3922 rint
1911 3866 1930 3938 (
1955 3863 2161 3920 Firmil.
2197 3861 2368 3935 Epist.
2390 3860 2431 3934 ).

2522 3954 2615 4010 ιν.

2093 4064 2398 4126 Testimonii
2426 4069 2701 4125 intrimeca
2730 4075 3049 4139 argumenta.

1846 4208 2155 4280 Stephanus
2190 4217 2245 4263 et
2283 4206 2375 4277 qui
2403 4204 2479 4260 illi
2508 4204 2889 4271 consentiunt,
2920 4200 3256 4259 contendunt
3291 4203 3378 4259 di-

1774 4304 2087 4358 missionem
2133 4307 2476 4368 peccatorum
2515 4306 2570 4352 et
2612 4297 2905 4352 secundam
2947 4294 3280 4350 nativitatem
3320 4296 3375 4351 in

1776 4396 2153 4453 lnereticorum
2195 4393 2464 4462 baptismo
2501 4391 2833 4461 procedere,
2865 4388 3004 4460 apud
3035 4401 3173 4459 quos
3209 4388 3376 4444 etiam

1774 4489 1873 4560 ipsi
1902 4485 2230 4545 Conﬁtentur
2258 4485 2516 4556 Spiritum
2543 4492 2787 4538 sanctum
2815 4496 2919 4535 non
2947 4493 3091 4546 esse,
3123 4479 3379 4549 simulque

1777 4597 1941 4638 unum
1983 4580 2139 4636 nobis
2176 4592 2339 4650 atque
2383 4575 2650 4632 haereticis
2689 4572 2953 4644 baptisma
3001 4585 3217 4628 csse....
3256 4570 3378 4629 Non

1775 4685 1964 4749 putant
2000 4675 2355 4747 quaerendum
2394 4685 2517 4727 esse
2554 4668 2674 4739 quis
2712 4667 2783 4722 sit
2821 4667 2910 4722 ille
2937 4666 3027 4738 qui
3065 4665 3375 4736 baptizave-

1776 4774 1886 4838 rit,
1924 4785 1991 4826 eo
2019 4767 2163 4842 qnnd
2191 4769 2281 4840 qui
2311 4763 2695 4835 baptizaverit,
2725 4761 2949 4831 gratiam
2980 4758 3238 4828 consequi
3279 4771 3377 4829 po-

1778 4864 1940 4921 tuerit
1980 4865 2225 4918 invocata
2254 4858 2516 4915 Triuitate
2556 4855 2830 4912 numinum
2870 4852 3046 4908 Patris
3075 4861 3130 4907 et
3160 4849 3282 4906 Filii
3319 4862 3376 4908 et

1774 4959 2005 5031 Spiritus
2032 4957 2273 5013 sancti...
2304 4953 2431 5008 Vult
2456 4950 2760 5021 Stephanus
2798 4947 2881 5003 his
2908 4945 3000 5017 qui
3030 4945 3169 5016 apud
3198 4944 3373 5003 luere-

1776 5055 1909 5110 ticos
1950 5053 2307 5123 baptizantur,
2355 5047 2544 5103 adesse
2594 5044 2934 5116 praesentiam
2980 5050 3035 5097 et
3081 5040 3372 5096 sanctimo-

1773 5146 1918 5202 niam
1962 5143 2230 5200 (lhristi...
2278 5139 2503 5195 Multum
2546 5139 2759 5208 prolicit
2797 5151 2992 5193 nomen
3032 5132 3270 5198 Christi,
3312 5143 3372 5190 ut

1775 5241 2101 5313 quicumque
2142 5246 2195 5292 et
2238 5233 2565 5303 ubicumque
2615 5233 2666 5287 in
2712 5233 2932 5287 nomine
2959 5229 3161 5286 Christi
3190 5229 3367 5300 bapti-

141 5307 387 5401 [erpollator
408 5332 470 5371 ex
495 5317 725 5387 antiquis
751 5310 1121 5371 instrumentis
1147 5309 1201 5365 in
1240 5305 1453 5363 novella
1470 5308 1665 5362 νοθείων

1843 5345 1927 5392 tus
1951 5305 2139 5400 fuerit,
2161 5336 2524 5401 consequatur
2549 5326 2732 5385 statim
2751 5327 2982 5398 gratiam
3001 5323 3203 5383 Christi
3221 5320 3370 5397 (Fir-

141 5388 349 5470 larragine
374 5408 642 5467 intrudere
674 5409 867 5482 potuit.

220 5585 337 5648 Unus
359 5610 414 5650 ac
439 5600 742 5655 necessarias
770 5595 1227 5654 controversiarum
1265 5591 1388 5663 ﬁdei
1412 5591 1555 5662 ﬁnis.

190 5696 446 5774 Slephanus
482 5714 548 5769 de
576 5717 918 5787 episcopatus
944 5714 1028 5768 sui
1057 5711 1175 5768 loco
1203 5708 1464 5781 gloriatur
1502 5713 1557 5760 et
1601 5690 1663 5759 se

134 5797 465 5860 successionem
515 5807 653 5864 Petri
698 5818 883 5866 tenere
932 5804 1238 5871 contendit,
1287 5815 1450 5870 super
1498 5811 1658 5870 quem

136 5874 411 5951 lundamenta
438 5901 671 5959 ecclesiae
696 5905 888 5960 collata
922 5908 1049 5957 sunt
1077 5898 1315 5971 (Firmil.
1350 5895 1519 5968 Epist.
1538 5892 1579 5966 ).

1764 5428 1873 5484 util.
1901 5425 2068 5499 Epist.
2096 5423 2304 5498 passim.
2333 5420 2374 5494 ).

2548 5534 2614 5589 V.

2429 5648 2692 5707 Clausula.

1766 5809 2001 5855 H£BES|S
2026 5807 2223 5860 ρυιιιειι
2253 5807 2408 5848 PARI'I‘
2453 5805 2521 5845 ΕΤ
2562 5799 2825 5851 ειιιοΝιτς
2870 5795 3158 5837 EIPOSITOS
3187 5794 3366 5838 Λυτεὶι

2043 5897 2296 5943 accursu
2322 5896 2554 5941 susctrtr
2583 5874 2827 5949 (Firmil.
2859 5872 3028 5945 Epist.
3055 5869 3095 5943 ).
3121 5870 3255 5928 Enn.
