3700 6276
358 297 493 355 HIS

1634 297 1983 367 ιιιιιιρυιιλιι
2020 296 2292 356 δΑΟΒᾹ.

3385 322 3477 383 “illi

432 414 495 470 Il.
554 415 823 483 Quantum
853 427 979 468 vero
1009 411 1076 467 ad
1101 427 1316 468 causam
1370 413 1648 468 infantium
1698 413 1951 485 pertinet,
1981 420 2035 481 Α
2060 413 2295 469 declarat
2321 412 2476 469 nobis
2504 412 2699 471 divinze
2729 414 3005 487 Scriptura:
3028 419 3144 477 ﬁdes
3164 423 3363 486 Heliseus
3383 447 3396 471 ιτ
3418 454 3481 493 su.

358 523 492 579 quos
534 507 713 561 dixisti
760 508 897 560 intra
945 506 1242 562 secundum
1287 506 1372 562 vel
1397 507 1619 563 tertium
1665 506 1807 562 diem
1844 522 1951 577 quo

355 604 467 658 nati
501 601 651 655 sint“
679 601 998 656 constitutos
1028 602 1284 674 baptizari
1314 618 1419 657 non
1448 614 1719 672 oportere,
1749 611 1803 659 et
1822 617 1951 658 con-

356 692 694 750 siderandam
716 708 838 750 esse
860 694 1032 765 legem
1064 693 1222 767 (Gen.
1246 711 1378 760 xvii,
1410 695 1498 767 12)
1526 695 1952 751 circumcisionis

354 794 587 855 antiqnm
612 827 625 847 ,
675 794 731 840 ut
759 786 896 841 intra
936 796 1182 842 octavum
1230 786 1372 843 diem
1420 804 1541 844 eum
1571 788 1660 859 qui
1692 798 1844 842 natus
1870 797 1952 843 est

356 878 735 949 baptizandnin
779 893 833 935 et
868 880 1310 936 sanctificandum
1350 896 1454 936 non
1495 890 1713 950 putares
1738 923 1754 949 ,
1796 882 1952 952 longe

356 971 500 1027 aliud
533 974 584 1027 in
620 974 849 1029 concilio
879 982 1064 1029 nostro
1104 974 1353 1030 omnibus
1402 976 1573 1030 visum
1614 985 1718 1030 est.
1762 974 1820 1029 ln
1852 973 1953 1029 hoc

355 1065 498 1120 enim
518 1066 657 1136 quod
683 1075 735 1120 tu
758 1067 984 1136 putabas
1006 1082 1127 1123 esse
1152 1067 1455 1123 faciendum
1482 1083 1641 1123 nemo
1656 1067 1950 1135 consensit,

356 1158 452 1214 sed
508 1160 742 1215 universi
789 1161 963 1230 potius
1004 1161 1365 1231 judicaviinus
1411 1161 1540 1217 nulli
1583 1162 1785 1217 homini
1827 1172 1952 1217 nato

354 1253 780 1309 misericordiam
804 1254 898 1309 Dei
924 1253 952 1291 ι’
981 1264 1033 1308 et
1062 1256 1286 1325 gratiam
1321 1255 1710 1325 denegandam.

428 1344 559 1400 Nam
600 1360 721 1400 cum
767 1347 1021 1402 Dominus
1067 1349 1118 1402 in
1174 1347 1467 1418 Evangvlio
1509 1362 1607 1402 suo
1635 1346 1775 1401 dicat
1799 1346 1952 1420 (Luc.

350 1453 441 1503 ιιι,
475 1437 567 1510 56)
597 1457 609 1492 :
645 1436 690 1491 F
694 1439 812 1493 ilius
859 1440 1080 1494 hominis
1123 1456 1224 1494 non
1271 1441 1406 1494 venit
1447 1441 1648 1494 animas
1692 1441 1957 1495 hominum

358 1531 588 1601 perdere,
626 1532 716 1586 sed
753 1534 974 1597 salvare,
1024 1542 1281 1603 quantum
1329 1533 1381 1586 in
1425 1532 1581 1587 nobis
1610 1543 1709 1599 est,
1746 1533 1791 1588 si
1838 1533 1954 1589 ﬁeri

358 1632 571 1692 potest,
629 1624 773 1679 nulla
818 1626 996 1679 anima
1053 1625 1327 1695 perdenda
1376 1636 1478 1680 est.
1518 1626 1654 1691 Quid
1710 1626 1851 1680 enim
1905 1625 1956 1681 ei

357 1713 511 1771 deest
550 1718 641 1787 qui
669 1718 835 1772 semel
868 1718 919 1773 in
949 1728 1102 1773 utero
1134 1719 1227 1773 Dei
1260 1718 1507 1774 manibus
1538 1718 1796 1774 formatus
1822 1729 1906 1775 est
1934 1718 1957 1772 ἳ

2056 521 2150 577 per
2185 504 2442 562 infantem
2473 506 2648 561 viduae
2671 500 2833 563 lilium
2856 510 2941 580 qui
2971 522 3184 571 mortuus
3202 517 3487 588 jacebatitasc

2056 602 2224 658 Deum
2248 602 2543 671 deprecans
2569 605 2930 673 superstravit,
2949 616 3003 661 ut
3027 610 3166 679 capiti
3188 627 3315 682 caput
3334 628 3375 672 et
3392 619 3493 681 [aciei

2054 694 2219 752 facies
2270 697 2664 769 applicaretur,
2710 706 2765 754 et
2809 700 3058 769 superfusi
3109 703 3287 762 Helisei
3335 717 3499 775 membra

2054 789 2275 859 singulis
2302 792 2501 860 parvuli
2539 791 2791 847 membris
2818 802 2872 847 et
2919 793 3070 862 pedes
3096 798 3501 875 pedibusjungemi.

2058 893 2142 939 tur
2163 884 2257 955 (IV
2288 884 2414 956 Reg.
2441 900 2514 951 tv,
2545 884 2657 956 54).
2691 885 2821 952 Qua:
2846 903 2930 942 res
2956 891 2997 941 si
3027 892 3281 947 secundum
3303 898 3505 958 nativitatis

2057 987 2254 1031 nostra:
2293 987 2353 1032 et
2397 977 2643 1046 corporis
2682 978 3078 1048 intequalitatem
3113 985 3353 1054 cogitetur,
3388 991 3507 1049 adulto

2056 1080 2105 1125 et
2135 1080 2391 1140 provecto
2421 1069 2599 1125 infans
2626 1087 2731 1125 non
2762 1082 2942 1142 posset
2968 1076 3173 1143 mquari,
3201 1093 3286 1133 nec
3317 1084 3510 1144 conarere

2055 1172 2110 1217 et
2136 1162 2386 1219 sufﬁcere
2416 1173 2633 1234 possent
2664 1180 2824 1234 parva
2843 1165 3071 1220 membra
3097 1169 3454 1239 majorilius.Sed
3473 1180 3510 1234 il.

2058 1254 2126 1309 lic
2146 1254 2421 1325 inqualitas
2442 1255 2620 1311 divina
2653 1267 2708 1311 et
2736 1257 2989 1327 Spiritalis
3007 1259 3307 1330 exprimitur,
3326 1268 3433 1336 quod
3456 1286 3513 1340 μ.

2058 1362 2146 1403 res
2189 1355 2349 1418 atque
2394 1348 2631 1418 aequales
2678 1350 2786 1404 sint
2814 1366 3000 1406 omnes
3030 1352 3277 1419 homines,
3312 1362 3467 1427 quando
3499 1380 3517 1417 ι

2062 1440 2171 1496 Deo
2187 1441 2352 1496 semel
2384 1440 2506 1497 facti
2536 1452 2682 1510 sunt,
2705 1453 2759 1497 et
2783 1444 2948 1513 possit
2969 1453 3092 1499 aetas
3120 1456 3280 1501 nostra
3302 1449 3344 1503 in
3364 1447 3386 1486 ἀ
3407 1452 3521 1510 iocre.

2061 1538 2258 1590 mentis
2295 1537 2541 1607 corporis
2569 1537 2864 1592 secundum
2897 1539 3141 1594 saeculum
3162 1583 3177 1607 ,
3206 1558 3297 1597 non
3321 1547 3521 1603 secundum

2063 1631 2229 1685 Deum
2265 1630 2462 1687 habere
2490 1631 2805 1699 discrimen;
2835 1633 2937 1686 nisi
2971 1634 3014 1686 si
3057 1644 3108 1689 et
3145 1637 3296 1705 gratia
3330 1638 3524 1711 ipsa,qna:

2061 1722 2342 1794 baptizatis
2383 1722 2564 1789 datur,
2611 1739 2710 1795 pro
2751 1732 2909 1779 aetate
2957 1725 3304 1797 accipientium
3332 1730 3396 1784 vel
3416 1733 3527 1786 minor

427 1807 594 1864 Nobis
635 1811 776 1865 enim
807 1820 966 1883 atque
991 1813 1162 1867 oculis
1198 1814 1397 1868 nostris
1422 1813 1719 1871 secundum
1745 1813 1955 1870 dierum
1986 1821 2034 1882 Β
2063 1814 2146 1870 vel
2164 1814 2335 1883 major
2361 1814 2633 1879 tribuitur,
2658 1831 2780 1871 cum
2807 1816 3037 1885 Spiritus
3055 1828 3253 1873 sanctus
3276 1834 3360 1873 non
3376 1821 3529 1878 demeti-

362 1901 699 1957 saacularium
730 1918 945 1959 cursum
976 1904 1224 1975 accipere
1253 1906 1341 1974 qui
1362 1906 1470 1960 nati
1503 1915 1626 1961 sunt
1650 1906 1955 1960 incremen-

362 2001 476 2048 tum
514 1994 780 2051 vidcntur.
814 1995 1080 2052 Caeterum
1112 2014 1465 2069 qnmcumqne
1490 2015 1521 2054 a
1549 1994 1660 2056 Deo
1692 2001 1829 2055 liunt
1859 2000 1957 2056 Dei

359 2085 581 2146 factoris
609 2089 885 2159 majestate
912 2100 967 2146 et
993 2106 1158 2162 opere
1181 2092 1419 2163 perfecta
1450 2103 1594 2148 sunt.

431 2178 516 2235 IIl.
551 2181 685 2237 Esse
726 2182 958 2253 denique
982 2183 1121 2254 apud
1151 2200 1370 2251 omnes,
1401 2186 1521 2241 sive
1547 2185 1812 2252 infantes,
1846 2188 1959 2244 sive

360 2274 595 2345 majores
646 2284 806 2345 natu,
851 2293 1011 2332 unum
1062 2277 1228 2333 divini
1288 2280 1527 2335 muneris
1593 2280 1954 2351 aequalitatem

2063 1920 2209 1972 sura,
2240 1905 2334 1961 sed
2362 1905 2429 1962 de
2459 1907 2656 1977 pietate
2689 1917 2853 1978 atque
2881 1907 3195 1979 indulgentia
3221 1922 3395 1981 paterna
3414 1929 3531 1986 aqua.

2022 1979 2027 1984 ’
2066 2000 2131 2056 lis
2175 2000 2426 2056 omnibus
2480 2001 2801 2071 praebeatur.
2855 2000 2988 2055 Nam
3047 2000 3182 2073 (Gal.
3208 1979 3260 2068 11,
3295 1979 3467 2076 6)
3494 2025 3532 2063 tu

2065 2108 2353 2167 personam
2382 2110 2489 2150 non
2518 2095 2733 2165 accipit,
2770 2094 2850 2149 sic
2875 2108 2978 2151 nec
3006 2104 3209 2151 {etatem
3235 2112 3337 2152 cum
3361 2102 3535 2155 scamni-

2068 2188 2168 2248 bns
2212 2189 2279 2245 ad
2325 2188 2563 2246 ccclesiis
2586 2190 2774 2261 gratiae
2801 2189 3230 2247 consecutionem
3253 2192 3540 2263 :equalitateli-

2063 2281 2213 2338 brata
2258 2281 2493 2352 praebeat
2535 2291 2760 2353 patrem.

1578 2374 1963 2433 LECTIONES
2000 2374 2313 2431 VARIANT
2319 2372 2421 2430 ES.

370 2466 473 2578 ΥΞ).
487 2464 643 2524 Quam
668 2468 767 2518 nati
789 2474 902 2518 sunt
929 2468 1055 2519 Bod.
1082 2470 1128 2528 1,
1154 2467 1203 2519 2.
1229 2469 1337 2521 NC.
1367 2472 1413 2531 1,
1443 2468 1491 2519 2.
1529 2466 1674 2520 Ebor.
1703 2466 1811 2519 Lin.
1840 2469 1961 2519 Ben.

416 2589 447 2627 δ
483 2591 816 2645 Misericordis
837 2593 935 2646 Dei
960 2596 1164 2658 gratiam
1186 2598 1393 2661 August.

2130 2469 2155 2497 θ
2194 2465 2362 2524 Fides,
2392 2479 2507 2516 eum
2530 2467 2779 2518 Heliseus
2802 2469 2939 2517 Lam.
2967 2469 3011 2518 Ν
3020 2466 3075 2517 C.
3104 2469 3147 2525 1,
3170 2467 3217 2519 2.

2131 2528 2160 2568 d
2193 2530 2384 2580 Nostras
2405 2530 2457 2579 in
2480 2531 2800 2582 incrementis
2824 2532 2964 2581 lam.
2990 2529 3110 2582 Bod.
3132 2531 3176 2579 2.

1728 2653 2087 2713 VARIORUM
2124 2654 2358 2712 NOTAE.

435 2751 703 2825 Baptizori
729 2772 830 2810 non
869 2766 1120 2825 oportere.
1157 2756 1233 2809 De
1264 2755 1538 2825 Baptismo
1565 2752 1850 2825 infantium
1879 2751 1963 2825 vi-

361 2823 430 2893 de
456 2823 751 2892 Joscplinm
786 2823 1187 2893 Vicecomitom,
1215 2827 1307 2881 lib.
1339 2823 1397 2892 it,
1425 2841 1546 2892 cap.
1580 2830 1630 2890 l,
1661 2825 1725 2878 de
1743 2823 1967 2888 antiquis

360 2892 620 2968 Baptismi
645 2894 863 2965 Ritibus,
880 2910 931 2952 et
953 2899 1152 2966 scripta
1170 2892 1464 2968 Anglicnna
1486 2897 1674 2951 Bnceri
1694 2911 1814 2965 pag.
1837 2893 1965 2968 655.

365 2965 493 3029 667,
529 2966 653 3022 781.
686 2968 821 3024 Vide
856 2970 1017 3024 etiam
1054 2965 1337 3023 tractatum
1383 2968 1638 3023 Florentii
1678 2967 1859 3023 Conrii
1907 2966 1971 3020 de

365 3036 519 3111 Statu
544 3038 1002 3111 parvulorumsine
1043 3039 1309 3111 Baptismo
1350 3040 1719 3093 decedendum.
1763 3037 1963 3111 Βιιευζ.

435 3107 578 3181 ΙΙ.-έ
598 3109 853 3181 Quantum
871 3129 986 3166 vero
1003 3114 1069 3166 ad
1087 3107 1292 3165 causam
1309 3112 1584 3181 infantium
1603 3112 1837 3180 pertinet.
1859 3109 1967 3181 Lo—

360 3194 458 3235 cus
480 3180 701 3241 insianis
724 3182 792 3239 de
818 3182 1092 3252 Baptismo
1107 3180 1651 3252 parvulorumcontra
1671 3180 1966 3252 Anabaptis

2070 2748 2324 2816 Ecclesia,
2359 2766 2449 2804 nec
2477 2749 2707 2804 conciliis
2734 2750 3050 2811 institutum,
3077 2754 3161 2805 sed
3193 2767 3360 2822 semper
3379 2759 3543 2805 retentum

2071 2829 2166 2884 est,
2200 2837 2300 2874 non
2332 2822 2431 2875 nisi
2470 2823 2773 2875 auctoritate
2815 2823 3103 2889 apostolica
3127 2823 3340 2876 traditum
3361 2824 3546 2877 rectissim

2072 2893 2314 2946 creditur.
2368 2892 2520 2947 Licet
2581 2894 2633 2946 in
2690 2894 2925 2947 concilio
2983 2895 3084 2949 hoc
3142 2893 3471 2962 Caitliaginensi
3505 2892 3543 2945 66

2073 2964 2448 3033 episcoporum
2488 3004 2502 3026 ,
2567 2963 2801 3018 amnibus
2874 2965 3042 3018 visum
3095 2967 3155 3018 sit
3214 2965 3325 3017 nulli
3372 2964 3543 3017 hominum

2074 3046 2192 3088 unto
2219 3035 2621 3089 misericordiam
2655 3034 2750 3088 Dei
2792 3046 2836 3088 et
2876 3037 3100 3105 gratiam
3136 3035 3456 3105 denegandam;
3478 3034 3544 3089 hac

2075 3120 2180 3158 non
2247 3106 2313 3159 ad
2374 3106 2851 3174 pacdobaptisniuui
2911 3106 3241 3161 statuendum
3281 3106 3458 3159 adducta
3490 3106 3542 3171 qui

2073 3177 2201 3230 olint
2241 3177 2504 3240 obtinuit;
2559 3176 2654 3231 sed
2705 3178 2770 3229 ad
2803 3176 3061 3231 Afrorum
3091 3178 3182 3231 hac
3206 3179 3252 3229 in
3279 3194 3328 3231 re
3360 3178 3542 3246 jndaiun-

361 3262 463 3326 tas.
483 3255 640 3320 cujus
665 3246 1089 3326 ineininiietiam
1108 3246 1252 3308 'toin.
1284 3271 1342 3318 11,
1374 3254 1468 3306 lib.
1500 3254 1563 3306 de
1580 3252 1779 3326 Lapsrs.
1804 3246 1967 3326 Eumf
1995 3263 2039 3326 ρ
2077 3247 2207 3301 tium
2245 3262 2485 3326 errorem
2519 3246 2870 3326 refellendum
2910 3249 3140 3326 vibrata,
3162 3250 3242 3318 qui
3281 3248 3340 3326 ad
3367 3248 3542 3326 dicatne-

361 3323 484 3377 dein
509 3336 805 3394 agnoscunt
825 3325 884 3379 D.
902 3324 1135 3396 Cyrillus
1163 3325 1682 3396 tlicrosiilymitanns
1707 3321 1968 3378 Catecltesi

360 3397 566 3466 mistag.
597 3412 635 3449 ι.
671 3397 830 3466 Greg.
864 3395 991 3452 Naz.
1025 3395 1171 3451 Orat.
1205 3415 1263 3457 tt,
1297 3399 1350 3450 in
1380 3395 1609 3450 sanctum
1641 3395 1967 3449 Lavacrum:

361 3466 557 3539 Chrys.
592 3467 739 3521 ltum.
790 3467 859 3521 ad
897 3467 1219 3539 Neaphytos,
1259 3470 1403 3523 hom.
1444 3484 1518 3534 ts,
1552 3470 1605 3521 in
1653 3467 1782 3521 Gen.
1821 3475 1876 3521 et
1914 3467 1967 3519 in

363 3536 515 3608 Paul.
544 3553 658 3603 χιιι,
700 3554 763 3592 ac
790 3536 1038 3594 Ambros.
1069 3536 1122 3594 in
1162 3541 1376 3595 Lucam.
1421 3540 1681 3594 Eunidem
1717 3540 1778 3591 D.
1829 3541 1962 3608 Aug.

364 3606 435 3659 ab
464 3609 710 3662 universa
738 3609 976 3665 Ecclesia
1005 3612 1347 3666 observatum
1391 3612 1553 3665 fuisse
1596 3619 1823 3663 testatur
1856 3606 1965 3663 fre-

363 3689 614 3754 quenter,
646 3686 946 3754 praesertim
974 3695 1152 3737 autem
1188 3683 1285 3754 Ep.
1322 3683 1392 3737 28
1418 3725 1433 3747 ,
1462 3683 1573 3751 jam
1599 3682 1738 3735 dicta
1770 3691 1839 3754 et
1866 3681 1960 3735 lib.

365 3764 446 3814 tu,
478 3748 541 3820 de
570 3764 759 3818 peccat.
787 3750 961 3806 Merit.
1002 3764 1049 3808 et
1071 3748 1295 3818 remisi,
1326 3770 1376 3808 c.
1409 3748 1476 3820 6,.
1501 3755 1553 3812 7.
1583 3753 1639 3815 8,
1669 3755 1721 3817 9,
1756 3752 1844 3805 ubi
1878 3760 1962 3805 ιο-

365 3830 476 3875 tam
508 3818 620 3876 fere
653 3823 790 3879 hanc
818 3825 941 3878 citat
973 3827 1277 3890 epistolam,
1307 3818 1574 3890 quomodo
1598 3824 1759 3879 etiam
1779 3824 1869 3879 lib.
1891 3839 1961 3888 Iv,

365 3904 543 3966 contra
571 3894 702 3949 duas
727 3897 969 3963 epistolas
1000 3894 1203 3966 Pelag.,
1229 3914 1277 3953 c.
1308 3898 1360 3957 8.
1382 3908 1436 3951 et
1468 3896 1558 3950 lib.
1584 3907 1837 3956 tt,contra
1864 3894 1965 3949 Ju-

368 3962 502 4039 lion1
524 3980 572 4018 c.
608 3968 660 4039 5.
691 3962 990 4039 Coiilirmat
1014 3962 1261 4023 ennidem
1286 3970 1615 4039 Baptismuin
1634 3966 1731 4020 bac
1748 3975 1965 4022 senten-

366 4035 441 4088 tia
465 4033 717 4107 Cypriani
740 4038 1149 4102 etCollegai-uin
1183 4042 1243 4095 D.
1278 4033 1524 4106 Iliorum,
1554 4040 1653 4093 sub
1684 4039 1841 4093 linem
1869 4039 1965 4099 lib,

365 4122 447 4169 ut,
472 4108 662 4184 dialog.
698 4122 876 4184 contra
917 4110 1247 4184 Pelagianos.
1286 4112 1456 4167 Intnio
1495 4111 1705 4166 Concil.
1744 4111 1957 4165 Milevit.

366 4193 492 4253 ean.
517 4180 571 4243 ‘2,
603 4182 945 4237 anathemate
971 4180 1093 4239 enin
1116 4183 1358 4250 damnat,
1387 4185 1475 4252 qui
1506 4193 1663 4253 negat
1692 4184 1964 4250 baptizan-

366 4251 468 4305 dos
499 4254 749 4319 parvulos
790 4268 1037 4310 recentes
1064 4256 1133 4310 ab
1162 4258 1328 4311 uteris
1357 4251 1611 4309 matrimi.
1656 4253 1796 4308 Ante
1833 4269 1962 4307 vero

367 4322 433 4376 D.
465 4321 793 4394 Cyprianum
836 4328 1078 4394 ejusdem
1137 4328 1466 4383 intentionem
1504 4327 1725 4381 disertis
1783 4325 1963 4380 verbis

366 4409 607 4469 reperire
623 4407 725 4469 est,
752 4399 890 4466 apud
911 4398 1197 4469 Origenem
1231 4401 1283 4454 in
1304 4399 1463 4453 Levit.
1492 4399 1636 4452 hom.
1667 4398 1720 4460 8,
1753 4399 1804 4449 in
1831 4395 1958 4453 Luc.

367 4474 423 4519 et
451 4467 505 4519 in
534 4465 698 4537 Epist.
731 4465 799 4522 ad
842 4465 1168 4537 ROIII.;C:ID.
1220 4471 1288 4534 6;
1341 4470 1725 4525 Tertulliannnt
1781 4469 1870 4522 lib.
1902 4470 1963 4522 de

366 4538 574 4601 Anima,
594 4538 852 4593 Irenaeum
875 4550 1054 4594 contra
1076 4539 1218 4594 Hier.
1241 4542 1336 4595 lib.
1363 4541 1418 4600 ti.
1438 4556 1558 4610 cap.
1585 4540 1675 4603 59;
1693 4540 1960 4595 Justinum

367 4617 526 4662 ntat-t.
555 4622 747 4678 quaest.
782 4611 871 4665 56.
900 4611 1237 4665 Clementem
1263 4611 1561 4664 Rotuannni
1592 4613 1688 4667 lib.
1717 4628 1789 4675 VI,
1829 4610 1963 4667 Con-

365 4658 529 4754 gina;
560 4658 761 4754 ngat,
784 4658 1802 4754 3.:sin:'ajﬁis;.;.;ggg”x;-g.;g;.'ait.
1833 4658 1956 4754 Ξᾶὗ.
1987 4658 2039 4716 Ῑ)

362 4748 567 4825 Eccles.
601 4749 939 4825 Hieran/tite.
981 4755 1087 4825 Qui
1123 4751 1280 4805 Dion.
1318 4748 1396 4803 'ad
1449 4748 1787 4825 traditionem
1818 4748 1956 4825 Apo-

365 4823 624 4877 Stolorum
654 4838 776 4878 enni
808 4823 992 4884 refert,
1025 4821 1089 4875 ad
1125 4837 1284 4891 quam
1316 4823 1562 4877 eumdem
1589 4828 1748 4879 etiam
1794 4821 1959 4881 refert

368 4895 518 4965 Orig.
546 4896 598 4948 in
631 4894 795 4964 Epist.
825 4896 892 4946 ad
916 4894 1069 4946 Rom.
1090 4893 1232 4965 etkD.
1259 4896 1395 4963 Aug.
1434 4892 1526 4949 lib.
1554 4912 1585 4949 x
1638 4896 1701 4949 de
1731 4896 1858 4952 Gen.
1891 4899 1959 4952 ad

367 4962 494 5035 (ita,
526 4983 575 5022 c.
605 4962 710 5032 25‘;
741 4974 796 5022 ct
824 4965 916 5020 lib.
950 4979 1027 5031 tx,
1062 4964 1126 5020 de
1143 4962 1300 5036 Bapt.
1343 4962 1521 5021 eontra
1545 4966 1743 5094 11))onat.
1781 4984 1831 5023 c.
1867 4969 1962 5026 24.

1587 5055 1750 5094 Αιει.

1587 5055 1750 5096 Αιει.

442 5108 905 5179 Sanctiﬁcandum.
957 5108 1030 5163 Ita
1057 5124 1247 5165 omnes
1293 5110 1560 5167 editiones
1604 5126 1732 5168 ante
1774 5113 1964 5170 Pame-

367 5183 565 5256 lianain
603 5191 674 5256 et_
712 5180 951 5256 plerique
975 5181 1384 5256 Alibri_veteres.
1435 5182 1703 5238 Pamelius
1743 5187 1963 5256 scripsit

366 5251 782 5324 sacriﬁcandum.
812 5251 884 5324 Ita
916 5253 1074 5306 etiam
1115 5254 1404 5324 Rigaltius,
1451 5257 1692 5324 quamvis
1727 5251 1958 5311 Goul'ar-

365 5329 497 5386 tius,
533 5322 805 5396 repudiata
847 5323 1074 5396 lectione
1111 5322 1330 5381 Paiiielii
1357 5367 1371 5391 ,
1403 5322 1707 5396 scripsisset
1729 5329 1960 5396 sancti/i-

365 5395 608 5462 candum.
661 5394 821 5468 _llanc
872 5394 1136 5468 lectioncn
1192 5394 1727 5468 inaluerunt'Angli.
1789 5394 1958 5455 Recte

364 5468 606 5537 quidem.
657 5465 752 5519 Est
797 5465 939 5521 enim
986 5469 1204 5535 optima.
1249 5468 1384 5524 Vide
1423 5465 1718 5537 Epistulam
1768 5468 1858 5534 76,
1888 5470 1957 5525 ad

365 5540 637 5605 Magnum,
664 5551 780 5607 pag,
811 5537 934 5593 152.
970 5538 1093 5595 155.
1144 5538 1431 5594 ΒΑιυΖιυε.

440 5610 507 5663 1η
555 5608 774 5681 concilio
836 5622 1007 5665 nostra
1056 5611 1288 5665 omnibus
1342 5612 1503 5665 visum
1552 5620 1644 5666 est.
1702 5613 1956 5681 AugnSIi-

369 5698 470 5736 ntts
514 5679 602 5735 lib.
657 5697 708 5736 tv
738 5681 799 5735 de
842 5681 998 5751 Bapt.
1031 5696 1209 5736 contra
1242 5683 1555 5743 Douutistas.
1587 5700 1705 5753 cap.
1737 5679 1829 5745 23.
1856 5684 1948 5750 24,

362 5754 641 5809 infantium
679 5754 1011 5823 Baptismum
1058 5754 1328 5809 traditioni
1375 5754 1687 5823 apustolicae
1746 5756 1948 5811 adscri-

353 5822 451 5895 bit,
486 5826 619 5882 hanc
664 5822 904 5895 regulam
957 5839 1305 5897 proponens;
1340 5822 1492 5891 Quod
1534 5825 1771 5883 universa
1814 5836 1948 5883 tenet

2077 3328 2276 3377 tavum,
2303 3318 2695 3372 circnmcisinui
2729 3318 2857 3373 olim
2896 3320 3241 3386 prmStitntum
3262 3360 3275 3382 ,
3304 3320 3429 3373 ritum
3447 3318 3538 3371 illum

2072 3388 2428 3444 diﬂ'erenduut
2474 3388 2786 3445 censebant.
2833 3389 3071 3446 FELLUS.
3111 3421 3179 3430 —
3212 3390 3341 3444 Nolat
3378 3389 3541 3444 Baluzius

2070 3475 2256 3515 vocem
2287 3460 2479 3514 deesse
2508 3460 2773 3526 omnibus,
2808 3477 2975 3531 quam
3008 3462 3158 3516 valde
3207 3462 3464 3529 superfluam
3488 3476 3541 3523 ap-

2071 3533 2267 3601 pellat,
2315 3534 2365 3585 in
2397 3538 2601 3596 septem
2632 3533 2911 3586 codicibus
2943 3534 3206 3602 antiquis,
3232 3540 3403 3586 exstare
3432 3541 3542 3584 tanien

2068 3604 2139 3656 ait
2168 3601 2309 3672 apud
2346 3604 2705 3673 Augustinum.
2753 3602 2860 3659 Sed
2935 3604 3005 3660 de
3054 3601 3313 3660 intttilitatc
3347 3604 3434 3672 ejus
3460 3602 3542 3655 milii

2069 3674 2245 3728 adhuc
2296 3689 2400 3726 non
2429 3682 2662 3729 constat.
2699 3674 2915 3731 Ronrn.

2143 3744 2308 3799 Nulla
2345 3747 2518 3798 animo
2553 3746 2809 3813 perdenda
2838 3758 2932 3800 est.
2967 3745 3108 3803 Citut
3147 3746 3276 3801 hunc
3295 3745 3421 3800 locum
3436 3756 3541 3799 sanc—

2072 3826 2169 3891 tus
2186 3815 2516 3891 Augustinus
2549 3818 2598 3870 in
2627 3819 2854 3888 epistola
2876 3820 2946 3873 ad
2972 3813 3538 3891 liycroniinuindrongim-

2069 3888 2392 3941 Animarum.
2446 3888 2520 3943 ΒΑ
2530 3904 2646 3944 wz.

2141 3960 2433 4017 Secundum
2466 3960 2663 4014 dierum
2678 3963 3006 4017 swculm'ium
3031 3978 3247 4016 cursum.
3262 3959 3327 4015 Sic
3345 3956 3439 4012 inira
3452 3973 3463 4010 :
3476 3954 3538 4009 Se-

2067 4030 2287 4084 cundum
2336 4033 2613 4094 circulum,
2643 4049 2745 4085 non
2791 4036 3073 4088 secundum
3119 4031 3285 4086 Deum.
3322 4029 3414 4084 Nam
3442 4027 3539 4092 apud

2072 4102 2235 4174 Deum
2303 4119 2408 4157 non
2470 4114 2551 4158 cst
2607 4112 2839 4173 tempus.
2909 4105 3038 4160 Dies
3105 4104 3264 4174 agitor
3306 4101 3404 4155 dicit
3428 4113 3542 4152 sarcu-

2067 4172 2237 4239 lares,
2291 4176 2365 4230 uti
2425 4175 2492 4228 ab
2561 4172 2863 4229 hominibus
2930 4176 2985 4230 iu
3042 4172 3229 4231 sacculo
3274 4180 3540 4227 numerantur.

3142 4247 3401 4302 RIGALTIUS.

2138 4319 2304 4375 lll.—
2330 4316 2506 4371 Vidine
2538 4317 2722 4383 ﬁlium.
2751 4317 2824 4371 ita
2855 4327 3070 4374 veteres
3100 4318 3333 4373 editiones
3364 4322 3543 4369 ctomnes

2068 4392 2178 4446 fere
2223 4391 2341 4445 libri
2371 4398 2599 4444 veteres.
2635 4388 2902 4444 Parnelins
2942 4389 3111 4445 edidit
3170 4390 3313 4442 t'idun:
3346 4385 3543 4439 Summitti

2068 4464 2231 4532 ﬁlium
2295 4476 2362 4516 ex
2409 4462 2566 4514 unico
2628 4463 2813 4515 Codice
2870 4462 3194 4532 Anglicano,
3233 4460 3541 4532 Cissus-Vl???”

2068 4527 2353 4589 Sananiiu’s
2389 4532 2682 4586 desiderari
2725 4533 2777 4586 in
2826 4527 3040 4587 caeteris
3081 4530 3295 4601 antiquis
3334 4527 3541 4583 codicibus

2066 4606 2222 4675 Angli
2240 4604 2571 4671 scripserunt
2590 4601 2950 4658 Suuamitidis.
2968 4603 3079 4673 Ego
3096 4603 3268 4656 sustuli
3281 4601 3391 4675 hanc
3404 4611 3541 4653 vocent.

2066 4672 2224 4745 quam
2264 4675 2594 4749 nonduhito
2622 4690 2741 4749 esse
2789 4690 2851 4749 ex
2893 4672 3228 4749 gloss‘cniaie.
3251 4672 3541 4749 Adinoneonta-

2066 4737 2188 4804 men
2226 4761 2313 4802 me
2340 4746 2484 4800 illam
2526 4748 2794 4816 reperisse
2816 4747 2869 4802 in
2894 4737 3150 4816 'quinqne
3175 4745 3312 4871 ﬁbris
3338 4737 3536 4795 veteribus

3214 4830 3344 4870 ALUl.

3214 4830 3344 4870 Αιυι.

2135 4889 2565 4958 Incequalitatem.
2627 4889 2850 4946 (ἐπειδη
2907 4889 3059 4945 editt.
3117 4904 3239 4957 quas
3290 4883 3375 4939 vidi
3417 4890 3539 4958 ontttes

2066 4951 2288 5036 printer-7
2321 4961 2720 5036 Benedictinam
2777 4961 2872 5036 vel!
2920 4951 3243 5028 tequulitulent
3292 4958 3356 5011 vel

2069 5033 2169 5090 ient
2209 5035 2437 5099 habent,
2470 5034 2563 5106 sed
2605 5033 2831 5106 fortasse
2850 5034 3136 5106 lectionem
3168 5038 3461 5106 receptarum
3482 5034 3539 5106 cti-

2068 5108 2277 5163 dicibus
2336 5108 2448 5161 suis
2504 5105 2715 5159 invenit
2770 5103 3300 5172 Baluzius.Ca'terum
3334 5101 3534 5172 auriganti

2068 5180 2258 5234 istluec
2285 5179 2353 5233 ab
2382 5177 2588 5233 insania
2612 5175 2702 5230 illa
2737 5166 2903 5245 prope
2941 5177 3130 5230 ahsnut
3157 5163 3534 5245 Origeniset‘aliuf

2068 5267 2186 5307 rum
2236 5267 2356 5321 quae
2407 5250 2565 5304 ﬁdem
2633 5238 2972 5321 historiarum
3022 5238 3270 5299 sacrarum
3312 5238 3535 5321 subvertere

2063 5306 2194 5378 ausa
2249 5306 2363 5386 est,
2413 5333 2470 5375 ut
2523 5320 2809 5392 mysticum
2868 5319 3163 5374 adstrucret
3214 5325 3395 5368 sensum
3433 5306 3535 5362 libris

2064 5395 2233 5449 sacris
2278 5394 2488 5449 Roma.
3073 5459 3085 5463 _
3140 5457 3151 5463 _
3306 5449 3372 5463 .....

2132 5464 2439 5520 Discrimen.
2475 5464 2610 5520 Tres
2649 5462 2769 5518 libri
2820 5470 3026 5517 veteres
3073 5457 3251 5529 habent
3286 5449 3532 5529 άῑῖαᾳεω

2058 5540 2135 5592 vel
2163 5518 2455 5602 discrimen,
2486 5518 2626 5592 alius
2649 5535 2940 5589 discrimen.
2970 5533 3046 5587 Ex
3079 5526 3314 5602 similibus
3332 5518 3529 5602 11111ιῶ1ιῇ

2059 5619 2116 5663 ιιι
2154 5624 2300 5679 smpe
2320 5598 2646 5668 monuimus,
2666 5616 2783 5661 orta
2814 5616 2937 5660 sunt
2964 5612 3040 5659 tot
3068 5598 3294 5657 vocabula
3314 5599 3526 5664 syttottjnti

2055 5680 2197 5751 apud
2228 5684 2571 5752 Cyprianum.
2607 5680 2806 5752 Bawz.
3020 5745 3039 5752 _
3256 5740 3269 5752 ,

2130 5741 2366 5807 Ρνωιῖεὶιι
2404 5765 2622 5823 pan-em.
2661 5750 2736 5805 Ita
2778 5763 2964 5823 omnes
3015 5745 3122 5823 fere
3165 5741 3463 5823 libri

3487 5731 3522 5783 ei

2052 5838 2242 5881 omnes
2281 5792 2564 5882 Editi'ones.
2594 5792 2768 5893 Atque
2818 5837 2880 5879 ea
2927 5821 3082 5878 lectio
3119 5823 3194 5875 est
3234 5792 3512 5887 οιιιὶω-Νπι
