3700 6276
151 338 261 398 1017

1218 330 1531 389 CONCILIA
1569 330 2191 391 CARTHAGINENSIA.

3245 337 3381 394 1018

203 447 277 505 IV.
303 444 424 501 Nam
450 451 501 500 et
527 444 668 514 quod
688 444 968 517 vestigium
1008 447 1228 505 infantis
1255 451 1521 521 inprimis
1562 465 1682 520 par—
1711 459 1761 520 Α
1787 451 1872 505 hic
1914 452 2031 506 dies
2070 460 2312 516 octavus,
2357 451 2409 507 id
2453 461 2559 521 est,
2593 461 2714 525 post
2752 452 3033 512 sabbatum
3078 452 3285 523 primus
3326 465 3380 510 et

143 557 214 603 tus
236 542 303 596 sui
336 539 515 595 diebus
555 539 831 595 constituti
862 540 1117 598 mundum
1170 562 1273 599 non
1311 561 1435 601 esse
1460 545 1676 613 dixisti,

139 638 250 714 quod
278 635 627 705 unusquisque
670 646 912 691 uestrum
969 638 1143 695 adhuc
1177 640 1397 695 horreat
1445 655 1676 696 exoscu-

137 736 243 799 lari,
271 744 360 785 nec
387 727 484 783 hoc
511 740 758 800 putamus
789 730 856 784 ad
884 732 1156 788 ctelestetn
1194 732 1420 803 gratiam
1448 732 1680 788 dandam

136 823 471 897 impedimento
531 837 653 877 esse
714 833 985 893 oportere.
1049 823 1321 894 Scriptum
1392 836 1475 879 est
1533 826 1677 880 enim

139 920 243 993 (Tit.
267 932 307 979 ι.
342 916 423 983 t5)
456 933 467 965 :
513 913 701 969 Omnia
731 917 922 971 munda
947 927 1062 971 sunt
1093 918 1318 971 mundis.
1347 916 1457 972 Nec
1486 917 1680 987 aliquis

139 1025 331 1071 nosnum
368 1009 419 1063 id
467 1010 628 1065 debet
681 1012 904 1066 horrere
941 1011 1082 1082 quod
1131 1013 1271 1066 Deus
1320 1011 1569 1083 dignatus
1598 1021 1681 1069 est

137 1109 296 1164 facere.
319 1103 445 1159 Nam
487 1105 588 1160 etsi
616 1104 793 1159 adhuc
841 1106 1016 1161 infans
1049 1122 1077 1160 a
1129 1117 1279 1177 partu
1325 1120 1495 1160 novus
1543 1116 1676 1170 est,

133 1216 219 1257 non
242 1201 300 1254 ita
336 1208 414 1254 est
442 1208 619 1255 tamen
647 1208 705 1254 ιιι
732 1198 1156 1269 quisdatu‘illum
1189 1199 1240 1253 itt
1281 1200 1454 1270 gratia
1504 1198 1678 1254 danda

128 1307 254 1369 atque
312 1294 359 1347 in
411 1307 541 1362 pace
592 1292 836 1347 iacienda
886 1291 1112 1347 horrere
1160 1292 1354 1348 debeat
1402 1294 1675 1362 osculari,

126 1386 301 1464 quando
347 1385 397 1445 in
443 1386 632 1441 osculo
660 1383 881 1441 infantis
910 1386 1277 1457 unusquisque
1307 1394 1550 1443 nostrum
1582 1400 1679 1457 pro

123 1498 199 1538 sua
242 1479 494 1550 religione
565 1479 710 1549 ipsas
779 1478 958 1535 adhuc
1011 1488 1261 1535 recentes
1329 1480 1420 1536 Dei
1489 1495 1677 1535 manus

123 1574 283 1630 debeat
309 1572 574 1643 cogitare,
600 1587 735 1643 quas
764 1573 818 1628 in
860 1573 1076 1628 homine
1106 1573 1268 1629 modo
1308 1572 1537 1629 formato
1565 1584 1591 1610 ει
1623 1584 1678 1631 et

116 1681 269 1725 recens
305 1667 538 1737 quodam
572 1668 732 1723 modo
762 1668 1151 1725 exosculamur
1177 1669 1390 1739 quando
1430 1670 1480 1724 id
1531 1669 1673 1741 quod

114 1762 228 1818 Deus
279 1758 408 1815 feeit
462 1762 863 1833 amplectimur.
920 1760 1052 1816 Nam
1115 1761 1255 1832 quod
1287 1760 1314 1800 δ
1362 1762 1415 1816 in
1461 1762 1675 1833 judaica

1784 543 2104 611 dominicus,
2137 546 2411 616 praecessit
2440 547 2491 601 iu
2540 547 2788 619 imagine.
2821 546 2951 617 Quae
2994 548 3172 620 imago
3198 562 3377 603 cessa-

1784 638 1859 692 vit
1906 638 2318 706 superveniente
2362 640 2700 709 postmodum
2739 642 2962 696 veritate
2987 653 3041 697 et
3065 640 3187 698 data
3219 641 3374 700 nobis

1783 730 2007 799 spiritali
2060 730 2489 788 circumcisione.

1857 823 1921 879 V.
1965 824 2192 894 Propter
2216 825 2358 895 quod
2383 826 2651 883 neminem
2690 838 2940 899 putamus
2965 844 2995 883 a
3040 829 3210 899 gratia
3247 843 3382 885 con-

1782 919 2054 989 sequenda
2086 920 2492 989 impediendum
2517 937 2638 977 esse
2658 937 2721 977 ea
2755 923 2872 992 lege
2898 939 3019 995 qum
3045 924 3155 993 jam
3183 931 3381 978 statuta

1783 1020 1887 1075 est,
1918 1027 2018 1067 nec
2066 1013 2362 1082 spiritalem
2394 1013 2859 1070 circumcisionem
2891 1015 3138 1085 impediri
3179 1016 3382 1071 carnali

1783 1106 2192 1162 circumcisione
2220 1106 2441 1169 debere,
2471 1106 2564 1161 sed
2591 1122 2807 1162 omnem
2840 1110 3061 1163 omnino
3105 1107 3381 1164 hominem

1783 1199 2171 1255 admittendum
2206 1214 2327 1256 esse
2353 1199 2419 1255 ad
2454 1201 2680 1271 gratiam
2709 1200 2929 1266 Christi.
2962 1202 3179 1273 quando
3199 1212 3253 1257 et
3277 1202 3381 1258 Pe-

1785 1304 1901 1351 trus
1948 1294 2000 1348 in
2046 1296 2194 1349 Actis
2224 1294 2592 1365 apostolorum
2623 1296 2873 1367 loquatur
2900 1306 2957 1351 et
2984 1296 3122 1350 dicat
3146 1294 3288 1369 (Aet.
3323 1312 3380 1363 χ,

1781 1387 1877 1459 28)
1909 1407 1922 1442 :
1955 1388 2206 1444 Dominus
2253 1391 2377 1444 mihi
2422 1390 2551 1445 dixit
2590 1392 2841 1446 neminem
2884 1391 3141 1446 hominem
3182 1401 3205 1428 θ
3242 1407 3382 1445 cont-

1781 1501 1982 1540 munem
2031 1485 2308 1540 diceudnm
2348 1496 2397 1541 et
2427 1486 2770 1541 immundum.
2812 1483 3080 1543 Cmterum
3120 1487 3165 1542 si
3206 1486 3381 1543 homi—

1781 1591 1879 1631 nes
1922 1577 2183 1648 impedire
2212 1577 2414 1647 aliquid
2454 1578 2520 1632 ad
2552 1579 2990 1634 consecutionem
3034 1578 3219 1648 gratiae
3254 1593 3381 1649 pos-

1780 1678 1865 1724 set
1892 1711 1906 1735 ,
1963 1669 2135 1740 magis
2186 1670 2401 1724 adultos
2448 1679 2503 1724 et
2542 1680 2824 1739 provectos
2868 1680 2924 1726 et
2977 1670 3210 1741 majores
3249 1679 3375 1725 natu

1780 1772 1999 1831 possent
2044 1763 2305 1833 impedire
2334 1772 2558 1833 peccata
2605 1765 2874 1835 graviora.
2908 1764 3077 1819 Porro
3109 1773 3289 1820 autem
3329 1762 3376 1818 si

113 1853 495 1910 circumcisione
536 1855 738 1911 carnali
786 1863 1008 1910 octavus
1047 1866 1069 1893 ε
1103 1854 1222 1910 dies
1251 1855 1671 1920 observabatur,
1704 1867 1753 1927 Β
1780 1854 1941 1909 etiam
1970 1855 2302 1924 gravissimis
2338 1852 2355 1891 ί
2381 1853 2749 1921 delictoribus,
2785 1865 2838 1910 et
2864 1855 2917 1909 in
2953 1856 3117 1910 Deum
3149 1855 3372 1909 multum

106 1955 472 2002 sacramentum
519 1955 601 2001 est
651 1946 704 2000 in
744 1946 929 2002 umbra
975 1954 1136 2017 atque
1185 1945 1237 2000 in
1289 1947 1518 2017 imagine
1547 1955 1672 2003 ante

106 2038 434 2110 pra-missum.
454 2038 548 2092 sed
574 2038 821 2094 veniente
837 2037 1051 2093 Christo
1073 2038 1297 2093 veritate
1319 2037 1666 2106 completum.

102 2132 208 2188 Nam
234 2131 325 2203 qui
354 2142 579 2187 octavus
607 2132 745 2200 dies,
776 2132 828 2187 id
859 2141 961 2197 est,
997 2141 1117 2203 post
1142 2132 1421 2187 sabbatum
1464 2132 1669 2201 primus

100 2229 220 2293 dies,
247 2227 462 2283 futurus
492 2236 608 2282 erat
637 2223 662 2262 ιι
692 2241 799 2297 quo
831 2224 1088 2280 Dominus
1118 2233 1459 2295 resurgeret,
1491 2233 1546 2280 et
1570 2240 1668 2281 nos

102 2320 368 2377 viviﬁcaret
394 2328 449 2377 et
478 2319 943 2377 circumcisionem
971 2318 1126 2374 nobis
1144 2318 1447 2389 Spiritalem
1476 2316 1664 2383 daret;

1778 1958 1906 2003 ante
1952 1948 2322 2018 peccantibus,
2367 1963 2487 2003 cum
2536 1958 2717 2019 postea
2753 1947 3102 2013 crediderint,
3150 1946 3374 2003 remissa

1774 2050 2114 2111 peccatorum
2178 2040 2373 2107 datur,
2422 2049 2478 2096 et
2540 2057 2571 2096 a
2613 2042 2881 2111 baptismo
2924 2051 3083 2111 atque
3128 2055 3159 2094 a
3204 2040 3374 2111 gratia

1773 2150 1931 2205 nemo
1959 2135 2287 2205 prohibetur,
2318 2147 2520 2207 quanto
2551 2136 2719 2204 magis
2743 2133 3017 2205 prohiberi
3060 2150 3165 2191 non
3213 2133 3377 2190 debet

1772 2226 1963 2293 infans,
1991 2227 2079 2298 qui
2113 2242 2302 2283 recens
2342 2235 2496 2281 natus
2537 2226 2666 2281 nihil
2697 2226 2956 2297 peccavit,
2987 2226 3088 2281 nisi
3115 2225 3254 2297 quod
3284 2239 3376 2281 se-

1770 2319 2005 2376 cundum
2061 2320 2231 2375 Adam
2280 2320 2571 2377 carnaliter
2612 2328 2770 2376 natus
2821 2319 3127 2392 contagium
3178 2319 3368 2376 mortis

1311 2408 1698 2467 LECTIONES
1736 2410 2155 2469 VARIANTES.

150 2508 170 2567 ἓ
191 2504 439 2555 Recenter
456 2508 568 2554 nato
584 2506 789 2567 August.
807 2502 1007 2554 Recens
1021 2508 1133 2567 nato
1145 2501 1505 2567 quodammodo
1524 2505 1665 2556 Oxon

148 2566 170 2606 δ
196 2568 399 2627 Quando
423 2569 556 2618 Lam.
584 2565 692 2617 Νσ.
722 2568 769 2617 1.
798 2567 922 2617 Bod.
951 2567 999 2614 2.
1028 2565 1172 2617 Εὺονζ

148 2635 166 2663 ο
194 2630 569 2683 Circumcistone
602 2640 802 2682 octavus
834 2632 968 2680 Lam.
997 2628 1121 2680 Bod.
1146 2629 1193 2678 εἰ.
1220 2628 1328 2681 NC.
1356 2630 1401 2678 1.

1834 2504 1863 2543 ἀ
1899 2505 2090 2555 Primus
2115 2506 2305 2556 futurus
2328 2506 2462 2555 Lam.
2488 2504 2615 2555 Bod.
2645 2508 2688 2555 1.

1839 2572 1864 2599 θ
1899 2568 2160 2618 Neminem
2184 2581 2491 2617 communem
2523 2567 2644 2618 Bod.
2668 2569 2716 2618 2.

1842 2630 1864 2671 ι
1901 2631 2205 2682 Delictorum
2235 2627 2357 2683 Thu.
2387 2629 2529 2683 Corb.

1430 2717 1517 2771 VA
1528 2716 1792 2778 RIORUM
1831 2716 2060 2775 NOTAE.

99 2823 271 2869 certum
330 2820 417 2868 est
473 2812 641 2867 Deum
708 2827 768 2868 se
823 2811 1070 2866 omnibus
1125 2810 1429 2867 hominibus
1491 2828 1673 2884 mqua—

100 2885 200 2940 Iiter
234 2894 492 2940 nrmstare
537 2895 768 2954 patrem.
820 2884 917 2937 Est
945 2885 1087 2938 enim
1145 2896 1296 2953 pater
1341 2894 1567 2948 noster,
1618 2885 1671 2940 in

102 2956 260 3027 primis
289 2971 418 3011 vero
463 2970 649 3011 eorum
696 2956 784 3025 qui
826 2956 1051 3009 credunt
1077 2956 1127 3009 in
1175 2971 1320 3018 eum.
1367 2972 1552 3011 eorum
1581 2958 1670 3025 qui

101 3043 179 3099 per
220 3044 339 3081 eum
395 3027 713 3099 sanctiﬁcati
745 3035 801 3082 et
856 3027 1044 3096 gratia:
1090 3028 1349 3099 spiritalis
1394 3027 1671 3083 nativitate

107 3097 329 3166 reparati,
365 3097 457 3152 lilii
476 3099 593 3164 ejus
623 3113 743 3151 esse
769 3106 1070 3166 rmperunt,
1097 3108 1152 3152 ut
1178 3098 1252 3152 ait
1278 3110 1495 3152 sanctus
1522 3113 1668 3152 tuar—

105 3180 168 3236 tyr
191 3170 318 3225 libro
352 3168 417 3222 de
464 3168 709 3224 Oratione
752 3168 1039 3236 Domiuiea,
1074 3184 1193 3238 pag.
1224 3169 1350 3223 2206.
1384 3169 1453 3224 Et
1492 3180 1670 3225 tamen

1863 2813 2077 2867 Veritate
2101 2812 2424 2883 completum.
2477 2809 2723 2883 Quidam
2755 2811 2877 2867 libri
2916 2820 3124 2869 veteres
3166 2823 3217 2869 el
3256 2812 3376 2868 edi-

1777 2886 1850 2940 tio
1880 2884 2104 2939 Morellii
2136 2882 2333 2938 habent
2361 2884 2413 2936 in
2450 2883 2671 2936 veritate.
2698 2882 2849 2951 Quod
2880 2893 3055 2953 potest
3102 2899 3223 2940 esse
3265 2900 3377 2940 me-

1775 2958 1988 3011 litis.—
2019 2955 2215 3010 BALUZ.
2261 2954 2412 3009 Adde
2438 2954 2712 3007 editionem
2761 2956 3062 3025 principem.
3096 2955 3302 3011 Rou'rn.

1848 3028 1976 3082 Post
2016 3026 2499 3084 sabbatum'urimus
2524 3036 2573 3079 et
2616 3026 2920 3081 dominicus.
2964 3027 3208 3096 Magnum
3251 3036 3376 3083 ante

1775 3098 1875 3154 hos
1935 3100 2196 3153 ducentos
2252 3112 2422 3152 annos
2485 3097 2683 3151 bellum
2739 3112 2858 3151 cum
2912 3100 3143 3153 maxima
3201 3099 3372 3153 utrin-

1774 3186 1880 3238 que
1907 3170 2202 3225 acerbitate
2242 3178 2452 3239 gesttun
2500 3178 2555 3223 et
2600 3178 2890 3239 pugnatum
2919 3182 3002 3225 est
3051 3172 3191 3224 inter
3234 3170 3375 3224 Pau-

105 3234 341 3295 Patuelius
385 3244 555 3312 magis
605 3241 793 3309 probat
840 3234 1202 3306 conjecturam
1249 3239 1477 3295 Costerii
1529 3234 1741 3297 exis-C
1776 3234 1884 3312 lum
1947 3241 2015 3296 de
2075 3234 2483 3310 blidtlelltttrgo,
2555 3234 2644 3309 qui
2674 3234 2884 3312 'positea
2942 3240 3039 3295 fuit
3092 3242 3376 3311 episcopus

106 3314 306 3383 tiutantts
334 3312 621 3382 legendum
650 3326 771 3366 esse
802 3327 977 3380 parem
1000 3327 1275 3383 ,‘eamqttc
1300 3312 1670 3383 conjecturam

108 3382 358 3447 Pamelins,
396 3396 453 3437 ut
485 3386 600 3449 ipse
639 3384 735 3447 ait,
770 3383 822 3437 in
850 3398 944 3437 sua
973 3382 1212 3438 editione
1250 3386 1534 3451 posuisset.
1569 3384 1667 3437 nisi

110 3455 501 3511 Contradicentes
531 3454 809 3510 habuisset
852 3470 1041 3508 mnues
1067 3454 1233 3508 libros
1273 3454 1669 3521 manuscriptos

109 3536 150 3596 et
171 3543 339 3581 omnes
365 3526 651 3583 editiones.
697 3525 812 3594 Ego
865 3534 1041 3580 tamen
1069 3540 1255 3579 vocem
1288 3542 1463 3595 parem
1490 3525 1668 3596 reperi

109 3595 148 3650 in
175 3598 368 3652 duobus
411 3598 686 3653 codicibus
730 3596 985 3665 antiquis.
1032 3597 1230 3651 BALUZ.

162 3667 235 3723 lV.
262 3670 537 3723 ——Adhuc
600 3670 802 3723 horreat
865 3669 1168 3728 exosculari.
1224 3667 1484 3739 Rigaltius
1551 3668 1663 3723 ait:

108 3736 258 3813 Fidus,
287 3741 351 3796 ad
381 3757 539 3813 quem
567 3751 649 3795 est
682 3742 811 3813 ltmc‘
835 3739 1058 3808 epistola
1097 3736 1380 3813 Cypriani,
1414 3741 1668 3813 horrebat

108 3812 302 3866 osculari
333 3810 518 3868 recens
546 3823 698 3867 natos
729 3810 991 3875 infantes,
1022 3810 1151 3866 cum
1173 3813 1284 3865 suis
1312 3810 1666 3880 impedimen-

111 3881 162 3934 tis
197 3884 429 3952 profusos
465 3886 648 3951 utique
695 3893 748 3935 et
777 3883 1011 3939 oblitos.
1048 3881 1279 3951 indeque
1311 3883 1361 3935 in
1413 3895 1662 3936 octavum

109 3964 132 4002 ει
154 3964 284 4019 partu
327 3956 465 4009 diem
494 3954 696 4009 dtﬂ'erri
747 3953 1074 4021 Baptisntmn
1104 3953 1338 4007 volebat.
1373 3954 1662 4007 llotrorem

109 4021 288 4098 discutit
325 4027 625 4098 Cyprianus
679 4025 870 4098 iisdem
919 4024 1250 4098 argumentis
1296 4026 1490 4098 quibus
1532 4023 1665 4078 Ter-

111 4096 327 4152 lullianus
372 4095 655 4152 Marcionis
688 4095 921 4150 lucresin
968 4095 1266 4148 Confutavit
1316 4097 1663 4149 exborreutis

111 4162 205 4220 ﬁdei
240 4170 535 4223 christiana!
571 4167 853 4223 articulum
884 4182 988 4235 quo
1006 4164 1519 4229 Cltristntn,-Filiutu
1546 4167 1659 4229 Dei,

109 4234 162 4288 tle
190 4237 351 4295 Maria:
383 4240 619 4307 Virginis
668 4246 818 4292 utero
868 4234 994 4290 vere
1042 4238 1313 4290 hominem
1347 4248 1529 4289 uatum
1570 4251 1660 4290 as-

110 4309 318 4365 serimus.
349 4312 577 4365 Christus
604 4311 783 4365 dilexit
814 4309 1069 4361 hominem
1108 4307 1255 4360 illaut
1284 4307 1335 4359 iu
1379 4307 1661 4359 immundi-

115 4378 196 4453 tiis,
216 4382 262 4436 iu
298 4394 432 4437 utero
463 4383 810 4453 coagulatum,
841 4380 986 4453 illum
1019 4378 1351 4446 perpudeutlu
1380 4381 1657 4453 prolatam,

116 4445 228 4504 illum
253 4472 333 4518 per
352 4445 579 4509 ludibria
624 4452 890 4507 nutritum.
947 4445 1166 4517 Propter
1208 4465 1322 4502 eum
1366 4445 1656 4513 descendit,

113 4534 279 4590 prapter
301 4544 411 4579 eum
440 4526 753 4595 praedicavit.
786 4521 863 4575 Tu
892 4524 999 4575 hare
1045 4519 1380 4575 erubescenda
1422 4521 1499 4572 illi
1531 4524 1659 4595 [φειδ

110 4603 200 4689 (me
222 4592 457 4689 redemit“?
475 4596 586 4689 ΑΥΤτι
615 4595 1004 4689 exhorrescis'in
1031 4595 1226 4664 infante
1244 4603 1465 4689 recentes
1489 4592 1658 4689 adItJuc
1686 4628 1738 4689 υ

113 4658 185 4716 Dei
224 4669 433 4723 manus?
466 4667 668 4721 Natura
696 4666 980 4721 veneranda
1018 4658 1125 4729 est,
1173 4681 1273 4717 non
1300 4664 1655 4716 erubescenda.

113 4729 212 4809 "ire
240 4738 418 4809 liigalt.
451 4738 617 4794 Totus
646 4738 731 4792 hic
761 4747 1138 4809 apparatusex
1195 4736 1416 4809 lgtltttica
1469 4750 1659 4809 super-

108 4804 561 4883 gitittneorigitiettt
591 4804 844 4883 sumpsit:
867 4804 1307 4883 Macrobinsthb.
1340 4822 1377 4869 t,
1402 4822 1521 4873 cap.
1552 4805 1655 4883 Hi:

111 4869 201 4939 Εει.
229 4869 415 4951 inquit:
447 4869 753 4937 Nundinunt
788 4880 1134 4934 Romanorum
1166 4877 1273 4951 Dea
1297 4919 1312 4942 ,
1355 4869 1550 4951 artano
1580 4877 1663 4929 die

109 4947 384 5022 nascentium
434 4964 729 5022 nuncupata
757 4952 838 5022 qui
868 4951 1106 5003 lustrieus
1126 4950 1333 5003 dicitur.
1360 4947 1452 5000 Est
1482 4958 1663 5022 autent

109 5016 194 5094 dies
213 5024 433 5079 lnstricus
452 5042 552 5092 quo
572 5016 792 5094 infantes
810 5025 1093 5076 lustrantur
1111 5030 1158 5073 et
1180 5036 1363 5094 nomen
1384 5021 1660 5094 accipiunt.

110 5092 182 5142 sed
204 5096 242 5149 is
272 5091 486 5151 maribus
516 5091 701 5157 nonus,
737 5104 944 5147 octavus
973 5104 1044 5144 est
1076 5094 1297 5161 feminis.
1326 5092 1458 5145 Dato
1485 5091 1656 5144 infan—

107 5164 176 5216 it‘s
200 5183 294 5221 non
321 5170 383 5222 ad
414 5168 655 5223 osculum
683 5162 1044 5219 admittendos
1069 5176 1192 5218 ante
1219 5164 1361 5217 diem
1389 5173 1659 5224 octavum.

104 5240 394 5309 §9t|ucbatur
437 5242 617 5308 utique
665 5254 770 5290 non
804 5234 1186 5309 baptizandos;
1240 5235 1464 5304 quilibet
1516 5234 1694 5309 enim-

103 5298 435 5376 Cltristianus.
506 5298 886 5365 li‘aternitatis'
916 5307 1039 5375 jure
1089 5305 1155 5360 ad
1205 5298 1349 5376 poets
1421 5304 1663 5359 osenlum

98 5373 357 5440 admissus.
419 5383 645 5438 FELLUS.

164 5452 530 5509 Sacrumentum
596 5463 689 5506 est.
751 5450 954 5504 Pariter
1020 5448 1179 5516 hujus
1226 5450 1355 5520 rtypi
1423 5449 1668 5503 meminit

100 5508 155 5596 [ln-
184 5508 494 5596 Augustinns
525 5537 711 5579 contra
744 5520 1013 5596 Faustum
1046 5508 1418 5596 Manicltf'lib.‘
1458 5535 1567 5584 xvt,
1613 5535 1664 5596 c._

92 5583 159 5641 29
177 5583 356 5651 :Tci‘tio
399 5600 482 5652 die
505 5611 790 5664 resurgens.
812 5609 956 5661 quem
979 5591 1289 5664 dominicum
1316 5583 1561 5653 dicimus,
1582 5592 1668 5659 qui

93 5668 201 5720 Post
217 5670 466 5722 sabbatum
497 5662 795 5722 numeratur
815 5674 1040 5725 octavus,
1060 5662 1211 5715 etiam
1227 5664 1667 5716 circumcisionem

91 5739 243 5792 0Clavi
266 5742 361 5794 tliei
386 5742 452 5793 ad
476 5756 530 5793 se
564 5738 969 5807 prophetandttnt
1022 5734 1274 5807 pertinere
1322 5734 1569 5788 declarat.
1601 5734 1667 5788 Et

93 5808 242 5880 ἱξειυῑυ
255 5826 366 5876 post
386 5830 396 5865 :
418 5812 549 5879 Quia
562 5812 661 5863 ista
676 5808 977 5880 resurrectio
988 5806 1306 5880 qntecredita
1319 5817 1393 5858 est
1407 5822 1498 5880 ags
1502 5807 1633 5876 justi
1644 5836 1661 5845 -

90 5872 223 5947 licet,
244 5872 329 5937 illa
354 5872 540 5940 octava:
555 5881 657 5935 diei
683 5872 1060 5950 circumcisione
1084 5878 1305 5948 ﬁgurata
1321 5889 1411 5933 est.
1431 5872 1656 5936 Fatuus.

1774 3311 2368 3381 Forosempronieusis,
2418 3312 2635 3365 Petrum
2685 3316 2753 3364 tle
2792 3311 2926 3366 Rivo
2955 3328 3145 3383 sacra:
3174 3314 3377 3383 paginae

1778 3386 2142 3450 professorem
2194 3384 2247 3436 itt
2300 3383 2574 3437 academia
2634 3383 2980 3449 Lovauiensi,
3026 3394 3078 3438 et
3107 3382 3374 3438 Thomam

1773 3454 1937 3509 Bazin
1965 3497 1977 3517 ,
2027 3456 2340 3524 episcopum
2385 3454 2775 3509 Lexttvieusem
2821 3467 2874 3509 et
2918 3456 3040 3509 dein
3082 3455 3378 3524 archiepis-

1771 3541 1966 3595 copum
2023 3528 2443 3591 Caesariensem,
2478 3543 2544 3579 an
2575 3526 2662 3580 die
2715 3539 2902 3581 octava
2933 3527 3177 3590 sabbati,
3212 3527 3262 3580 id
3291 3537 3376 3581 est

1772 3598 1859 3651 die
1890 3597 2161 3652 dominica
2184 3639 2198 3661 ,
2232 3597 2479 3651 Christus
2510 3599 2913 3652 reSnrrexisset.
2947 3596 3230 3652 Tractatus
3277 3596 3377 3651 Pe-

1772 3670 1837 3723 tri
1882 3669 1952 3724 de
1985 3669 2120 3722 Rivo
2167 3669 2346 3723 editus
2396 3670 2492 3723 lttit
2536 3684 2680 3723 anno
2717 3669 2874 3736 1492,
2915 3669 2966 3723 itt
3020 3669 3151 3723 urbe
3205 3667 3378 3722 Lava-

1771 3740 1969 3806 nieusi,
2010 3753 2060 3794 et
2094 3741 2244 3796 Pauli
2274 3742 2532 3794 adversus
2562 3740 2778 3795 Petrum
2832 3742 2886 3795 itt
2932 3740 3069 3793 libro
3118 3749 3275 3794 Sexto
3304 3742 3371 3794 de

1770 3811 1935 3866 Recta
1992 3812 2216 3867 l’asclue
2269 3810 2653 3866 celebratione.
2710 3816 2777 3867 At
2842 3819 3101 3866 tractatus
3152 3812 3381 3865 Thomm

1769 3884 2007 3937 ncndum
2036 3884 2211 3937 editus
2254 3883 2478 3937 habetur
2510 3885 2561 3936 iu
2593 3882 2913 3937 bibliotheca
2960 3883 3124 3949 regia.
3172 3882 3371 3937 BALUZ.

1844 3953 1981 4007 V.—
2006 3954 2226 4022 Propter
2249 3955 2405 4022 quod.
2426 3963 2531 4008 etc.
2563 3954 2743 4009 Refert
2781 3956 2921 4006 hunc
2955 3954 3127 4005 IOI'UIII
3158 3964 3375 4007 Sanctus

1768 4026 2101 4095 Augustinus
2129 4039 2380 4078 serumue
2402 4024 2510 4078 1’94
2534 4071 2548 4085 ,
2583 4040 2700 4094 pag.
2737 4024 2895 4095 11:95,
2920 4038 3070 4076 nova:
3100 4023 3369 4095 editionis.

1766 4094 2055 4151 Bstnzws.
2074 4125 2143 4136 ——
2164 4097 2237 4151 lbi
2254 4096 2325 4166 iS.
2358 4096 2709 4166 Augustinus.
2730 4096 2815 4150 vel
2834 4094 2969 4148 alius
2995 4094 3135 4166 quis,
3151 4094 3376 4148 adduxit

1765 4167 1942 4221 locum
1970 4209 1984 4229 .
2021 4178 2133 4220 haec
2173 4165 2391 4235 quidem
2450 4164 2748 4235 praefatus:
2807 4170 3032 4218 Sanctus
3081 4164 3375 4235 Cyprianus

1765 4248 1837 4290 est
1876 4280 1888 4299 ,
1919 4255 2066 4304 quem
2094 4239 2145 4290 itt
2193 4253 2374 4289 manus
2415 4237 2632 4304 sumpsi.
2667 4237 2905 4305 antiquus
2935 4237 3206 4303 epismptts
3234 4237 3372 4290 sedis

1764 4308 1918 4378 huius
1945 4309 2069 4378 quid
2097 4308 2306 4361 senserit
2333 4311 2398 4360 tle
2424 4307 2672 4375 baptismo
2695 4307 3050 4378 parvulorum,
3076 4306 3230 4378 immo
3252 4307 3375 4378 quid

1762 4376 1965 4445 semper
2008 4377 2293 4431 Erclesiam
2362 4380 2576 4433 sensisse
2647 4377 3017 4443 monstraverit,
3104 4376 3373 4445 paululum

1761 4451 1992 4516 accipite.
2035 4449 2245 4503 Roua'u.
2684 4510 2689 4513 _

1833 4520 1876 4573 Α
1898 4524 2065 4590 gratia
2101 4519 2453 4589 consequendu
2482 4520 2617 4574 Tres
2646 4519 2764 4573 libri
2812 4527 3023 4575 veteres
3068 4518 3367 4590 praeferunt

1764 4592 1833 4645 ad
1858 4596 2077 4661 gratiam
2107 4591 2536 4661 ctntsequeudam.
2572 4593 2771 4646 BALUZ.

1894 4609 2077 4644 ranam
2107 4609 2536 4661 ctmsequeuaam.
2572 4609 2771 4646 mwz.

1844 4609 2011 4716 βω·νο
2056 4676 2244 4723 autem.
2295 4674 2400 4717 etc.
2432 4662 2629 4717 Totum
2668 4666 2810 4718 hunc
2857 4664 3036 4717 locum
3079 4660 3372 4731 descripsit

1766 4745 1987 4789 sanctus
2013 4734 2375 4798 Hieronymus
2406 4737 2456 4788 in
2498 4733 2602 4789 l‘tne
2629 4734 2748 4789 libri
2776 4736 2917 4789 tertii
2946 4734 3188 4788 adversus
3217 4731 3371 4787 Pele-

1764 4806 1964 4877 gianos.
2019 4807 2125 4862 Sed
2166 4805 2304 4873 apud
2352 4806 2738 4877 Hieronymum
2789 4806 2985 4873 legitur
3012 4801 3243 4860 remissio
3275 4820 3371 4868 pro

1765 4880 2009 4941 remissa;
2034 4888 2088 4932 et
2118 4892 2215 4947 pro
2239 4894 2304 4931 eo
2328 4879 2471 4948 quod
2503 4878 2641 4947 apud
2663 4878 2990 4949 Cyprianum
3026 4889 3172 4932 recte
3194 4877 3370 4949 scrip-

1768 4957 1879 5003 tum
1919 4960 2003 5003 est
2040 4950 2102 5002 de
2128 4967 2225 5019 ope
2252 4947 2427 5005 nostra
2453 4967 2512 5003 at:
2539 4947 2723 5003 divina
2741 4947 3117 5014 misericordia,
3155 4950 3206 5000 iti
3241 4947 3369 5002 Hie-

1767 5036 1996 5091 ronymo
2015 5022 2174 5076 habet
2201 5022 2264 5075 tle
2290 5038 2386 5093 ope
2402 5031 2577 5076 nostra
2598 5021 2666 5074 ad
2687 5021 2913 5145 divinagt
2938 5020 3365 5074 misericordiam.

2906 5107 3060 5145 ALUZ.

2906 5107 3060 5146 ALUZ.

1844 5162 2168 5219 Gravissimis
2192 5162 2538 5219 delictoribus.
2580 5162 2939 5232 Negatorihus
2963 5205 2978 5225 ,
3012 5160 3330 5215 sacriticatis
3350 5202 3365 5226 ,

1771 5236 2041 5290 libellatis.
2080 5234 2377 5290 Delictores
2415 5232 2543 5288 dicit
2575 5250 2669 5289 e0s
2700 5236 2790 5302 qui
2818 5233 2978 5289 ﬁdem
3008 5232 3226 5287 Christo
3267 5232 3367 5285 da-

1773 5315 1881 5361 tam
1914 5307 2290 5371 desertteruut,
2321 5306 2745 5373 dercliquernnt.
2771 5306 3184 5359 Ubscrvavituns
3206 5317 3366 5372 supra

1769 5378 1836 5431 ad
1859 5377 2028 5448 Epist.
2065 5393 2127 5431 LV
2170 5378 2262 5448 (al.
2296 5378 2388 5448 ut)
2417 5378 2644 5432 “SGALT.
2668 5375 2793 5430 -—At
2817 5391 2948 5429 vero
2980 5377 3149 5448 magis
3174 5374 3366 5448 suadet

1772 5446 1936 5513 illud,
1969 5450 2014 5502 si
2047 5446 2222 5516 postea
2252 5446 2583 5509 crediderint.
2618 5448 2804 5502 lSllltl‘C
2835 5448 2995 5501 verba
3029 5447 3097 5500 tle
3129 5446 3365 5499 homini-

1772 5520 1870 5575 bus
1901 5520 2249 5575 christianum
2281 5521 2437 5574 Iidem
2481 5520 2775 5588 amplexis,
2809 5529 2968 5587 atque
2999 5517 3199 5570 idcirco
3230 5516 3366 5588 Bap-

1776 5593 1988 5645 tismum
2044 5592 2384 5659 petentibus,
2432 5605 2739 5659 exponere,
2797 5605 2892 5657 per
2942 5601 3098 5657 quem
3148 5587 3366 5657 quidem

1773 5662 2030 5730 Baptismi
2077 5662 2237 5716 ritum
2284 5666 2335 5716 itt
2388 5664 2604 5721 nomine
2648 5661 2838 5715 Divino
2873 5660 3207 5713 celebratum
3242 5674 3368 5724 pec-

1770 5744 1890 5790 cata
1934 5737 2116 5789 omnia
2163 5734 2391 5789 remittit
2439 5747 2503 5787 ac
2542 5732 2710 5787 deleri
2752 5731 3010 5857 υιὶξιίυιηιι
3049 5730 3364 5800 antiquitas.

2840 5817 3003 5857 ouru.

2840 5817 3003 5857 OUTH.

1846 5876 1965 5932 Nisi
2012 5878 2149 5949 quod
2186 5877 2465 5934 secundum
2514 5876 2696 5931 Adam.
2749 5875 2846 5931 Vix
2893 5874 3018 5931 alibi
3060 5875 3362 5947 reperitttr,
