3742 6282
358 264 506 328 4019

1682 270 2034 345 REUQUUE
2070 272 2341 332 snam.

3465 299 3559 357 109.0

365 385 601 455 antiquae
637 382 807 456 prima
835 383 1111 443 nativitate
1135 383 1420 452 contraxit,
1451 385 1543 458 qui
1586 386 1653 444 ad
1674 390 1957 446 remissam
1984 390 2037 451 Α
2064 388 2350 445 licissimus
2374 390 2426 446 in
2455 389 2635 448 Africa
2674 392 2878 464 lapsus,
2907 395 3103 471 absque
3129 400 3233 457 ullo
3252 404 3419 474 gradus
3439 413 3564 469 etho.

366 488 707 551 peccatorum
748 487 773 515 ει
807 476 1175 549 accipiendam
1215 477 1317 533 hoc
1347 478 1465 551 ipso
1503 479 1714 536 facilius
1758 482 1965 538 accedit

365 570 506 644 quod
534 571 603 625 illi
627 570 991 639 remittuntur,
1015 584 1118 626 non
1146 572 1382 644 propria,
1403 572 1498 627 sed
1530 572 1705 629 aliena
1724 585 1961 646 peccata.

437 663 525 719 Vl.
555 662 625 717 Et
646 664 866 731 idcirco,
900 662 1065 718 frater
1085 663 1422 732 charissime,
1457 665 1572 719 haec
1612 665 1711 721 fuit
1738 669 1789 721 in
1821 682 1961 722 con-

364 757 490 814 cilio
519 767 700 812 nostra
727 758 1013 825 sententia,
1032 773 1059 810 a
1090 757 1369 828 Baptismo
1395 769 1559 830 atque
1591 776 1621 815 a
1650 761 1819 830 gratia
1843 762 1960 830 Dei,

368 850 458 922 qui
492 849 744 906 omnibus
773 850 1084 906 misericors
1125 861 1179 905 et
1221 852 1483 924 benignus
1509 863 1563 908 et
1592 854 1709 924 pius
1728 864 1832 921 est,
1866 871 1960 911 ne-

370 943 575 999 minem
608 959 702 1014 per
733 960 832 999 nos
873 943 1072 1000 debere
1124 944 1420 1016 prohiberi.
1456 945 1608 1014 Quod
1659 963 1780 1002 cum
1823 949 1965 1004 circa

374 1040 657 1095 universos
684 1040 1087 1096 observandum
1134 1041 1203 1096 sit
1252 1049 1411 1111 atque
1457 1042 1820 1110 retinemlnm,
1855 1054 1964 1098 tum

364 1135 536 1207 magis
564 1136 705 1191 circa
739 1135 974 1194 infantes
1006 1126 1151 1206 ipsos
1180 1146 1233 1191 et
1270 1151 1462 1191 recens
1514 1148 1671 1193 natos
1708 1136 1736 1175 ι)
1771 1138 1963 1193 obser-

373 1230 612 1287 vandum
655 1241 926 1302 putamus,
960 1231 1051 1301 qui
1084 1228 1187 1285 hoc
1219 1230 1336 1300 ipso
1363 1230 1428 1285 de
1449 1247 1550 1300 ope
1578 1243 1761 1286 nostra
1806 1247 1870 1287 ac
1899 1231 1968 1287 de

368 1325 550 1383 divina
589 1327 956 1385 misericordia
1010 1328 1131 1400 plus
1183 1336 1462 1384 merentur
1490 1327 1632 1399 quod
1682 1328 1735 1383 iu
1790 1325 1968 1397 primo

365 1423 549 1481 statim
573 1423 868 1479 nativitatis
890 1438 1000 1480 suae
1022 1433 1140 1479 ortu
1171 1423 1444 1493 plorantes
1470 1439 1532 1479 ac
1563 1423 1752 1477 flexiles
1785 1432 1805 1459 ο
1830 1419 1965 1475 nihil

368 1517 515 1574 aliud
547 1517 750 1573 faciunt
778 1533 941 1590 quam
991 1518 1371 1589 deprecantur.
1403 1517 1667 1590 Optamus
1699 1524 1772 1583 te,
1803 1513 1967 1570 frater

364 1611 711 1678 charissime,
738 1626 954 1684 semper
984 1611 1121 1667 bene
1150 1610 1352 1665 valere.

363 1723 944 1784 CARTHAGINENSE
996 1722 1369 1781 CONCILIUM
1433 1722 1566 1781 SUB
1621 1719 1967 1777 CYPRIANO

980 1815 1347 1895 QUARTUM.

508 1946 648 1987 ANNO
684 1945 813 1988 POST
853 1945 1119 2018 οπως-ψη
1150 1944 1332 1985 ΝΔἸὍΙ
1371 1942 1524 1985 CCLIV
1561 1942 1817 1982 HABI'I‘IJII.

376 2041 465 2100 DE
506 2043 820 2101 BASILIDE
871 2042 961 2097 ET
1012 2040 1369 2097 MARTIALE
1431 2037 1773 2095 IllSPANI/E
1822 2037 1959 2093 EPI-

768 2133 1004 2193 SCOPIS
1053 2129 1545 2190 LIBELLA'I‘ICIS.

364 2248 633 2318 (Erasm,
656 2265 693 2311 ι,
734 2247 783 2299 4.
811 2245 1053 2318 _i’amel.,
1095 2241 1529 2318 Rigalt.,_Balua.,
1572 2252 1736 2318 (carm.
1779 2238 1960 2318 Paris?

422 2325 571 2363 van.
598 2303 782 2373 'Oxbu.,
808 2309 964 2374 Lips.,
1004 2303 1367 2360 ιιιηιξιὶοιιιιι.
1394 2304 1523 2356 llell.
1572 2304 1700 2363 Scr.,
1729 2318 1780 2367 p.
1821 2303 1881 2352 77
1909 2310 1964 2353 et

430 2376 566 2441 ω’)
950 2433 1373 2493 ΡιιοοΕιιιυΜ.

435 2535 547 2591 [loc
575 2532 861 2589 concilium
892 2532 1133 2587 habitum
1164 2543 1246 2586 est
1272 2530 1324 2584 in
1357 2523 1533 2585 Africa
1553 2566 1568 2592 ,
1600 2540 1742 2580 anno
1762 2521 1963 2580 Christi

361 2625 470 2684 258
497 2626 565 2682 ad
614 2626 921 2680 instantiam
971 2623 1240 2692 liiSpanite
1277 2623 1653 2691 episcoporum
1678 2661 1692 2685 ,
1726 2632 1793 2672 eo
1821 2614 1957 2682 fine,

360 2730 420 2775 ut
463 2720 531 2776 de
562 2735 723 2775 causa
784 2718 1030 2775 Basilidis
1072 2728 1125 2773 et
1159 2715 1439 2781 Martialis,
1487 2712 1752 2769 Africanae
1787 2710 1965 2765 eccle-

361 2813 457 2869 size
479 2812 741 2884 judicium
765 2821 1174 2884 cognoscerent.
1197 2809 1368 2866 Causa
1390 2807 1508 2863 talis
1530 2818 1643 2863 erat
1670 2824 1684 2861 :
1704 2805 1962 2861 Basilides

358 2905 712 2978 Legionensis
746 2917 801 2962 et
842 2906 1096 2962 Martialis
1145 2903 1506 2961 Asturicensis
1552 2902 1793 2958 ecclesiae
1822 2898 1960 2973 epis-

360 3002 503 3071 copi,
542 3017 608 3056 eo
638 3001 781 3072 quod
812 3001 865 3056 in
906 3000 1278 3073 persecutione
1312 2999 1538 3054 fuissent
1568 2997 1725 3067 lapsi,
1755 2996 1961 3052 libella-

361 3094 470 3159 tici,
513 3096 604 3167 qui
636 3094 890 3150 nimirum
922 3095 1173 3166 privatim
1218 3092 1377 3148 fidem
1404 3092 1750 3163 abuegantes,
1787 3090 1960 3159 publi-

2071 482 2217 535 noris
2260 481 2543 552 dispendio
2596 483 2663 539 ab
2712 484 2951 544 Ecclesia
2983 491 3151 562 recipi
3188 500 3440 555 temerario
3473 518 3567 562 ausu

2068 574 2461 631 contenderunt
2483 597 2495 633 :
2517 594 2622 645 quo
2641 589 2835 634 conatu
2854 596 2970 636 cum
2989 583 3573 656 frustrarentur,Feliceiu-

2067 681 2170 737 que
2188 682 2306 722 cum
2340 668 2538 724 Sabino
2578 670 2630 726 in
2660 671 2836 728 locum
2865 688 3015 730 suum
3041 677 3345 739 substitutos
3374 687 3572 759 viderent,

2071 756 2328 814 Basilides
2359 760 2527 817 livore
2554 763 2833 820 tabescens
2860 767 2925 821 ad
2954 770 3296 839 apostolicam
3324 776 3480 833 sedem
3505 756 3576 837 ile

2070 866 2211 907 mam
2259 868 2318 908 se
2358 855 2624 921 contulit;
2671 856 2851 929 ibique
2890 873 2948 916 se
2983 862 3179 932 injuste
3214 866 3337 921 sede
3370 869 3574 940 privatum

2071 960 2430 1018 conquerens.
2460 948 2737 1020 Stephano
2779 952 3018 1010 Romano
3047 954 3285 1013 Pontilici
3313 964 3581 1033 supplicatio-

2069 1052 2190 1092 nem
2226 1039 2476 1109 plurimis
2494 1045 2787 1099 mendaciis
2810 1046 3061 1104 refertam
3080 1050 3386 1116 exhihet,ac
3408 1072 3580 1126 peream

2072 1127 2188 1222 sedi
2247 1146 2309 1185 ac
2365 1132 2553 1188 honori
2603 1137 2828 1206 pristino
2880 1141 3088 1197 restitui
3133 1146 3423 1217 suppliciter
3459 1166 3582 1222 rogat.

2070 1220 2223 1289 Quod
2252 1240 2371 1280 cum
2404 1229 2642 1298 episcopi
2674 1230 2940 1300 Hispania:
2962 1235 3254 1303 audissent,
3285 1240 3377 1310 ipsi
3402 1244 3487 1296 duo
3509 1220 3586 1301 sui-

2073 1312 2197 1369 fecti
2227 1317 2484 1391 episcopi,
2513 1319 2743 1377 Sabinus
2771 1341 2831 1379 ac
2849 1324 3019 1393 Felix,
3049 1328 3115 1383 ad
3144 1328 3428 1387 Africanam
3455 1335 3587 1394 Eccleo

2071 1409 2204 1463 siam
2257 1411 2595 1484 ablegantur,
2651 1426 2704 1471 et
2751 1419 2963 1491 utrique
3003 1420 3191 1477 litterae
3229 1425 3289 1477 ad
3331 1424 3585 1500 Cyprianum

2072 1503 2415 1578 reliquosque
2442 1508 2561 1579 ejus
2587 1512 2833 1567 ecclesia:
2865 1515 3151 1588 episcoyios
3189 1519 3386 1589 scripta:
3411 1537 3589 1578 commu-

2072 1597 2319 1653 nicantur
2346 1640 2361 1665 ,
2415 1611 2473 1655 ut
2517 1602 2722 1658 scilicet
2766 1606 2927 1661 iidem
2975 1611 3213 1679 episcopi
3257 1612 3587 1671 libellaticorum

2071 1690 2298 1749 duorum
2329 1709 2545 1752 causam
2568 1709 2897 1768 cognoscant
2926 1716 2991 1756 ac
3028 1702 3329 1771 dijudicent.
3360 1706 3587 1779 Cyprianus

1995 1792 2044 1855 Β
2074 1786 2234 1859 igitur
2258 1803 2378 1843 cum
2404 1791 2609 1863 legatos
2632 1808 2735 1846 una
2759 1807 2879 1848 cum
2912 1795 3113 1852 litteris
3140 1798 3389 1869 praedictis
3411 1802 3589 1870 excepis-

2069 1886 2174 1944 set,
2211 1880 2445 1955 collcgas
2472 1882 2740 1939 antistites
2778 1896 3069 1951 convocat,
3112 1897 3167 1944 et
3205 1888 3254 1944 in
3291 1906 3450 1947 eorum
3480 1907 3591 1948 sacro

2072 1984 2335 2027 concessu
2366 1973 2574 2029 litteras
2604 1974 2672 2029 ad
2703 1992 2762 2031 se
2788 1992 3027 2051 suosque
3058 1980 3287 2053 collegas
3309 1983 3494 2054 scriptas
3514 1984 3592 2056 legi

2066 2078 2129 2117 ac
2151 2065 2387 2130 recitari,
2419 2074 2472 2121 et
2500 2067 2566 2121 ab
2598 2068 2790 2124 iisdem
2836 2070 3034 2141 legatis
3071 2072 3124 2129 iu
3174 2074 3419 2132 concilium
3453 2077 3588 2132 intro-

2065 2154 2241 2213 ductis
2270 2174 2423 2214 suam
2453 2159 2690 2231 ipsorum
2721 2177 2936 2218 causam
2969 2166 3217 2221 enarrari
3245 2148 3461 2238 procurat'.
3483 2168 3589 2236 Qua:

2067 2264 2186 2305 cum
2216 2249 2351 2306 facta
2379 2262 2580 2318 essent,
2634 2252 2734 2309 hoc
2788 2255 2932 2328 quod
2976 2257 3053 2311 ah
3083 2257 3338 2331 episcopis
3371 2258 3585 2331 Hispania.

2065 2343 2133 2399 de
2165 2343 2416 2403 Basilidis
2449 2355 2503 2401 et
2540 2346 2796 2403 Martialis
2830 2349 3250 2406 lihellaticorum
3287 2354 3586 2423 episeOporum

2065 2438 2422 2511 depositione,
2449 2451 2504 2497 et
2528 2441 2711 2497 Sabini
2731 2458 2851 2497 cum
2880 2444 3054 2501 Felici
3073 2446 3376 2502 suffectione
3393 2446 3584 2503 Constitu-

2067 2542 2178 2588 tum
2242 2533 2438 2601 fuerat,
2488 2551 2586 2608 per
2627 2536 2894 2596 Africanae
2923 2539 3180 2595 ecclesia:
3218 2540 3465 2610 episcopos
3488 2540 3586 2601 illos,

2064 2626 2154 2697 qui
2193 2626 2317 2683 huic
2355 2629 2586 2683 concilio
2617 2629 2996 2699 interfuerant,
3031 2633 3390 2688 continuatum
3424 2631 3588 2696 ethni-

2065 2719 2261 2774 mirum
2311 2721 2632 2777 lihellaticos
2673 2738 2864 2778 omnes
2907 2723 2975 2778 ad
3036 2728 3388 2795 paenitentiam
3428 2723 3587 2794 quidem

2065 2814 2329 2884 agendam
2360 2830 2520 2887 posse
2542 2815 2775 2880 admitti,
2806 2832 2993 2874 verum
3043 2821 3112 2875 ab
3150 2820 3456 2876 ordinatione
3478 2817 3589 2874 cleri-

2064 2908 2201 2972 cali,
2254 2917 2413 2980 atque
2458 2908 2780 2966 sacerdotali
2826 2910 3099 2983 dignitate
3138 2924 3281 2971 recte
3344 2908 3587 2983 prohiberi:

2066 3001 2231 3056 hosce
2280 2999 2419 3059 duos
2473 3003 2634 3057 etiam
2691 3018 2788 3058 sua
2845 3004 3151 3075 episcopali
3204 3005 3440 3074 dignitate
3487 3011 3588 3057 recte

2064 3095 2339 3180 spoliatos,
2366 3094 2622 3150 Sabinum
2646 3110 2707 3151 ac
2724 3096 2959 3152 Felicem
2979 3098 3039 3151 in
3067 3099 3240 3154 locum
3263 3100 3471 3167 ipsorum
3487 3103 3588 3149 recte

358 3203 481 3245 cum
505 3186 770 3244 idolorum
794 3188 995 3243 cultum
1024 3185 1248 3258 pecunia
1271 3184 1640 3253 redimissent,
1664 3183 1958 3255 episcopali
1987 3191 2031 3255 ρ
2066 3184 2322 3243 suffectos
2350 3202 2491 3243 esse.
2522 3188 2640 3256 Quo
2656 3188 2963 3244 testimonio
2984 3190 3194 3259 habito,
3220 3190 3326 3264 ipse
3345 3189 3529 3244 Sabinus
3545 3198 3587 3240 ac

360 3281 565 3338 honore
591 3284 658 3337 ad
685 3282 1149 3338 denuntiationem
1178 3279 1415 3336 ﬁdelium
1445 3279 1802 3348 Hispanorum
1829 3293 1954 3349 spo-

360 3375 580 3440 liantur,
613 3383 667 3431 et
697 3376 749 3429 in
781 3389 969 3430 eorum
1005 3376 1179 3428 locum
1223 3372 1454 3428 Sabinus
1488 3387 1550 3426 ac
1579 3369 1726 3435 Felix
1765 3370 1962 3426 substi-

360 3475 609 3522 tuuntur.
642 3465 902 3524 Cessante
929 3467 1325 3538 persecutione,
1360 3464 1454 3533 illi,
1488 3465 1629 3521 sicut
1666 3473 1821 3520 antea
1863 3463 1963 3520 Fe-

2071 3279 2221 3336 Felix
2250 3321 2263 3345 ,
2318 3280 2509 3335 litteris
2570 3276 2824 3354 Cypriani
2878 3282 3224 3353 aliorumque
3289 3284 3583 3352 episcoporum

2069 3372 2134 3425 ad
2164 3372 2493 3442 Stephanum
2522 3381 2576 3426 et
2593 3374 2875 3443 episcopos
2894 3373 3172 3444 Hispania
3189 3376 3390 3445 scriptis
3407 3385 3586 3429 commu-

2067 3465 2193 3532 niti,
2219 3465 2446 3522 Romam
2492 3465 2835 3539 adnavigant,
2868 3477 2977 3521 tum
3021 3477 3080 3523 ut
3106 3468 3367 3523 mendacia
3391 3461 3579 3521 Bsilidis

1601 3556 1985 3614 LECTIONES
2025 3557 2440 3614 VARIANTES.

425 3652 452 3713 ε
486 3649 836 3713 Accipiendum
863 3652 1020 3703 Oxon.

418 3711 449 3752 1»
480 3711 735 3764 Receuter
760 3721 899 3763 uates
922 3714 1048 3764 Bod.
1075 3712 1124 3763 2.
1150 3714 1267 3764 Lam

2134 3652 2157 3683 °
2195 3649 2320 3700 Ortu
2344 3651 2524 3703 flentes
2549 3651 2680 3702 Lam.
2708 3650 2834 3703 Bod.
2861 3650 2907 3700 2.
2936 3648 3053 3706 Litt.
3080 3653 3187 3705 NG.
3214 3652 3261 3714 t,
3282 3651 3325 3702 ἢ.

1714 3772 2073 3833 VABIORUM
2110 3774 2339 3835 NOTAE.

358 3873 497 3947 apud
545 3873 805 3947 antiquos
842 3874 1140 3944 scriptorcs
1166 3914 1180 3937 ,
1228 3871 1376 3947 locus
1417 3869 1481 3924 ad
1527 3868 1952 3947 confirmandum

356 3942 550 4019 dogma
580 3948 646 4000 de
676 3942 919 4013 originali
951 3942 1169 4015 peccato
1191 3986 1203 4007 ,
1240 3942 1408 4012 magis
1437 3943 1711 4019 appositus
1735 3983 1749 4007 ,
1781 3953 1834 4019 et
1861 3959 1955 3996 cx-

358 4014 596 4089 pressus.
636 4018 710 4073 De
736 4014 975 4089 Veterum
1007 4019 1105 4071 hac
1134 4020 1185 4070 in
1216 4030 1378 4089 causa
1412 4015 1621 4084 placitis
1643 4014 1955 4089 consulatur

268 4128 273 4135 .
356 4084 545 4146 auctor
581 4088 823 4161 Historia:
853 4088 1184 4161 Pelagianae,
1218 4088 1308 4141 lib.
1344 4089 1515 4161 n,qui
1550 4095 1726 4140 tamen
1758 4084 1950 4161 imme-

356 4163 462 4218 rito
493 4164 705 4234 sugillat
749 4157 1082 4217 Clementem
1131 4159 1594 4234 Alcxnndrinum_,
1638 4158 1797 4234 quasi
1823 4157 1954 4210 doc-

359 4229 584 4311 trinaui'
602 4234 670 4289 de
713 4234 957 4311 originali
1001 4240 1222 4311 peccato
1254 4247 1358 4284 non
1400 4229 1949 4311 satisintellexisset,

356 4306 621 4375 siquidem
675 4301 819 4373 (ιιιῑιξ⁷
850 4301 1105 4359 δινοιιίηι.
1151 4305 1243 4359 lib.
1292 4318 1371 4367 ιιι,
1422 4302 1489 4355 ab
1527 4302 1645 4371 ipso
1682 4301 1951 4375 disputata

358 4373 518 4444 sunt,
550 4378 814 4432 adversus
856 4378 1162 4431 Encratitas
1202 4376 1631 4439 intentabantur,
1676 4374 1763 4441 qui
1810 4373 1951 4444 ferc-

356 4449 487 4525 bant
529 4456 618 4510 τήν
660 4452 852 4525 γένε-σιν
880 4450 1051 4525 ἁπλῶς
1082 4449 1477 4525 ἐπικαῖὰρατον,
1524 4454 1575 4497 ttl
1623 4444 1703 4525 ait
1758 4443 1948 4525 Epiplt.

356 4518 527 4576 Porro
579 4518 891 4576 amhrehant
938 4523 1198 4574 Adanunn
1237 4518 1570 4572 damnatum.

359 4607 408 4647 c.
443 4594 532 4649 50.
558 4592 1162 4659 FELL.—llieronynitts
1192 4589 1282 4644 lib.
1303 4605 1356 4643 ιιι
1379 4589 1494 4642 adv.
1533 4586 1710 4655 Pelag.
1737 4602 1790 4656 p.
1821 4586 1946 4659 5ι5.

357 4674 411 4719 ct
449 4663 851 4735 plurilntslncis
880 4662 1615 4735 Augustinusaui-teritatem
1651 4658 1956 4735 ll:_|t‘lll_l_‘_lil_-

357 4728 593 4791 terarum
626 4734 943 4805 Pelagianis,
963 4728 1019 4789 ut
1049 4732 1252 4805 notavit
1281 4732 1500 4805 Ccllicr,
1538 4728 1766 4805 Histoire
1790 4728 1954 4783 Géné-

355 4806 484 4874 rate,
518 4818 647 4872 etc.,
681 4800 787 4860 vol.
825 4821 909 4875 ιιι,
946 4822 1065 4877 pag.
1092 4803 1592 4877 500,‘objecerunt.
1632 4800 1830 4877 Extant
1860 4816 1949 4877 au~

357 4872 479 4934 tem'
517 4887 713 4950 praeter
760 4872 903 4931 hunc
943 4872 1184 4950 aliosque
1226 4872 1479 4950 Cypriani
1505 4876 1680 4950 _Ioc9_s
1708 4872 1954 4950 insignia

357 4942 601 5021 qumdam
631 4949 699 5005 de
742 4958 968 5019 peceato
999 4942 1219 5021 originis
1247 4942 1464 5000 inlibro
1494 4945 1572 5021 De
1615 4944 1806 5021 Habitu
1846 4942 1956 4996 Vir-

356 5017 555 5094 ginum.
588 5037 643 5093 p.
692 5017 828 5086 180;
861 5029 1023 5089 atque
1059 5020 1261 5094 adjicio
1308 5018 1617 5094 auctoribus
1640 5017 1758 5094 illis
1811 5024 1959 5094 vete—

356 5085 508 5150 ribus
529 5135 544 5159 ,
588 5085 723 5164 quos
754 5085 1035 5164 dogmatis
1049 5085 1212 5164 hujus
1251 5090 1478 5164 adduxit
1509 5092 1746 5164 vindices
1774 5085 1956 5164 crudi-

360 5158 867 5221 tissirhusiVossiu'S
901 5166 952 5216 in
989 5158 1138 5217 Hist.“
1166 5161 1468 5230 Pelagiana,
1521 5162 1610 5216 lib.
1650 5178 1710 5219 tt.
1746 5173 1863 5228 pag.
1900 5158 1953 5227 1,

358 5238 499 5293 thes.
534 5239 588 5304 5,
636 5236 996 5305 Theophilum
1038 5234 1471 5305 Antiochenam,
1530 5231 1955 5294 Tcrtullianum,

363 5309 542 5381 (cuius
575 5303 765 5381 tamen
794 5303 1162 5381 testimonium
1204 5303 1470 5381 quoddam
1502 5315 1960 5381 conunmnoratur

357 5372 409 5435 in
440 5372 692 5435 Thesibns
723 5378 902 5433 Tlteol.
934 5388 979 5431 et
1016 5372 1231 5432 Πίδιοιν.⁷
1253 5377 1456 5444 Uisput.
1490 5393 1523 5431 ιι
1562 5380 1628 5431 ab
1664 5376 1787 5432 end.
1828 5372 1959 5426 Vos-

358 5454 501 5522 sio),
554 5451 958 5518 Firmilianum,
1020 5450 1506 5522 Hippolytnmqne,
1538 5445 1960 5522 vetustissimos

358 5517 656 5592 Scriptores
683 5540 697 5590 ',
732 5539 831 5578 nec
859 5517 1064 5586 dubito,
1091 5517 1230 5592 quin
1264 5520 1465 5592 ιιονιιιι)⁸
1497 5520 1652 5573 «lictis
1682 5517 1818 5592 addi
1844 5530 1961 5592 tne-

359 5587 546 5649 reat'nr
575 5587 872 5649 Clementis
922 5587 1143 5647 Romani
1176 5591 1304 5646 illud
1338 5591 1388 5643 in
1422 5589 1656 5661 Epistula
1683 5591 1750 5645 ad
1780 5587 1963 5661 Corin—

362 5666 519 5732 thios,
551 5680 672 5735 cap.
704 5680 934 5719 xxxvm.
962 5668 1228 5718 (Izrternm
1256 5664 1308 5716 in
1335 5658 1503 5731 Epist.
1533 5662 1625 5730 66,
1670 5677 1787 5732 pag.
1820 5658 1960 5735 595,

367 5730 513 5789 tom.
546 5730 738 5799 ιι,ὀιΙ.
782 5736 1146 5789 Βοιιράὶςιίιιίὲ
1194 5736 1523 5799 Augustinus
1578 5730 1691 5787 hmc
1738 5730 1961 5786 scribit:

371 5804 557 5858 Beatus
579 5807 782 5871 quidem
807 5806 1095 5874 Cyprianus
1120 5822 1222 5858 non
1243 5801 1452 5873 aliquod
1474 5807 1727 5861 decretum
1744 5801 1966 5858 condens

1622 4517 1759 4569 Iren.
1803 4490 1902 4568 'm'i.
1936 4530 1953 4569 ι
1978 4490 2031 4550 Ι)

2060 3886 2264 3937 novum,
2289 3873 2379 3926 sed
2401 3871 2644 3927 Ecclesiae
2664 3873 2817 3939 ﬁdem
2839 3874 3199 3941 firmissimam
3213 3867 3588 3941 montanam-i-

2057 3944 2280 4015 gendum
2307 3960 2411 4008 eos,
2443 3945 2530 4010 qui
2562 3947 2807 4013 putabant
2831 3939 2949 3999 erue
2969 3957 3214 4001 octavum
3237 3949 3344 3998 dim
3362 3939 3585 4015 natiet'talis

2059 4012 2159 4087 non
2177 4032 2283 4070 esse
2303 4012 2570 4087 parvulum
2588 4016 2971 4086 baptizandum,
2983 4035 3092 4073 non
3109 4023 3395 4080 censemur:
3405 4012 3584 4087 annnam

2059 4086 2189 4140 dixit
2218 4079 2325 4142 esse
2364 4104 2465 4142 non
2496 4079 2827 4157 perdendam,
2859 4098 2906 4141 et
2932 4079 3061 4144 mox
3102 4102 3270 4144 natum
3294 4089 3370 4141 rite
3384 4079 3586 4157 baptizari

2058 4175 2220 4231 posse,
2239 4175 2353 4212 cum
2370 4159 2476 4231 suis
2497 4155 2803 4230 quibusdam
2822 4161 3146 4231 coepiscoyis
3164 4160 3367 4231 censuit.
3380 4155 3552 4231 Roma.

2136 4230 2221 4303 Vl.
2256 4260 2327 4271 -—
2356 4229 2655 4285 Natiuitatis
2701 4246 2810 4303 sum
2859 4244 2975 4285 ortu
3031 4229 3304 4303 plorantes.
3348 4229 3590 4303 Scribi-"N35

2060 4300 2269 4355 Ethnici
2306 4303 2587 4355 infantium
2614 4302 2774 4356 modo
2801 4298 3050 4357 natorum
3080 4303 3288 4368 fletum,
3319 4298 3591 4368 miseriarum

2058 4374 2336 4446 sequentis
2371 4374 2493 4426 vita:
2519 4388 2679 4427 omen
2710 4373 2965 4442 putabant
2994 4392 3007 4428 :
3036 4367 3329 4446 Cyprianus
3354 4367 3508 4446 pietati
3530 4379 3594 4419 as-

2058 4445 2237 4507 cribit,
2283 4452 2338 4500 et
2381 4459 2479 4497 ceu
2508 4459 2728 4515 precum
2771 4443 3168 4500 inarticulatain
3202 4443 3458 4515 formulam
3481 4450 3593 4515 cotu—

2061 4516 2298 4570 meudat.
2359 4507 2599 4570 FELLI—-—
2626 4515 2851 4585 Quidam
2899 4531 2965 4571 ex
2996 4519 3238 4586 patrihus
3265 4507 3592 4570 Antenica'nis,

2059 4586 2213 4657 cujus
2243 4596 2423 4643 tamen
2471 4602 2667 4643 nomen
2714 4603 2830 4642 mea
2862 4589 3063 4642 excidit
3104 4586 3381 4643 memoria.
3408 4592 3589 4639 recens,

2059 4669 2306 4713 natorum
2337 4660 2546 4730 vagitus
2575 4660 2640 4713 ad
2672 4659 3099 4729 deplorationem
3128 4658 3326 4729 peccati
3364 4659 3591 4725 pman

2058 4732 2282 4799 originis
2314 4747 2425 4784 sunt
2453 4731 2761 4800 detorquet.
2797 4731 3010 4786 llou'ru.

2132 4796 2210 4856 De
2261 4802 2506 4857 BASILIDE
2545 4796 2961 4878 subuenite.
3007 4802 3131 4878 llaec
3171 4798 3394 4878 epistola
3450 4796 3593 4878 totust

2062 4882 2234 4928 tantas
2285 4883 2499 4943 tamque
2550 4878 2689 4928 inter
2730 4891 2789 4930 se
2833 4875 3121 4929 dissimiles
3171 4871 3323 4927 habet
3372 4871 3589 4943 variantes

2060 4946 2319 4999 lectiones
2350 4937 2662 5015 in'antiquis
2701 4945 3096 5015 exemplaribus
3123 4955 3175 4998 et
3215 4937 3587 5001 editionibusull

2064 5016 2198 5070 mihi
2248 5016 2315 5091 in
2351 5017 2458 5091 illis
2502 5017 2813 5091 colligendis
2854 5027 2914 5091 et
2962 5015 3306 5091 disponendis
3349 5016 3593 5091 recten?-

2061 5103 2198 5159 gnus
2253 5088 2401 5143 labor
2448 5074 2798 5143 insuméudus
2848 5074 3303 5151 fuerin-multum
3364 5074 3592 5159 taediijdc:

2064 5156 2330 5213 voratum.
2363 5160 2707 5213 Annotandas
2750 5161 2892 5214 enim
2945 5161 3228 5213 arbitratus
3259 5170 3369 5210 sum
3395 5162 3447 5226 ut
3469 5156 3590 5226 etiam

2063 5231 2225 5285 multa
2265 5241 2319 5286 et
2364 5245 2550 5299 magna
2602 5231 2844 5300 exempla
2890 5229 3072 5285 darem
3129 5228 3354 5303 audacia:
3394 5223 3592 5303 ιίιρητιςξ

2069 5318 2185 5356 rum
2216 5290 2496 5373 veterum:
2526 5304 2615 5373 qui
2645 5290 2820 5357 omnia
2863 5302 3001 5356 licita
3047 5310 3102 5355 et
3144 5300 3315 5373 illicita
3355 5292 3457 5373 ausi
3493 5290 3589 5373 sunt

2070 5374 2122 5428 iu
2161 5362 2739 5428 de~cribendis'sancti
2788 5375 3033 5445 martyris
3066 5371 3327 5445 eperibus.
3368 5362 3590 5445 Atque}!l

2069 5445 2192 5500 inde
2216 5446 2426 5499 initium
2450 5459 2658 5499 sumam
2691 5445 2776 5498 ubi
2804 5439 3146 5512 suufsrripia
3180 5442 3379 5514 nomina
3418 5439 3587 5514 eiusei:

2067 5532 2281 5588 porum,
2306 5525 2430 5570 sunt
2451 5517 2612 5586 aliqui
2639 5515 2848 5589 codices
2878 5504 3098 5589 antiqui,
3122 5510 3403 5589 suntetiatt}
3426 5504 3587 5589 πριιιιδξι

2068 5580 2352 5649 editiones,
2381 5589 2432 5640 in
2465 5580 2653 5656 quibus
2675 5602 2735 5640 ea
2764 5587 2975 5642 desunt.
3005 5588 3059 5642 ln
3089 5580 3255 5640 tribus
3296 5580 3497 5660 antique
3514 5580 3584 5660 92f

2070 5660 2297 5723 dicihus,
2332 5638 2382 5713 in
2409 5638 2602 5729 quibus
2635 5661 2720 5712 illa
2754 5638 3129 5725 praetermissa,
3156 5638 3489 5719 snntlegititt':

2072 5732 2283 5781 nrianus
2304 5740 2351 5781 et
2372 5731 2537 5781 caeleri
2551 5730 2772 5781 eniscom'
2787 5730 3075 5781 presbyteris
3099 5739 3146 5781 et
3164 5720 3431 5780 diaconiba:
3452 5720 3493 5768 et

2072 5720 2293 5803 prianus'
2304 5740 2351 5803 et
2366 5720 2537 5803 caeteri
2551 5720 2772 5803 episcopi
2785 5730 3075 5803 presbyteris
3099 5720 3146 5782 et
3164 5720 3493 5803 dimittebat}!

2078 5789 2218 5859 bibus
2244 5802 2298 5856 in
2324 5789 3008 5872 Hispaniaconsiderantia.
3035 5799 3092 5857 In
3118 5811 3221 5855 uno
3241 5792 3377 5864 regio
3390 5789 3579 5855 ἥκων
