3742 6282
237 314 332 370 Η)ιῦ

1341 310 1659 370 CONCILIA
1693 310 2316 377 CARTHAGINENSIA.

3307 335 3446 395 1016

231 432 358 486 niunn
375 438 468 496 est,
494 427 692 500 duplici
715 427 932 486 decreto
951 429 1183 500 desuper
1199 430 1328 497 lato,
1347 431 1756 487 conﬁrmarunt.
1788 441 1838 500 Α
1867 437 2064 491 tionem
2089 437 2370 507 recipiant.
2402 436 2526 493 Haec
2554 453 2622 495 ex
2643 438 2898 512 Cypriani
2925 441 3170 512 epistola,
3197 459 3357 516 quam
3380 447 3448 504 ad

229 523 418 593 Quorum
445 521 672 592 primum
704 533 806 590 est,
830 532 892 578 ut
912 525 945 577 ii
968 565 983 590 ,
1011 525 1176 594 quiin
1206 524 1448 580 Ecclesia
1471 525 1703 581 ordinati
1730 541 1759 580 a

225 618 300 673 ﬁde
317 615 622 671 defecerunt
643 655 659 681 ,
687 625 1022 672 revertentes
1062 616 1128 671 ad
1159 617 1453 672 Ecclesium
1476 658 1492 684 ,
1523 634 1628 672 non
1658 619 1761 673 nisi

225 714 271 770 ad
303 713 482 767 laicam
528 712 966 788 communionem
1007 712 1352 781 recipiantur.
1397 713 1672 779 Alterum,
1704 721 1763 767 ut

223 805 480 875 Baptismus
501 804 879 858 haereticorum
905 803 973 857 ah
991 802 1126 872 ipsis
1151 804 1399 865 collatus,
1430 818 1536 858 non
1561 813 1764 859 tantum

224 914 296 970 pro
319 896 560 962 invalido,
589 895 686 950 sed
711 900 873 950 etiam
915 911 1011 965 pro
1035 897 1186 952 nullo
1225 897 1514 963 habeatur;
1545 897 1680 954 adeo
1707 907 1766 954 ut

227 993 263 1048 si
281 992 332 1046 ad
349 990 630 1046 Ecclesium
651 1001 985 1046 revertentes
1007 991 1363 1062 haptizentur,
1392 1007 1499 1046 non
1528 993 1766 1048 secundo

228 1086 452 1154 Baptistae
497 1083 916 1152 rebaptizentur,
947 1084 1042 1138 sed
1083 1095 1284 1140 tantum
1315 1086 1543 1155 primum
1573 1087 1636 1140 iis
1667 1086 1765 1141 Βοι-

225 1178 378 1248 ptisma
406 1175 731 1242 conferatur,
760 1178 884 1246 quia
909 1176 976 1231 ab
1001 1175 1268 1234 haereticis
1299 1193 1403 1232 non
1432 1193 1561 1233 vere
1585 1179 1764 1248 bapti-

213 1277 332 1338 zari,
353 1273 440 1327 sed
463 1287 600 1343 aqua
627 1281 834 1326 tantum
862 1273 1235 1328 Imreticornm
1257 1273 1486 1342 amplius
1508 1272 1765 1327 sordidati

205 1364 398 1420 Interim.
417 1365 486 1419 ita
505 1363 830 1436 Cyprianus,
855 1365 1026 1434 Epist.
1049 1366 1138 1427 75,
1167 1365 1232 1419 ad
1251 1364 1588 1419 Jubaianum.
1615 1364 1766 1420 Unde

206 1460 284 1528 qui
309 1458 444 1512 illum
471 1459 841 1525 anabaptismo
866 1458 1256 1528 patrocinatum
1301 1457 1466 1512 fuisse
1499 1457 1763 1523 sentiunt,

205 1552 418 1623 graviter
441 1560 644 1619 errant.
680 1551 805 1604 Haec
829 1566 949 1605 cum
989 1550 1360 1621 episcoporum
1389 1551 1764 1620 praedictorum

205 1645 258 1698 7t
290 1643 534 1698 sententia
562 1644 850 1697 constituta
877 1651 1080 1710 essent,
1110 1643 1175 1697 ad
1204 1642 1534 1712 Stephanum
1573 1641 1768 1696 Roma-

205 1752 316 1790 num
337 1736 549 1804 epistola
597 1736 827 1806 quadam
854 1778 869 1800 ,
894 1752 1052 1806 quant
1094 1736 1228 1790 infra
1280 1752 1346 1791 ex
1380 1734 1648 1808 Cypriane
1681 1737 1768 1792 hic
1796 1754 1802 1760 ·

1868 531 2175 602 Pompeium
2203 532 2577 588 Sabratensetn
2601 535 2653 588 in
2675 534 2850 591 Africa
2879 537 3191 608 episcopum
3213 542 3447 611 scripsit,

1867 628 2178 695 probantur.
2210 628 2344 682 Vide
2374 627 2568 682 Baron.
2608 644 2751 686 anno
2775 630 2901 697 258,
2934 645 2963 684 a
2995 645 3145 688 num.
3179 631 3248 687 27
3277 647 3447 706 usque

1866 719 1932 774 ad
1961 720 2030 776 38
2063 720 2346 776 inclusive.

1939 859 2226 898 CYPRIANUS
2253 859 2322 897 ET
2344 859 2555 899 CETERI
2586 859 2858 900 STEPHANO
2888 861 3079 901 FRATRI
3106 861 3375 903 SALUTEM.~

1939 982 1982 1036 Ι.
2016 982 2096 1037 Ad
2137 981 2382 1051 quadam
2411 981 2740 1052 disponenda
2767 991 2822 1036 et
2855 983 3065 1038 consilii
3093 986 3447 1042 ucommunis

1868 1073 2510 1136 examinationelimanda
2531 1075 3452 1142 necessehabuimueratercharis-

1868 1167 2024 1233 sime,
2064 1167 2502 1221 convenientibus
2525 1167 2575 1220 in
2600 1181 2759 1220 unum
2794 1167 3030 1236 pluribus
3060 1170 3451 1240 sacerdotibus,

1869 1273 2061 1329 cogere
2090 1267 2145 1313 et
2173 1259 2448 1313 celebrare
2473 1260 2780 1314 concilium.
2814 1259 2870 1313 in
2906 1275 3012 1329 quo
3039 1267 3204 1316 multa
3231 1264 3451 1333 quidem

1871 1353 2073 1422 prolata
2098 1362 2258 1423 atque
2287 1362 2551 1408 transacta
2579 1351 2747 1408 bsunt
2767 1371 2780 1407 :
2803 1354 2896 1409 sed
2924 1355 2990 1410 de
3011 1371 3076 1411 eo
3103 1356 3189 1410 vel
3213 1359 3448 1414 maxime

1871 1445 1962 1501 tibi
1991 1445 2353 1510 scribendum,
2385 1457 2583 1504 etcum
2615 1456 2699 1501 tua
2739 1451 2999 1518 gravitate
3032 1460 3054 1488 ο
3086 1465 3148 1506 ac
3190 1452 3451 1522 sapientia

1869 1538 2249 1594 conferendum
2278 1540 2391 1608 fuit,
2418 1541 2558 1610 quod
2587 1541 2756 1609 magis
2786 1543 3048 1611 pertineat
3083 1551 3138 1597 et
3165 1543 3230 1597 ad
3270 1557 3451 1599 sacer-

1869 1635 2104 1688 dotalem
2139 1635 2532 1700 auctoritatem,
2563 1644 2617 1687 et
2651 1635 2714 1686 ad
2743 1634 2998 1689 Ecclesia:
3026 1635 3302 1690 catholich
3334 1638 3451 1692 uni-

1873 1736 2031 1782 tatem
2063 1727 2264 1796 pariter
2303 1742 2365 1780 ac
2407 1726 2810 1796 dignitatem‘de
2845 1728 3041 1783 divina;
3078 1730 3448 1800 dispositionis

203 1831 372 1898 subjici
393 1833 718 1894 curavimus,
747 1831 1183 1900 praescribuntur.
1212 1830 1303 1884 Ille
1329 1846 1476 1896 vero,
1505 1830 1761 1901 synodica

1941 1821 2203 1874 dinatiooe
2226 1819 2559 1885 venientem,
2605 1835 2698 1874 eos
2737 1822 2827 1890 qui
2858 1831 2981 1874 sunt
3006 1821 3137 1876 foris
3165 1831 3315 1878 extra
3345 1823 3446 1880 Ec-

201 1923 404 1991 epistola
433 1933 674 1992 accepta,
711 1939 804 1990 per
833 1922 1037 1977 litteras
1076 1923 1314 1977 redditas
1339 1921 1624 1977 concilium
1660 1919 1766 1976 hoc

196 2015 500 2086 reprobavit,
533 2025 587 2070 et
611 2015 771 2069 simul
797 2017 958 2069 etiam
989 2015 1329 2070 sanctissime
1371 2013 1668 2081 mandavit,
1699 2029 1766 2069 ne

191 2123 222 2164 a
247 2108 515 2164 traditione
545 2109 836 2180 apostolica
867 2151 882 2175 ,
911 2109 978 2164 de
1015 2125 1121 2163 non
1151 2110 1399 2165 iterando
1440 2111 1767 2180 Baptismate

195 2201 546 2256 haereticorum
578 2215 762 2255 eorum
787 2243 802 2267 ,
837 2202 925 2271 qui
965 2201 1153 2256 eadem
1203 2204 1375 2257 forma
1401 2245 1414 2268 ,
1452 2219 1552 2274 qua
1599 2203 1767 2258 utitur

197 2296 436 2359 Ecclesia,
469 2295 828 2363 baptizassent
855 2337 869 2359 ,
904 2296 985 2350 vel
1026 2297 1190 2350 latum
1220 2311 1448 2367 unguem
1492 2295 1765 2359 recedant,

199 2391 428 2461 ipsosque
464 2390 533 2444 ab
561 2389 692 2459 ipsis
717 2390 1044 2459 baptizatos,
1075 2392 1119 2444 si
1159 2390 1226 2445 ad
1261 2390 1556 2446 Ecclesiam
1589 2389 1767 2445 redire

199 2494 382 2555 petant,
409 2497 514 2541 non
541 2483 697 2540 aliter
723 2501 880 2556 quam
911 2501 1007 2556 per
1040 2485 1208 2541 solam
1249 2499 1500 2540 manuum
1547 2482 1768 2553 imposi-

1868 1913 2085 1967 clesiam
2138 1912 2318 1978 tincti,
2375 1921 2428 1966 et
2467 1911 2606 1981 apud
2653 1913 2934 1967 haereticos
2974 1924 3027 1969 et
3084 1915 3455 1970 schismaticos

1869 2005 2105 2075 profante
2134 2020 2285 2074 aquae
2310 2003 2429 2058 labe
2447 2004 2722 2065 maculati,
2752 2005 2965 2074 quando
2991 2006 3056 2060 ad
3078 2022 3176 2062 nos
3207 2015 3365 2077 atque
3388 2009 3455 2063 ad

1872 2098 2190 2160 Ecclesium,
2215 2112 2337 2165 quae
2356 2111 2458 2150 una
2478 2106 2582 2158 est,
2608 2096 2871 2160 venerint,
2891 2098 3150 2166 baptizari
3172 2108 3454 2166 oportere;

1873 2209 1938 2248 eo
1965 2190 2104 2263 quod
2133 2203 2317 2260 parum
2351 2193 2420 2243 sit
2440 2191 2518 2244 eis
2537 2204 2749 2244 manum
2780 2189 3057 2260 imponere
3088 2190 3154 2244 ad
3183 2191 3456 2260 accipien-

1873 2287 1998 2342 dum
2038 2284 2293 2354 Spiritum
2325 2293 2593 2349 sanctum,
2646 2284 2750 2338 nisi
2800 2286 3065 2354 accipiant
3106 2295 3160 2340 et
3198 2285 3459 2342 Ecclesiae

1875 2383 2220 2452 Baptismum.
2251 2379 2400 2434 Tunc
2427 2382 2569 2435 enim
2595 2381 2810 2436 demum
2832 2383 2989 2450 plene
3011 2383 3331 2440 sanctiﬁcari
3353 2382 3380 2422 ἀ
3403 2392 3459 2440 et

1875 2491 1994 2532 esse
2020 2475 2116 2529 lilii
2146 2473 2240 2528 Dei
2269 2483 2514 2543 possunt,
2544 2475 2589 2530 si
2616 2473 2968 2532 Sacramento
2988 2485 3214 2550 utroque
3236 2491 3461 2536 nascan-

1378 2597 1762 2657 LECTIONES
1799 2589 2215 2650 VARIANTES.

271 2727 293 2754 ³
319 2722 367 2773 Et
390 2736 448 2772 ex
475 2721 669 2772 concilii
694 2720 820 2772 Bod.
845 2721 891 2771 1.
915 2718 990 2770 Ad
1012 2718 1204 2769 concilii
1231 2717 1355 2770 Bod.
1401 2718 1528 2766 Lam.
1574 2714 1686 2766 NC.
1713 2713 1759 2761 i.

231 2787 492 2900 Ἐδθτὲωιεω
516 2856 663 2913 atque
688 2851 894 2898 tractata
920 2847 1051 2895 Lam.
1075 2843 1204 2896 Bod.
1223 2842 1270 2894 2.
1298 2841 1442 2893 Ebur.
1469 2839 1576 2892 NG.
1602 2840 1648 2890 l.

1935 2710 1958 2738 ⁸
1995 2706 2098 2756 Tua
2116 2706 2402 2756 reverentia
2427 2706 2561 2754 Lam.
2601 2705 2748 2756 Ebor.

1936 2769 1964 2808 τι
1998 2767 2152 2818 Plane
2180 2766 2463 2818 sanctmcari
2488 2766 2591 2818 Lin.

1503 2951 1586 3005 VA
1596 2949 1857 3006 RlOBUM
1897 2949 2125 3006 ΝΟΤᾸΞ.

278 3051 462 3110 Coum.
476 3054 735 3110 Camnae
746 3049 1240 3123 ,ΥΙπ--ίῗξῃπῑαηιιεἱ
1249 3047 1381 3123 Cum
1397 3057 1614 3123 propter
1625 3047 1769 3101 illam

215 3125 286 3178 cui
302 3143 418 3180 nunc
433 3127 682 3180 incumbo
695 3119 1122 3179 emendationem
1140 3130 1193 3174 et
1211 3119 1619 3172 illustrationcm
1639 3133 1766 3186 ope-

212 3209 314 3248 rum
339 3200 496 3252 sancti
525 3197 776 3266 Cypriani
811 3195 1085 3266 legendam
1114 3192 1474 3266 suscepissem
1508 3190 1765 3266 prpiiitam

209 3268 348 3321 nimis
372 3261 644 3338 epistolam
675 3261 896 3323 Joannis
924 3265 1144 3338 Latinoii
1173 3262 1243 3338 ad
1273 3261 1527 3338 Jacpbnm
1557 3261 1767 3338 Bevila-

211 3353 346 3406 quam
376 3330 436 3394 de
462 3340 726 3394 discordia
760 3353 905 3406 papa:
927 3334 1183 3402 Stephani
1207 3347 1324 3386 cum
1350 3333 1638 3406 Cypriane,
1661 3330 1765 3384 mi-

213 3403 335 3463 ratus
352 3426 460 3465 sum
481 3423 584 3464 tam
611 3403 772 3463 multa
794 3410 859 3462 ab
879 3424 944 3460 eo
965 3407 1070 3460 dici
1086 3405 1322 3472 potuisse
1339 3412 1395 3455 ut
1413 3403 1542 3456 nihil
1560 3403 1766 3456 dicere-

213 3489 299 3532 tur.
319 3484 665 3551 Qllzl’cmthlle
695 3483 836 3535 enim
869 3480 1020 3532 allert
1047 3485 1356 3551 argumenta
1390 3483 1441 3551 et
1465 3475 1764 3551 testimonia

210 3544 438 3607 adversus
455 3544 781 3618 Stephanum
805 3552 1001 3604 nullius
1023 3547 1274 3618 momenti
1293 3555 1414 3598 sunt
1429 3546 1477 3597 in
1495 3544 1765 3598 haccausa

209 3631 249 3692 et
267 3626 534 3692 quamdam
553 3625 743 3678 habent
762 3623 1138 3676 insulsitatem.
1159 3617 1450 3692 Qttid_ct_tit_n
1466 3617 1528 3668 ad
1549 3631 1766 3670 causam

209 3688 437 3765 Faptisini
461 3697 584 3750 facit
603 3695 856 3765 Cypriani
873 3694 1065 3746 fatuam
1087 3704 1208 3744 esse
1233 3688 1584 3765 celebriorem
1601 3703 1765 3765 quam

208 3757 380 3838 [amato
409 3757 698 3838 Stephani,
729 3766 1053 3838 Cyprianum
1063 3775 1226 3838 __nott
1249 3759 1441 3813 cedere
1468 3757 1762 3838 Stephano,

207 3830 886 3908 Cyprianum.Congregasse
906 3834 1186 3908 concilium
1217 3833 1266 3908 in
1298 3845 1456 3908 causa
1486 3830 1762 3908 Baptismi,

211 3901 512 3976 Siephanum
569 3901 673 3963 non
723 3901 1096 3976 congregasse,
1131 3903 1400 3976 ECCil‘SiilS
1443 3901 1674 3976 Orientis
1713 3911 1767 3954 et

208 3972 475 4034 occidentis
502 3996 609 4035 non
639 3972 945 4045 suscepisse
971 3974 1402 4045 propugnantium
1445 3972 1762 4026 sententiam

207 4046 463 4118 Stephani,
486 4062 541 4105 et
559 4052 724 4105 multa
748 4043 846 4102 ηιξ.»
868 4043 1168 4114 hujnsnmdi
1190 4061 1308 4118 qum
1329 4043 1392 4094 ad
1415 4057 1640 4118 caus-nni
1659 4059 1763 4096 non

209 4113 472 4188 pertinent,
501 4137 725 4192 quorum
755 4122 913 4174 etiam
941 4113 1185 4192 plurima
1211 4116 1347 4192 falsa
1368 4113 1555 4192 “sunt?
1600 4113 1767 4192 Nemo

208 4184 386 4255 autem,
412 4184 470 4247 ut
487 4184 563 4246 ait
583 4194 938 4262 Hieronymus
962 4184 1014 4242 in
1037 4186 1256 4255 epistola
1368 4184 1764 4238 Pannnacbium

207 4273 370 4332 contra
398 4267 654 4320 Joannem
683 4256 1242 4332 IlierOSolymilatium,
1274 4256 1408 4332 falsp
1439 4269 1626 4332 verum
1646 4270 1769 4323 pro-

210 4329 306 4390 bat.
333 4337 505 4407 Itaque
543 4339 638 4389 ista
671 4335 824 4407 facile
857 4325 1072 4400 possunt
1097 4329 1336 4407 refutari.
1365 4325 1469 4407 Sed
1502 4328 1764 4407 tanti-Orion

215 4417 337 4460 sunt.
372 4397 711 4462 verissimum
741 4397 894 4471 igitur
923 4413 1004 4456 est
1031 4401 1170 4470 quod
1199 4400 1269 4471 ait
1299 4400 1520 4471 Optitlus
1549 4398 1598 4471 in
1632 4397 1768 4471 libro

1878 3064 1987 3102 uno
2014 3063 2044 3102 e
2074 3045 2184 3102 suis
2213 3045 2533 3101 Oxoniensis
2563 3041 2740 3100 editor
2763 3043 3002 3102 oll‘endit.
3027 3046 3354 3103 Concinnior
3381 3055 3466 3106 est

1877 3117 2036 3173 lectio
2062 3131 2375 3173 caeterorum
2393 3118 2672 3172 librorum.
2707 3116 2816 3170 Hoc
2838 3118 2980 3172 enim
3008 3118 3124 3171 istic
3154 3121 3300 3188 plene
3319 3137 3466 3174 sanc-

1873 3192 2060 3256 tiﬁcari
2099 3198 2272 3250 senat,
2303 3191 2442 3256 quod
2494 3189 2834 3242 consummari
2879 3191 2929 3242 in
2964 3191 3045 3241 his
3086 3190 3324 3258 ejusdem
3353 3189 3464 3254 Cy-

1873 3263 2042 3327 priani
2072 3263 2225 3328 epist.
2252 3277 2410 3314 Lxxut
2431 3303 2444 3324 ,
2474 3272 2526 3313 ut
2546 3277 2632 3324 per
2657 3270 2878 3312 nostram
2905 3261 3182 3313 orationem
3201 3278 3260 3313 ac
3283 3279 3465 3317 manus

1870 3333 2242 3392 imposilionem
2276 3332 2527 3399 Spiritum
2559 3343 2787 3384 sanctum
2818 3341 3263 3401 consequmturget
3291 3334 3466 3400 signa-

1870 3403 1984 3456 culo
2010 3403 2278 3455 Dominico
2326 3415 2774 3458 CONSUHMENTUR.
2822 3402 2989 3457 Porro
3027 3401 3350 3474 Cyprianum
3381 3402 3466 3459 his

1875 3474 2070 3536 verbis,
2093 3475 2137 3527 si
2159 3484 2369 3542 utroque
2393 3475 2724 3529 Sacramenta
2749 3485 3041 3538 nascantur,
3066 3485 3118 3527 ut
3138 3474 3372 3529 ha-retici
3398 3474 3467 3530 ad

1873 3543 2169 3599 Ecclesium
2195 3546 2471 3598 venientes
2492 3546 2926 3600 (ilonlirmationis
2947 3557 3338 3600 sacramentum
3359 3561 3465 3602 una

1871 3631 1991 3669 cum
2016 3617 2290 3679 Baptismo
2321 3618 2635 3684 suscipiant,
2662 3617 2951 3681 postulare,
2983 3631 3046 3670 ex
3080 3616 3318 3684 subjecta
3351 3616 3466 3671 dis-

1870 3689 2162 3743 sertatione
2194 3698 2407 3755 nostra,
2437 3705 2587 3742 num.
2620 3688 2683 3742 17
2715 3697 2769 3743 et
2798 3689 2882 3755 ts,
2913 3689 3130 3759 planum
3156 3688 3266 3743 lict.
3295 3686 3466 3744 Cous-

1870 3774 2030 3813 TANT.

1945 3831 2280 3902 Sacramenta
2325 3839 2558 3902 utroque.
2613 3830 2882 3901 Baptismo
2931 3841 2985 3886 et
3023 3832 3193 3886 sancti
3235 3831 3466 3902 Spiritus

1871 3900 2162 3966 inlusione,
2208 3901 2257 3952 id
2304 3912 2407 3967 est,
2437 3900 2494 3956 ut
2531 3900 2866 3972 dicet’panlo
2918 3911 3053 3972 post,
3101 3917 3235 3970 aqua
3265 3913 3318 3956 et
3344 3901 3468 3972 Spi-

1871 3974 1997 4026 rittt.
2023 3972 2173 4040 Quod
2202 3988 2344 4039 smpe
2370 3975 2560 4040 repetit
2591 3972 2734 4024 alibi.
2766 3970 3128 4025 Tertullinnns
3157 3974 3206 4025 in
3238 3970 3466 4028 libt'o'de

1875 4042 2177 4111 Virginibus
2226 4043 2463 4097 velandis
2504 4063 2516 4094 :
2555 4041 2670 4096 Una
2715 4042 2857 4094 nobis
2898 4053 2943 4094 et
2978 4042 3080 4096 illis
3131 4043 3281 4109 ﬁdes,
3336 4060 3467 4100 unus

1870 4111 2031 4175 Deus,
2053 4114 2185 4165 idem
2205 4111 2460 4174 Christus,
2489 4113 2665 4167 eadem
2689 4130 2822 4176 spes,
2848 4116 3021 4166 eadem
3053 4113 3240 4166 lauacri
3271 4114 3465 4168 Sacra-

1870 4194 2055 4237 menta.
2094 4184 2385 4239 Siriciusin
2416 4185 2638 4255 epistola
2670 4186 2732 4236 ad
2753 4181 3047 4238 Hitnerium
3082 4202 3094 4233 :
3127 4185 3318 4248 Quibus
3343 4185 3467 4240 solis

1872 4271 1960 4320 per
1981 4270 2169 4306 annum
2201 4255 2397 4315 diebus,
2428 4253 2479 4306 id
2509 4263 2585 4307 est
2612 4253 2890 4307 Paschalis
2916 4264 2969 4307 ct
3001 4256 3362 4315 Pentecosles,
3396 4258 3466 4310 ad

1869 4326 2021 4389 ﬁdem
2050 4325 2416 4394 conﬂuentibus
2445 4324 2699 4393 generalia
2725 4323 3050 4394 Baptismalis
3078 4327 3209 4378 tradi
3241 4329 3468 4383 convenit

1870 4407 2204 4448 sacramenta.
2256 4395 2386 4450 Vitle
2430 4395 2772 4448 Sirmondutn
2801 4397 2975 4465 capite
3016 4398 3201 4464 Quinto
3241 4399 3465 4454 secundi

212 4480 396 4543 quium,
419 4489 693 4533 γριηωιρη,
713 4465 899 4530 “ﬁdus
924 4465 1188 4538 impétliri.
1223 4465 1356 4523 Vide
1383 4467 1763 4543 Fat':_ttttt_lttttt_in
1794 4465 1845 4524 D
1871 4466 2222 4543 Antirrhetici,
2255 4468 2346 4543 ubi
2366 4468 2623 4543 _ex_plical
2654 4465 2792 4518 hunc
2823 4467 3298 4543 (ᾷξργξτιηξ-Ιθευιῐι.
3331 4467 3466 4526 Vide

213 4544 334 4601 libro
353 4539 519 4604 contra
553 4549 846 4603 Mucianum
870 4562 989 4617 pag.
1010 4545 1133 4598 577.
1167 4542 1350 4613 primm
1371 4539 1638 4593 editionis.
1667 4539 1771 4594 ΒΑ-

211 4632 394 4676 ιῡῑιυε.

280 4693 314 4745 l.
330 4694 663 4749 ——Ce!cbrare
685 4691 975 4745 concilium.
994 4686 1330 4741 Celebratntn
1357 4682 1516 4735 fuisse
1536 4698 1622 4733 an.
1643 4682 1770 4738 255.

214 4774 361 4830 recte,
389 4778 441 4820 ut
471 4766 684 4834 opinor,
720 4763 907 4831 probat
935 4761 1253 4834 Pearsonins
1283 4758 1332 4808 in
1362 4749 1642 4834 annalibus
1665 4755 1772 4834 Cx-

214 4827 464 4900 prianicis.
509 4827 800 4891 ΒΑωΖιὶιε.
827 4863 896 4873 ——-
924 4834 1061 4885 Ante
1102 4830 1292 4897 pascha
1334 4827 1457 4900 anni
1504 4828 1775 4900 sequentis

332 4909 650 4964 celebratum
681 4911 781 4959 hoc
824 4904 1111 4957 concilium
1141 4900 1324 4962 luisse,
1357 4897 1513 4949 docet
1554 4897 1776 4951 l’earso-

213 4977 321 5031 nius
344 4985 390 5033 in
419 4996 580 5046 opere
605 4988 898 5032 memorato
927 4975 991 5026 ad
1011 4987 1095 5046 an.
1126 4972 1296 5046 illum,
1332 4967 1358 5038 §
1386 4969 1558 5046 Δ1.-Ι)-ρ
1583 4969 1775 5046 eodem

214 5046 308 5100 hoc
340 5038 557 5106 concilio
605 5053 672 5103 ita
719 5050 1014 5118 Cyprianus
1044 5045 1095 5095 in
1129 5041 1290 5118 Epist.
1329 5039 1396 5090 nd
1439 5038 1772 5118 Jabaianum,

216 5133 320 5183 mtas
344 5134 416 5176 est
445 5125 512 5177 75
545 5141 556 5172 :
588 5121 650 5174 Et
677 5115 812 5172 nunc
834 5132 1027 5187 quoque
1054 5129 1165 5166 cum
1198 5115 1776 5187 inpuum-eunuchis“:

219 5181 330 5254 illis,
369 5208 466 5246 tam
513 5193 784 5258 provincia:
824 5181 1011 5257 Africa:
1055 5199 1205 5248 quam
1247 5181 1511 5234 Numidia:
1560 5183 1778 5253 episcopi

218 5277 404 5336 "autem
422 5268 804 5336 sep-tuaqintaret
830 5277 976 5336 unus.
1011 5259 1225 5336 lippi“.
1286 5335 1292 5336 γ
1505 5324 1517 5336 Δ

286 5320 567 5391 Transacto.
605 5320 694 5388 "Ita
731 5330 1009 5386 duodecim
1050 5329 1169 5381 libri
1214 5335 1442 5378 veteres.
1490 5320 1592 5379 Alii
1649 5337 1777 5392 quu-

223 5412 321 5460 tuor
345 5409 540 5462 habent
594 5415 829 5459 tractata.
863 5403 1081 5457 Veteres
1128 5397 1393 5452 editiones
1427 5405 1481 5449 et
1521 5407 1628 5449 tres
1659 5395 1779 5449 libri

223 5486 423 5539 veteres,
455 5479 728 5533 translata.
753 5477 952 5529 Bawz.

283 5537 526 5604 Cum-(tm
565 5550 826 5620 grauitate.
861 5543 1223 5620 Ilnnc_ipsum
1267 5538 1594 5620 Stephanum
1639 5537 1777 5619 idem

223 5612 493 5687 Cyprianus
529 5611 817 5689 appellabit
861 5611 1478 5689 superbum,_imperitun_t_
1514 5611 1781 5689 atquein:—

226 5679 484 5763 pjo'cidnm,
523 5679 770 5763 ineptum,
798 5679 1121 5743 obstinatum.
1157 5684 1326 5754 Epist.
1358 5681 1421 5735 ad
1447 5679 1777 5748 Pompeium.

227 5755 504 5821 Risimus.
609 5755 619 5763 ”
758 5755 762 5757 “
840 5832 858 5834 _
907 5832 938 5834 η
1194 5827 1204 5834 _
1497 5824 1509 5834 _
1572 5821 1602 5834 _,

285 5838 434 5893 Plane
463 5834 795 5904 sanctiﬁcari.
825 5832 982 5890 Colb.
1014 5843 1118 5886 ms.
1149 5827 1299 5898 plane
1328 5840 1346 5881 :
1371 5824 1513 5895 quod
1534 5821 1696 5879 etiam
1726 5821 1782 5878 ltt

1879 4538 2040 4592 etiam
2081 4547 2153 4591 to.
2186 4555 2221 4591 ll
2250 4536 2632 4608 Capitularium
2659 4579 2672 4598 ,
2704 4553 2825 4608 pag.
2861 4537 3028 4608 1256.7
3049 4536 3313 4591 Carterum
3367 4551 3467 4608 pro

1877 4623 2088 4681 utroque
2117 4607 2349 4681 quinque
2378 4619 2555 4662 vetera
2587 4607 2910 4674 exemplaria
2952 4607 3145 4681 habent
3176 4607 3464 4680 utrumque.

1877 4679 2158 4735 Butuntis}
2196 4679 2276 4722 -’
2294 4681 2370 4735 De
2411 4681 2681 4750 Baptismo
2726 4697 3084 4748 manuumqu
3121 4680 3467 4746 lmposilione

1878 4762 1997 4821 post
2013 4753 2350 4821 baptismum,
2371 4751 2693 4823 Cyprianum
2711 4753 3162 4820 interpretamlum
3179 4766 3319 4810 esse.
3336 4753 3468 4808 satis

1879 4824 2110 4878 ostendit
2130 4825 2436 4894 sullragium
2469 4827 2708 4892 quintum
2746 4824 2947 4877 concilii
2975 4823 3212 4892 proxime
3235 4837 3465 4894 sequen-

1879 4895 1986 4957 lis,
2035 4911 2154 4949 cum
2188 4893 2403 4949 Cuntmc
2431 4897 2495 4948 17
2522 4895 2715 4949 Concil.
2752 4897 2941 4948 Arelat.
2982 4894 3022 4947 ΙΙ
3065 4894 3337 4948 collatum.
3384 4893 3469 4949 En

1882 4967 2042 5021 verba
2089 4967 2332 5036 Sullragii
2361 4984 2372 5017 :
2417 4967 2555 5020 Male
2581 4984 2698 5036 ergo
2723 4967 2815 5020 sibi
2846 4966 3051 5035 quidam
3075 4967 3468 5036 interpretantur

1882 5038 2115 5110 (easdem
2166 5037 2409 5110 designat
2452 5036 2674 5091 Joannis
2724 5053 2884 5091 voces
2930 5038 3257 5110 cpiscopus),
3296 5045 3351 5088 ut
3386 5037 3468 5090 di-

1881 5107 2014 5174 cunt,
2047 5108 2181 5180 quod
2218 5124 2305 5174 per
2335 5124 2514 5180 manus
2553 5110 2924 5177 impositionem
2959 5107 3208 5175 Spiritum
3235 5117 3467 5180 sanctum

1879 5179 2133 5250 accipiant
2171 5189 2217 5233 et
2253 5181 2324 5231 sic
2360 5179 2666 5250 recipiantur
2684 5196 2702 5244 ;
2729 5196 2842 5231 cum
2873 5181 3195 5250 ntnnifcstum
3225 5179 3288 5231 sit
3319 5189 3466 5234 utro-

1881 5245 2362 5319 que'Sacramento
2393 5245 2568 5302 debere
2606 5267 2690 5302 eos
2725 5252 2921 5304 renasci
2959 5245 3024 5303 in‘
3045 5245 3274 5303 Ecclesia
3299 5251 3469 5304 catho-

1880 5324 2000 5377 lica.
2029 5323 2208 5378 Canon
2260 5330 2438 5374 autem
2466 5319 2793 5373 Arelatensis
2835 5321 3044 5375 concilii
3075 5323 3143 5375 ita
3183 5336 3241 5375 se
3269 5319 3465 5376 habet:

1884 5395 2190 5448 Bonosiacos
2216 5401 2381 5464 autem
2410 5407 2470 5446 ea:
2483 5390 2668 5464 eodem
2695 5407 2863 5445 errore
2885 5395 3154 5458 venientes,
3185 5409 3308 5464 quos
3336 5393 3473 5447 sicut

1884 5467 2100 5520 Arianos
2121 5463 2365 5532 baptizari
2393 5465 2444 5516 in
2482 5460 2730 5516 Trinitate
2758 5464 3078 5529 manifestum
3108 5460 3205 5531 est,
3235 5464 3355 5517 dum
3387 5464 3468 5519 in-

1886 5538 2124 5604 terrogati
2154 5537 2304 5602 [idem
2333 5545 2556 5588 nostram
2585 5549 2645 5586 ex
2673 5542 2775 5586 tota
2820 5536 2971 5587 corde
3005 5537 3223 5605 confessi
3254 5537 3464 5605 fuerint,

1884 5603 2179 5660 cunmm-rs
2236 5623 2300 5660 ΕΤ
2349 5621 2523 5661 uanus
2569 5617 2902 5659 turosrrtone
2950 5605 3001 5656 in
3030 5603 3263 5659 Ecclesia
3307 5605 3468 5675 recipi

1883 5679 2086 5748 sufﬁcit.
2137 5677 2291 5748 liinc,
2338 5679 2389 5731 ni
2439 5678 2611 5741 fallor,
2661 5684 2888 5748 constat,
2935 5675 3072 5748 sicut
3112 5690 3176 5728 ex
3211 5677 3464 5748 Cypriani

1884 5744 2062 5803 verbis
2088 5763 2115 5799 a
2141 5745 2450 5802 Constantio
2474 5763 2632 5819 supra
2655 5746 2848 5819 allatis,
2873 5744 2962 5814 qui
2982 5748 3183 5799 interea
3201 5744 3463 5804 curionem

1884 5821 2034 5876 illum
2073 5819 2287 5876 COllCllll
2334 5818 2555 5878 secundi
2608 5818 2965 5887 Arelatensis,
3009 5829 3298 5892 nusquam,
3321 5819 3466 5898 quod
