3700 6276
347 307 482 363 illi?

1657 288 2006 363 ιιειιρυιλε
2041 285 2303 347 SACRA'I.

3400 294 3498 353 ιιιι

347 429 457 487 tttr,
481 433 600 476 cum
623 417 877 486 scriptum
899 414 986 474 sit.
1015 410 1133 466 Nisi
1144 410 1254 483 quis
1267 419 1467 464 renatus
1491 408 1642 480 fuerit
1671 418 1696 446 τι
1717 424 1925 480 exaqua
1953 412 2003 471 Α
2028 404 2305 476 Evangelii
2354 404 2524 476 legem
2567 402 2594 442 δ
2635 402 2928 473 apostolica
2973 400 3255 472 magisteria
3287 418 3501 469 sean

351 525 401 571 et
415 514 632 584 Spiritu,
649 527 747 564 non
762 507 1146 580 potestintroire
1155 507 1207 559 in
1223 521 1433 577 regnum
1448 503 1543 558 Dei
1554 501 1732 574 (Joan.
1749 519 1828 571 ιιι,
1843 503 1925 575 5).

353 608 660 668 Invenimus
681 604 821 659 enim
849 602 1008 658 etiam
1032 602 1084 655 itt
1110 600 1256 655 Actis
1282 597 1662 669 Apostolorum
1691 595 1825 670 (Act.
1856 613 1889 652 κ
1910 639 1925 664 ,

354 699 473 774 48).
496 699 596 753 hoc
609 711 728 752 esse
746 696 811 751 ab
832 694 1103 764 Apostolis
1117 692 1462 757 custoditum,
1481 701 1532 748 et
1546 691 1793 746 salutaris
1810 690 1932 745 fidei

353 795 580 851 veritate
594 801 883 857 servatum,
906 800 958 843 ut
974 804 1093 845 cum
1114 788 1165 842 in
1183 787 1342 843 domo
1357 785 1589 842 Cornelii
1604 784 1934 841 centurionis

351 902 514 957 super
539 884 782 941 ethnicos
800 883 887 953 qui
911 883 1022 937 illic
1047 881 1270 937 aderant
1288 880 1408 936 fidei
1439 880 1617 935 calore
1644 877 1930 944 ferventes,

352 988 409 1035 ct
452 978 503 1031 in
538 976 818 1031 Dominum
864 982 976 1029 toto
1026 973 1188 1029 corde
1237 972 1520 1030 credentes
1565 970 1937 1027 descendisset

350 1071 582 1143 Spiritus
612 1080 861 1134 sanctus,
894 1084 1001 1140 quo
1029 1068 1299 1139 adimpleti
1336 1070 1500 1124 variis
1539 1068 1736 1140 linguis
1770 1069 1933 1124 Deum

349 1164 760 1228 benedicerent;
793 1162 1137 1218 nihilominus
1185 1172 1362 1219 tamen
1392 1164 1607 1219 beatum
1633 1163 1933 1233 apostolum

350 1258 591 1322 Petrum,
623 1255 792 1310 divini
826 1256 1078 1326 prmcepti
1099 1264 1258 1325 atque
1286 1255 1557 1327 Evangelii
1596 1270 1889 1311 memorem
1916 1296 1932 1321 ,

351 1348 674 1421 praecepisse
716 1357 773 1400 ut
802 1345 1198 1415 baptizarentur
1225 1346 1383 1402 iidem
1417 1345 1516 1413 illi,
1551 1346 1641 1417 qui
1666 1345 1777 1416 jam
1819 1344 1937 1401 lue-

346 1449 472 1498 rant
500 1448 690 1496 sancto
716 1439 915 1508 Spiritu
951 1439 1126 1508 pleni:
1158 1449 1216 1494 ut
1244 1440 1377 1495 nihil
1412 1441 1829 1511 praetermissum
1856 1442 1935 1496 vi-

2031 499 2367 569 Baptismum
2409 508 2591 555 autem
2634 513 2743 554 non
2788 510 2909 552 esse
2950 509 3056 566 quo
3089 493 3298 552 haeretici
3324 510 3506 578 utuntur,

2032 610 2135 651 ncc
2162 609 2481 665 quemquam
2517 592 2656 664 apud
2705 606 2820 659 cos,
2866 589 2959 660 qui
2997 588 3198 645 Christo
3224 589 3515 668 adversantur,

2035 703 2131 760 per
2165 689 2393 759 gratiam
2416 684 2618 742 Christi
2641 700 2797 756 posse
2819 682 3099 756 proiicere,
3129 681 3381 753 diligenter
3401 702 3519 759 nuper

2037 795 2351 852 expressum
2374 789 2457 835 est
2483 780 2536 834 itt
2568 777 2813 849 epistola,
2844 790 2967 848 qua:
2987 774 3050 829 ad
3072 774 3304 842 Quintum
3326 778 3522 851 collegam

2039 885 2279 932 nostrum
2303 876 2355 929 in
2370 872 2684 929 Mauritania
2702 870 3049 927 constitutum
3077 884 3230 938 super
3243 884 3299 923 ea
3316 886 3366 924 re
3384 876 3525 946 scripta

2036 979 2138 1033 est,
2165 970 2290 1025 item
2322 970 2373 1023 in
2400 966 2594 1023 litteris
2616 980 2749 1036 quas
2768 964 2993 1034 collega:
3015 963 3172 1018 nostri
3192 963 3254 1018 ad
3274 964 3498 1038 episcopos
3512 984 3526 1011 c

2039 1066 2093 1121 in
2121 1063 2365 1120 Numidia
2389 1060 2740 1131 praesidentes
2778 1069 2903 1114 ante
2932 1056 3168 1112 fecerunt
3195 1073 3211 1112 :
3251 1057 3387 1128 cujus
3403 1062 3536 1118 utrius.

2038 1177 2142 1234 que
2170 1158 2416 1230 epistolae
2438 1155 2685 1227 exempla
2722 1152 2955 1209 subdidi.

2109 1253 2175 1309 Il.
2193 1252 2452 1308 Addimns
2472 1252 2631 1323 plane
2643 1259 2698 1305 et
2721 1245 3090 1317 adiungimus,
3114 1242 3268 1300 frater
3281 1243 3535 1319 charissim,

2039 1363 2306 1404 consensu
2347 1355 2402 1402 et
2451 1344 2769 1400 auctoritate
2816 1337 3113 1405 communi,
3162 1347 3217 1392 ut
3256 1338 3397 1394 etiam
3425 1344 3535 1412 siqui

2039 1438 2339 1511 presbyteri
2382 1446 2477 1492 aut
2512 1434 2746 1500 diaconi,
2781 1432 2873 1503 qui
2904 1430 2991 1486 vel
3020 1428 3075 1483 in
3098 1428 3322 1485 Ecclesia
3347 1433 3536 1491 catholica

349 1534 589 1600 deretur,
628 1532 913 1601 quominus
950 1546 1045 1600 per
1074 1532 1252 1587 omnia
1292 1532 1461 1587 divini
1490 1533 1747 1604 praecepti
1775 1543 1939 1605 atque
1967 1526 2014 1602 Β
2042 1533 2192 1604 prius
2233 1529 2467 1586 ordinati
2511 1529 2736 1592 fuerint,
2780 1536 2838 1583 et
2866 1519 3207 1596 postmodum
3236 1521 3404 1593 perfidi
3424 1540 3544 1585 aere-

1575 1647 1956 1707 LECTIONES

412 1750 441 1778 ⁸
472 1746 626 1799 Natus
648 1747 798 1798 fuerit
823 1749 953 1799 Lam.
978 1748 1123 1799 Ebur.
1149 1749 1256 1801 ΝΟ.
1286 1750 1334 1799 1.

411 1810 443 1849 1»
475 1810 729 1873 Evangelii
750 1811 870 1873 lege
896 1813 1031 1862 Lam.
1056 1808 1198 1863 Ebur.
1230 1816 1274 1863 Ν
1283 1812 1337 1862 ο.
1365 1812 1411 1860 1.

1992 1649 2081 1707 VA
2090 1647 2405 1706 RIANTES.

2102 1751 2127 1781 °
2165 1747 2489 1811 Coepiscopos

2040 1812 2065 1862 1
2102 1751 2148 1860 02
2165 1747 2489 1862 Cispiscopos
2526 1748 2575 1797 in
2611 1744 2836 1797 Numidia
2876 1745 3015 1795 Lam.
3040 1741 3187 1795 Ebur.
3215 1743 3327 1794 Bad.
3351 1745 3390 1804 l,
3422 1744 3459 1807 9.,
3480 1747 3547 1798 ιε.

2074 1846 2090 1871 9
2118 1846 2167 1870 ιι,
2196 1846 2305 1862 μου..

1705 1894 2066 1953 VARIORUM
2103 1893 2335 1952 NOTE.

352 2014 713 2081 meminerim,
736 2013 976 2077 adduxit,
1006 2012 1404 2083 intelligendam
1424 2028 1545 2068 esse
1565 2012 1769 2075 verbis,
1800 2021 1947 2065 utro—

391 2103 452 2141 ue
504 2088 859 2153 Sacramenta,
889 2101 994 2139 non
1049 2100 1239 2154 aquam
1297 2085 1552 2155 Baptismi
1603 2094 1658 2139 et
1714 2083 1948 2154 Spiritus

376 2158 543 2215 Sancti
564 2159 785 2227 gratiam
854 2157 905 2211 in
964 2171 1030 2211 co
1079 2156 1351 2222 collatam,
1402 2171 1576 2223 neque
1605 2156 1947 2223 Baptismum

353 2226 654 2300 manusque
701 2228 1092 2298 impositionem
1115 2230 1191 2300 fin
1209 2228 1593 2300 paenitentiam,
1642 2227 1812 2300 multo
1830 2226 1949 2300 Διιιὶτ

353 2315 458 2357 nus
508 2297 836 2367 Baptismum
880 2308 1040 2367 atque
1092 2298 1520 2365 Eucharistiam,
1577 2298 1669 2353 sed
1694 2297 1950 2368 Baptismi

355 2381 412 2429 et
465 2370 898 2427 Confirmatiouis
969 2381 1321 2425 sacramenta.
1389 2370 1571 2440 Neque
1639 2370 1815 2440 aliter,
1852 2383 1950 2424 ex-

354 2453 644 2517 ponentem
703 2447 845 2517 hunc
893 2450 968 2517 et_
1006 2442 1313 2517 consimiles
1355 2439 1513 2517 locos
1557 2442 1730 2517 etiam
1775 2439 1953 2517 Mara-

356 2508 486 2571 itum
562 2513 718 2569 video
792 2513 843 2567 in
930 2510 1237 2584 Prwfatione
1299 2512 1366 2584 ad
1425 2513 1487 2568 S.
1544 2512 1790 2583 Cypriani
1847 2508 1948 2581 0p.

354 2603 413 2671 p:
468 2589 574 2641 xvu
595 2594 650 2639 et
698 2600 859 2671 xvttt,
884 2594 938 2666 et
965 2583 1012 2671 si
1048 2583 1317 2671 egistimet
1345 2583 1389 2671 is
1451 2585 1702 2671 quidem,
1746 2593 1950 2671 pptrem

355 2653 505 2713 illum
553 2672 658 2711 non
717 2656 1007 2711 uescivisse
1067 2654 1429 2725 Stephanum,
1472 2653 1527 2709 et
1592 2656 1680 2725 qui
1749 2655 1817 2709 ab
1858 2653 1952 2708 illo

359 2730 594 2794 stabant,
649 2729 716 2783 de
769 2742 1018 2781 manuum
1068 2726 1408 2793 impositione
1452 2726 1505 2780 in
1546 2725 1948 2796 paenitentiam,

357 2799 627 2856 haereticis
701 2800 921 2853 omnino
988 2797 1290 2853 necessaria
1340 2799 1404 2853 ad
1483 2797 1739 2868 Spiritum
1823 2812 1950 2850 san-

358 2882 502 2925 ctum
545 2869 947 2939 accipiendum,
1003 2884 1109 2922 non
1161 2868 1230 2923 de
1277 2878 1613 2924 sacramento
1664 2867 1953 2939 Confirma-

2054 2022 2110 2067 to
2162 2021 2286 2082 post
2329 2011 2577 2083 eumdem
2618 2010 2959 2083 Cyprianum
3002 2006 3264 2083 Quintus,
3309 2005 3555 2065 Mauritania

2052 2078 2360 2151 episcOpus,
2382 2082 2572 2139 eadem
2596 2078 2747 2138 dere
2762 2078 3062 2152 consuluit,
3093 2079 3378 2148 notariique
3393 2095 3481 2140 eos.
3499 2085 3557 2152 qui

2055 2156 2344 2211 redeuntes
2374 2155 2659 2211 haereticos
2698 2168 2806 2208 non
2840 2151 3192 2221 baptizabant
3213 2192 3229 2214 ,
3252 2166 3426 2204 morem
3449 2151 3555 2208 suum

2057 2227 2156 2297 hac
2177 2226 2372 2297 duplici
2387 2228 2597 2281 ratione
2622 2226 2832 2290 fulcire,
2850 2221 2998 2297 quod
3019 2223 3264 2276 nimirum
3284 2222 3433 2275 dicunt
3451 2240 3557 2280 una

2056 2294 2322 2368 Baptisina
2348 2315 2472 2361 esse,
2518 2307 2569 2352 et
2604 2313 2710 2351 sese
2744 2298 2797 2368 in
2836 2294 2942 2368 [ioc
2982 2303 3196 2368 veterem
3216 2297 3555 2368 consuetudinea

2056 2364 2216 2439 sequi.
2244 2370 2378 2425 Tum
2408 2366 2799 2442 Cypriannsad
2821 2365 3090 2434 Quintum
3110 2364 3249 2442 misit
3262 2366 3496 2442 epistolam
3515 2368 3555 2422 ad

2057 2434 2313 2497 Numidas
2348 2434 2636 2513 scriptam,
2681 2439 2838 2513 eique
2869 2451 3071 2490 novant
3111 2436 3315 2513 adjecit.
3341 2434 3556 2513 Utramque

2057 2529 2186 2567 vero
2219 2509 2493 2582 Stephano
2531 2510 2842 2582 mittendam
2884 2523 3013 2582 esse
3050 2509 3273 2563 concilio
3309 2510 3453 2582 visunt
3487 2509 3556 2576 est,

2055 2585 2196 2655 quod
2225 2579 2463 2639 habitum
2494 2585 2591 2639 fttit
2618 2599 2738 2638 cum
2765 2580 3075 2653 Cyprianus
3095 2597 3261 2655 nuper
3290 2579 3357 2655 ad_
3372 2580 3556 2655 Quintum

2055 2649 2382 2725 scripsisset.
2421 2649 2825 2712 Desiderabant'
2849 2649 3018 2708 certe
3077 2651 3210 2725 Afri.
3240 2662 3291 2725 ut
3328 2649 3555 2724 Stephanus

2054 2723 2268 2783 celebre
2291 2728 2421 2784 illud
2443 2727 2717 2783 decretum
2745 2726 2990 2779 firmaret
3015 2723 3159 2793 quod
3183 2723 3397 2792 epistolae
3410 2723 3464 2779 ad
3485 2725 3557 2780 Nu-

2054 2797 2228 2854 midas
2256 2803 2601 2856 inseruerunt
2633 2818 2647 2853 :
2673 2795 3035 2869 Baptizandus
3056 2805 3130 2848 est
3158 2804 3203 2849 et
3224 2795 3490 2851 innocentius
3502 2799 3557 2869 qui

2053 2873 2123 2925 ad
2152 2870 2433 2926 Ecclesium
2461 2870 2605 2925 rudis
2634 2868 2790 2935 venit,
2822 2877 2875 2921 ut
2902 2868 3044 2921 intus
3081 2884 3170 2937 per
3187 2880 3369 2923 sanctos
3388 2868 3554 2937 sanctiﬁ-

361 2942 545 3005 tionis,
573 2935 810 3004 locutos;
847 2938 985 3013 haud
1016 2941 1159 2994 enim
1195 2954 1516 3009 repugnare,
1548 2950 1607 3013 ut
1650 2938 1948 3013 Cyprianus
1973 2935 2019 2999 C
2053 2954 2215 2999 cetur.
2246 2943 2314 2999 At
2342 2943 2574 3013 probare
2600 2955 2707 2997 non
2734 2939 2911 3013 potuit
2944 2937 2993 2992 is
3022 2935 3285 3013 pontifex,
3313 2941 3433 3013 quod
3466 2935 3550 3009 πρὸ·

358 3028 489 3068 ansa
510 3014 577 3067 ab
596 3012 917 3067 adversariis
932 3022 1152 3078 accepta
1170 3021 1560 3065 sacramentum
1575 3011 1949 3067 Confirmatio-

360 3086 447 3139 nis
473 3085 770 3139 iterandum
802 3098 923 3138 esse
951 3091 1230 3147 statueret,
1254 3082 1642 3152 quamvisillud
1662 3082 1729 3137 :tb
1756 3082 1947 3136 iisdem

360 3156 542 3212 iterari
594 3155 813 3210 minime
840 3154 1224 3216 suspicaretur,
1269 3153 1365 3208 sed
1409 3168 1502 3208 eos
1552 3155 1714 3209 sciret
1759 3167 1949 3208 manus

361 3226 860 3299 impositionemiin
918 3225 1285 3299 paenitentiam
1345 3236 1546 3279 tantum
1593 3224 1948 3299 intellexisse,

364 3295 524 3369 quam
553 3299 617 3351 ad
649 3298 905 3367 Spiritum
933 3295 1322 3369 conferendum
1340 3296 1696 3369 necessariam
1728 3305 1953 3369 putave-

362 3365 494 3426 rint.
519 3365 729 3424 Videsis
752 3380 926 3422 tamen
950 3382 1068 3436 qua:
1095 3365 1232 3420 infra
1261 3367 1327 3422 ad
1352 3368 1511 3422 modo
1539 3368 1740 3422 dictum
1759 3366 1952 3421 Neme-

362 3441 499 3495 siani
549 3439 861 3508 suffragium
884 3439 940 3492 itt
970 3439 1165 3492 concil.
1197 3453 1288 3492 vn.
1316 3454 1368 3509 p.
1404 3440 1495 3501 95,
1546 3440 1836 3494 aunotabo.
1888 3438 1955 3491 Et

363 3512 610 3566 coMeras
635 3526 752 3578 qutc
782 3510 846 3564 ad
875 3508 1180 3578 sull'ragium
1208 3508 1451 3564 octavum
1477 3510 1716 3579 ejusdem
1737 3509 1952 3565 concilii

366 3597 492 3637 mox
541 3580 810 3635 dicuntur.
844 3579 939 3634 Hic
985 3594 1113 3633 vero
1150 3583 1383 3636 maxime
1433 3581 1632 3635 idCll‘CO
1687 3580 1952 3634 mouenda

365 3652 486 3708 haec
514 3651 676 3718 duxi,
717 3652 857 3721 quod
883 3652 950 3706 de
1002 3651 1273 3721 Baptisuto
1309 3660 1363 3705 et
1390 3651 1723 3706 Eucharistia
1777 3653 1952 3706 locum

367 3725 545 3778 minus
571 3735 715 3778 recte
731 3732 1052 3792 exposuerat
1076 3723 1328 3790 Anglicus
1353 3723 1638 3792 interpres.
1669 3724 1879 3778 Roma.

442 3794 687 3849 Renatus.
704 3795 940 3863 Quatuor
952 3795 1153 3863 antiqui
1167 3795 1381 3849 codices
1395 3793 1593 3847 habent
1604 3795 1769 3848 denuo
1782 3805 1951 3849 natus.

371 3865 502 3933 Quae
542 3867 699 3922 lectio
741 3882 845 3919 non
885 3866 1155 3934 displicet,
1194 3880 1315 3918 cum
1361 3879 1465 3918 vox
1503 3864 1669 3918 denuo
1696 3876 1872 3920 exstet
1900 3868 1954 3920 in

368 3937 543 4006 capite
590 3938 746 3992 tertio
792 3937 1064 4007 Evangelii
1092 3936 1383 4007 secundum
1411 3935 1696 4002 Joannem,
1743 3951 1808 3990 ex
1848 3951 1956 4007 quo

366 4005 520 4064 loeus
550 4008 653 4065 iste
683 4011 874 4078 petitus
901 4005 1003 4064 est.
1035 4007 1139 4063 Sed
1173 4016 1299 4075 puto
1332 4005 1689 4079 Cyprianum,
1721 4009 1809 4076 qui
1851 4005 1953 4061 alia

369 4079 617 4135 versione
663 4082 912 4134 utebatur
949 4094 1106 4149 quam
1151 4079 1359 4148 vulgata
1413 4088 1625 4144 nostra,
1675 4079 1956 4147 scripsisse

368 4162 593 4207 renatus.
632 4152 918 4207 BALUZIUS.
938 4148 1009 4190 4—
1036 4148 1206 4204 Natus
1230 4162 1338 4204 tres
1369 4150 1554 4218 scripti
1594 4150 1645 4203 in
1671 4151 1754 4203 ed.
1782 4149 1952 4206 Oxon.

369 4226 695 4289 memorati,
746 4232 801 4277 et
854 4221 1008 4276 editio
1051 4219 1305 4293 Cypriani
1360 4222 1637 4347 princeﬁs,
1699 4220 1951 4276 Romana.

1584 4308 1741 4347 ouru.

1584 4308 1741 4348 OUTB.

440 4364 513 4421 Et
535 4367 737 4438 spiritu.
780 4363 839 4438 In
886 4381 986 4421 ms.
1015 4364 1168 4420 Colh.
1198 4363 1286 4419 hic
1310 4363 1737 4438 additur_sancto
1770 4379 1791 4419 :
1817 4364 1960 4436 quod

371 4435 573 4496 abesse
588 4438 783 4493 debere
809 4437 1076 4492 Pamelius
1104 4446 1251 4492 recte
1285 4436 1494 4506 prohat.
1528 4435 1608 4490 Eo
1632 4446 1809 4491 autem
1836 4435 1956 4491 ’Ac-

370 4523 519 4567 tuum
546 4509 961 4581 apostolicorum
1006 4509 1272 4576 exemplo,
1318 4522 1424 4581 quo
1471 4522 1613 4562 nunc
1664 4506 1960 4581 Cyprianus

367 4579 691 4638 sententiam
721 4596 871 4634 suam
896 4580 1080 4634 fulcire
1111 4581 1313 4644 nititur,
1341 4580 1652 4649 Anonymus
1679 4594 1709 4633 a
1730 4579 1960 4649 Rigaltio

372 4654 441 4709 ad
470 4655 673 4709 calcem
715 4666 937 4716 operum
964 4649 1282 4719 Tertulliani
1319 4648 1763 4719 edittts’apposite
1795 4648 1960 4706 utitur

372 4726 440 4779 ad
482 4740 602 4780 eam
654 4720 1054 4777 confutandam.
1084 4718 1213 4772 lude
1264 4719 1404 4790 e‘nitn
1435 4718 1668 4774 ostendit
1702 4721 1958 4790 Spiritum

370 4796 627 4852 Sanctum
656 4794 852 4863 percipi
883 4790 1120 4863 potuisse
1136 4790 1252 4842 sine
1281 4787 1724 4863 Baptismo,_sicut
1746 4787 1960 4861 Baptis-

376 4881 525 4923 mum
555 4860 673 4920 siue
697 4860 1135 4918 Confirntationis
1160 4869 1497 4913 sacramento
1516 4860 1763 4916 collatum
1796 4860 1961 4920 fuisse

372 4940 493 4994 aliis
525 4934 838 4993 eorumdem
878 4933 1107 4988 Actuum
1153 4931 1415 5001 exemplis
1452 4930 1787 4990 demonstrat
1820 4932 1960 4991 Cou-

372 5024 565 5065 STANT.

442 5082 525 5135 Ad
554 5079 819 5148 Quintum.
847 5073 1018 5148 Epist.
1051 5073 1424 5148 Lsxt._BALuz.

420 5194 421 5197 η
444 5153 526 5207 Ad
547 5144 896 5219 Episcoposin
921 5144 1184 5221 Numidia.
1196 5146 1300 5221 Est
1326 5162 1391 5203 ea
1433 5148 1654 5219 epistola
1678 5149 1956 5221 synodica,

378 5239 497 5297 quas
520 5222 700 5279 statim
717 5228 843 5297 ante
871 5220 1038 5288 posita
1066 5229 1166 5297 est.
1192 5219 1400 5274 Rourn.

447 5297 614 5366 Porro
644 5289 868 5366 cpistola
909 5290 1240 5366 uxxscripla
1290 5302 1374 5345 est
1412 5293 1627 5366 nomine
1672 5292 1956 5366 Cypriani,

372 5365 661 5427 Liberalis,
696 5359 940 5416 Caldonii
984 5359 1321 5432 aliorumque
1368 5363 1459 5433 qui
1491 5364 1542 5418 in
1571 5359 1802 5421 concilio
1828 5359 1959 5421 coné

371 5438 577 5511 gregati
602 5436 808 5511 litteras
834 5433 1071 5511 legerant
1113 5434 1188 5511 ab_
1209 5433 1507 5490 octodecim
1532 5435 1801 5511 Numidiae
1825 5439 1958 5511 epi-

374 5500 555 5579 scopis
582 5500 793 5579 missas,
813 5500 1005 5579 quibus
1027 5502 1328 5579 Cyprianus
1341 5523 1406 5579 ac
1434 5508 1564 5561 socii
1596 5500 1957 5563 consuleban-

372 5575 556 5636 tur—de
582 5578 644 5632 iis
678 5575 766 5646 qui
785 5576 933 5650 apud
951 5575 1213 5631 hcereticos
1242 5586 1288 5629 et
1308 5577 1673 5650 schismaticos
1718 5580 1962 5650 baptizati

374 5653 627 5716 uidentur,
666 5666 731 5702 an
775 5649 842 5700 ad
884 5646 1168 5703 Ecclesium
1192 5648 1538 5720 _catltolicam,
1574 5667 1685 5719 quia
1718 5646 1822 5705 una
1859 5663 1954 5720 est,

374 5724 624 5779 uenientes
653 5720 902 5791 baptizari
928 5720 1158 5775 debeant.
1190 5718 1489 5791 Rescripsit
1517 5718 1801 5777 concilium
1818 5763 1834 5789 ,
1870 5718 1958 5779 cui

372 5793 671 5872 Cyprianus
698 5789 949 5864 praeerat,
972 5806 1068 5851 eos
1094 5789 1444 5860 baptizandus
1463 5805 1602 5848 esse.
1637 5792 1790 5852 Haud
1816 5796 1959 5851 mul-

2051 3016 2255 3070 stolicae
2299 3011 2575 3070 traditioni
2607 3011 2939 3068 contrarium
2968 3020 3122 3064 certo
3150 3011 3353 3067 sciebat.
3381 3012 3547 3080 Quapro-

2053 3095 2172 3155 pter
2196 3085 2784 3155 concilio_congregato
2829 3094 2885 3137 et
2925 3081 3138 3155 litteras
3173 3082 3265 3137 sibi
3293 3084 3453 3139 missas
3469 3099 3550 3139 om.

2053 3151 2262 3218 iutavit,
2293 3169 2348 3213 et
2371 3151 2595 3212 decreto
2624 3151 2733 3210 illis
2763 3157 2973 3212 inserto
3013 3151 3153 3209 hanc
3191 3157 3410 3223 opposuit
3427 3154 3554 3210 ἀεῆιιὶ-

2054 3231 2252 3283 tionem
2287 3245 2300 3281 :
2328 3227 2391 3283 Si
2418 3228 2531 3298 quis
2566 3243 2686 3298 ergo
2714 3245 2745 3281 ει
2770 3242 3108 3298 quacumque
3128 3225 3296 3280 lttzresi
3338 3228 3484 3281 uenerit
3510 3230 3552 3281 at

2052 3317 2167 3367 nos,
2205 3300 2333 3354 nihil
2358 3295 2649 3361 innovetur',
2680 3299 2780 3351 nisi
2810 3299 2956 3366 quod
2992 3295 3233 3351 traditum
3254 3307 3339 3363 est,
3368 3309 3411 3351 ut
3430 3315 3552 3352 manu

2052 3372 2133 3426 illi
2159 3372 2451 3440 imponatur
2467 3372 2521 3423 in
2543 3370 2908 3440 paenitentiam.
2930 3370 3009 3425 Ex
3036 3368 3135 3422 hac
3158 3369 3550 3440 hrcviexpositioue

2056 3438 2366 3513 intelligitur
2391 3441 2519 3512 quid
2549 3442 2651 3496 sibi
2679 3439 2806 3513 velit
2831 3438 3144 3513 Stephanus
3170 3439 3247 3494 his
3273 3443 3444 3495 verbis:
3465 3441 3550 3494 nihil

2054 3510 2339 3567 innovatur.
2374 3510 2625 3568 Dixeram
2656 3512 2851 3581 quippe
2893 3510 3050 3567 Afri:
3085 3510 3400 3582 Baptizandus
3437 3523 3491 3566 cst
3521 3522 3549 3564 α

2055 3584 2395 3640 innovandus.
2436 3582 2571 3639 Cum
2616 3584 2776 3654 igitur
2831 3583 3146 3653 Stephanus
3187 3583 3264 3638 his
3311 3585 3551 3638 contrariam

2057 3656 2277 3711 edicens
2307 3657 2626 3711 sententiam
2646 3653 2744 3717 ait,
2764 3656 2894 3708 nihil
2909 3657 3198 3717 innovatur.
3224 3653 3551 3709 subaudiendum

2057 3739 2164 3791 est,
2185 3728 2322 3781 circa
2349 3726 2689 3797 Baptismum.
2718 3727 2813 3781 sed
2844 3737 3100 3797 teneatur
3145 3741 3206 3797 ac
3234 3738 3431 3781 servetur
3453 3726 3550 3794 quod

2059 3799 2301 3853 traditum
2326 3796 2437 3854 est.
2455 3797 2584 3853 Inde
2608 3797 2769 3852 etiam
2794 3796 3117 3866 percipitur,
3140 3796 3477 3866 diSputatiooem
3491 3797 3540 3850 de

2058 3869 2334 3937 Baptismo
2358 3869 2731 3924 haereticorum
2755 3869 2807 3923 in
2838 3868 3089 3923 Numidia
3105 3870 3354 3923 excitatam
3373 3867 3532 3935 primunt

2058 3939 2309 4013 Cypriani
2356 3956 2421 3995 ac
2459 3941 2725 3996 sociorum
2758 3949 2983 4007 statuto,
3034 3949 3195 4013 atque
3243 3939 3325 4013 hoc
3356 3946 3539 4013 statutum

2058 4010 2252 4083 deinde
2280 4013 2685 4075 controversiae,
2708 4027 2826 4081 qua:
2855 4022 3139 4083 tantopere
3163 4011 3428 4083 Stephanum
3441 4010 3546 4083 inter

2059 4097 2123 4139 ac
2158 4082 2487 4154 Cyprianum
2518 4079 2752 4149 exat-sit,
2796 4079 3026 4138 causam
3068 4092 3124 4138 et
3148 4079 3374 4151 originem
3393 4079 3550 4134 dedisse

3163 4156 3421 4210 Cousrssr.

2131 4229 2194 4284 ll.
2211 4228 2392 4281 ——Aut
2405 4227 2558 4282 etiam
2570 4226 2614 4281 si
2626 4226 2731 4292 qui,
2753 4235 2856 4280 etc.
2878 4225 3108 4282 Nitidior
3121 4226 3264 4281 ﬁeret
3275 4225 3433 4285 oratio,
3444 4223 3477 4275 si
3492 4222 3551 4274 hic

2062 4299 2322 4369 particula
2353 4306 2708 4369 utextiuncta,
2730 4297 3001 4369 legeretur
3018 4300 3169 4351 etiam
3194 4298 3236 4351 si
3256 4297 3329 4365 qui
3346 4292 3551 4369 presbyteri

2063 4364 2152 4426 aut
2195 4371 2396 4425 diaconi
2426 4370 2501 4424 vel
2540 4371 2593 4422 in
2615 4364 2865 4439 Ecclesia,
2898 4384 3187 4439 suppresso
3220 4364 3443 4438 pustretno
3475 4364 3550 4439 qui.

2067 4443 2124 4499 In
2156 4456 2263 4497 uno
2303 4456 2405 4496 ms.
2441 4441 2739 4497 recentiore
2760 4438 2910 4494 Colh.
2964 4435 3188 4495 habetur
3218 4435 3299 4492 aut
3327 4435 3553 4491 diaconivel

2062 4516 2231 4571 clerici
2258 4522 2313 4569 in
2347 4510 2579 4567 Ecclesia
2602 4528 2620 4565 :
2647 4511 2738 4565 sed
2768 4511 2924 4579 hujus
2949 4511 3152 4566 codicis
3177 4511 3310 4581 plura
3335 4509 3443 4572 loca,
3462 4506 3550 4560 alibi

2063 4595 2250 4656 aperte
2280 4583 2560 4656 vitiata,iei
2582 4581 2872 4656 detrahunt
2891 4580 3273 4656 auctoritatem.
3295 4580 3402 4656 Ejus
3426 4590 3551 4656 tantes

2063 4649 2279 4714 lectioni
2312 4655 2456 4710 favet
2477 4655 2824 4728 innocentius
2844 4650 2892 4720 l,
2922 4656 3081 4728 epist.
3104 4669 3190 4728 svr
3212 4654 3271 4728 ad
3294 4649 3547 4728 Macedonas,

2063 4746 2119 4785 ιι.
2152 4732 2207 4793 8,
2241 4728 2328 4781 ubi
2358 4727 2426 4782 de
2456 4725 2541 4793 iis,
2573 4727 2662 4795 qui
2693 4725 2761 4780 ab
2798 4721 3063 4797 ltteret'icis
3103 4723 3328 4797 baptizati
3359 4721 3545 4797 ordimu-

2061 4816 2168 4871 que
2187 4791 2251 4855 ad
2274 4791 3189 4871 Ecclesiamtranseuntmiulvosum
3209 4797 3282 4849 lex
3297 4806 3359 4847 est

2063 4863 2147 4927 liis
2193 4888 2283 4944 per
2308 4886 2514 4944 _ntanus
2564 4869 2956 4944 impositionem,
2978 4868 3164 4944 laicaut
3186 4876 3359 4944 tantum
3393 4863 3548 4944 tribucre

2063 4931 2464 5000 communionem
2488 4981 2504 5005 ,
2545 4931 2648 4994 nex'
2681 4956 2744 4994 ea:
2769 4940 2846 4993 his
2886 4931 3101 5007 aliquem
3145 4940 3195 4993 in
3235 4936 3457 5007 clericatus
3486 4931 3549 5007 lto-

2062 5031 2237 5070 norem
2288 5012 2365 5067 uel
2412 5000 2649 5083 exiguum
2684 5000 2979 5081 subrogare:
2999 5008 3109 5065 Eos
3151 5019 3310 5064 autem
3331 5004 3455 5083 quia
3477 5000 3548 5055 (Ic-

2062 5087 2253 5141 tltolica
2288 5085 2356 5138 ad
2399 5077 2628 5137 liter'esim
2672 5077 3002 5154 transierunt,
3049 5090 3288 5154 praeterea
3303 5077 3443 5154 docet
3476 5087 3547 5125 nos

2062 5159 2211 5213 aliter
2235 5164 2465 5228 oportere
2487 5155 2584 5228 nisi
2610 5169 2699 5228 per
2727 5148 3069 5228 paenitentiam
3085 5152 3274 5221 suscipi.
3302 5148 3413 5228 Tum
3435 5158 3543 5228 n‘utn.

2062 5230 2097 5285 9
2128 5215 2412 5294 utrumque
2434 5226 2582 5295 ponit
2609 5215 2749 5279 inter
2785 5227 2986 5293 regulas
3012 5215 3344 5295 agerentquas
3363 5217 3417 5269 ab
3440 5215 3544 5282 Apo-

2062 5300 2206 5355 stolis
2231 5300 2307 5353 uel
2329 5291 2635 5366 Apostolicis
2659 5296 2780 5349 viris
2809 5291 3017 5350 traditas
3041 5293 3249 5366 Ecclesia
3275 5291 3465 5366 Romam
3477 5300 3542 5337 at-

2060 5371 2236 5426 stodit.
2293 5362 2501 5439 Quibus
2557 5382 2678 5439 cum
2743 5379 3152 5439 consentaneum
3196 5364 3259 5420 sit
3307 5362 3538 5439 subueniat

2062 5425 2551 5497 Africani~concilii
2593 5437 2890 5503 decretum,
2940 5437 3132 5491 ntirutu’
3150 5450 3246 5490 non
3283 5438 3354 5507 est
3388 5425 3488 5507 illud
3514 5438 3536 5475 θ

2062 5496 2334 5584 Stephano
2385 5512 2605 5584 mittitur.
2652 5508 2818 5584 fuisse
2865 5496 3259 5584 Acontradictum:
3312 5496 3535 5584 Nottyidc‘o

2064 5575 2239 5639 tanien
2291 5585 2393 5638 hoc
2438 5585 2488 5654 in
2539 5579 2777 5635 Ecclesia
2827 5575 3532 5654 oblittuit,_qu_ia_b-.ereti_coruut

2062 5655 2329 5712 ordinatio
2356 5653 2502 5708 nulla
2528 5659 2868 5716 censeretur;
2894 5651 2985 5706 sed
3010 5652 3125 5719 quia
3155 5648 3235 5703 Dei
3259 5648 3475 5719 ministros
3503 5650 3525 5687 δ

2058 5709 2477 5799 reprehensione
2505 5709 3040 5799 alienos_esse'atquc'
3070 5709 3521 5799 iututaculatos‘

2061 5785 2165 5858 πεῖ.
2194 5798 2454 5865 quocirca
2484 5791 2766 5865 siquando
2789 5809 2822 5850 a
2847 5785 3106 5850 communi
3127 5792 3230 5860 lege
3245 5785 3411 5852 excepti
3432 5785 3520 5835 $0M

1983 4331 2038 4392 D
