3742 6282
105 360 226 419 illi!)

1212 343 1521 403 (JONCILIA
1562 341 2175 400 CARTIIAGINENSIA.

3172 336 3197 391 1
3208 335 3314 394 050

100 469 244 528 belles
259 471 428 522 contra
460 458 751 517 Ecclesium
778 457 1046 525 steterint,
1070 456 1155 513 vel
1185 458 1323 527 apud
1347 457 1628 514 haereticos
1655 460 1705 517 A
1734 455 1827 511 Dei
1874 454 2124 526 populum
2178 452 2383 509 hostilis
2432 449 2714 508 discordiae
2769 450 2951 506 lurore
2970 468 2977 477 ·
2999 450 3311 521 pugnasse?

100 579 122 619 a
152 554 583 632 pseudoepiscopis
608 561 661 608 et
686 550 1014 606 antichristis
1042 560 1228 606 contra
1258 550 1458 607 Christi
1511 551 1625 606 dis—

100 651 369 726 positionem
398 645 610 716 profana
640 644 976 699 ordinatione
1000 644 1230 713 promoti
1251 644 1380 710 sint,
1410 654 1465 699 et
1489 659 1627 699 con-

100 755 164 802 tra
187 742 333 799 altare
372 753 528 794 unum
570 746 728 808 atque
757 736 995 791 divinum
1033 736 1291 791 sacriﬁcia
1332 736 1461 791 foris
1490 736 1622 792 falsa

98 854 147 894 ac
165 834 391 903 sacrilega
417 830 605 886 oll‘erre
629 830 805 884 conati
838 829 965 895 sint,
993 843 1088 884 cos
1115 844 1328 899 quoque
1359 828 1458 884 hac
1486 844 1619 884 con-

97 930 258 987 ditione
289 936 312 963 ε
340 924 532 994 suscipi
561 938 683 979 eum
710 933 1075 987 revertuntur,
1120 933 1178 978 nt
1222 923 1625 979 communicent

99 1022 214 1083 laici.
234 1028 278 1076 et
303 1017 427 1072 satis
454 1015 707 1082 habeant,
740 1016 881 1088 quod
915 1015 1269 1071 admittuntur
1306 1016 1370 1069 ad
1414 1029 1620 1086 pacem,

99 1116 174 1187 qui
190 1114 342 1169 hostes
366 1110 507 1181 pacis
536 1111 865 1174 exstiterint;
891 1125 991 1165 nec
1010 1110 1210 1165 debere
1230 1124 1325 1164 eos
1349 1119 1624 1165 reverten-

96 1216 233 1262 tentes
266 1220 320 1262 ea
361 1202 499 1275 apud
547 1219 644 1259 nos
689 1203 1042 1258 ordinationis
1101 1211 1156 1258 et
1206 1202 1428 1257 honoris
1473 1217 1620 1257 arma

92 1299 293 1360 retinere,
334 1296 521 1368 quibus
574 1304 763 1351 contra
809 1311 906 1350 nos
934 1295 1328 1351 rebellaverint.
1392 1293 1616 1366 Oportet

97 1389 205 1445 enim
238 1387 524 1445 sacerdotes
552 1399 608 1443 et
635 1387 932 1454 ministros,
966 1387 1055 1457 qni
1082 1386 1236 1442 altari
1262 1396 1316 1442 et
1341 1385 1620 1442 sacriﬁciis

94 1481 362 1545 deserviunt,
402 1483 639 1551 integros
669 1490 828 1549 atque
872 1478 1238 1535 immaculatos
1287 1495 1407 1534 esse
1441 1498 1455 1533 :
1498 1494 1617 1535 cum

94 1573 297 1630 Dominus
322 1572 457 1628 Deus
493 1572 547 1627 in
590 1570 833 1628 Levitico
870 1571 1119 1643 loquatur
1154 1579 1209 1627 et
1239 1571 1380 1627 dicat
1412 1570 1619 1626 :Homo

91 1667 128 1719 is
147 1683 224 1737 quo
238 1666 378 1737 fuerit
402 1666 606 1720 macula
627 1674 675 1720 et
695 1664 890 1732 vitium,
920 1681 1022 1719 non
1050 1664 1253 1720 accedet
1271 1662 1456 1732 offerre
1483 1664 1619 1720 dona

92 1757 172 1813 Deo
190 1757 350 1830 (Leuit.
384 1774 496 1824 nt,
527 1756 662 1826 21);
708 1758 833 1812 item
866 1758 920 1812 in
951 1756 1140 1813 Exodo
1194 1756 1381 1813 eadem
1432 1757 1620 1828 praeci-

1727 546 1825 614 Qui
1880 547 1981 603 etsi
2040 547 2138 617 ipsi
2187 545 2524 617 postmodum
2577 544 2643 599 ad
2692 540 2989 599 Ecelesiam
3044 540 3306 607 redeunt,

1728 640 2009 696 restituere
2059 649 2238 695 tamen
2281 654 2375 695 eos
2404 647 2459 694 et
2503 651 2685 693 secum
2725 650 2979 691 revocare.
3020 650 3125 691 non
3187 648 3313 703 pos-

1727 741 1887 799 sunt,
1937 734 2023 804 qui
2074 734 2141 788 ab
2188 732 2266 789 eis
2312 732 2516 789 seducti
2568 741 2622 788 et
2671 729 2797 785 t‘oris
2843 737 3015 784 morte
3057 726 3314 798 praeventi

1726 834 1874 881 extra
1918 825 2214 881 Ecclesium
2269 828 2385 881 sine
2436 823 2921 881 communicatione
2962 833 3018 877 et
3062 835 3193 892 pace
3223 833 3316 889 pe-

1724 918 1979 973 rierunt:
2023 933 2249 989 quorum
2294 919 2486 972 anima:
2525 918 2576 971 in
2622 915 2709 971 die
2752 914 2937 985 judicii
2971 914 3039 970 de
3067 914 3311 984 ipsorum

1726 1012 1971 1068 manibus
1995 1023 2328 1081 expetantur,
2350 1014 2436 1083 qui
2459 1009 2773 1082 perditionis
2798 1021 3043 1065 auctores
3071 1016 3125 1064 et
3150 1005 3316 1062 duces

1726 1105 2137 1161 exstiterunLEt
2152 1105 2350 1161 idcirco
2367 1106 2495 1160 satis
2507 1114 2589 1160 est
2608 1104 2799 1160 talibus
2817 1100 3210 1159 revertentibus
3228 1114 3315 1155 ve-

1725 1198 1865 1253 niam
1882 1198 1994 1253 dari
2021 1217 2035 1253 :
2061 1198 2173 1253 Non
2187 1208 2360 1253 tamen
2380 1197 2535 1253 debet
2554 1197 2605 1252 in
2624 1196 2782 1251 domo
2800 1194 2918 1250 ﬁdei
2945 1192 3162 1265 perﬁdia
3186 1207 3311 1261 pro-

1722 1290 1947 1346 moveri.
1972 1289 2103 1345 Nam
2131 1289 2261 1360 quid
2287 1290 2439 1345 bonis
2463 1298 2516 1344 et
2543 1286 2915 1343 innocentibus
2939 1296 3097 1359 atque
3115 1285 3181 1339 ab
3207 1283 3313 1343 Ec-

1722 1380 1883 1437 clesia
1908 1397 2011 1437 non
2032 1382 2406 1438 recedentibus
2429 1395 2784 1447 reservamus,
2804 1379 2848 1434 si
2870 1392 2963 1434 eos
2986 1378 3073 1449 qui
3100 1392 3130 1433 a
3160 1375 3314 1432 nobis

1721 1475 2059 1537 recesserint,
2081 1485 2135 1530 et
2153 1485 2336 1531 contra
2354 1475 2642 1532 Ecclesium
2664 1473 2928 1539 steterint,
2955 1469 3313 1527 honoramus?

1793 1571 1878 1627 ΠΙ.
1926 1571 2049 1626 Illuc
2079 1570 2144 1626 ad
2170 1570 2554 1627 conscientiam
2587 1580 2754 1637 tuam,
2782 1564 2947 1622 frater
2973 1564 3309 1629 charissime,

1720 1673 1775 1720 et
1821 1680 1919 1734 pro
1949 1663 2155 1719 honore
2203 1664 2472 1719 communi
2514 1670 2569 1717 et
2618 1676 2716 1733 pro
2754 1660 2982 1732 simplici
3021 1658 3311 1715 dilectione

1719 1760 2054 1830 pertulimus,
2107 1757 2389 1813 credentes
2415 1758 2576 1812 etiam
2610 1757 2701 1811 tibi
2736 1771 2833 1838 pro
2853 1753 3123 1825 religionis
3150 1764 3252 1808 tua:
3279 1750 3308 1790 δ

92 1853 166 1922 piat
184 1860 228 1906 et
245 1851 410 1908 dicat:
450 1850 515 1906 Et
536 1849 828 1906 sacerdotes
862 1850 949 1921 qui
970 1849 1213 1905 accedunt
1238 1850 1306 1903 ad
1339 1847 1617 1909 Dominum
1646 1859 1694 1919 Β
1721 1861 1776 1907 et
1821 1851 1942 1907 ﬁdei
1995 1850 2219 1906 veritate
2246 1850 2483 1920 placere,
2514 1864 2633 1919 qna:
2658 1858 2713 1904 et
2756 1848 3003 1918 religiosa
3035 1845 3231 1915 pariter
3256 1851 3312 1898 et.

96 1944 228 2009 Deum,
264 1944 657 2013 sancti/icentur,
689 1960 753 1997 ne
779 1947 911 2014 forte
948 1943 1267 2013 derelinquat
1293 1943 1410 1997 illos
1440 1941 1617 1996 Domi-

92 2035 285 2091 unsDeus
305 2034 491 2110 (Exod.
521 2051 646 2100 six,
666 2033 739 2089 9.2
760 2032 817 2105 ):
862 2044 916 2089 et
949 2036 1138 2091 iterum
1169 2053 1181 2088 :
1208 2033 1277 2088 Et
1320 2051 1435 2089 cum
1479 2051 1619 2090 occe-

95 2130 179 2183 dunt
200 2127 462 2183 ministrare
493 2127 562 2182 ad
609 2126 774 2180 altore
819 2126 1022 2189 Sancti,
1068 2142 1169 2180 non
1199 2126 1453 2181 adducent
1492 2128 1543 2181 in
1567 2145 1620 2184 se

94 2219 287 2288 delictum,
313 2235 372 2273 ne
398 2221 686 2274 moriantur
714 2216 909 2291 (Exod.
942 2234 1133 2282 xxvttt,
1158 2219 1271 2289 45).
1342 2219 1491 2287 Quod
1524 2236 1620 2275 au-

95 2324 167 2368 tem
186 2315 331 2386 majus
358 2322 529 2386 potest
554 2329 680 2369 esse
708 2313 988 2376 delietnm,
1019 2320 1112 2367 aut
1136 2328 1255 2382 qum
1283 2313 1485 2368 macula
1526 2313 1621 2370 de-

98 2406 270 2474 formior,
307 2423 457 2479 quam
502 2407 767 2463 adversus
823 2405 1096 2461 Christum
1146 2407 1390 2472 stetisse,
1456 2422 1617 2478 quam

100 2498 315 2556 Eulosiam
357 2501 491 2572 ejus,
533 2515 701 2572 quam
738 2499 827 2554 ille
862 2499 1117 2570 sanguine
1171 2513 1271 2554 suo
1335 2499 1531 2570 paravit
1565 2510 1620 2557 et

109 2592 285 2659 condidit,
331 2593 643 2664 dissipasse,
693 2607 851 2661 quam
885 2591 1204 2662 evangelicae
1259 2592 1401 2660 pacis
1438 2607 1501 2648 ac
1537 2592 1619 2647 di-

110 2681 277 2743 lectionis
316 2686 560 2752 oblitum,
612 2696 804 2741 contra
850 2686 1153 2741 unanimem
1201 2694 1256 2740 et
1298 2687 1619 2744 concordem

1721 1962 1850 2001 vera
1871 1954 2014 2000 sunt.
2039 1944 2305 2000 Caeterum
2333 1945 2531 1999 scimus
2560 1942 2817 2014 quosdam
2846 1941 2989 2013 quod
3010 1940 3175 1996 semel
3210 1941 3308 1996 im-

1723 2037 1956 2101 biberint
1986 2038 2128 2092 nolle
2153 2037 2438 2109 deponere,
2472 2052 2570 2093 nec
2601 2036 2931 2107 propositum
2962 2049 3116 2089 suum
3145 2033 3302 2090 facile

1723 2143 1953 2200 mutare,
1999 2131 2093 2187 sed
2121 2133 2269 2187 salvo
2296 2132 2433 2186 inter
2472 2130 2707 2201 collegas
2747 2129 2894 2201 pacis
2919 2137 2976 2184 et
3000 2128 3305 2184 concordia:

1723 2225 1954 2288 vinculo,
1975 2224 2217 2295 quaedam
2236 2224 2449 2296 propria
2473 2239 2592 2295 qua:
2613 2221 2752 2293 apud
2772 2236 2831 2277 se
2851 2222 3016 2278 semel
3028 2221 3134 2276 sint
3148 2235 3307 2276 usur-

1726 2327 1845 2388 pata
1865 2317 2115 2373 retinere.
2130 2317 2242 2384 Qua
2268 2318 2320 2371 in
2348 2332 2405 2372 re
2422 2328 2443 2355 ο
2469 2330 2567 2371 uec
2583 2331 2677 2370 nos
2696 2315 2799 2370 vim
2817 2315 3062 2385 cuiquam
3089 2314 3310 2370 facimus

1724 2411 1997 2481 autlegem
2013 2409 2220 2475 damus,
2237 2426 2356 2465 cum
2379 2410 2570 2465 habeat
2585 2407 2611 2445 (ι
2628 2410 2678 2464 in
2699 2409 2953 2465 Ecclesiae
2967 2408 3308 2464 administra-

1726 2504 1871 2560 tione
1894 2504 2182 2559 voluntatis
2209 2519 2321 2559 sure
2348 2503 2626 2559 arbitrium
2643 2502 2867 2558 liberum
2887 2518 3022 2559 unus
3041 2503 3265 2573 quisque
3283 2510 3307 2538 ε

1722 2597 2059 2668 przepositus,
2087 2596 2347 2651 rationem
2397 2606 2546 2651 actus
2582 2597 2663 2653 sui
2698 2597 2923 2651 Domino
2952 2594 3304 2651 redditurus.

1727 2688 1747 2728 τ
1771 2690 2027 2758 Optamus
2059 2701 2131 2757 te,
2159 2689 2324 2746 frater
2348 2690 2683 2757 charissime,
2703 2704 2915 2760 semper
2945 2689 3081 2744 bene
3107 2688 3305 2742 valere.

1248 2777 1628 2838 LECTIUNES
1658 2779 2067 2839 VARIAN'I‘ES.

164 2869 183 2898 ⁸
202 2870 450 2925 lodessione
471 2881 524 2924 et
543 2872 832 2924 conditione
858 2872 989 2923 Lam.
1017 2870 1161 2923 Ebur.
1190 2872 1318 2924 Bod.
1344 2870 1392 2923 2.
1422 2873 1529 2924 ΝΟ.
1566 2875 1609 2923 1.

166 2929 398 3005 ξξίριὶεὶοιιθ
420 2942 502 2987 tua
528 2934 837 3005 Languor.
866 2934 992 2987 Bod.
1017 2935 1067 2983 2.

164 2997 178 3024 ‘
198 2995 319 3055 0min
341 3013 395 3051 re
417 3013 514 3050 non
539 3001 645 3050 vim
671 2995 871 3049 Hieron.

1783 2878 1811 2952 ξ
1846 2877 1973 2952 Quin
1997 2877 2178 2952 habeat
2200 2876 2407 2952 illioram.

1786 2942 1811 2971 ε
1848 2940 2192 3003 Unusquisque
2217 2942 2304 2990 tibi
2328 2941 2527 2992 Hieron.

1784 3000 1807 3039 τ
1836 3003 1964 3068 Opto
1996 3004 2188 3069 Aliquot
2211 3018 2325 3056 mss.

1340 3107 1699 3166 VARIORUM
1735 3109 1964 3166 ΝΟΤίΕ.

111 3223 290 3289 nonnulli,
319 3238 434 3296 puta
459 3225 751 3284 Novatiani
780 3223 1001 3296 Nicaeae
1041 3238 1245 3296 canone
1269 3224 1325 3287 8,
1359 3234 1414 3278 nt
1440 3225 1601 3279 lnno-
1629 3225 1674 3288 C

108 3297 243 3368 tentias
267 3292 535 3355 inlaudata
564 3297 822 3368 epistola,
851 3292 1358 3368 n.ll0,gfatetnr,Aae
1378 3297 1603 3351 subinde

109 3362 311 3424 Donatista:
349 3381 437 3427 aut
480 3362 620 3427 τιΙίἰέ
658 3379 715 3423 ιιι
769 3362 889 3436 pust
912 3362 1157 3421 reditum
1189 3365 1601 3430 ordinarentur,

105 3450 285 3514 nusquam
302 3453 375 3498 est
396 3450 751 3514 prmceptnm.
778 3440 945 3494 Immo
961 3436 1093 3490 Cod.
1126 3439 1403 3514 can.eeel.
1436 3440 1598 3514 Al'rie.

104 3520 133 3559 c.
153 3508 218 3571 lli,
248 3508 635 3569 "ordinationes
674 3526 778 3566 non
806 3518 1146 3579 secusatuue
1186 3511 1604 3579 rebaptizationes

102 3579 385 3643 prohibentur.
413 3587 717 3643 COUSTANT‘
754 3583 820 3638 Et
849 3582 895 3636 si
926 3578 1112 3637 vitiosa
1135 3592 1217 3636 est
1242 3578 1431 3647 oratio,
1465 3592 1596 3637 ut...

101 3662 154 3728 {08
175 3667 365 3728 quoque,
408 3660 579 3728 ipsam
631 3654 1246 3728 sollicitandattt_tanrett
1281 3652 1419 3707 haud
1451 3664 1598 3724 puto.

102 3716 470 3797 Poni_'tnr'interéa
494 3728 633 3797 siquli
664 3742 759 3795 pro
783 3726 983 3796 quique.
1033 3725 1249 3781 Rourn.

142 3790 348 3852 Divinum.
403 3790 711 3857 Tres-libri
761 3790 968 3853 veteres
1023 3800 1218 3853 habent
1256 3796 1595 3852 individuum.

1132 3869 1418 3925 BALUZIUS.

143 3933 440 3997 Ordinationis
468 3954 515 3999 et
559 3941 767 3996 honoris
814 3958 978 3995 arma.
1033 3942 1186 3995 Arma
1232 3951 1348 3992 sunt
1405 3943 1596 3993 instru-

243 4014 490 4083 cujnslibet
537 4014 655 4080 rei,
711 4013 881 4083 inquit
927 4013 1145 4068 Servius
1199 4012 1273 4084 ad
1298 4026 1335 4065 ιι
1381 4012 1595 4084 IEneid.

97 4071 416 4154 llicvero'sunt
453 4071 681 4154 insignia
710 4071 820 4154 sive
863 4096 1193 4139 ornamenta.
1245 4082 1601 4150 Quemadmo-

96 4144 242 4229 domet
266 4155 509 4229 Homerus
538 4144 691 4220 dixit,
727 4152 956 4229 exutae.»
977 4155 1031 4212 δὲ
1051 4144 1289 4229 γυναῖκεὲ
1303 4195 1318 4218 ,
1345 4163 1396 4206 et
1430 4156 1478 4206 in
1501 4154 1599 4229 ριί-

93 4222 167 4283 Diis
183 4222 431 4283 illustrium
454 4228 691 4283 virorum
723 4226 974 4297 descripti
993 4222 1166 4281 vultus
1192 4239 1446 4297 expresso
1466 4224 1598 4297 tho-

95 4301 190 4370 φξβ.
213 4296 347 4371 Arma
374 4301 518 4358 lucis,
547 4298 681 4354 ὅπλα
710 4295 982 4371 φωτὸςξειι]
1013 4298 1169 4352 Rtllll.
1196 4312 1312 4371 Χιιι,
1338 4295 1425 4348 19..
1446 4296 1595 4371 Sitit].

93 4366 182 4443 (“ita
196 4370 401 4438 φωτός.ὁ
444 4366 836 4443 ἀπόστολοὲχαὶ
872 4378 971 4425 τῶν
992 4373 1193 4443 ἀρετῶγ
1222 4370 1476 4443 ἐργασίαι.
1509 4366 1602 4419 Ih-

92 4441 597 4509 ﬁ-‘lt.r.\tetlttfet°;is
617 4457 734 4508 qua:
760 4440 923 4495 habes
939 4442 1005 4495 ad
1024 4444 1141 4507 (lin.
1166 4440 1218 4499 6,
1237 4440 1356 4509 pag.
1374 4453 1599 4505 sequen-

92 4500 169 4583 [islo
193 4505 321 4583 Quod,
340 4522 503 4565 autem
535 4500 704 4583 majus
735 4522 896 4580 potest
925 4500 1037 4567 esse
1056 4500 1389 4566 delicto-nt:
1424 4500 1599 4563 lurore

92 4580 327 4639 Pugnasse?
355 4583 559 4639 Rouru.

161 4662 187 4697 η
211 4649 340 4724 domo
367 4655 503 4722 fidei.
556 4654 614 4709 In
644 4652 880 4709 Ecclesia
929 4656 1045 4717 Dei,
1089 4670 1205 4724 quae
1231 4661 1313 4707 est
1360 4651 1592 4707 ﬁdelium

93 4721 393 4793 ιηὲίφυηιιθ
435 4735 491 4781 et
537 4728 796 4779 domestici
828 4726 980 4793 ﬁdei.
1009 4721 1180 4782 οἰκεῖοι
1222 4733 1307 4787 τῆς
1338 4728 1591 4791 πίστεως,

94 4783 136 4867 ᾖα
174 4785 266 4846 Gal.
296 4811 380 4861 vi,
425 4798 513 4867 qui
564 4807 687 4851 sunt
737 4783 1047 4852 de'l‘amilia
1094 4798 1235 4851 ﬁdei.
1274 4783 1493 4851 thltur.
1526 4783 1597 4835 4-1

94 4849 216 4938 ξλοττρ
239 4849 380 4938 notat
414 4849 679 4937 interpres
735 4849 1046 4938 anglieus:
1070 4849 1363 4938 pet-iridiami
1378 4849 1596 4922 ideirco

94 4930 300 5010 ξριξεηετς
315 4930 632 5010 Cyprianum
658 4930 1030 4996 hmreticorum
1052 4930 1106 4995 et
1128 4938 1592 4995 schismatieorum

94 4997 219 5081 fidus
234 4997 409 5073 solere;
436 5013 577 5081 quod
609 5013 770 5067 iidem
801 5013 1064 5072 homines.
1090 5012 1318 5065 maxime
1340 5012 1593 5065 sacerdo-

94 5071 506 5153 ‘es'qcommissain
553 5099 666 5138 rem
696 5084 795 5139 sibi
828 5085 894 5138 ab
927 5071 1163 5139 Ecclesia
1209 5081 1594 5153 prodidissent.

143 5138 192 5191 Et
229 5161 385 5205 contra
429 5138 1005 5212 Ecclesium?steterint.
1075 5154 1177 5208 Ista
1210 5138 1465 5209 'imitatus
1516 5164 1598 5209 est

94 5204 314 5300 ’ἔξξςξξηιιιβ
334 5225 632 5300 ‘episcopus
683 5204 1124 5300 llavelbergensis
1197 5226 1246 5279 in
1307 5236 1450 5281 tomo
1506 5241 1597 5282 xm

96 5280 632 5368 5lli?!lteg‘tinDa'cltet‘i'aui
643 5341 655 5359 ,
687 5280 785 5368 pag
795 5280 814 5350 ,ί
825 5280 1168 5352 ΞΟΞΪΒΑιυΖ.

147 5347 279 5408 11L;
294 5347 493 5417 assae
506 5347 1150 5423 ὧιΞὲίᾶὶὶῗιὶῶἰὶἀῖιέῗιξἱ
1168 5366 1251 5420 his
1271 5367 1447 5421 verbis
1468 5368 1595 5422 llie-

99 5428 296 5509 Titinius
318 5437 380 5487 ad
404 5435 748 5505 Luciferianos
778 5440 1098 5505 observavit,
1131 5444 1340 5493 beatum
1369 5438 1594 5509 Cypria-

100 5498 190 5578 ξξξιξιι
207 5496 302 5555 hac
319 5520 415 5578 non
433 5496 549 5563 cum
574 5512 909 5566 anathemate
927 5496 1132 5573 eorum,
1157 5510 1243 5578 qui
1262 5523 1319 5562 se
1334 5496 1479 5577 sequi
1504 5525 1595 5562 no-

102 5554 285 5652 [Ῥω.
313 5577 531 5652 edidisse
560 5601 572 5635 :
602 5584 863 5652 siquidem
894 5554 957 5637 ιεῖ
974 5554 1367 5643 colntittinione,
1396 5554 1591 5647 inquit,

267 5646 554 5725 pennansit,
585 5639 683 5725 qui
719 5656 997 5708 stultenliae
1040 5669 1150 5725 sua:
1202 5639 1593 5725 οιηιιτέιίθτέψιὲ

105 5701 175 5796 ff?
183 5701 431 5796 feriatum"
440 5701 619 5790 satio;
627 5701 1063 5796 digessisse;
1075 5701 1341 5779 suam;
1348 5701 1495 5796 .51.
1502 5701 1595 5775 iis;

227 5782 425 5865 [limosos
443 5774 1098 5859 ἰιιέιιῐεὶέἑὶἷεὶἑὲεᾛιὲὲζῖιὲ
1113 5774 1491 5865 ’ᾇυῖέιιιιιιιῐινιὼ
1512 5806 1596 5856 eo,

108 5849 197 5899 ⁸⁸ηο
220 5850 518 5921 damnatione
542 5849 842 5926 errorissui
856 5849 882 5934 ξ
897 5849 1272 5938 ιθὸἱρεὲιθίιιιεί
1289 5849 1594 5922 illustrius.

1623 4616 1676 4676 D

1783 3224 1932 3290 Quod
1982 3227 2136 3281 semel
2188 3226 2491 3281 intbiberint.
2532 3225 2705 3297 Epist.
2757 3226 2822 3282 ad
2872 3226 3055 3294 Quint.
3107 3226 3304 3287 Debere

1709 3313 2114 3368 unumquemque
2138 3340 2152 3361 ,
2196 3315 2296 3352 non
2342 3315 2433 3366 pro
2477 3315 2535 3353 eo
2573 3299 2710 3367 quod
2754 3301 2907 3354 semel
2949 3299 3211 3354 imbiberat
3255 3315 3303 3359 et

1707 3370 1924 3432 tenebat,
1967 3370 2292 3436 pertinaciter
2336 3369 2618 3440 congredi;
2660 3371 2748 3425 sed
2785 3372 2830 3425 si
2874 3371 2997 3437 quid
3043 3372 3221 3428 melius
3254 3385 3302 3429 et

1706 3441 1883 3494 utilius
1909 3442 2177 3506 exstiterit,
2202 3440 2413 3494 libenter
2451 3442 2707 3511 amplecti.
2743 3442 3051 3500 lltcautus.
3073 3473 3143 3484 —
3171 3444 3302 3501 Per-

1709 3512 1880 3585 tinent
1935 3512 2050 3566 haec
2098 3512 2165 3566 ad
2225 3513 2543 3585 sententiam
2598 3514 2742 3569 illam
2789 3516 3074 3570 contraria:
3131 3518 3299 3585 partis

1707 3582 1775 3657 de
1826 3585 2200 3657 lnereticorum
2250 3583 2555 3652 Baptismo;
2628 3585 2877 3641 conferas
2945 3582 3142 3641 etiam'
3178 3602 3299 3657 quas

1705 3654 1758 3708 in
1798 3656 1931 3709 actis
1983 3655 2175 3725 synodi
2222 3658 2466 3724 proxime
2491 3658 2766 3726 sequentis
2810 3667 3097 3726 ponuntur.
3130 3654 3298 3717 Porro

1704 3726 1908 3800 colligit
1950 3743 2017 3783 ex
2052 3726 2261 3793 verbis,
2319 3744 2440 3796 qua:
2492 3743 2613 3783 mox
2663 3742 2980 3799 sequuntur,
3042 3732 3298 3800 Anglicus

1705 3798 2013 3872 interpres,
2041 3800 2317 3872 censuisse
2359 3815 2546 3855 omnes
2592 3798 2785 3868 printer
2818 3798 3149 3869 Stephanuni
3176 3806 3297 3872 epi-

1706 3884 1901 3939 SCOpOS
1947 3870 2197 3925 ﬁdelibus
2249 3872 2409 3926 licere
2459 3873 2526 3926 de
2574 3888 2633 3926 re
2665 3872 2751 3926 illa
2781 3881 3127 3926 controversa
3156 3870 3297 3931 inter

1704 3955 1763 3994 se
1812 3942 2114 4003 dissentire,
2165 3958 2282 4010 qua:
2325 3942 2391 3996 ad
2422 3942 2757 4008 disciplinam
2811 3944 2979 4011 magis
3029 3958 3188 4010 quam
3223 3946 3291 4000 ad

1704 4011 1863 4068 ﬁdem
1894 4015 2159 4083 pertinuere
2205 4012 2495 4066 videretur.
2530 4012 2782 4067 Fortasse
2822 4022 3000 4066 autem
3040 4013 3108 4066 de
3146 4013 3293 4072 Afris

1702 4085 2041 4152 quibusdam,
2077 4099 2178 4137 non
2205 4085 2270 4137 de
2297 4083 2630 4153 alienigenis,
2665 4086 2778 4137 lucc
2806 4084 3058 4138 dixerunt
3089 4101 3292 4152 pransu-

1703 4154 1822 4220 les,
1874 4156 2160 4209 nonnullos
2214 4153 2354 4208 enim
2395 4154 2553 4210 Afros
2594 4154 2662 4210 de
2708 4171 2763 4208 re
2819 4154 2977 4209 aliter
3021 4156 3292 4221 judicasse

1701 4241 1858 4294 quam
1908 4226 2530 4296 Cyprianumsnosque,
2554 4223 2878 4296 Cyprianum
2913 4227 3192 4281 certiorem
3224 4228 3292 4284 fe-

1702 4308 1847 4349 cerat
1885 4294 2108 4363 Quintus
2130 4298 2179 4349 in
2210 4294 2523 4348 Mauritania
2554 4294 2856 4365 cpiscotnts,
2885 4306 2941 4348 nt
2969 4312 3034 4351 ex
3064 4299 3290 4363 epistola

1704 4368 1869 4435 ipsius
1895 4367 2142 4438 Cypriani
2171 4367 2235 4418 ad
2267 4365 2512 4438 eurndem
2541 4365 2793 4432 Quintum
2817 4376 3046 4422 constat.
3080 4370 3287 4426 Bouru.

1702 4468 1774 4478 —
1794 4436 1951 4504 Quod
1968 4438 2121 4491 semel
2143 4437 2446 4490 imbiberinl.
2466 4436 2655 4492 Cicero
2674 4439 2765 4490 lib.
2789 4453 2838 4491 Iv
2860 4442 3289 4498 acadenticarunt

1702 4510 2066 4583 Qntestionum
2089 4550 2105 4568 .
2148 4523 2269 4576 cap.
2300 4511 2372 4563 ὃς
2421 4509 2529 4564 Sed
2571 4511 2738 4583 nescio
2776 4511 3026 4583 quomodo
3065 4513 3293 4583 plerique

1703 4596 1872 4633 errare
1915 4581 2108 4634 malunt
2149 4596 2355 4649 euntque
2398 4582 2696 4635 sententiam
2738 4597 2888 4652 quam
2926 4581 3291 4640 adamaverunt

1704 4653 2079 4725 pugnacissime
2107 4652 2374 4719 defendere
2399 4670 2552 4723 quant
2580 4653 2689 4708 sine
2716 4654 2991 4724 pertinacia
3019 4655 3140 4725 quid
3166 4672 3288 4711 con-

1698 4724 2004 4797 stantissime
2033 4723 2230 4797 dicatur
2259 4729 2534 4792 exquirere.
2567 4725 2890 4789 Lactantius,
2924 4723 3099 4781 Ιώζιιι
3120 4769 3133 4790 ,
3162 4743 3284 4797 cap.

1699 4794 1768 4868 2i
1794 4812 1805 4847 :
1843 4795 1979 4863 Quid
2008 4796 2174 4849 dicunt
2200 4797 2261 4850 de
2289 4798 2353 4851 iis
2382 4802 2548 4852 nescio
2575 4797 2661 4868 qui
2687 4814 2802 4851 cum
2834 4800 2987 4851 semel
3015 4794 3284 4853 uberrime-

1697 4866 1837 4941 rint,
1875 4877 2160 4941 constanter
2197 4869 2249 4921 in
2286 4871 2501 4923 stultitia
2542 4866 2857 4941 perseuerant
2894 4880 2942 4921 et
2979 4875 3120 4924 ranis
3158 4885 3288 4924 vana

1700 4936 2010 5007 defendunt,
2042 4939 2141 4992 nisi
2169 4941 2303 5009 quod
2330 4957 2415 4995 eos
2443 4936 2697 4994 interdum
2729 4951 2849 5008 puto
2880 4951 2967 4993 aut
2992 4942 3103 5010 joci
3132 4957 3289 4994 causa

1702 5010 2053 5083 philosonhari
2090 5019 2177 5062 aut
2228 5013 2497 5077 prudentes
2532 5021 2578 5065 et
2616 5012 2748 5065 scios
2800 5011 3062 5065 mendacia
3113 5012 3289 5083 deferto

1701 5082 1867 5134 dendo
1907 5083 2189 5143 suscipere,
2230 5084 2385 5148 quasi.
2418 5093 2473 5152 ut
2512 5084 2716 5152 ingenia
2753 5100 2848 5137 sua
2881 5084 2934 5135 in
2964 5084 3111 5138 malis
3139 5082 3287 5137 rebus

1701 5162 1962 5227 exerceant
2000 5153 2076 5227 uel
2101 5161 2379 5227 ostentent.
2416 5151 3015 5227 leiusCaleagninns,
3051 5156 3101 5209 in
3144 5155 3283 5208 libro

1699 5224 1765 5277 de
1795 5225 1965 5278 libero
1988 5222 2242 5295 Arbitrio,
2280 5237 2397 5295 pag.
2423 5226 2557 5278 596:
2590 5226 2686 5277 nisi
2708 5222 2907 5281 lanium
2929 5237 3053 5281 esset
3074 5227 3285 5295 quibus-

1699 5294 1816 5347 dam
1847 5299 1977 5347 male
2009 5294 2283 5360 anspicatis
2319 5294 2532 5361 ingeniis
2568 5296 2894 5358 impudenlite
2933 5310 2983 5352 ut
3022 5294 3123 5351 non
3162 5314 3281 5351 eru-

1699 5367 1901 5419 bescant
1930 5362 2163 5430 explosus
2190 5382 2249 5416 ac
2280 5364 2548 5420 damnatas
2577 5368 2726 5418 etiam
2755 5372 3019 5433 ομὶηίοιιεε
3048 5385 3284 5423 revocare

1698 5448 1850 5507 atque
1878 5451 2125 5495 asserere,
2158 5452 2259 5488 non
2287 5452 2459 5491 amore
2485 5436 2685 5504 quidem
2716 5442 2970 5503 ueritatis,
3003 5444 3093 5495 sed
3120 5451 3289 5494 osten-

1697 5508 1839 5561 tandi
1868 5507 2053 5582 ingenii
2076 5517 2127 5582 _et
2153 5508 2420 5582 captanda:
2445 5524 2587 5582 nunc
2621 5512 2882 5579 popularis
2910 5514 3098 5582 gratia.
3135 5513 3283 5566 Cott-

1694 5576 1949 5650 grnenter
1978 5577 2045 5631 ad
2076 5576 2190 5632 hzec
2219 5577 2495 5646 Origenes,
2540 5580 2630 5632 lib.
2662 5576 2888 5636 {contra
2910 5576 3141 5636 'Ct-lsum
3161 5627 3173 5649 ,
3209 5585 3287 5637 ait

1703 5652 1989 5723 molestam
2020 5664 2131 5723 rem
2159 5665 2278 5723 esse
2308 5655 2700 5723 cootentionem
2734 5654 3161 5723 obstinatamque
3190 5670 3287 5707 vo-

1704 5721 1962 5776 luntatem
2005 5720 2288 5775 resistendi
2317 5723 2476 5775 etiam
2507 5721 2830 5789 manifestis,
2864 5720 3280 5789 pudor-edisce-

1700 5792 1859 5846 dendi
1891 5807 1918 5843 a
1948 5793 2217 5846 consuetis
2243 5793 2583 5862 opinionibus
2610 5792 2802 5862 quibus
2823 5797 2931 5860 jam
2973 5794 3171 5848 imbuta
3200 5804 3285 5862 est

1701 5864 1907 5930 anima,
1937 5875 2036 5917 nec
2062 5864 2131 5917 ab
2160 5861 2788 5923 ullis’eonsuetudinibns
2826 5865 3098 5921 hominem
3137 5861 3287 5922 difﬁ-
