3742 6282
367 340 390 399 ‘l
402 340 506 397 055

1686 340 2038 413 RELlQUilE
2078 341 2342 400 SACRE.

3455 343 3567 402 1056

363 470 523 514 unum
548 455 639 512 ubi
669 469 792 527 spes
817 470 941 514 vera
965 466 1050 514 est
1076 464 1130 514 et
1158 457 1291 515 fides
1320 465 1489 517 certa.
1520 457 1609 514 Sic
1634 458 1778 515 enim
1807 458 1942 514 seri-
1972 460 2021 520 A
2047 467 2234 516 centur
2262 459 2462 514 nullum
2491 458 2688 514 habent
2709 454 2905 515 salutis
2933 458 3200 515 effectum.

362 559 509 622 ptum
537 558 619 606 est
646 568 660 604 :
687 548 803 606 Una
824 552 968 621 fides,
996 570 1097 607 una
1117 569 1249 624 spes,
1275 571 1431 609 unum
1454 550 1936 626 Baptisma‘wphes.

360 659 433 712 tv,
467 643 544 717 5),
579 660 683 700 non
714 647 852 716 apud
886 647 1188 709 haereticos.
1214 648 1302 702 ubi
1325 663 1448 718 spes
1475 647 1616 701 nulla
1639 655 1723 702 est
1740 654 1796 702 et
1811 644 1941 701 ﬁdes

359 733 514 802 faISa,
542 736 631 791 ubi
661 738 838 792 omnia
869 753 962 808 per
990 739 1324 795 mendacium
1356 751 1640 809 geruntur,
1670 738 1758 794 ubi
1783 754 1940 794 exor-

358 830 495 889 cizat
522 830 901 898 dtcmoniacus,
931 844 1323 891 sacramentum
1362 835 1683 904 interrogat,
1706 833 1855 903 cujus
1881 847 1942 887 os

359 935 414 985 et
440 926 599 983 verba
631 943 825 985 cancer
849 929 1118 993 emittunt,
1150 928 1307 985 fidem
1334 928 1425 985 dat
1457 927 1702 996 infidelis,
1732 927 1940 982 veniam

357 1018 673 1078 delictorum
716 1020 898 1077 tribuit
927 1021 1238 1089 sceleratus,
1289 1032 1342 1076 et
1387 1021 1438 1078 in
1489 1020 1702 1075 nomine
1744 1018 1939 1074 Christi

358 1110 513 1182 tingit
537 1112 904 1179 antichristus,
931 1112 1199 1170 benedicit
1226 1128 1255 1167 a
1290 1113 1398 1169 Deo
1416 1112 1751 1179 maledictus,
1780 1112 1940 1167 vitam

356 1203 636 1277 pollicetur
662 1215 923 1271 mortuus,
958 1220 1143 1276 pacem
1178 1204 1269 1260 dat
1290 1204 1637 1276 impacillcus,
1670 1202 1837 1259 Deum
1871 1205 1945 1258 in-

356 1307 512 1352 vocat
556 1296 934 1368 blasphemus,
976 1298 1332 1354 sacerdotium
1384 1298 1721 1353 administrat
1768 1296 1945 1368 profa-

358 1408 480 1459 nus,
515 1394 662 1463 ponit
690 1394 858 1450 altare
886 1394 1195 1466 sacrilegus.
1223 1393 1302 1449 Ad
1325 1392 1440 1449 lucc
1462 1393 1641 1448 omnia
1663 1393 1865 1448 accedit
1891 1403 1945 1447 et

362 1484 492 1543 illud
511 1487 791 1551 malum,ut
812 1487 1075 1542 antistites
1092 1486 1287 1543 diaboli
1303 1485 1533 1541 audeant
1553 1484 1942 1541 EuchariStiam

358 1578 554 1642 facere;
571 1588 662 1635 aut
677 1581 764 1651 qui
784 1581 886 1635 illis
898 1581 1151 1635 assismnt
1164 1578 1468 1635 dicanthzcc
1487 1578 1663 1633 omnia
1680 1577 1810 1633 falsa
1826 1592 1945 1633 esse

356 1670 423 1727 de
446 1671 733 1728 litereticis.
755 1672 895 1729 Ecce
915 1672 981 1729 ad
1013 1672 1186 1744 qualia
1215 1672 1419 1744 cogitur
1449 1672 1684 1727 Ecclesia
1715 1687 1943 1728 consen-

355 1768 536 1834 tire,et
549 1769 663 1823 sine
682 1768 953 1837 Baptismo
970 1783 1033 1824 ac
1050 1769 1200 1824 venia
1217 1768 1536 1823 delictorum
1552 1767 1944 1822 communicare

2124 550 2444 622 Polycarpus
2492 551 2559 607 ab
2592 551 2887 607 Adrumeto
2925 551 3099 607 dixit:
3127 550 3226 621 Qui
3259 550 3573 612 hmreticorum

2046 642 2317 711 Baptisma
2348 644 2575 714 probant
2600 655 2843 700 nostrum
2870 653 3156 700 evacuant.

2114 733 2347 791 Novatus
2376 752 2404 790 a
2433 735 2775 805 Thamugade
2795 737 2968 792 dixit:
2998 737 3153 793 Licet
3181 737 3403 794 sciamus
3425 752 3578 797 omnes

2043 823 2347 897 Scripturas
2370 827 2732 883 testimonium
2756 828 2983 885 reddere
3011 828 3079 885 de
3101 828 3319 884 salutari
3332 829 3579 901 Baptisma,

2043 918 2301 975 debemus
2327 929 2502 976 tamen
2533 920 2691 976 fidem
2719 931 2955 977 nostram
2985 921 3313 992 exprimere,
3343 925 3582 980 haereticos

2044 1026 2097 1074 et
2123 1017 2497 1072 schismaticos
2521 1018 2586 1072 ad
2614 1017 2909 1074 Ecclesiam
2936 1018 3245 1084 venientes,
3274 1017 3360 1088 qui
3399 1020 3586 1089 pseudo-

2044 1110 2292 1180 baptizati
2319 1110 2583 1179 videntur,
2614 1111 2814 1167 debere
2839 1125 2932 1166 eos
2956 1111 3011 1166 in
3038 1109 3186 1166 fonte
3211 1112 3422 1179 perenni
3450 1112 3590 1182 bapti-

2045 1204 2152 1258 zari
2171 1248 2185 1271 ,
2217 1214 2271 1259 et
2291 1203 2411 1259 ideo
2441 1204 2733 1259 secundum
2764 1204 3125 1261 testimonium
3153 1204 3520 1275 Scripturarum
3543 1216 3587 1262 et

2045 1298 2337 1355 secundum
2360 1298 2634 1355 decretum
2660 1299 2984 1370 collegarum
3014 1307 3326 1354 nostrorum
3367 1299 3587 1355 sanctissi-

2047 1408 2148 1448 mte
2170 1394 2441 1449 memoria:
2468 1394 2703 1448 virorum
2726 1408 2915 1449 omnes
2940 1392 3319 1450 schismaticos
3340 1402 3393 1449 et
3419 1393 3588 1449 baeti-

2047 1502 2139 1543 cos
2163 1489 2250 1560 qui
2276 1488 2341 1544 ad
2370 1488 2665 1544 Ecclesiam
2697 1489 2943 1544 conversi
2970 1498 3092 1543 sunt
3125 1487 3419 1558 baptizari,
3448 1487 3526 1542 sed
3550 1496 3593 1543 et

2046 1595 2140 1636 eos
2163 1582 2249 1652 qui
2277 1582 2506 1637 ordinati
2540 1580 2883 1648 videbantur,
2913 1581 3053 1636 inter
3077 1580 3247 1635 laicos
3271 1580 3447 1650 recipi.

2120 1674 2463 1730 Nemesianns
2489 1688 2520 1728 a
2544 1671 2824 1728 Thubunis
2848 1671 2982 1728 dixit
3006 1672 3314 1743 :Baptisma
3338 1671 3468 1743 quod
3492 1670 3593 1727 dant

2049 1768 2285 1823 hteretici
2327 1777 2383 1823 et
2421 1768 2748 1824 schismatici
2789 1781 2894 1821 non
2935 1781 3059 1821 esse
3106 1781 3293 1821 verum
3337 1766 3518 1835 ubique
3554 1767 3592 1819 in

355 1861 712 1933 compellitur.
735 1862 902 1930 Quam
920 1876 1054 1927 rem,
1080 1862 1287 1926 fratres,
1314 1860 1494 1931 fugere
1514 1876 1575 1917 ac
1598 1863 1762 1918 vitare
1783 1862 1941 1919 debe-
1968 1869 2015 1929 B
2042 1861 2329 1932 Scripturis
2352 1862 2552 1917 sanctis
2578 1860 2904 1916 declaratum
2938 1868 3059 1915 est:
3083 1859 3336 1930 quoniam
3365 1859 3457 1929 ipsi
3481 1874 3587 1931 prte-

355 1968 474 2008 mns
494 1963 545 2007 et
567 1968 597 2006 a
619 1961 766 2008 tanto
791 1953 995 2009 scelere
1016 1968 1115 2008 nos
1135 1963 1463 2024 separare,et
1481 1970 1642 2008 unum
1668 1954 1938 2024 Baptisma

356 2052 568 2111 tenere,
597 2044 736 2115 quod
763 2044 863 2099 soli
894 2044 1149 2100 Ecclesia:
1175 2061 1204 2098 a
1236 2046 1459 2100 Domino
1485 2060 1797 2102 concessum
1835 2056 1937 2102 est.

427 2136 638 2191 Primus
663 2151 692 2190 a
719 2135 966 2208 Misgirpa
993 2137 1161 2192 dixit:
1188 2135 1398 2193 Censeo
1427 2154 1636 2193 omnem
1669 2138 1938 2194 hominem

352 2227 421 2283 ab
442 2228 632 2284 haeresi
663 2228 968 2284 venientem
993 2229 1390 2299 baptizandum.
1417 2230 1638 2286 Frustra
1663 2232 1805 2287 enim
1833 2234 1943 2289 illic

355 2330 504 2393 putat
531 2334 594 2378 se
614 2335 732 2378 esse
764 2321 1108 2393 baptizatum,
1142 2338 1263 2379 cum
1289 2341 1396 2380 non
1438 2326 1505 2381 sit
1536 2325 1805 2395 Baptisma
1839 2328 1941 2383 nisi

358 2416 410 2473 in
443 2416 682 2473 Ecclesia
722 2432 885 2472 unum
923 2426 980 2473 et
1013 2433 1198 2473 verum
1230 2435 1245 2472 :
1276 2419 1397 2489 quia
1434 2427 1489 2475 et
1522 2420 1659 2475 Deus
1700 2436 1856 2487 unus,
1887 2431 1942 2477 et

362 2510 495 2567 fides
521 2526 644 2579 una,
681 2524 731 2568 et
763 2511 999 2569 Ecclesia
1028 2528 1128 2568 una
1158 2524 1260 2577 est,
1293 2514 1342 2568 in
1370 2530 1471 2585 qua
1502 2523 1607 2570 stat
1635 2531 1798 2570 unum
1831 2515 1937 2571 Ba-

352 2604 544 2677 ptisma
570 2614 625 2662 et
646 2605 922 2672 sanctitas,
954 2614 1010 2661 et
1036 2615 1249 2662 cratera.
1280 2605 1412 2661 Nam
1451 2623 1568 2679 quae
1596 2607 1725 2664 foris
1747 2623 1936 2664 excer-

2045 1956 2201 2029 positi
2229 1971 2415 2011 eorum
2451 1955 2567 2010 falsi
2595 1956 2785 2012 christi
2830 1958 2955 2009 sunt
2986 1965 3043 2010 et
3072 1953 3195 2009 falsi
3224 1952 3513 2024 prophetat.
3538 1952 3602 2007 di-

2042 2061 2197 2104 cente
2217 2049 2440 2104 Domino
2460 2064 2555 2120 per
2576 2047 2917 2104 Salomonem
2944 2065 2958 2103 :
2986 2046 3091 2115 Qui
3110 2046 3274 2115 ﬁdens
3294 2056 3363 2100 est
3379 2047 3428 2100 in
3449 2046 3591 2117 falsis,

2044 2143 2126 2197 hic
2145 2144 2306 2212 pascit
2327 2154 2515 2205 ventos,
2540 2141 2674 2195 idem
2695 2153 2863 2196 autem
2885 2141 2994 2211 ipse
3014 2142 3242 2211 sequitur
3259 2155 3368 2194 aues
3382 2142 3597 2194 uolantes.

2044 2234 2245 2292 Deserit
2271 2236 2402 2290 enim
2444 2237 2551 2290 vias
2578 2235 2736 2289 vincte
2771 2249 2897 2297 sate,
2921 2250 2956 2287 a
2992 2234 3187 2288 semitis
3217 2250 3331 2289 vero
3367 2233 3506 2303 agelli
3532 2233 3600 2286 stu“

2044 2331 2248 2385 erravit.
2283 2328 2580 2401 Ingreditur
2605 2339 2773 2383 autem
2812 2344 2903 2398 per
2926 2327 3041 2382 avia
3070 2328 3186 2382 loca
3230 2338 3377 2397 atque
3398 2327 3519 2381 arida
3547 2336 3587 2379 et

2042 2433 2228 2479 terram
2275 2425 2575 2478 destinatam
2611 2424 2664 2477 in
2700 2423 2837 2478 sitim
2860 2463 2876 2487 ,
2903 2421 3160 2476 contrahit
3195 2431 3370 2475 autem
3402 2418 3584 2473 muribus

2038 2519 2353 2584 infructuosa
2378 2516 2560 2587 (Prov.
2594 2533 2668 2583 Ix,
2716 2514 2801 2581 12,
2839 2515 2927 2581 18,
2959 2530 3058 2568 sec.
3112 2511 3266 2585 ιη).
3299 2511 3369 2569 Et
3395 2513 3585 2568 iterum:

2039 2614 2114 2667 Ab
2138 2629 2270 2683 aqua
2296 2613 2463 2667 aliena
2494 2611 2687 2667 abstine
2711 2620 2778 2678 te,
2812 2619 2858 2665 et
2885 2611 2946 2665 de
2974 2614 3117 2683 [ante
3144 2617 3392 2664 extraneo
3413 2622 3470 2661 ne
3488 2604 3594 2660 bibe-

1635 2700 1995 2759 VARIOBUM
2022 2704 2246 2760 NOT/E.

354 2800 534 2857 cilium
574 2799 722 2854 illum
759 2841 773 2864 ,
803 2797 868 2852 ad
918 2811 1073 2866 quem
1130 2796 1292 2853 mittit
1337 2796 1640 2852 Tractatum
1691 2812 1844 2852 suum
1874 2797 1938 2851 de

360 2873 515 2929 Coena
541 2871 750 2927 Domini
776 2870 1098 2943 Cyprianus,
1131 2868 1333 2938 iudicat
1359 2868 1610 2943 Qeillier.
1628 2870 1680 2923 in
1713 2867 1940 2923 Histoire

358 2944 712 3017 générafedes
750 2940 968 3017 guteurs
1007 2944 1177 2996 sacres
1224 2950 1270 2995 et
1296 2940 1499 3007 ecclés.,
1528 2941 1635 2995 vol.
1668 2957 1745 3007 ιιι,
1768 2955 1818 2995 c.
1848 2943 1942 3009 5i,

364 3013 393 3090 §
426 3017 478 3090 7_.
513 3031 565 3086 p.
595 3016 720 3090 570.
752 3013 965 3090 Eoum.

433 3082 721 3143 Exbrcizat.
774 3085 830 3139 ln
863 3084 1019 3139 codd.
1043 3082 1336 3139 Veronensi
1376 3090 1430 3137 et
1477 3082 1608 3139 Fox.
1641 3085 1918 3139 exorcidiat

2045 2810 2250 2856 taverat
2297 2811 2420 2856 ante
2446 2801 2731 2868 Pamelius,
2769 2821 2789 2853 (
2821 2800 2985 2856 Omisi
3014 2815 3135 2856 cum
3168 2815 3273 2855 ms.
3323 2810 3376 2856 et
3398 2799 3596 2855 Munatio

2046 2873 2187 2942 quod
2221 2874 2638 2929 interserebatur
2683 2873 2850 2939 Felix,
2887 2881 2997 2927 tum
3028 2872 3081 2926 in
3112 2872 3327 2927 excusis
3354 2883 3459 2927 tum
3486 2870 3596 2941 apud

2048 2945 2112 3001 Ι).
2164 2945 2553 3015 Augustinum,
2601 2960 2668 3000 eo
2694 2944 2834 3015 quod
2883 2945 3087 3011 primus
3135 2945 3421 3014 episcopus
3466 2958 3596 3011 supra

2050 3025 2195 3070 tomo
2220 3017 2389 3084 primo
2416 3031 2539 3069 cum
2591 3015 2710 3070 aliis
2756 3015 3039 3085 epistolam
3089 3031 3250 3071 vam
3278 3015 3591 3083 scripserit.»

2052 3087 2285 3156 Epistula
2327 3086 2441 3139 haec
2467 3094 2551 3140 est
2576 3088 2785 3142 concilii
2813 3089 3059 3155 superius
3088 3089 3356 3142 numerati
3380 3104 3450 3142 tv.
3479 3085 3596 3141 Scri-

360 3126 514 3241 quodv
531 3158 813 3241 exvitiosa
842 3154 1296 3241 pironttntiatione-
1326 3156 1496 3241 venit;
1526 3156 1657 3210 cizat
1683 3166 1740 3241 ut
1760 3128 1940 3241 cidj'at:
1971 3126 2015 3188 Ο
2051 3126 2190 3241 hiiur
2221 3158 2345 3213 urbs
2376 3156 2605 3241 Migirpa
2638 3159 2690 3212 in
2712 3158 2836 3241 edd.
2868 3126 3486 3241 Easminuanutiiquﬁ,
3509 3157 3598 3240 ⁸Λιι-

362 3226 502 3288 unde
528 3230 641 3293 alii,
669 3228 843 3283 cidiat.
870 3227 1174 3283 RIGAL‘I‘IUS.
1193 3255 1263 3265 —-
1283 3226 1354 3279 Ita
1384 3227 1434 3279 in
1457 3226 1825 3282 Commodiani
1851 3227 1943 3280 ln-

363 3312 565 3362 struct.,
594 3314 817 3355 numero
842 3300 907 3354 57
939 3298 1002 3351 ad
1034 3315 1083 3367 p.
1121 3295 1249 3362 Ξὸῡ,
1276 3296 1364 3350 ed.
1419 3297 1595 3357 Davis.
1630 3300 1812 3353 titulus
1840 3309 1941 3363 est,

368 3374 468 3443 Qui
487 3372 788 3443 iudwidignt
814 3370 1028 3443 fanatici
1055 3382 1149 3438 pro
1174 3368 1455 3443 iudaizant,
1480 3370 1566 3423 ubi
1586 3369 1669 3425 hic
1690 3368 1945 3442 Cypriani

364 3440 512 3499 locus
537 3459 658 3497 cum
682 3440 1066 3495 Commodiano
1101 3440 1387 3494 confertur.
1418 3441 1627 3496 Reum.

441 3516 831 3584 Sacramentum
865 3512 1161 3583 interrogat.
1208 3510 1434 3566 Additur
1461 3529 1559 3567 vox
1586 3512 1863 3584 sacrilegus
1894 3513 1947 3566 in

369 3586 498 3642 edit.
527 3584 717 3639 Baluzii
748 3625 762 3646 ,
813 3582 1036 3637 fortasse
1066 3582 1148 3637 ex
1207 3598 1335 3638 mss.
1366 3583 1726 3639 nescientibus
1772 3582 1949 3637 tamen

371 3655 686 3711 vocabulum
715 3655 881 3713 editis.
912 3653 963 3707 ni
988 3652 1160 3719 fallor,
1192 3655 1457 3725 omnibus,
1498 3654 1953 3725 Interpretationi;-

409 3742 474 3781 ne
502 3726 680 3782 (ἔνατα
719 3737 772 3781 et
816 3725 1118 3795 Augustino.
1153 3724 1333 3778 Delevi
1374 3724 1653 3791 eam,cum
1685 3726 1811 3778 milti
1835 3726 1953 3793 qui-

409 3744 474 3781 ne
502 3744 680 3782 brtt'ca
719 3744 772 3781 ει
816 3744 1118 3795 augustino.
1154 3744 1333 3778 UBICVI
1374 3744 1514 3791 eam,
1535 3744 1653 3780 cum
1685 3744 1811 3778 mllll
1835 3744 1951 3793 QUI-

370 3744 493 3855 iiem
543 3798 681 3853 haud
728 3798 964 3867 placeret
1008 3796 1232 3867 repetita
1274 3813 1371 3852 vox
1418 3797 1469 3850 in
1507 3799 1684 3851 statim
1719 3806 1837 3863 post
1863 3813 1951 3851 se-

371 3872 679 3941 quentibus.
709 3869 847 3941 ponit
882 3868 1043 3941 altare
1070 3868 1364 3941 sacrilegus.
1401 3867 1747 3941 servandum
1774 3877 1951 3941 autem

372 3938 424 3997 id
448 3941 651 4009 censui,
681 3939 820 4011 quod
850 3939 1005 4010 paulo
1032 3949 1152 3992 ante
1176 3954 1203 3991 a
1235 3938 1450 3993 Baluzio
1470 3939 1522 3993 in
1549 3948 1694 3993 textu
1723 3938 1952 4011 positum

372 4024 454 4067 est
478 4022 722 4084 geruntur
766 4026 864 4084 pro
913 4012 1074 4084 veteri
1125 4010 1357 4084 lectione
1384 4020 1626 4084 aguntur,
1657 4019 1711 4063 et
1739 4024 1862 4065 mox
1887 4010 1954 4064 ad

376 4080 533 4139 fincin
563 4084 719 4154 hujus
748 4080 978 4152 suffragii
1002 4080 1224 4154 Domino
1245 4096 1347 4154 pro
1372 4080 1496 4135 Deo.
1537 4082 1741 4137 llouru.

456 4150 657 4210 Primus
686 4174 716 4208 η
744 4150 1012 4223 Μὶεῃὶιῖρα.
1064 4152 1200 4208 Urbs
1243 4150 1571 4224 Zeugitanm.
1623 4154 1956 4224 Augustinus

376 4227 555 4296 habet,
586 4230 778 4298 priums
804 4221 954 4279 Felix
979 4242 1009 4277 α
1036 4224 1306 4298 .liisgirpa.
1330 4221 1494 4294 quue
1519 4221 1955 4298 nomenvsrrpius,

376 4309 430 4356 et
478 4294 753 4369 designato
796 4299 1004 4366 repetit.
1046 4294 1177 4369 cum
1227 4310 1369 4369 vero
1407 4308 1616 4369 consmt
1668 4299 1847 4368 plures
1874 4296 1959 4351 hic

379 4368 627 4441 subsequi
670 4370 916 4435 Felices;
952 4376 1007 4441 et
1040 4368 1282 4422 solemne
1331 4368 1398 4422 sit
1446 4368 1682 4438 ejusdem
1729 4368 1960 4423 nominis

380 4440 680 4512 episcopos.
707 4443 912 4512 adjecta
937 4440 1315 4512 aliqnanotata
1348 4441 1566 4508 reliquis
1589 4441 1912 4509 distinguere
1940 4456 1953 4493 :

2046 3232 2245 3301 gustino
2300 3239 2351 3301 ct
2404 3229 2631 3301 conciliis
2660 3231 2931 3301 editis,ret
2984 3230 3207 3301 rectius,
3238 3245 3366 3286 nam
3414 3229 3595 3301 Migirpa

2046 3300 2168 3357 cum
2199 3303 2249 3354 in
2279 3300 2478 3354 Notitia
2510 3310 2619 3354 tmn
2654 3302 2706 3355 in
2739 3300 2926 3355 Collat.
2955 3300 3201 3364 Carthag.
3232 3311 3528 3364 memorata,
3550 3300 3592 3350 in

2051 3374 2321 3442 provincia
2378 3374 2745 3442 proconsulari
2798 3373 2896 3442 sita
2945 3381 3046 3427 est.
3083 3369 3203 3429 Vid.
3233 3373 3444 3441 Dupinii
3484 3369 3595 3442 Geo:

2051 3440 2236 3513 arapb.
2261 3440 2466 3498 sacram
2498 3441 2687 3497 Africa?
2706 3442 2769 3499 S.
2795 3441 2982 3510 Optato
3005 3444 3299 3512 prmfixam,
3326 3440 3387 3510 p.
3410 3444 3488 3499 52.
3513 3440 3596 3495 Etsi

2052 3524 2200 3587 notat
2227 3514 2533 3587 Harduinus
2551 3515 2649 3587 legi
2677 3518 2726 3569 in
2759 3529 2859 3568 ms.
2887 3529 2985 3587 suo
3012 3514 3278 3587 Miscirpa.
3311 3515 3508 3571 Rourn.

2126 3586 2444 3655 Polycurpus
2482 3585 2545 3638 ab
2570 3585 2865 3658 Adrumeto.
2900 3584 2949 3639 ls
2975 3596 3057 3658 est
3083 3582 3274 3643 ille'de
3303 3601 3406 3658 quo
3422 3582 3595 3658 mentio

2055 3658 2187 3713 facta
2228 3660 2276 3710 in
2327 3660 2482 3725 epist.
2517 3672 2637 3711 XLVI
2681 3657 2745 3710 ad
2799 3656 3003 3712 Pamel.
3036 3674 3187 3713 num.
3238 3656 3388 3715 45'et
3411 3656 3601 3713 fortasse

2054 3745 2365 3801 eptrtaxxvr
2396 3728 2460 3781 ad
2490 3728 2661 3801 Pam_.,
2712 3729 2982 3801 num.768.
3010 3727 3176 3785 FELL.

2131 3800 2489 3854 Testimonium
2529 3799 2755 3853 reddere.
2791 3800 2960 3870 Vulgo
2997 3800 3093 3854 sibi
3143 3801 3465 3856 testimonium

2056 3873 2192 3932 dere.
2234 3870 2374 3940 quod
2432 3872 2627 3923 mutavi
2662 3870 2764 3926 fide
2816 3866 2969 3926 nix'us
3010 3872 3131 3926 edit.
3167 3866 3595 3930 [immittendu—

2056 3943 2264 4014 gustini,
2283 3942 2661 4012 interpretisque
2686 3941 2849 4014 Graeci
2886 3952 2940 4014 et
2966 3944 3311 4014 conciliorum.
3339 3942 3528 4014 Roma.

2129 4012 2274 4067 Inter
2300 4014 2457 4087 laicos
2506 4013 2682 4079 recipi.
2711 4013 2801 4087 Sic
2853 4013 3158 4087 (Cyprium)
3188 4015 3332 4086 epist.
3360 4011 3425 4066 ad
3447 4014 3598 4087 anto-
3659 4046 3665 4051 .

2059 4084 2274 4139 nianutn
2303 4102 2317 4137 :
2351 4084 2453 4155 Sic,
2468 4093 2631 4138 tamen
2661 4081 3015 4139 admissus'est
3035 4081 3359 4155 Trophimus,
3382 4097 3436 4136 ut
3464 4081 3602 4155 laicus

2059 4157 2407 4227 communiret.
2420 4154 2651 4227 ilitcatxr.
2671 4187 2740 4196 —
2760 4156 2906 4212 Adde
2926 4158 3066 4227 quod
3090 4151 3250 4227 supra
3266 4156 3457 4227 dictum
3476 4151 3602 4206 estin

2060 4228 2206 4298 epist.
2231 4225 2429 4281 concilii
2451 4224 2692 4298 Cortltng.
2719 4235 2771 4292 4,
2797 4244 2848 4295 p.
2877 4224 2967 4290 82,
2990 4237 3043 4282 ct
3062 4224 3202 4293 noti,
3233 4244 3284 4297 p.
3316 4228 3400 4283 i7.
3423 4224 3599 4280 Roma.

2137 4298 2280 4353 Falsi
2328 4297 2694 4353 christi.,Falsi
2749 4298 3043 4354 christiani.
3074 4299 3172 4357 ,lta
3214 4299 3526 4355 restituimus
3544 4307 3600 4347 ex

2062 4370 2165 4425 fide
2198 4379 2434 4424 veterum
2481 4368 2758 4423 librorum.
2799 4369 3128 4424 Confirmant
3170 4380 3346 4425 autem
3393 4370 3516 4421 hanc
3536 4378 3605 4418 rea

2062 4443 2392 4496 stitutionem
2426 4441 2586 4512 verba
2614 4440 2931 4496 Secundiani
2963 4457 2990 4493 a
3019 4441 3229 4511 Carpis,
3279 4458 3338 4512 p.
3363 4440 3465 4512 335
3486 4447 3608 4512 acto:

380 4507 578 4569 subest'
611 4528 715 4567 non
775 4507 908 4585 levis
938 4507 1192 4585 suspicio,
1222 4510 1383 4585 illum
1396 4507 1487 4585 qui
1535 4512 1634 4566 hoc
1673 4507 1791 4585 loco
1836 4526 1959 4565 sen—
1982 4525 2037 4585 D
2063 4528 2179 4567 rum
2231 4510 2448 4566 concilii
2472 4509 2582 4585 [δέ
2611 4512 2875 4585 christiani
2921 4529 3022 4566 non
3066 4507 3209 4585 sunt,
3236 4507 3489 4585 quanton
3503 4507 3609 4585 citri-

382 4586 598 4639 tcntiam
630 4585 750 4637 tulit
780 4582 1006 4636 Felicem
1039 4580 1204 4635 fuisse
1230 4580 1580 4651 appellatum.
1608 4593 1660 4636 et
1691 4583 1811 4646 quia
1834 4592 1959 4636 ante

379 4656 615 4725 reliquos
645 4654 873 4725 dixerat,
895 4654 1348 4725 printutn_vocari,
1371 4662 1427 4705 ιιι
1455 4670 1481 4703 a
1505 4653 1688 4725 felice
1713 4669 1742 4707 a
1776 4654 1953 4723 Bagai,

378 4727 485 4779 alio
506 4723 692 4780 Felice
736 4725 805 4778 ab
834 4723 1046 4783 lltbina.
1070 4738 1100 4775 a
1132 4723 1419 4782 Marozani.
1445 4739 1473 4775 a
1504 4723 1829 4787 Buslaccnis,
1855 4736 1904 4778 et
1925 4741 1956 4780 a

379 4796 685 4867 Gurgitibus
722 4796 1178 4864 distingueretur;
1226 4801 1279 4847 et
1328 4794 1417 4859 ita,
1462 4796 1608 4861 lapsu
1649 4795 1778 4849 satis
1828 4812 1954 4863 pro-

378 4867 517 4928 clivi.
544 4868 693 4940 primi
722 4882 909 4940 vocem
963 4881 1082 4934 qua:
1133 4880 1408 4918 numerum
1454 4867 1956 4940 solummodudesi-

376 4937 594 5007 gnaba‘t,
620 4954 745 4993 vero
768 4937 1002 5002 nomine,
1022 4946 1296 5007 tamquam
1320 4951 1737 5005 supervacaneo,
1756 4938 1956 4993 omisso

379 5004 430 5065 in
463 5026 653 5067 nomen
686 5009 977 5064 transiisse.
1007 5004 1248 5079 Civitatis
1277 5004 1431 5074 hujus
1453 5011 1685 5079 episcopi
1728 5011 1955 5065 mentio-

380 5098 502 5137 nem
534 5082 733 5137 faciunt
758 5082 895 5135 inter
925 5080 1067 5151 alios
1094 5078 1285 5151 Collrat.
1317 5078 1564 5151 Carthag.
1591 5090 1646 5135 et
1674 5079 1811 5136 Vict.
1848 5080 1950 5135 Vit.

377 5153 545 5208 Porro
571 5152 883 5215 notandum,
911 5152 960 5204 in
998 5149 1171 5205 Africa
1198 5150 1475 5217 Primates,
1498 5149 1600 5207 non
1648 5152 1714 5206 ab
1746 5153 1952 5207 urbium

376 5225 567 5294 opibus
590 5235 684 5279 aut
712 5224 1076 5294 prmrogativa.
1102 5224 1190 5276 sed
1219 5225 1493 5277 secundum
1516 5237 1711 5292 tempus
1732 5239 1836 5278 sua:
1868 5239 1954 5278 or-

375 5292 675 5363 dinationis,
707 5303 762 5349 ut
791 5294 982 5349 Leonis
1010 5292 1082 5348 ΙΧ
1111 5294 1287 5349 verbis
1316 5303 1453 5359 utar,
1487 5298 1691 5351 censeri
1722 5297 1908 5350 solitos
1934 5314 1949 5351 :

375 5380 533 5439 atque
578 5369 699 5424 ideo
724 5383 865 5421 senes
914 5367 1336 5437 appellabantur.
1358 5368 1580 5439 Insuper
1609 5370 1660 5419 in
1690 5366 1953 5439 suffragiis

373 5437 610 5497 ferendis
633 5441 679 5494 is
708 5439 804 5494 fuit
824 5454 941 5495 mos
964 5446 1270 5509 perpetuus,
1302 5447 1359 5491 ut
1384 5438 1417 5491 ii
1445 5441 1532 5508 qui
1565 5439 1719 5507 primi
1745 5437 1809 5491 ad
1836 5438 1953 5505 epi-

374 5523 650 5583 scopatum
684 5511 932 5581 promoti,
969 5508 1118 5583 ante
1141 5508 1640 5583 alios_senteutiam
1686 5509 1949 5583 dicerent.

373 5578 551 5652 Quare
599 5578 715 5653 illos
740 5584 828 5653 qui
879 5583 963 5636 hic
1004 5580 1246 5653 ordinem
1276 5578 1512 5647 ducunt,
1555 5582 1950 5653 provinciarum

374 5650 630 5725 primates
673 5650 835 5708 fuisse
872 5654 1141 5709 existimo.
1202 5651 1416 5721 Septem
1469 5650 1953 5725 qttidemdecrunt

372 5723 689 5794 partitiones
735 5726 946 5787 Africte,
1004 5734 1248 5790 respectu
1296 5723 1568 5792 regiminis
1618 5723 1787 5794 civilis
1815 5739 1827 5779 :
1858 5724 1951 5794 sed

375 5793 485 5849 tres
513 5805 718 5848 tantum
741 5794 901 5864 fuisse
925 5794 1341 5864 ecclesiasticas,
1359 5810 1423 5849 ex
1453 5794 1640 5864 synodi
1671 5793 1825 5851 huius
1848 5793 1950 5864 iui-

376 5865 450 5916 tio
475 5864 629 5916 datur
656 5863 898 5932 intelligi.
919 5863 1149 5918 FELLUS.
1175 5863 1370 5919 ——Vid.
1397 5878 1579 5934 supra,
1611 5881 1663 5934 p.
1699 5865 1823 5920 151.
1844 5863 1951 5921 Νο-

2062 4586 2254 4638 stianos
2273 4585 2466 4654 faciunt
2494 4582 2514 4635 .'
2536 4580 2651 4636 Non
2681 4584 2926 4652 displicet
2950 4593 3128 4639 tamen
3151 4577 3312 4639 lectio
3341 4597 3457 4653 qua:
3476 4577 3610 4634 habet

2063 4655 2183 4724 falsi
2208 4656 2402 4709 christi.
2425 4654 2626 4729 Bapuz.
2663 4684 2733 4729 f—
2760 4655 3026 4729 Pamelius
3046 4670 3260 4729 quoque
3280 4664 3499 4729 quatuor
3521 4664 3607 4729 meo

2064 4722 2368 4780 inoravcrat
2414 4726 2650 4789 codices,
2681 4726 2731 4778 in
2778 4727 2968 4793 quibus
3016 4722 3311 4796 legebatur
3340 4724 3458 4794 falsi
3495 4722 3607 4775 chri-

2059 4799 2232 4851 stiani.
2266 4798 2369 4853 Sed
2417 4798 2637 4851 alteram
2691 4798 2933 4851 revocavi
2979 4796 3329 4861 locutionem,
3375 4810 3487 4866 qum
3509 4803 3607 4866 cuin

2061 4871 2221 4939 petita
2271 4877 2414 4922 esset
2466 4882 2531 4922 ex
2582 4866 2766 4922 Matth.
2803 4884 2946 4933 xxw,
2988 4867 3082 4929 Ἦ,
3115 4876 3170 4923 et
3203 4867 3371 4921 Marc.
3394 4862 3505 4939 'xut,
3532 4862 3606 4939 ἐξ.

2058 4931 2170 4994 ium
2200 4956 2227 4993 a
2260 4939 2573 4995 Firmiliano
2616 4940 2665 4991 in
2721 4931 2941 4993 celebri
2971 4939 3259 4993 adhibetur
3304 4937 3536 5005 epistola.
3557 4931 3610 4985 Et

2060 5022 2225 5065 tamen
2275 5028 2374 5063 non
2424 5009 2577 5079 pudet
2622 5010 2955 5078 Stephanum,
2989 5010 3161 5079 inquit
3191 5010 3299 5075 ille,
3329 5007 3610 5079 Cyprianum

2060 5082 2522 5151 pscudochristum
2549 5091 2593 5134 et
2640 5079 3114 5152 psettdoapostolum
3137 5090 3182 5135 et
3210 5082 3441 5135 dolosam
3463 5090 3608 5147 opere-

2057 5154 2190 5207 rium
2218 5154 2404 5206 dicere.
2434 5152 2639 5207 Rouru.

2131 5222 2234 5289 Qui
2270 5224 2432 5291 ﬁdens
2473 5234 2541 5275 est
2579 5226 2630 5277 in
2671 5223 2834 5292 falsis,
2864 5231 2968 5278 etc.
3021 5222 3214 5278 Omnia
3240 5223 3378 5289 hrcc,
3422 5232 3532 5292 qum
3554 5230 3607 5271 ex

2057 5297 2230 5363 capite
2262 5311 2402 5348 nono
2454 5294 2839 5349 Proverbiorum
2884 5296 3179 5349 secundum
3209 5311 3310 5350 ιιι
3359 5294 3606 5363 desumpta

2057 5362 2200 5431 sunt,
2235 5375 2492 5437 respuunt
2540 5366 2868 5436 exemplaria
2895 5365 3057 5422 Hebr.
3093 5366 3403 5491 etRVulgata
3427 5362 3600 5429 luterp.

3197 5453 3356 5491 onru.

3197 5453 3356 5493 (ΗΠΒ.

2132 5507 2407 5565 Extraneo.
2430 5508 2681 5577 Quamvis
2719 5507 2819 5563 alia
2872 5509 3050 5573 lectio,
3078 5525 3199 5578 quae
3233 5510 3388 5562 habet
3438 5505 3597 5562 alieno.

2058 5581 2196 5636 bona
2246 5582 2353 5647 sit,
2386 5592 2602 5636 coactus
2629 5596 2743 5634 sum
2792 5590 2997 5634 mutare
3026 5589 3243 5650 propter
3265 5581 3599 5650 auctoritatem

2056 5662 2292 5707 veterum
2333 5651 2715 5719 exemplarium
2761 5668 2776 5714 ;
2827 5648 3039 5705 etenim
3084 5660 3324 5704 extraneo
3373 5648 3596 5719 scriptum

2056 5724 2232 5779 inveni
2286 5724 2338 5778 in
2386 5715 2766 5792 septennlecim
2815 5722 2966 5776 libris
3009 5724 3208 5777 nostris
3250 5731 3303 5775 et
3342 5720 3391 5773 in
3420 5715 3595 5792 duobus

2055 5795 2403 5865 Αιιῧὶίοπηῖες
2451 5786 2618 5849 immo
2668 5793 3106 5865 monastericnsis
3139 5836 3155 5859 ,
3190 5794 3240 5847 in
3284 5805 3385 5865 quo
3411 5786 3594 5865 legitur

2055 5859 2283 5934 eaztEruo,
2310 5866 2498 5937 probat
2549 5868 2685 5922 hanc
2725 5864 3074 5921 mutationem
3122 5879 3241 5920 esse
3287 5859 3585 5929 legitimam:
