  <div class='ocr_page' id='page_1' title='image "/cluster/home/n/w/nwhite01/storage/ocr_20150623/3/uva.x000669812/578.png"; bbox 0 0 3742 6282; ppageno 0'>
   <div class='ocr_carea' id='block_1_1' title="bbox 145 312 3367 412">
    <p class='ocr_par' dir='ltr' id='par_1_1' title="bbox 145 312 3367 412">
     <span class='ocr_line' id='line_1_1' title="bbox 145 312 3367 412; baseline 0.013 -42"><span class='ocrx_word' id='word_1_1' title='bbox 145 313 276 371; x_wconf 70' lang='lat'><strong>10:57</strong></span> <span class='ocrx_word' id='word_1_2' title='bbox 1265 312 1574 379; x_wconf 83' lang='lat' dir='ltr'><strong>CONCILIA</strong></span> <span class='ocrx_word' id='word_1_3' title='bbox 1613 314 2229 393; x_wconf 79' lang='lat' dir='ltr'><strong>CARTHAGINENSIA.</strong></span> <span class='ocrx_word' id='word_1_4' title='bbox 3227 349 3367 412; x_wconf 73' lang='lat' dir='ltr'><strong>loss</strong></span> 
     </span>
    </p>
   </div>
   <div class='ocr_carea' id='block_1_2' title="bbox 136 427 3368 526">
    <p class='ocr_par' dir='ltr' id='par_1_2' title="bbox 136 427 3368 526">
     <span class='ocr_line' id='line_1_2' title="bbox 136 427 3368 526; baseline 0.014 -45"><span class='ocrx_word' id='word_1_5' title='bbox 136 430 225 494; x_wconf 83' lang='lat' dir='ltr'><strong>ris,</strong></span> <span class='ocrx_word' id='word_1_6' title='bbox 248 435 295 481; x_wconf 79' lang='lat' dir='ltr'><strong>ut</strong></span> <span class='ocrx_word' id='word_1_7' title='bbox 318 427 517 497; x_wconf 82' lang='lat' dir='ltr'><strong>longum</strong></span> <span class='ocrx_word' id='word_1_8' title='bbox 546 428 681 482; x_wconf 78' lang='lat' dir='ltr'><strong>uiuas</strong></span> <span class='ocrx_word' id='word_1_9' title='bbox 702 435 914 500; x_wconf 86' lang='lat' dir='ltr'><strong>tempus,</strong></span> <span class='ocrx_word' id='word_1_10' title='bbox 944 432 1255 496; x_wconf 76' lang='lat' dir='ltr'><strong>adjiciantur</strong></span> <span class='ocrx_word' id='word_1_11' title='bbox 1278 441 1429 495; x_wconf 87' lang='lat' dir='ltr'><strong>etiam</strong></span> <span class='ocrx_word' id='word_1_12' title='bbox 1452 440 1541 496; x_wconf 85' lang='lat' dir='ltr'><strong>tibi</strong></span> <span class='ocrx_word' id='word_1_13' title='bbox 1564 444 1685 497; x_wconf 86' lang='lat' dir='ltr'><strong>anni</strong></span> <span class='ocrx_word' id='word_1_14' title='bbox 1711 444 1764 504; x_wconf 80' lang='grc' dir='ltr'><strong>Α</strong></span> <span class='ocrx_word' id='word_1_15' title='bbox 1789 446 1989 504; x_wconf 89' lang='lat' dir='ltr'><strong>sionem</strong></span> <span class='ocrx_word' id='word_1_16' title='bbox 2006 450 2224 521; x_wconf 80' lang='lat' dir='ltr'><strong>faciunt,</strong></span> <span class='ocrx_word' id='word_1_17' title='bbox 2252 452 2354 510; x_wconf 93' lang='lat' dir='ltr'><strong>hoc</strong></span> <span class='ocrx_word' id='word_1_18' title='bbox 2371 463 2454 511; x_wconf 90' lang='lat' dir='ltr'><strong>est</strong></span> <span class='ocrx_word' id='word_1_19' title='bbox 2475 456 2850 516; x_wconf 89' lang='lat' dir='ltr'><strong>schismaticos</strong></span> <span class='ocrx_word' id='word_1_20' title='bbox 2870 470 2923 517; x_wconf 89' lang='lat' dir='ltr'><strong>et</strong></span> <span class='ocrx_word' id='word_1_21' title='bbox 2937 461 3239 523; x_wconf 66' lang='lat' dir='ltr'><strong>haereticos.</strong></span> <span class='ocrx_word' id='word_1_22' title='bbox 3255 468 3368 526; x_wconf 86' lang='lat' dir='ltr'><strong>Nisi</strong></span> 
     </span>
    </p>
   </div>
   <div class='ocr_carea' id='block_1_3' title="bbox 133 517 3365 615">
    <p class='ocr_par' dir='ltr' id='par_1_3' title="bbox 133 517 3365 615">
     <span class='ocr_line' id='line_1_3' title="bbox 133 517 3365 615; baseline 0.013 -42"><span class='ocrx_word' id='word_1_23' title='bbox 133 521 253 575; x_wconf 69' lang='lat' dir='ltr'><strong>vita.</strong></span> <span class='ocrx_word' id='word_1_24' title='bbox 284 519 341 573; x_wconf 86' lang='lat' dir='ltr'><strong>Et</strong></span> <span class='ocrx_word' id='word_1_25' title='bbox 360 519 411 572; x_wconf 89' lang='lat' dir='ltr'><strong>in</strong></span> <span class='ocrx_word' id='word_1_26' title='bbox 427 517 716 591; x_wconf 85' lang='lat' dir='ltr'><strong>Evangelia</strong></span> <span class='ocrx_word' id='word_1_27' title='bbox 737 521 913 577; x_wconf 89' lang='lat' dir='ltr'><strong>divina</strong></span> <span class='ocrx_word' id='word_1_28' title='bbox 937 541 1031 581; x_wconf 87' lang='lat' dir='ltr'><strong>sua</strong></span> <span class='ocrx_word' id='word_1_29' title='bbox 1063 542 1191 585; x_wconf 89' lang='lat' dir='ltr'><strong>voce</strong></span> <span class='ocrx_word' id='word_1_30' title='bbox 1216 530 1473 589; x_wconf 91' lang='lat' dir='ltr'><strong>Dominus</strong></span> <span class='ocrx_word' id='word_1_31' title='bbox 1503 546 1685 589; x_wconf 87' lang='lat' dir='ltr'><strong>noster</strong></span> <span class='ocrx_word' id='word_1_32' title='bbox 1786 552 1913 610; x_wconf 83' lang='lat' dir='ltr'><strong>ergo</strong></span> <span class='ocrx_word' id='word_1_33' title='bbox 1938 545 2244 613; x_wconf 86' lang='lat' dir='ltr'><strong>acceperint</strong></span> <span class='ocrx_word' id='word_1_34' title='bbox 2269 545 2538 615; x_wconf 90' lang='lat' dir='ltr'><strong>Baptisma</strong></span> <span class='ocrx_word' id='word_1_35' title='bbox 2566 550 2799 607; x_wconf 85' lang='lat' dir='ltr'><strong>salutare</strong></span> <span class='ocrx_word' id='word_1_36' title='bbox 2826 552 2880 607; x_wconf 90' lang='lat' dir='ltr'><strong>in</strong></span> <span class='ocrx_word' id='word_1_37' title='bbox 2910 553 3149 612; x_wconf 82' lang='lat' dir='ltr'><strong>Ecclesia</strong></span> <span class='ocrx_word' id='word_1_38' title='bbox 3174 559 3365 615; x_wconf 84' lang='lat' dir='ltr'><strong>catha-</strong></span> 
     </span>
    </p>
   </div>
   <div class='ocr_carea' id='block_1_4' title="bbox 135 612 3361 717">
    <p class='ocr_par' dir='ltr' id='par_1_4' title="bbox 135 612 3361 717">
     <span class='ocr_line' id='line_1_4' title="bbox 135 612 3361 717; baseline 0.012 -48"><span class='ocrx_word' id='word_1_39' title='bbox 135 614 271 670; x_wconf 86' lang='lat' dir='ltr'><strong>Jesus</strong></span> <span class='ocrx_word' id='word_1_40' title='bbox 295 612 530 669; x_wconf 86' lang='lat' dir='ltr'><strong>Christus</strong></span> <span class='ocrx_word' id='word_1_41' title='bbox 571 615 776 671; x_wconf 86' lang='lat' dir='ltr'><strong>locutus</strong></span> <span class='ocrx_word' id='word_1_42' title='bbox 816 627 900 674; x_wconf 79' lang='lat' dir='ltr'><strong>est</strong></span> <span class='ocrx_word' id='word_1_43' title='bbox 938 619 1159 678; x_wconf 85' lang='lat' dir='ltr'><strong>dicens:</strong></span> <span class='ocrx_word' id='word_1_44' title='bbox 1186 623 1304 680; x_wconf 85' lang='lat' dir='ltr'><strong>Nisi</strong></span> <span class='ocrx_word' id='word_1_45' title='bbox 1338 629 1450 697; x_wconf 87' lang='lat' dir='ltr'><strong>quis</strong></span> <span class='ocrx_word' id='word_1_46' title='bbox 1477 640 1682 684; x_wconf 88' lang='lat' dir='ltr'><strong>renatus</strong></span> <span class='ocrx_word' id='word_1_47' title='bbox 1784 632 1903 698; x_wconf 87' lang='lat' dir='ltr'><strong>lica,</strong></span> <span class='ocrx_word' id='word_1_48' title='bbox 1933 651 2051 706; x_wconf 79' lang='lat' dir='ltr'><strong>quae</strong></span> <span class='ocrx_word' id='word_1_49' title='bbox 2076 652 2175 692; x_wconf 89' lang='lat' dir='ltr'><strong>una</strong></span> <span class='ocrx_word' id='word_1_50' title='bbox 2202 650 2286 694; x_wconf 89' lang='lat' dir='ltr'><strong>est</strong></span> <span class='ocrx_word' id='word_1_51' title='bbox 2308 682 2323 707; x_wconf 92' lang='lat'><strong>,</strong></span> <span class='ocrx_word' id='word_1_52' title='bbox 2352 641 2483 697; x_wconf 88' lang='lat' dir='ltr'><strong>salvi</strong></span> <span class='ocrx_word' id='word_1_53' title='bbox 2526 657 2645 699; x_wconf 91' lang='lat' dir='ltr'><strong>esse</strong></span> <span class='ocrx_word' id='word_1_54' title='bbox 2670 660 2776 700; x_wconf 92' lang='lat' dir='ltr'><strong>non</strong></span> <span class='ocrx_word' id='word_1_55' title='bbox 2805 657 3068 717; x_wconf 91' lang='lat' dir='ltr'><strong>possunt,</strong></span> <span class='ocrx_word' id='word_1_56' title='bbox 3114 650 3207 707; x_wconf 80' lang='lat' dir='ltr'><strong>sed</strong></span> <span class='ocrx_word' id='word_1_57' title='bbox 3238 667 3361 709; x_wconf 91' lang='lat' dir='ltr'><strong>cum</strong></span> 
     </span>
    </p>
   </div>
   <div class='ocr_carea' id='block_1_5' title="bbox 130 707 3286 801">
    <p class='ocr_par' dir='ltr' id='par_1_5' title="bbox 130 707 3286 801">
     <span class='ocr_line' id='line_1_5' title="bbox 130 707 3286 801; baseline 0.013 -41"><span class='ocrx_word' id='word_1_58' title='bbox 130 707 263 777; x_wconf 75' lang='lat' dir='ltr'><strong>fuerit</strong></span> <span class='ocrx_word' id='word_1_59' title='bbox 287 721 346 761; x_wconf 78' lang='lat' dir='ltr'><strong>ea:</strong></span> <span class='ocrx_word' id='word_1_60' title='bbox 370 722 503 777; x_wconf 85' lang='lat' dir='ltr'><strong>aqua</strong></span> <span class='ocrx_word' id='word_1_61' title='bbox 536 717 584 763; x_wconf 91' lang='lat' dir='ltr'><strong>et</strong></span> <span class='ocrx_word' id='word_1_62' title='bbox 610 709 811 780; x_wconf 87' lang='lat' dir='ltr'><strong>Spiritu</strong></span> <span class='ocrx_word' id='word_1_63' title='bbox 836 729 936 768; x_wconf 88' lang='lat' dir='ltr'><strong>non</strong></span> <span class='ocrx_word' id='word_1_64' title='bbox 966 726 1126 784; x_wconf 89' lang='lat' dir='ltr'><strong>potest</strong></span> <span class='ocrx_word' id='word_1_65' title='bbox 1154 717 1363 774; x_wconf 78' lang='lat' dir='ltr'><strong><em>introire</em></strong></span> <span class='ocrx_word' id='word_1_66' title='bbox 1390 721 1443 774; x_wconf 87' lang='lat' dir='ltr'><strong>in</strong></span> <span class='ocrx_word' id='word_1_67' title='bbox 1472 737 1681 794; x_wconf 81' lang='lat' dir='ltr'><strong><em>regnum</em></strong></span> <span class='ocrx_word' id='word_1_68' title='bbox 1782 728 2081 785; x_wconf 90' lang='lat' dir='ltr'><strong>carnalibus</strong></span> <span class='ocrx_word' id='word_1_69' title='bbox 2106 731 2159 786; x_wconf 90' lang='lat' dir='ltr'><strong>in</strong></span> <span class='ocrx_word' id='word_1_70' title='bbox 2180 732 2383 801; x_wconf 91' lang='lat' dir='ltr'><strong>judicio</strong></span> <span class='ocrx_word' id='word_1_71' title='bbox 2410 735 2617 792; x_wconf 91' lang='lat' dir='ltr'><strong>Domini</strong></span> <span class='ocrx_word' id='word_1_72' title='bbox 2638 707 2840 795; x_wconf 75' lang='lat' dir='ltr'><strong>Chrisii</strong></span> <span class='ocrx_word' id='word_1_73' title='bbox 2869 739 3286 800; x_wconf 83' lang='lat' dir='ltr'><strong>damnabantur.</strong></span> 
     </span>
    </p>
   </div>
   <div class='ocr_carea' id='block_1_6' title="bbox 131 797 1674 884">
    <p class='ocr_par' dir='ltr' id='par_1_6' title="bbox 131 797 1674 884">
     <span class='ocr_line' id='line_1_6' title="bbox 131 797 1674 884; baseline 0.011 -28"><span class='ocrx_word' id='word_1_74' title='bbox 131 799 221 856; x_wconf 86' lang='lat' dir='ltr'><strong>Dei</strong></span> <span class='ocrx_word' id='word_1_75' title='bbox 242 797 405 874; x_wconf 84' lang='lat' dir='ltr'><strong>(Joan.</strong></span> <span class='ocrx_word' id='word_1_76' title='bbox 432 818 512 868; x_wconf 85' lang='grc' dir='ltr'>ιιι,</span> <span class='ocrx_word' id='word_1_77' title='bbox 542 803 622 874; x_wconf 85' lang='lat'><strong>5).</strong></span> <span class='ocrx_word' id='word_1_78' title='bbox 654 804 750 860; x_wconf 87' lang='lat' dir='ltr'><strong>Hic</strong></span> <span class='ocrx_word' id='word_1_79' title='bbox 773 817 856 863; x_wconf 85' lang='lat' dir='ltr'><strong>est</strong></span> <span class='ocrx_word' id='word_1_80' title='bbox 883 809 1113 879; x_wconf 78' lang='lat' dir='ltr'><strong>Spiritus</strong></span> <span class='ocrx_word' id='word_1_81' title='bbox 1141 814 1231 884; x_wconf 89' lang='lat' dir='ltr'><strong>qui</strong></span> <span class='ocrx_word' id='word_1_82' title='bbox 1256 814 1324 869; x_wconf 89' lang='lat' dir='ltr'><strong>ab</strong></span> <span class='ocrx_word' id='word_1_83' title='bbox 1351 815 1503 871; x_wconf 91' lang='lat' dir='ltr'><strong>initio</strong></span> <span class='ocrx_word' id='word_1_84' title='bbox 1534 812 1674 873; x_wconf 80' lang='lat' dir='ltr'><strong>lere-</strong></span> 
     </span>
    </p>
   </div>
   <div class='ocr_carea' id='block_1_7' title="bbox 128 893 1673 980">
    <p class='ocr_par' dir='ltr' id='par_1_7' title="bbox 128 893 1673 980">
     <span class='ocr_line' id='line_1_7' title="bbox 128 893 1673 980; baseline 0.011 -30"><span class='ocrx_word' id='word_1_85' title='bbox 128 893 262 950; x_wconf 85' lang='lat' dir='ltr'><strong>batur</strong></span> <span class='ocrx_word' id='word_1_86' title='bbox 294 909 447 964; x_wconf 82' lang='lat' dir='ltr'><strong>super</strong></span> <span class='ocrx_word' id='word_1_87' title='bbox 485 911 669 967; x_wconf 82' lang='lat' dir='ltr'><strong>aquas.</strong></span> <span class='ocrx_word' id='word_1_88' title='bbox 711 898 897 971; x_wconf 80' lang='lat' dir='ltr'><strong>Neque</strong></span> <span class='ocrx_word' id='word_1_89' title='bbox 937 903 1078 957; x_wconf 90' lang='lat' dir='ltr'><strong>enim</strong></span> <span class='ocrx_word' id='word_1_90' title='bbox 1120 904 1352 976; x_wconf 82' lang='lat' dir='ltr'><strong>Spiritus</strong></span> <span class='ocrx_word' id='word_1_91' title='bbox 1379 909 1495 963; x_wconf 87' lang='lat' dir='ltr'><strong>sine</strong></span> <span class='ocrx_word' id='word_1_92' title='bbox 1536 924 1673 980; x_wconf 87' lang='lat' dir='ltr'><strong>aqua</strong></span> 
     </span>
    </p>
   </div>
   <div class='ocr_carea' id='block_1_8' title="bbox 129 988 1673 1072">
    <p class='ocr_par' dir='ltr' id='par_1_8' title="bbox 129 988 1673 1072">
     <span class='ocr_line' id='line_1_8' title="bbox 129 988 1673 1072; baseline 0.009 -28"><span class='ocrx_word' id='word_1_93' title='bbox 129 988 306 1061; x_wconf 83' lang='lat' dir='ltr'><strong>operari</strong></span> <span class='ocrx_word' id='word_1_94' title='bbox 323 997 511 1059; x_wconf 91' lang='lat' dir='ltr'><strong>potest,</strong></span> <span class='ocrx_word' id='word_1_95' title='bbox 536 1005 707 1063; x_wconf 79' lang='lat' dir='ltr'><strong>neque</strong></span> <span class='ocrx_word' id='word_1_96' title='bbox 726 1009 859 1065; x_wconf 87' lang='lat' dir='ltr'><strong>aqua</strong></span> <span class='ocrx_word' id='word_1_97' title='bbox 880 994 996 1052; x_wconf 87' lang='lat' dir='ltr'><strong>sine</strong></span> <span class='ocrx_word' id='word_1_98' title='bbox 1024 996 1248 1068; x_wconf 76' lang='lat' dir='ltr'><strong>Spiritu.</strong></span> <span class='ocrx_word' id='word_1_99' title='bbox 1268 999 1402 1056; x_wconf 84' lang='lat' dir='ltr'><strong>Male</strong></span> <span class='ocrx_word' id='word_1_100' title='bbox 1424 1017 1552 1072; x_wconf 85' lang='lat' dir='ltr'><strong>ergo</strong></span> <span class='ocrx_word' id='word_1_101' title='bbox 1571 1002 1673 1058; x_wconf 86' lang='lat' dir='ltr'><strong>sibi</strong></span> 
     </span>
    </p>
   </div>
   <div class='ocr_carea' id='block_1_9' title="bbox 132 1082 1672 1164">
    <p class='ocr_par' dir='ltr' id='par_1_9' title="bbox 132 1082 1672 1164">
     <span class='ocr_line' id='line_1_9' title="bbox 132 1082 1672 1164; baseline 0.01 -30"><span class='ocrx_word' id='word_1_102' title='bbox 132 1082 311 1154; x_wconf 80' lang='lat' dir='ltr'><strong>quidam</strong></span> <span class='ocrx_word' id='word_1_103' title='bbox 336 1082 750 1152; x_wconf 78' lang='lat' dir='ltr'><strong>interpretantur</strong></span> <span class='ocrx_word' id='word_1_104' title='bbox 775 1095 833 1141; x_wconf 88' lang='lat' dir='ltr'><strong>ut</strong></span> <span class='ocrx_word' id='word_1_105' title='bbox 853 1086 1032 1144; x_wconf 85' lang='lat' dir='ltr'><strong>dicant</strong></span> <span class='ocrx_word' id='word_1_106' title='bbox 1061 1089 1203 1161; x_wconf 87' lang='lat' dir='ltr'><strong>quod</strong></span> <span class='ocrx_word' id='word_1_107' title='bbox 1231 1106 1326 1164; x_wconf 90' lang='lat' dir='ltr'><strong>per</strong></span> <span class='ocrx_word' id='word_1_108' title='bbox 1356 1108 1545 1150; x_wconf 90' lang='lat' dir='ltr'><strong>manus</strong></span> <span class='ocrx_word' id='word_1_109' title='bbox 1576 1096 1672 1150; x_wconf 91' lang='lat' dir='ltr'><strong>im-</strong></span> 
     </span>
    </p>
   </div>
   <div class='ocr_carea' id='block_1_10' title="bbox 125 1176 1669 1256">
    <p class='ocr_par' dir='ltr' id='par_1_10' title="bbox 125 1176 1669 1256">
     <span class='ocr_line' id='line_1_10' title="bbox 125 1176 1669 1256; baseline 0.01 -28"><span class='ocrx_word' id='word_1_110' title='bbox 125 1176 404 1246; x_wconf 83' lang='lat' dir='ltr'><strong>positionem</strong></span> <span class='ocrx_word' id='word_1_111' title='bbox 431 1176 688 1247; x_wconf 88' lang='lat' dir='ltr'><strong>Spiritum</strong></span> <span class='ocrx_word' id='word_1_112' title='bbox 725 1191 965 1237; x_wconf 88' lang='lat' dir='ltr'><strong>sanctum</strong></span> <span class='ocrx_word' id='word_1_113' title='bbox 1007 1185 1272 1256; x_wconf 85' lang='lat' dir='ltr'><strong>accipiant</strong></span> <span class='ocrx_word' id='word_1_114' title='bbox 1317 1197 1368 1243; x_wconf 91' lang='lat' dir='ltr'><strong>et</strong></span> <span class='ocrx_word' id='word_1_115' title='bbox 1412 1190 1489 1243; x_wconf 91' lang='lat' dir='ltr'><strong>sic</strong></span> <span class='ocrx_word' id='word_1_116' title='bbox 1533 1190 1669 1245; x_wconf 91' lang='lat' dir='ltr'><strong>reci-</strong></span> 
     </span>
    </p>
   </div>
   <div class='ocr_carea' id='block_1_11' title="bbox 122 1269 1670 1349">
    <p class='ocr_par' dir='ltr' id='par_1_11' title="bbox 122 1269 1670 1349">
     <span class='ocr_line' id='line_1_11' title="bbox 122 1269 1670 1349; baseline 0.01 -25"><span class='ocrx_word' id='word_1_117' title='bbox 122 1269 320 1339; x_wconf 85' lang='lat' dir='ltr'><strong>piantur,</strong></span> <span class='ocrx_word' id='word_1_118' title='bbox 338 1284 456 1327; x_wconf 90' lang='lat' dir='ltr'><strong>cum</strong></span> <span class='ocrx_word' id='word_1_119' title='bbox 484 1271 825 1329; x_wconf 77' lang='lat' dir='ltr'><strong>manifestum</strong></span> <span class='ocrx_word' id='word_1_120' title='bbox 856 1275 927 1331; x_wconf 91' lang='lat' dir='ltr'><strong>sit</strong></span> <span class='ocrx_word' id='word_1_121' title='bbox 949 1285 1174 1349; x_wconf 87' lang='lat' dir='ltr'><strong>utroque</strong></span> <span class='ocrx_word' id='word_1_122' title='bbox 1199 1279 1546 1337; x_wconf 89' lang='lat' dir='ltr'><strong>Sacramenta</strong></span> <span class='ocrx_word' id='word_1_123' title='bbox 1575 1283 1670 1339; x_wconf 91' lang='lat' dir='ltr'><strong>de-</strong></span> 
     </span>
    </p>
   </div>
   <div class='ocr_carea' id='block_1_12' title="bbox 121 1361 1669 1447">
    <p class='ocr_par' dir='ltr' id='par_1_12' title="bbox 121 1361 1669 1447">
     <span class='ocr_line' id='line_1_12' title="bbox 121 1361 1669 1447; baseline 0.01 -31"><span class='ocrx_word' id='word_1_124' title='bbox 121 1361 230 1417; x_wconf 83' lang='lat' dir='ltr'><strong>bere</strong></span> <span class='ocrx_word' id='word_1_125' title='bbox 254 1376 340 1417; x_wconf 89' lang='lat' dir='ltr'><strong>eos</strong></span> <span class='ocrx_word' id='word_1_126' title='bbox 376 1365 582 1419; x_wconf 87' lang='lat' dir='ltr'><strong>renasci</strong></span> <span class='ocrx_word' id='word_1_127' title='bbox 614 1366 667 1421; x_wconf 93' lang='lat' dir='ltr'><strong>in</strong></span> <span class='ocrx_word' id='word_1_128' title='bbox 697 1367 933 1425; x_wconf 84' lang='lat' dir='ltr'><strong>Ecclesia</strong></span> <span class='ocrx_word' id='word_1_129' title='bbox 970 1370 1252 1428; x_wconf 86' lang='lat' dir='ltr'><strong>catholica.</strong></span> <span class='ocrx_word' id='word_1_130' title='bbox 1284 1373 1434 1429; x_wconf 90' lang='lat' dir='ltr'><strong>Tunc</strong></span> <span class='ocrx_word' id='word_1_131' title='bbox 1471 1377 1669 1447; x_wconf 86' lang='lat' dir='ltr'><strong>quippe</strong></span> 
     </span>
    </p>
   </div>
   <div class='ocr_carea' id='block_1_13' title="bbox 124 1457 1671 1537">
    <p class='ocr_par' dir='ltr' id='par_1_13' title="bbox 124 1457 1671 1537">
     <span class='ocr_line' id='line_1_13' title="bbox 124 1457 1671 1537; baseline 0.011 -28"><span class='ocrx_word' id='word_1_132' title='bbox 124 1464 339 1525; x_wconf 81' lang='lat' dir='ltr'><strong>poterunt</strong></span> <span class='ocrx_word' id='word_1_133' title='bbox 358 1457 448 1512; x_wconf 87' lang='lat' dir='ltr'><strong>lilii</strong></span> <span class='ocrx_word' id='word_1_134' title='bbox 469 1459 561 1515; x_wconf 88' lang='lat' dir='ltr'><strong>Dei</strong></span> <span class='ocrx_word' id='word_1_135' title='bbox 585 1475 728 1529; x_wconf 88' lang='lat' dir='ltr'><strong>esse,</strong></span> <span class='ocrx_word' id='word_1_136' title='bbox 751 1463 963 1521; x_wconf 87' lang='lat' dir='ltr'><strong>dicente</strong></span> <span class='ocrx_word' id='word_1_137' title='bbox 982 1466 1241 1537; x_wconf 86' lang='lat' dir='ltr'><strong>Apostolo</strong></span> <span class='ocrx_word' id='word_1_138' title='bbox 1266 1485 1280 1521; x_wconf 90' lang='lat'><strong>:</strong></span> <span class='ocrx_word' id='word_1_139' title='bbox 1304 1468 1549 1525; x_wconf 79' lang='lat' dir='ltr'><strong>Curantes</strong></span> <span class='ocrx_word' id='word_1_140' title='bbox 1568 1488 1671 1526; x_wconf 84' lang='lat' dir='ltr'><strong>scr-</strong></span> 
     </span>
    </p>
   </div>
   <div class='ocr_carea' id='block_1_14' title="bbox 121 1553 1664 1638">
    <p class='ocr_par' dir='ltr' id='par_1_14' title="bbox 121 1553 1664 1638">
     <span class='ocr_line' id='line_1_14' title="bbox 121 1553 1664 1638; baseline 0.012 -33"><span class='ocrx_word' id='word_1_141' title='bbox 121 1568 219 1606; x_wconf 70' lang='lat' dir='ltr'><strong>vare</strong></span> <span class='ocrx_word' id='word_1_142' title='bbox 231 1553 455 1609; x_wconf 82' lang='lat' dir='ltr'><strong>unitatem</strong></span> <span class='ocrx_word' id='word_1_143' title='bbox 484 1553 711 1626; x_wconf 86' lang='lat' dir='ltr'><strong>Spiritus</strong></span> <span class='ocrx_word' id='word_1_144' title='bbox 735 1560 790 1614; x_wconf 90' lang='lat' dir='ltr'><strong>in</strong></span> <span class='ocrx_word' id='word_1_145' title='bbox 814 1562 1170 1631; x_wconf 83' lang='lat' dir='ltr'><strong>coniunctione</strong></span> <span class='ocrx_word' id='word_1_146' title='bbox 1196 1568 1524 1638; x_wconf 86' lang='lat' dir='ltr'><strong>pacis,unum</strong></span> <span class='ocrx_word' id='word_1_147' title='bbox 1545 1586 1664 1623; x_wconf 87' lang='lat' dir='ltr'><strong>cor-</strong></span> 
     </span>
    </p>
   </div>
   <div class='ocr_carea' id='block_1_15' title="bbox 120 1648 1663 1729">
    <p class='ocr_par' dir='ltr' id='par_1_15' title="bbox 120 1648 1663 1729">
     <span class='ocr_line' id='line_1_15' title="bbox 120 1648 1663 1729; baseline 0.012 -31"><span class='ocrx_word' id='word_1_148' title='bbox 120 1654 260 1713; x_wconf 59' lang='lat' dir='ltr'><strong>pus,“</strong></span> <span class='ocrx_word' id='word_1_149' title='bbox 283 1663 413 1702; x_wconf 84' lang='lat' dir='ltr'><strong>unus</strong></span> <span class='ocrx_word' id='word_1_150' title='bbox 439 1648 690 1719; x_wconf 79' lang='lat' dir='ltr'><strong>Spiritus,</strong></span> <span class='ocrx_word' id='word_1_151' title='bbox 721 1653 853 1709; x_wconf 86' lang='lat' dir='ltr'><strong>sicut</strong></span> <span class='ocrx_word' id='word_1_152' title='bbox 881 1657 1045 1710; x_wconf 82' lang='lat' dir='ltr'><strong>vocati</strong></span> <span class='ocrx_word' id='word_1_153' title='bbox 1063 1659 1181 1713; x_wconf 84' lang='lat' dir='ltr'><strong>estis</strong></span> <span class='ocrx_word' id='word_1_154' title='bbox 1206 1659 1260 1712; x_wconf 87' lang='lat' dir='ltr'><strong>in</strong></span> <span class='ocrx_word' id='word_1_155' title='bbox 1283 1676 1387 1713; x_wconf 89' lang='lat' dir='ltr'><strong>una</strong></span> <span class='ocrx_word' id='word_1_156' title='bbox 1406 1678 1496 1729; x_wconf 88' lang='lat' dir='ltr'><strong>spe</strong></span> <span class='ocrx_word' id='word_1_157' title='bbox 1518 1678 1663 1716; x_wconf 83' lang='lat' dir='ltr'><strong>voca-</strong></span> 
     </span>
    </p>
   </div>
   <div class='ocr_carea' id='block_1_16' title="bbox 119 1737 1656 1822">
    <p class='ocr_par' dir='ltr' id='par_1_16' title="bbox 119 1737 1656 1822">
     <span class='ocr_line' id='line_1_16' title="bbox 119 1737 1656 1822; baseline 0.013 -33"><span class='ocrx_word' id='word_1_158' title='bbox 119 1737 238 1792; x_wconf 78' lang='lat' dir='ltr'><strong>tionis</strong></span> <span class='ocrx_word' id='word_1_159' title='bbox 251 1749 579 1804; x_wconf 61' lang='lat' dir='ltr'><strong>vestrwmnus</strong></span> <span class='ocrx_word' id='word_1_160' title='bbox 596 1741 864 1814; x_wconf 87' lang='lat' dir='ltr'><strong>Dominus,</strong></span> <span class='ocrx_word' id='word_1_161' title='bbox 889 1763 995 1802; x_wconf 89' lang='lat' dir='ltr'><strong>una</strong></span> <span class='ocrx_word' id='word_1_162' title='bbox 1017 1748 1165 1817; x_wconf 81' lang='lat' dir='ltr'><strong>ﬁdes,</strong></span> <span class='ocrx_word' id='word_1_163' title='bbox 1194 1765 1351 1805; x_wconf 87' lang='lat' dir='ltr'><strong>unum</strong></span> <span class='ocrx_word' id='word_1_164' title='bbox 1373 1750 1656 1822; x_wconf 86' lang='lat' dir='ltr'><strong>Baptisma,</strong></span> 
     </span>
    </p>
   </div>
   <div class='ocr_carea' id='block_1_17' title="bbox 1851 818 3362 907">
    <p class='ocr_par' dir='ltr' id='par_1_17' title="bbox 1851 818 3362 907">
     <span class='ocr_line' id='line_1_17' title="bbox 1851 818 3362 907; baseline 0.015 -34"><span class='ocrx_word' id='word_1_165' title='bbox 1851 818 2131 878; x_wconf 86' lang='lat' dir='ltr'><strong>Januarius</strong></span> <span class='ocrx_word' id='word_1_166' title='bbox 2149 839 2176 877; x_wconf 92' lang='lat' dir='ltr'><strong>a</strong></span> <span class='ocrx_word' id='word_1_167' title='bbox 2196 823 2457 882; x_wconf 89' lang='lat' dir='ltr'><strong>Lambese</strong></span> <span class='ocrx_word' id='word_1_168' title='bbox 2470 829 2605 883; x_wconf 83' lang='lat' dir='ltr'><strong>dixit</strong></span> <span class='ocrx_word' id='word_1_169' title='bbox 2621 846 2633 883; x_wconf 93' lang='lat'><strong>:</strong></span> <span class='ocrx_word' id='word_1_170' title='bbox 2649 831 2954 889; x_wconf 85' lang='lat' dir='ltr'><strong>Secundum</strong></span> <span class='ocrx_word' id='word_1_171' title='bbox 2968 834 3362 907; x_wconf 88' lang='lat' dir='ltr'><strong>Scripturarum</strong></span> 
     </span>
    </p>
   </div>
   <div class='ocr_carea' id='block_1_18' title="bbox 1780 917 3366 987">
    <p class='ocr_par' dir='ltr' id='par_1_18' title="bbox 1780 917 3366 987">
     <span class='ocr_line' id='line_1_18' title="bbox 1780 917 3366 987; baseline 0.016 -25"><span class='ocrx_word' id='word_1_172' title='bbox 1780 921 2081 968; x_wconf 88' lang='lat' dir='ltr'><strong>sanctarum</strong></span> <span class='ocrx_word' id='word_1_173' title='bbox 2109 917 2481 973; x_wconf 87' lang='lat' dir='ltr'><strong>auctoritatem</strong></span> <span class='ocrx_word' id='word_1_174' title='bbox 2507 919 2741 978; x_wconf 86' lang='lat' dir='ltr'><strong>decerno</strong></span> <span class='ocrx_word' id='word_1_175' title='bbox 2763 923 3046 982; x_wconf 82' lang='lat' dir='ltr'><strong>haereticos</strong></span> <span class='ocrx_word' id='word_1_176' title='bbox 3067 943 3256 986; x_wconf 90' lang='lat' dir='ltr'><strong>omnes</strong></span> <span class='ocrx_word' id='word_1_177' title='bbox 3276 930 3366 987; x_wconf 89' lang='lat' dir='ltr'><strong>ba-</strong></span> 
     </span>
    </p>
   </div>
   <div class='ocr_carea' id='block_1_19' title="bbox 1780 1004 3360 1082">
    <p class='ocr_par' dir='ltr' id='par_1_19' title="bbox 1780 1004 3360 1082">
     <span class='ocr_line' id='line_1_19' title="bbox 1780 1004 3360 1082; baseline 0.016 -25"><span class='ocrx_word' id='word_1_178' title='bbox 1780 1004 2074 1073; x_wconf 86' lang='lat' dir='ltr'><strong>ptizandos,</strong></span> <span class='ocrx_word' id='word_1_179' title='bbox 2104 1016 2158 1063; x_wconf 91' lang='lat' dir='ltr'><strong>et</strong></span> <span class='ocrx_word' id='word_1_180' title='bbox 2185 1009 2264 1063; x_wconf 92' lang='lat' dir='ltr'><strong>sic</strong></span> <span class='ocrx_word' id='word_1_181' title='bbox 2309 1011 2361 1065; x_wconf 92' lang='lat' dir='ltr'><strong>in</strong></span> <span class='ocrx_word' id='word_1_182' title='bbox 2390 1011 2680 1069; x_wconf 89' lang='lat' dir='ltr'><strong>Ecclesiam</strong></span> <span class='ocrx_word' id='word_1_183' title='bbox 2717 1027 2954 1073; x_wconf 86' lang='lat' dir='ltr'><strong>sanctam</strong></span> <span class='ocrx_word' id='word_1_184' title='bbox 2980 1021 3360 1082; x_wconf 90' lang='lat' dir='ltr'><strong>admittendos.</strong></span> 
     </span>
    </p>
   </div>
   <div class='ocr_carea' id='block_1_20' title="bbox 1848 1096 3359 1173">
    <p class='ocr_par' dir='ltr' id='par_1_20' title="bbox 1848 1096 3359 1173">
     <span class='ocr_line' id='line_1_20' title="bbox 1848 1096 3359 1173; baseline 0.015 -22"><span class='ocrx_word' id='word_1_185' title='bbox 1848 1096 2041 1152; x_wconf 89' lang='lat' dir='ltr'><strong>Lucius</strong></span> <span class='ocrx_word' id='word_1_186' title='bbox 2075 1114 2105 1153; x_wconf 90' lang='lat' dir='ltr'><strong>a</strong></span> <span class='ocrx_word' id='word_1_187' title='bbox 2139 1099 2325 1156; x_wconf 88' lang='lat' dir='ltr'><strong>Castra</strong></span> <span class='ocrx_word' id='word_1_188' title='bbox 2370 1102 2554 1160; x_wconf 73' lang='lat' dir='ltr'><strong>Galba:</strong></span> <span class='ocrx_word' id='word_1_189' title='bbox 2609 1106 2743 1161; x_wconf 76' lang='lat' dir='ltr'><strong>dixit</strong></span> <span class='ocrx_word' id='word_1_190' title='bbox 2778 1107 2948 1165; x_wconf 90' lang='lat' dir='ltr'><strong>:Cum</strong></span> <span class='ocrx_word' id='word_1_191' title='bbox 2995 1111 3254 1170; x_wconf 84' lang='lat' dir='ltr'><strong>Dominus</strong></span> <span class='ocrx_word' id='word_1_192' title='bbox 3303 1116 3359 1173; x_wconf 90' lang='lat' dir='ltr'><strong>in</strong></span> 
     </span>
    </p>
   </div>
   <div class='ocr_carea' id='block_1_21' title="bbox 1777 1186 3359 1269">
    <p class='ocr_par' dir='ltr' id='par_1_21' title="bbox 1777 1186 3359 1269">
     <span class='ocr_line' id='line_1_21' title="bbox 1777 1186 3359 1269; baseline 0.013 -27"><span class='ocrx_word' id='word_1_193' title='bbox 1777 1186 2062 1260; x_wconf 87' lang='lat' dir='ltr'><strong>Evangelia</strong></span> <span class='ocrx_word' id='word_1_194' title='bbox 2083 1207 2181 1247; x_wconf 88' lang='lat' dir='ltr'><strong>suo</strong></span> <span class='ocrx_word' id='word_1_195' title='bbox 2204 1192 2400 1249; x_wconf 77' lang='lat' dir='ltr'><strong>dixerit</strong></span> <span class='ocrx_word' id='word_1_196' title='bbox 2424 1214 2437 1250; x_wconf 88' lang='lat'><strong>:</strong></span> <span class='ocrx_word' id='word_1_197' title='bbox 2474 1194 2571 1251; x_wconf 82' lang='lat' dir='ltr'><strong>Vos</strong></span> <span class='ocrx_word' id='word_1_198' title='bbox 2596 1198 2713 1252; x_wconf 86' lang='lat' dir='ltr'><strong>estis</strong></span> <span class='ocrx_word' id='word_1_199' title='bbox 2734 1202 2812 1254; x_wconf 84' lang='lat' dir='ltr'><strong>sal</strong></span> <span class='ocrx_word' id='word_1_200' title='bbox 2836 1210 3003 1269; x_wconf 68' lang='lat' dir='ltr'><strong>terrae,</strong></span> <span class='ocrx_word' id='word_1_201' title='bbox 3028 1204 3072 1257; x_wconf 92' lang='lat' dir='ltr'><strong>si</strong></span> <span class='ocrx_word' id='word_1_202' title='bbox 3096 1215 3262 1260; x_wconf 89' lang='lat' dir='ltr'><strong>autem</strong></span> <span class='ocrx_word' id='word_1_203' title='bbox 3277 1209 3359 1262; x_wconf 86' lang='lat' dir='ltr'><strong>sal</strong></span> 
     </span>
    </p>
   </div>
   <div class='ocr_carea' id='block_1_22' title="bbox 1772 1280 3359 1359">
    <p class='ocr_par' dir='ltr' id='par_1_22' title="bbox 1772 1280 3359 1359">
     <span class='ocr_line' id='line_1_22' title="bbox 1772 1280 3359 1359; baseline 0.013 -25"><span class='ocrx_word' id='word_1_204' title='bbox 1772 1280 2081 1353; x_wconf 67' lang='lat' dir='ltr'><strong>infamatum</strong></span> <span class='ocrx_word' id='word_1_205' title='bbox 2120 1287 2304 1356; x_wconf 77' lang='lat' dir='ltr'><strong>fuerit,</strong></span> <span class='ocrx_word' id='word_1_206' title='bbox 2334 1287 2388 1341; x_wconf 86' lang='lat' dir='ltr'><strong>in</strong></span> <span class='ocrx_word' id='word_1_207' title='bbox 2414 1304 2511 1359; x_wconf 85' lang='lat' dir='ltr'><strong>quo</strong></span> <span class='ocrx_word' id='word_1_208' title='bbox 2547 1290 2796 1346; x_wconf 79' lang='lat' dir='ltr'><strong>satietur?</strong></span> <span class='ocrx_word' id='word_1_209' title='bbox 2830 1292 2912 1348; x_wconf 77' lang='lat' dir='ltr'><strong>Ea:</strong></span> <span class='ocrx_word' id='word_1_210' title='bbox 2936 1310 2995 1349; x_wconf 90' lang='lat' dir='ltr'><strong>eo</strong></span> <span class='ocrx_word' id='word_1_211' title='bbox 3031 1296 3101 1350; x_wconf 89' lang='lat' dir='ltr'><strong>ad</strong></span> <span class='ocrx_word' id='word_1_212' title='bbox 3143 1298 3359 1355; x_wconf 87' lang='lat' dir='ltr'><strong>niltilum</strong></span> 
     </span>
    </p>
   </div>
   <div class='ocr_carea' id='block_1_23' title="bbox 1771 1377 3357 1453">
    <p class='ocr_par' dir='ltr' id='par_1_23' title="bbox 1771 1377 3357 1453">
     <span class='ocr_line' id='line_1_23' title="bbox 1771 1377 3357 1453; baseline 0.011 -24"><span class='ocrx_word' id='word_1_213' title='bbox 1771 1377 1949 1431; x_wconf 84' lang='lat' dir='ltr'><strong>valebit</strong></span> <span class='ocrx_word' id='word_1_214' title='bbox 1976 1379 2074 1432; x_wconf 88' lang='lat' dir='ltr'><strong>nisi</strong></span> <span class='ocrx_word' id='word_1_215' title='bbox 2114 1391 2169 1433; x_wconf 92' lang='lat' dir='ltr'><strong><em>ut</em></strong></span> <span class='ocrx_word' id='word_1_216' title='bbox 2212 1382 2519 1452; x_wconf 87' lang='lat' dir='ltr'><strong>projiciatur</strong></span> <span class='ocrx_word' id='word_1_217' title='bbox 2544 1385 2687 1453; x_wconf 82' lang='lat' dir='ltr'><strong>foras</strong></span> <span class='ocrx_word' id='word_1_218' title='bbox 2716 1394 2764 1439; x_wconf 90' lang='lat' dir='ltr'><strong>et</strong></span> <span class='ocrx_word' id='word_1_219' title='bbox 2806 1389 3127 1444; x_wconf 83' lang='lat' dir='ltr'><strong>conculcetur</strong></span> <span class='ocrx_word' id='word_1_220' title='bbox 3166 1391 3228 1445; x_wconf 84' lang='lat' dir='ltr'><strong>ab</strong></span> <span class='ocrx_word' id='word_1_221' title='bbox 3262 1395 3357 1447; x_wconf 85' lang='lat' dir='ltr'><strong>Ito-</strong></span> 
     </span>
    </p>
   </div>
   <div class='ocr_carea' id='block_1_24' title="bbox 1771 1471 3359 1553">
    <p class='ocr_par' dir='ltr' id='par_1_24' title="bbox 1771 1471 3359 1553">
     <span class='ocr_line' id='line_1_24' title="bbox 1771 1471 3359 1553; baseline 0.012 -29"><span class='ocrx_word' id='word_1_222' title='bbox 1771 1471 1995 1526; x_wconf 82' lang='lat' dir='ltr'><strong>minibus</strong></span> <span class='ocrx_word' id='word_1_223' title='bbox 2029 1475 2047 1540; x_wconf 91' lang='lat'><strong>(</strong></span> <span class='ocrx_word' id='word_1_224' title='bbox 2066 1472 2280 1540; x_wconf 78' lang='lat' dir='ltr'><strong>Mattli.,</strong></span> <span class='ocrx_word' id='word_1_225' title='bbox 2320 1492 2372 1543; x_wconf 93' lang='lat' dir='ltr'><strong>v,</strong></span> <span class='ocrx_word' id='word_1_226' title='bbox 2423 1477 2565 1548; x_wconf 69' lang='lat'><strong>15);</strong></span> <span class='ocrx_word' id='word_1_227' title='bbox 2619 1488 2674 1533; x_wconf 90' lang='lat' dir='ltr'><strong>et</strong></span> <span class='ocrx_word' id='word_1_228' title='bbox 2711 1480 2901 1535; x_wconf 90' lang='lat' dir='ltr'><strong>iterum</strong></span> <span class='ocrx_word' id='word_1_229' title='bbox 2929 1493 3050 1553; x_wconf 93' lang='lat' dir='ltr'><strong>post</strong></span> <span class='ocrx_word' id='word_1_230' title='bbox 3085 1500 3359 1543; x_wconf 86' lang='lat' dir='ltr'><strong>resurrec-</strong></span> 
     </span>
    </p>
   </div>
   <div class='ocr_carea' id='block_1_25' title="bbox 1769 1564 3357 1643">
    <p class='ocr_par' dir='ltr' id='par_1_25' title="bbox 1769 1564 3357 1643">
     <span class='ocr_line' id='line_1_25' title="bbox 1769 1564 3357 1643; baseline 0.013 -26"><span class='ocrx_word' id='word_1_231' title='bbox 1769 1564 1965 1621; x_wconf 90' lang='lat' dir='ltr'><strong>tionem</strong></span> <span class='ocrx_word' id='word_1_232' title='bbox 2010 1582 2159 1622; x_wconf 89' lang='lat' dir='ltr'><strong>suam</strong></span> <span class='ocrx_word' id='word_1_233' title='bbox 2184 1570 2399 1625; x_wconf 86' lang='lat' dir='ltr'><strong>mittens</strong></span> <span class='ocrx_word' id='word_1_234' title='bbox 2428 1571 2718 1640; x_wconf 86' lang='lat' dir='ltr'><strong>Apostolos</strong></span> <span class='ocrx_word' id='word_1_235' title='bbox 2740 1589 2887 1643; x_wconf 90' lang='lat' dir='ltr'><strong>suos,</strong></span> <span class='ocrx_word' id='word_1_236' title='bbox 2919 1578 3253 1637; x_wconf 81' lang='lat' dir='ltr'><strong>mandaverit</strong></span> <span class='ocrx_word' id='word_1_237' title='bbox 3275 1582 3357 1638; x_wconf 82' lang='lat' dir='ltr'><strong>di-</strong></span> 
     </span>
    </p>
   </div>
   <div class='ocr_carea' id='block_1_26' title="bbox 1766 1659 3353 1735">
    <p class='ocr_par' dir='ltr' id='par_1_26' title="bbox 1766 1659 3353 1735">
     <span class='ocr_line' id='line_1_26' title="bbox 1766 1659 3353 1735; baseline 0.01 -21"><span class='ocrx_word' id='word_1_238' title='bbox 1766 1659 1948 1715; x_wconf 84' lang='lat' dir='ltr'><strong>dicens</strong></span> <span class='ocrx_word' id='word_1_239' title='bbox 1977 1678 1989 1712; x_wconf 90' lang='lat'>:</span> <span class='ocrx_word' id='word_1_240' title='bbox 2017 1660 2152 1715; x_wconf 87' lang='lat' dir='ltr'><strong>Data</strong></span> <span class='ocrx_word' id='word_1_241' title='bbox 2171 1672 2246 1716; x_wconf 87' lang='lat' dir='ltr'><strong>est</strong></span> <span class='ocrx_word' id='word_1_242' title='bbox 2266 1663 2391 1717; x_wconf 80' lang='lat' dir='ltr'><strong>mihi</strong></span> <span class='ocrx_word' id='word_1_243' title='bbox 2413 1666 2577 1719; x_wconf 87' lang='lat' dir='ltr'><strong>omnis</strong></span> <span class='ocrx_word' id='word_1_244' title='bbox 2599 1676 2821 1735; x_wconf 83' lang='lat' dir='ltr'><strong>potestas</strong></span> <span class='ocrx_word' id='word_1_245' title='bbox 2846 1669 2898 1723; x_wconf 89' lang='lat' dir='ltr'><strong>in</strong></span> <span class='ocrx_word' id='word_1_246' title='bbox 2917 1674 3042 1726; x_wconf 76' lang='lat' dir='ltr'><strong>ctelo</strong></span> <span class='ocrx_word' id='word_1_247' title='bbox 3054 1681 3102 1726; x_wconf 87' lang='lat' dir='ltr'><strong>et</strong></span> <span class='ocrx_word' id='word_1_248' title='bbox 3126 1674 3180 1727; x_wconf 90' lang='lat' dir='ltr'><strong>in</strong></span> <span class='ocrx_word' id='word_1_249' title='bbox 3198 1685 3353 1730; x_wconf 88' lang='lat' dir='ltr'><strong>terra.</strong></span> 
     </span>
    </p>
   </div>
   <div class='ocr_carea' id='block_1_27' title="bbox 1764 1750 3358 1829">
    <p class='ocr_par' dir='ltr' id='par_1_27' title="bbox 1764 1750 3358 1829">
     <span class='ocr_line' id='line_1_27' title="bbox 1764 1750 3358 1829; baseline 0.013 -25"><span class='ocrx_word' id='word_1_250' title='bbox 1764 1750 1863 1817; x_wconf 86' lang='lat' dir='ltr'><strong>Ite,</strong></span> <span class='ocrx_word' id='word_1_251' title='bbox 1894 1761 1938 1806; x_wconf 90' lang='lat' dir='ltr'><strong>et</strong></span> <span class='ocrx_word' id='word_1_252' title='bbox 1968 1752 2141 1806; x_wconf 87' lang='lat' dir='ltr'><strong>docete</strong></span> <span class='ocrx_word' id='word_1_253' title='bbox 2165 1770 2337 1808; x_wconf 86' lang='lat' dir='ltr'><strong>omnes</strong></span> <span class='ocrx_word' id='word_1_254' title='bbox 2376 1766 2576 1827; x_wconf 86' lang='lat' dir='ltr'><strong>gentes,</strong></span> <span class='ocrx_word' id='word_1_255' title='bbox 2608 1759 2920 1829; x_wconf 80' lang='lat' dir='ltr'><strong>baptizantes</strong></span> <span class='ocrx_word' id='word_1_256' title='bbox 2961 1780 3045 1818; x_wconf 89' lang='lat' dir='ltr'><strong>eos</strong></span> <span class='ocrx_word' id='word_1_257' title='bbox 3074 1765 3128 1819; x_wconf 89' lang='lat' dir='ltr'><strong>in</strong></span> <span class='ocrx_word' id='word_1_258' title='bbox 3154 1769 3358 1824; x_wconf 80' lang='lat' dir='ltr'><strong>nemine</strong></span> 
     </span>
    </p>
   </div>
   <div class='ocr_carea' id='block_1_28' title="bbox 115 1827 3353 1935">
    <p class='ocr_par' dir='ltr' id='par_1_28' title="bbox 115 1827 3353 1935">
     <span class='ocr_line' id='line_1_28' title="bbox 115 1827 3353 1935; baseline 0.01 -52"><span class='ocrx_word' id='word_1_259' title='bbox 115 1844 220 1884; x_wconf 77' lang='lat' dir='ltr'><strong>unus</strong></span> <span class='ocrx_word' id='word_1_260' title='bbox 241 1827 371 1886; x_wconf 81' lang='lat' dir='ltr'><strong>Deus</strong></span> <span class='ocrx_word' id='word_1_261' title='bbox 399 1830 636 1904; x_wconf 81' lang='lat' dir='ltr'><strong>(Ephes.,</strong></span> <span class='ocrx_word' id='word_1_262' title='bbox 666 1852 738 1900; x_wconf 84' lang='lat' dir='ltr'><strong>iv,</strong></span> <span class='ocrx_word' id='word_1_263' title='bbox 768 1838 821 1904; x_wconf 79' lang='grc'>5,</span> <span class='ocrx_word' id='word_1_264' title='bbox 849 1835 927 1910; x_wconf 78' lang='lat'><strong>4).</strong></span> <span class='ocrx_word' id='word_1_265' title='bbox 952 1837 1077 1894; x_wconf 84' lang='lat' dir='ltr'><strong>Haec</strong></span> <span class='ocrx_word' id='word_1_266' title='bbox 1101 1841 1279 1896; x_wconf 86' lang='lat' dir='ltr'><strong>omnia</strong></span> <span class='ocrx_word' id='word_1_267' title='bbox 1307 1843 1547 1900; x_wconf 88' lang='lat' dir='ltr'><strong>Ecclesia</strong></span> <span class='ocrx_word' id='word_1_268' title='bbox 1569 1860 1661 1901; x_wconf 90' lang='lat' dir='ltr'><strong>ca-</strong></span> <span class='ocrx_word' id='word_1_269' title='bbox 1687 1841 1735 1902; x_wconf 89' lang='lat' dir='ltr'><strong>B</strong></span> <span class='ocrx_word' id='word_1_270' title='bbox 1763 1845 1937 1902; x_wconf 88' lang='lat' dir='ltr'><strong>Patris</strong></span> <span class='ocrx_word' id='word_1_271' title='bbox 1950 1858 1998 1903; x_wconf 88' lang='lat' dir='ltr'><strong>et</strong></span> <span class='ocrx_word' id='word_1_272' title='bbox 2014 1846 2141 1902; x_wconf 82' lang='lat' dir='ltr'><strong>Filii</strong></span> <span class='ocrx_word' id='word_1_273' title='bbox 2160 1858 2207 1902; x_wconf 90' lang='lat' dir='ltr'><strong>et</strong></span> <span class='ocrx_word' id='word_1_274' title='bbox 2229 1827 2883 1926; x_wconf 61' lang='lat' dir='ltr'><strong>Spiritussanrti(llattli.,</strong></span> <span class='ocrx_word' id='word_1_275' title='bbox 2907 1873 3097 1925; x_wconf 77' lang='lat' dir='ltr'><strong>xxvui,</strong></span> <span class='ocrx_word' id='word_1_276' title='bbox 3124 1861 3214 1928; x_wconf 80' lang='grc'><strong>18,</strong></span> <span class='ocrx_word' id='word_1_277' title='bbox 3243 1862 3353 1935; x_wconf 83' lang='lat' dir='ltr'><strong>l9).</strong></span> 
     </span>
    </p>
   </div>
   <div class='ocr_carea' id='block_1_29' title="bbox 115 1922 1656 2004">
    <p class='ocr_par' dir='ltr' id='par_1_29' title="bbox 115 1922 1656 2004">
     <span class='ocr_line' id='line_1_29' title="bbox 115 1922 1656 2004; baseline 0.012 -27"><span class='ocrx_word' id='word_1_278' title='bbox 115 1922 276 1980; x_wconf 79' lang='lat' dir='ltr'><strong>tliolica</strong></span> <span class='ocrx_word' id='word_1_279' title='bbox 304 1925 554 1997; x_wconf 84' lang='lat' dir='ltr'><strong>loquitur.</strong></span> <span class='ocrx_word' id='word_1_280' title='bbox 593 1928 663 1985; x_wconf 88' lang='lat' dir='ltr'><strong>Et</strong></span> <span class='ocrx_word' id='word_1_281' title='bbox 688 1930 879 1987; x_wconf 86' lang='lat' dir='ltr'><strong>iterum</strong></span> <span class='ocrx_word' id='word_1_282' title='bbox 912 1932 967 1987; x_wconf 90' lang='lat' dir='ltr'><strong>in</strong></span> <span class='ocrx_word' id='word_1_283' title='bbox 992 1932 1283 2004; x_wconf 82' lang='lat' dir='ltr'><strong>Evangelia</strong></span> <span class='ocrx_word' id='word_1_284' title='bbox 1313 1936 1444 1993; x_wconf 87' lang='lat' dir='ltr'><strong>dicit</strong></span> <span class='ocrx_word' id='word_1_285' title='bbox 1475 1939 1656 1996; x_wconf 88' lang='lat' dir='ltr'><strong>Domi-</strong></span> 
     </span>
    </p>
   </div>
   <div class='ocr_carea' id='block_1_30' title="bbox 115 2016 1660 2101">
    <p class='ocr_par' dir='ltr' id='par_1_30' title="bbox 115 2016 1660 2101">
     <span class='ocr_line' id='line_1_30' title="bbox 115 2016 1660 2101; baseline 0.012 -31"><span class='ocrx_word' id='word_1_286' title='bbox 115 2030 226 2072; x_wconf 89' lang='lat' dir='ltr'><strong>nus:</strong></span> <span class='ocrx_word' id='word_1_287' title='bbox 248 2016 389 2085; x_wconf 84' lang='lat' dir='ltr'><strong>Qttod</strong></span> <span class='ocrx_word' id='word_1_288' title='bbox 413 2030 589 2075; x_wconf 86' lang='lat' dir='ltr'><strong>nutum</strong></span> <span class='ocrx_word' id='word_1_289' title='bbox 614 2032 686 2077; x_wconf 89' lang='lat' dir='ltr'><strong>est</strong></span> <span class='ocrx_word' id='word_1_290' title='bbox 714 2022 778 2077; x_wconf 90' lang='lat' dir='ltr'><strong>de</strong></span> <span class='ocrx_word' id='word_1_291' title='bbox 810 2040 963 2079; x_wconf 86' lang='lat' dir='ltr'><strong>carne</strong></span> <span class='ocrx_word' id='word_1_292' title='bbox 984 2042 1103 2081; x_wconf 90' lang='lat' dir='ltr'><strong>caro</strong></span> <span class='ocrx_word' id='word_1_293' title='bbox 1128 2037 1222 2095; x_wconf 89' lang='lat' dir='ltr'><strong>est,</strong></span> <span class='ocrx_word' id='word_1_294' title='bbox 1253 2039 1301 2084; x_wconf 91' lang='lat' dir='ltr'><strong>et</strong></span> <span class='ocrx_word' id='word_1_295' title='bbox 1324 2032 1460 2101; x_wconf 88' lang='lat' dir='ltr'><strong>quod</strong></span> <span class='ocrx_word' id='word_1_296' title='bbox 1484 2044 1660 2089; x_wconf 83' lang='lat' dir='ltr'><strong>natum</strong></span> 
     </span>
    </p>
   </div>
   <div class='ocr_carea' id='block_1_31' title="bbox 116 2114 1659 2202">
    <p class='ocr_par' dir='ltr' id='par_1_31' title="bbox 116 2114 1659 2202">
     <span class='ocr_line' id='line_1_31' title="bbox 116 2114 1659 2202; baseline 0.012 -35"><span class='ocrx_word' id='word_1_297' title='bbox 116 2122 175 2167; x_wconf 83' lang='lat' dir='ltr'><strong>est</strong></span> <span class='ocrx_word' id='word_1_298' title='bbox 215 2114 271 2169; x_wconf 89' lang='lat' dir='ltr'><strong>de</strong></span> <span class='ocrx_word' id='word_1_299' title='bbox 318 2114 522 2186; x_wconf 80' lang='lat' dir='ltr'><strong>Spiritu</strong></span> <span class='ocrx_word' id='word_1_300' title='bbox 544 2116 756 2186; x_wconf 82' lang='lat' dir='ltr'><strong>spiritus</strong></span> <span class='ocrx_word' id='word_1_301' title='bbox 795 2129 917 2186; x_wconf 88' lang='lat' dir='ltr'><strong>est;</strong></span> <span class='ocrx_word' id='word_1_302' title='bbox 955 2121 1072 2193; x_wconf 81' lang='lat' dir='ltr'><strong>quia</strong></span> <span class='ocrx_word' id='word_1_303' title='bbox 1112 2122 1249 2178; x_wconf 88' lang='lat' dir='ltr'><strong>Deus</strong></span> <span class='ocrx_word' id='word_1_304' title='bbox 1298 2125 1521 2194; x_wconf 85' lang='lat' dir='ltr'><strong>Spiritus</strong></span> <span class='ocrx_word' id='word_1_305' title='bbox 1564 2142 1659 2202; x_wconf 84' lang='lat' dir='ltr'><strong>est,</strong></span> 
     </span>
    </p>
   </div>
   <div class='ocr_carea' id='block_1_32' title="bbox 115 2206 1661 2288">
    <p class='ocr_par' dir='ltr' id='par_1_32' title="bbox 115 2206 1661 2288">
     <span class='ocr_line' id='line_1_32' title="bbox 115 2206 1661 2288; baseline 0.012 -29"><span class='ocrx_word' id='word_1_306' title='bbox 115 2217 153 2258; x_wconf 82' lang='lat' dir='ltr'><strong>et</strong></span> <span class='ocrx_word' id='word_1_307' title='bbox 174 2207 223 2262; x_wconf 85' lang='lat' dir='ltr'><strong>de</strong></span> <span class='ocrx_word' id='word_1_308' title='bbox 241 2206 342 2263; x_wconf 90' lang='lat' dir='ltr'><strong>Deo</strong></span> <span class='ocrx_word' id='word_1_309' title='bbox 369 2218 517 2266; x_wconf 88' lang='lat' dir='ltr'><strong>notus</strong></span> <span class='ocrx_word' id='word_1_310' title='bbox 543 2221 614 2266; x_wconf 90' lang='lat' dir='ltr'><strong>est</strong></span> <span class='ocrx_word' id='word_1_311' title='bbox 637 2209 839 2283; x_wconf 86' lang='lat' dir='ltr'><strong>(Joan.,</strong></span> <span class='ocrx_word' id='word_1_312' title='bbox 872 2229 949 2282; x_wconf 85' lang='grc' dir='ltr'><strong>ιιι,</strong></span> <span class='ocrx_word' id='word_1_313' title='bbox 977 2215 1054 2286; x_wconf 86' lang='grc'><strong>6).</strong></span> <span class='ocrx_word' id='word_1_314' title='bbox 1092 2215 1233 2288; x_wconf 81' lang='lat' dir='ltr'><strong>Ergo</strong></span> <span class='ocrx_word' id='word_1_315' title='bbox 1259 2233 1448 2275; x_wconf 87' lang='lat' dir='ltr'><strong>omnes</strong></span> <span class='ocrx_word' id='word_1_316' title='bbox 1487 2220 1661 2278; x_wconf 75' lang='lat' dir='ltr'><strong>luere-</strong></span> 
     </span>
    </p>
   </div>
   <div class='ocr_carea' id='block_1_33' title="bbox 119 2302 1655 2380">
    <p class='ocr_par' dir='ltr' id='par_1_33' title="bbox 119 2302 1655 2380">
     <span class='ocr_line' id='line_1_33' title="bbox 119 2302 1655 2380; baseline 0.01 -25"><span class='ocrx_word' id='word_1_317' title='bbox 119 2302 190 2356; x_wconf 87' lang='lat' dir='ltr'><strong>tici</strong></span> <span class='ocrx_word' id='word_1_318' title='bbox 207 2310 254 2358; x_wconf 85' lang='lat' dir='ltr'><strong>et</strong></span> <span class='ocrx_word' id='word_1_319' title='bbox 270 2302 590 2360; x_wconf 86' lang='lat' dir='ltr'><strong>schismatici</strong></span> <span class='ocrx_word' id='word_1_320' title='bbox 616 2307 802 2378; x_wconf 14' lang='lat' dir='ltr'><strong>omnia.</strong></span> <span class='ocrx_word' id='word_1_321' title='bbox 821 2323 1172 2380; x_wconf 71' lang='lat' dir='ltr'><strong>quaecumque</strong></span> <span class='ocrx_word' id='word_1_322' title='bbox 1203 2312 1401 2368; x_wconf 73' lang='lat' dir='ltr'><strong>iaciunt</strong></span> <span class='ocrx_word' id='word_1_323' title='bbox 1423 2316 1655 2372; x_wconf 87' lang='lat' dir='ltr'><strong>carnalia</strong></span> 
     </span>
    </p>
   </div>
   <div class='ocr_carea' id='block_1_34' title="bbox 119 2395 1659 2477">
    <p class='ocr_par' dir='ltr' id='par_1_34' title="bbox 119 2395 1659 2477">
     <span class='ocr_line' id='line_1_34' title="bbox 119 2395 1659 2477; baseline 0.011 -30"><span class='ocrx_word' id='word_1_324' title='bbox 119 2403 229 2463; x_wconf 86' lang='lat' dir='ltr'><strong>sunt,</strong></span> <span class='ocrx_word' id='word_1_325' title='bbox 271 2395 477 2453; x_wconf 89' lang='lat' dir='ltr'><strong>dicente</strong></span> <span class='ocrx_word' id='word_1_326' title='bbox 515 2398 776 2470; x_wconf 85' lang='lat' dir='ltr'><strong>Apostolo</strong></span> <span class='ocrx_word' id='word_1_327' title='bbox 815 2417 828 2455; x_wconf 90' lang='lat'><strong>:</strong></span> <span class='ocrx_word' id='word_1_328' title='bbox 859 2400 1140 2473; x_wconf 74' lang='lat' dir='ltr'><strong>Manifesta</strong></span> <span class='ocrx_word' id='word_1_329' title='bbox 1180 2405 1314 2458; x_wconf 89' lang='lat' dir='ltr'><strong>enim</strong></span> <span class='ocrx_word' id='word_1_330' title='bbox 1354 2418 1470 2461; x_wconf 88' lang='lat' dir='ltr'><strong>sunt</strong></span> <span class='ocrx_word' id='word_1_331' title='bbox 1501 2424 1659 2477; x_wconf 83' lang='lat' dir='ltr'><strong>opera</strong></span> 
     </span>
    </p>
   </div>
   <div class='ocr_carea' id='block_1_35' title="bbox 125 2488 1653 2569">
    <p class='ocr_par' dir='ltr' id='par_1_35' title="bbox 125 2488 1653 2569">
     <span class='ocr_line' id='line_1_35' title="bbox 125 2488 1653 2569; baseline 0.01 -29"><span class='ocrx_word' id='word_1_332' title='bbox 125 2488 271 2555; x_wconf 81' lang='lat' dir='ltr'><strong>carnis,</strong></span> <span class='ocrx_word' id='word_1_333' title='bbox 296 2505 403 2559; x_wconf 85' lang='lat' dir='ltr'><strong>qute</strong></span> <span class='ocrx_word' id='word_1_334' title='bbox 427 2500 562 2555; x_wconf 90' lang='lat' dir='ltr'><strong>sunt,</strong></span> <span class='ocrx_word' id='word_1_335' title='bbox 593 2492 965 2562; x_wconf 79' lang='lat' dir='ltr'><strong>fornicationes,</strong></span> <span class='ocrx_word' id='word_1_336' title='bbox 998 2495 1352 2561; x_wconf 78' lang='lat' dir='ltr'><strong>immunditite,</strong></span> <span class='ocrx_word' id='word_1_337' title='bbox 1387 2499 1653 2569; x_wconf 85' lang='lat' dir='ltr'><strong>incestum,</strong></span> 
     </span>
    </p>
   </div>
   <div class='ocr_carea' id='block_1_36' title="bbox 129 2579 1656 2666">
    <p class='ocr_par' dir='ltr' id='par_1_36' title="bbox 129 2579 1656 2666">
     <span class='ocr_line' id='line_1_36' title="bbox 129 2579 1656 2666; baseline 0.012 -33"><span class='ocrx_word' id='word_1_338' title='bbox 129 2579 395 2651; x_wconf 66' lang='lat' dir='ltr'><strong>idololatria,</strong></span> <span class='ocrx_word' id='word_1_339' title='bbox 426 2585 687 2653; x_wconf 77' lang='lat' dir='ltr'><strong>ueneﬁcio,</strong></span> <span class='ocrx_word' id='word_1_340' title='bbox 715 2586 1015 2652; x_wconf 65' lang='lat' dir='ltr'><strong>inimicitiae,</strong></span> <span class='ocrx_word' id='word_1_341' title='bbox 1044 2591 1337 2658; x_wconf 84' lang='lat' dir='ltr'><strong>certamina,</strong></span> <span class='ocrx_word' id='word_1_342' title='bbox 1368 2595 1527 2662; x_wconf 76' lang='lat' dir='ltr'><strong>zelus,</strong></span> <span class='ocrx_word' id='word_1_343' title='bbox 1557 2597 1656 2666; x_wconf 88' lang='lat' dir='ltr'><strong>ira,</strong></span> 
     </span>
    </p>
   </div>
   <div class='ocr_carea' id='block_1_37' title="bbox 139 2674 1660 2759">
    <p class='ocr_par' dir='ltr' id='par_1_37' title="bbox 139 2674 1660 2759">
     <span class='ocr_line' id='line_1_37' title="bbox 139 2674 1660 2759; baseline 0.012 -32"><span class='ocrx_word' id='word_1_344' title='bbox 139 2674 343 2732; x_wconf 56' lang='lat' dir='ltr'><strong>divisiones</strong></span> <span class='ocrx_word' id='word_1_345' title='bbox 362 2717 378 2743; x_wconf 95' lang='lat'><strong>,</strong></span> <span class='ocrx_word' id='word_1_346' title='bbox 409 2677 623 2733; x_wconf 81' lang='lat' dir='ltr'><strong>Iuereses</strong></span> <span class='ocrx_word' id='word_1_347' title='bbox 642 2719 657 2745; x_wconf 90' lang='lat'><strong>,</strong></span> <span class='ocrx_word' id='word_1_348' title='bbox 686 2688 736 2732; x_wconf 89' lang='lat' dir='ltr'><strong>et</strong></span> <span class='ocrx_word' id='word_1_349' title='bbox 775 2681 854 2734; x_wconf 83' lang='lat' dir='ltr'><strong>Itis</strong></span> <span class='ocrx_word' id='word_1_350' title='bbox 892 2680 1114 2747; x_wconf 82' lang='lat' dir='ltr'><strong>similia;</strong></span> <span class='ocrx_word' id='word_1_351' title='bbox 1140 2684 1204 2739; x_wconf 90' lang='lat' dir='ltr'><strong>de</strong></span> <span class='ocrx_word' id='word_1_352' title='bbox 1229 2686 1410 2755; x_wconf 86' lang='lat' dir='ltr'><strong>quibus</strong></span> <span class='ocrx_word' id='word_1_353' title='bbox 1441 2690 1660 2759; x_wconf 68' lang='lat' dir='ltr'><strong>praedixi</strong></span> 
     </span>
    </p>
   </div>
   <div class='ocr_carea' id='block_1_38' title="bbox 150 2771 1662 2856">
    <p class='ocr_par' dir='ltr' id='par_1_38' title="bbox 150 2771 1662 2856">
     <span class='ocr_line' id='line_1_38' title="bbox 150 2771 1662 2856; baseline 0.013 -35"><span class='ocrx_word' id='word_1_354' title='bbox 150 2771 255 2835; x_wconf 75' lang='lat' dir='ltr'><strong>vobis,</strong></span> <span class='ocrx_word' id='word_1_355' title='bbox 270 2774 380 2828; x_wconf 82' lang='lat' dir='ltr'><strong>sicut</strong></span> <span class='ocrx_word' id='word_1_356' title='bbox 400 2774 644 2842; x_wconf 63' lang='lat' dir='ltr'><strong>praedico.</strong></span> <span class='ocrx_word' id='word_1_357' title='bbox 660 2776 901 2844; x_wconf 88' lang='lat' dir='ltr'><strong>quoniam</strong></span> <span class='ocrx_word' id='word_1_358' title='bbox 915 2777 1219 2850; x_wconf 85' lang='lat' dir='ltr'><strong>quicumque</strong></span> <span class='ocrx_word' id='word_1_359' title='bbox 1242 2782 1438 2851; x_wconf 78' lang='lat' dir='ltr'><strong>faciunt</strong></span> <span class='ocrx_word' id='word_1_360' title='bbox 1453 2801 1662 2856; x_wconf 86' lang='lat' dir='ltr'><strong>regnum</strong></span> 
     </span>
    </p>
   </div>
   <div class='ocr_carea' id='block_1_39' title="bbox 155 2860 1663 2946">
    <p class='ocr_par' dir='ltr' id='par_1_39' title="bbox 155 2860 1663 2946">
     <span class='ocr_line' id='line_1_39' title="bbox 155 2860 1663 2946; baseline 0.013 -31"><span class='ocrx_word' id='word_1_361' title='bbox 155 2860 681 2924; x_wconf 73' lang='lat' dir='ltr'><strong>Deisoshtereditabuut</strong></span> <span class='ocrx_word' id='word_1_362' title='bbox 712 2868 879 2942; x_wconf 60' lang='grc' dir='ltr'>(ϐαι,</span> <span class='ocrx_word' id='word_1_363' title='bbox 896 2888 952 2937; x_wconf 89' lang='lat' dir='ltr'><strong>v,</strong></span> <span class='ocrx_word' id='word_1_364' title='bbox 976 2872 1063 2938; x_wconf 73' lang='lat' dir='ltr'><strong>l9,</strong></span> <span class='ocrx_word' id='word_1_365' title='bbox 1086 2871 1178 2941; x_wconf 76' lang='lat'><strong>20,</strong></span> <span class='ocrx_word' id='word_1_366' title='bbox 1197 2873 1312 2946; x_wconf 74' lang='lat'><strong>9.1).</strong></span> <span class='ocrx_word' id='word_1_367' title='bbox 1328 2875 1663 2936; x_wconf 88' lang='lat' dir='ltr'><strong>Condemoat</strong></span> 
     </span>
    </p>
   </div>
   <div class='ocr_carea' id='block_1_40' title="bbox 154 2952 1662 3043">
    <p class='ocr_par' dir='ltr' id='par_1_40' title="bbox 154 2952 1662 3043">
     <span class='ocr_line' id='line_1_40' title="bbox 154 2952 1662 3043; baseline 0.016 -36"><span class='ocrx_word' id='word_1_368' title='bbox 154 2952 272 3026; x_wconf 59' lang='lat' dir='ltr'><strong>iturae</strong></span> <span class='ocrx_word' id='word_1_369' title='bbox 286 2960 566 3032; x_wconf 79' lang='lat' dir='ltr'><strong>Apostolus</strong></span> <span class='ocrx_word' id='word_1_370' title='bbox 592 2977 714 3018; x_wconf 90' lang='lat' dir='ltr'><strong>cum</strong></span> <span class='ocrx_word' id='word_1_371' title='bbox 744 2962 994 3019; x_wconf 90' lang='lat' dir='ltr'><strong>omnibus</strong></span> <span class='ocrx_word' id='word_1_372' title='bbox 1017 2964 1171 3021; x_wconf 90' lang='lat' dir='ltr'><strong>malis</strong></span> <span class='ocrx_word' id='word_1_373' title='bbox 1210 2976 1265 3024; x_wconf 89' lang='lat' dir='ltr'><strong>et</strong></span> <span class='ocrx_word' id='word_1_374' title='bbox 1293 2985 1387 3027; x_wconf 89' lang='lat' dir='ltr'><strong>eos</strong></span> <span class='ocrx_word' id='word_1_375' title='bbox 1409 2974 1499 3043; x_wconf 89' lang='lat' dir='ltr'><strong>qui</strong></span> <span class='ocrx_word' id='word_1_376' title='bbox 1526 2974 1662 3030; x_wconf 90' lang='lat' dir='ltr'><strong>divi-</strong></span> 
     </span>
    </p>
   </div>
   <div class='ocr_carea' id='block_1_41' title="bbox 1762 1942 3356 2017">
    <p class='ocr_par' dir='ltr' id='par_1_41' title="bbox 1762 1942 3356 2017">
     <span class='ocr_line' id='line_1_41' title="bbox 1762 1942 3356 2017; baseline 0.011 -21"><span class='ocrx_word' id='word_1_377' title='bbox 1762 1942 1896 1997; x_wconf 88' lang='lat' dir='ltr'><strong>Cum</strong></span> <span class='ocrx_word' id='word_1_378' title='bbox 1926 1958 2055 2017; x_wconf 84' lang='lat' dir='ltr'><strong>ergo</strong></span> <span class='ocrx_word' id='word_1_379' title='bbox 2098 1943 2439 2000; x_wconf 82' lang='lat' dir='ltr'><strong>manifestum</strong></span> <span class='ocrx_word' id='word_1_380' title='bbox 2485 1947 2556 2001; x_wconf 92' lang='lat' dir='ltr'><strong>sit</strong></span> <span class='ocrx_word' id='word_1_381' title='bbox 2598 1948 2920 2017; x_wconf 73' lang='lat' dir='ltr'><strong>haereticos,</strong></span> <span class='ocrx_word' id='word_1_382' title='bbox 2948 1952 3001 2007; x_wconf 89' lang='lat' dir='ltr'><strong>id</strong></span> <span class='ocrx_word' id='word_1_383' title='bbox 3042 1963 3128 2009; x_wconf 90' lang='lat' dir='ltr'><strong>est</strong></span> <span class='ocrx_word' id='word_1_384' title='bbox 3171 1954 3356 2013; x_wconf 83' lang='lat' dir='ltr'><strong>hostes</strong></span> 
     </span>
    </p>
   </div>
   <div class='ocr_carea' id='block_1_42' title="bbox 1764 2024 3354 2108">
    <p class='ocr_par' dir='ltr' id='par_1_42' title="bbox 1764 2024 3354 2108">
     <span class='ocr_line' id='line_1_42' title="bbox 1764 2024 3354 2108; baseline 0.008 -18"><span class='ocrx_word' id='word_1_385' title='bbox 1764 2035 1993 2104; x_wconf 85' lang='lat' dir='ltr'><strong>Christi,</strong></span> <span class='ocrx_word' id='word_1_386' title='bbox 2025 2053 2130 2092; x_wconf 91' lang='lat' dir='ltr'><strong>non</strong></span> <span class='ocrx_word' id='word_1_387' title='bbox 2157 2038 2416 2108; x_wconf 87' lang='lat' dir='ltr'><strong>integram</strong></span> <span class='ocrx_word' id='word_1_388' title='bbox 2455 2038 2787 2096; x_wconf 88' lang='lat' dir='ltr'><strong>Sacramenti</strong></span> <span class='ocrx_word' id='word_1_389' title='bbox 2816 2024 3213 2101; x_wconf 74' lang='lat' dir='ltr'><strong>confessionem</strong></span> <span class='ocrx_word' id='word_1_390' title='bbox 3253 2047 3354 2102; x_wconf 88' lang='lat' dir='ltr'><strong>ha-</strong></span> 
     </span>
    </p>
   </div>
   <div class='ocr_carea' id='block_1_43' title="bbox 1761 2130 3354 2211">
    <p class='ocr_par' dir='ltr' id='par_1_43' title="bbox 1761 2130 3354 2211">
     <span class='ocr_line' id='line_1_43' title="bbox 1761 2130 3354 2211; baseline 0.008 -25"><span class='ocrx_word' id='word_1_391' title='bbox 1761 2130 1911 2197; x_wconf 88' lang='lat' dir='ltr'><strong>bere,</strong></span> <span class='ocrx_word' id='word_1_392' title='bbox 1941 2133 2070 2188; x_wconf 89' lang='lat' dir='ltr'><strong>item</strong></span> <span class='ocrx_word' id='word_1_393' title='bbox 2094 2132 2466 2189; x_wconf 89' lang='lat' dir='ltr'><strong>schismaticos</strong></span> <span class='ocrx_word' id='word_1_394' title='bbox 2500 2148 2605 2189; x_wconf 92' lang='lat' dir='ltr'><strong>non</strong></span> <span class='ocrx_word' id='word_1_395' title='bbox 2634 2148 2793 2205; x_wconf 87' lang='lat' dir='ltr'><strong>posse</strong></span> <span class='ocrx_word' id='word_1_396' title='bbox 2830 2136 3051 2195; x_wconf 89' lang='lat' dir='ltr'><strong>condire</strong></span> <span class='ocrx_word' id='word_1_397' title='bbox 3092 2140 3354 2211; x_wconf 84' lang='lat' dir='ltr'><strong>sapientia</strong></span> 
     </span>
    </p>
   </div>
   <div class='ocr_carea' id='block_1_44' title="bbox 1763 2222 3358 2300">
    <p class='ocr_par' dir='ltr' id='par_1_44' title="bbox 1763 2222 3358 2300">
     <span class='ocr_line' id='line_1_44' title="bbox 1763 2222 3358 2300; baseline 0.008 -20"><span class='ocrx_word' id='word_1_398' title='bbox 1763 2225 1987 2294; x_wconf 85' lang='lat' dir='ltr'><strong>spiritali</strong></span> <span class='ocrx_word' id='word_1_399' title='bbox 2010 2268 2025 2289; x_wconf 89' lang='lat'><strong>,</strong></span> <span class='ocrx_word' id='word_1_400' title='bbox 2054 2240 2175 2282; x_wconf 89' lang='lat' dir='ltr'><strong>cum</strong></span> <span class='ocrx_word' id='word_1_401' title='bbox 2217 2226 2318 2296; x_wconf 87' lang='lat' dir='ltr'><strong>ipsi</strong></span> <span class='ocrx_word' id='word_1_402' title='bbox 2344 2226 2414 2282; x_wconf 91' lang='lat' dir='ltr'><strong>ab</strong></span> <span class='ocrx_word' id='word_1_403' title='bbox 2456 2226 2693 2283; x_wconf 86' lang='lat' dir='ltr'><strong>Ecclesia</strong></span> <span class='ocrx_word' id='word_1_404' title='bbox 2720 2269 2736 2296; x_wconf 93' lang='lat'><strong>,</strong></span> <span class='ocrx_word' id='word_1_405' title='bbox 2768 2244 2889 2299; x_wconf 64' lang='lat' dir='ltr'><strong>quas</strong></span> <span class='ocrx_word' id='word_1_406' title='bbox 2930 2246 3034 2285; x_wconf 86' lang='lat' dir='ltr'><strong>una</strong></span> <span class='ocrx_word' id='word_1_407' title='bbox 3063 2243 3176 2300; x_wconf 90' lang='lat' dir='ltr'><strong>est,</strong></span> <span class='ocrx_word' id='word_1_408' title='bbox 3204 2222 3358 2291; x_wconf 79' lang='lat' dir='ltr'><strong>rece-</strong></span> 
     </span>
    </p>
   </div>
   <div class='ocr_carea' id='block_1_45' title="bbox 1762 2319 3347 2399">
    <p class='ocr_par' dir='ltr' id='par_1_45' title="bbox 1762 2319 3347 2399">
     <span class='ocr_line' id='line_1_45' title="bbox 1762 2319 3347 2399; baseline 0.007 -24"><span class='ocrx_word' id='word_1_409' title='bbox 1762 2319 1939 2376; x_wconf 90' lang='lat' dir='ltr'><strong>dendo</strong></span> <span class='ocrx_word' id='word_1_410' title='bbox 1967 2321 2208 2377; x_wconf 80' lang='lat' dir='ltr'><strong>infatuati</strong></span> <span class='ocrx_word' id='word_1_411' title='bbox 2224 2321 2477 2377; x_wconf 89' lang='lat' dir='ltr'><strong>contrarii</strong></span> <span class='ocrx_word' id='word_1_412' title='bbox 2505 2322 2630 2379; x_wconf 78' lang='lat' dir='ltr'><strong>facti</strong></span> <span class='ocrx_word' id='word_1_413' title='bbox 2660 2324 2792 2391; x_wconf 86' lang='lat' dir='ltr'><strong>sint,</strong></span> <span class='ocrx_word' id='word_1_414' title='bbox 2817 2325 2911 2380; x_wconf 85' lang='lat' dir='ltr'><strong>ﬁat</strong></span> <span class='ocrx_word' id='word_1_415' title='bbox 2931 2327 3070 2383; x_wconf 89' lang='lat' dir='ltr'><strong>sicut</strong></span> <span class='ocrx_word' id='word_1_416' title='bbox 3089 2329 3347 2399; x_wconf 88' lang='lat' dir='ltr'><strong>scriptum</strong></span> 
     </span>
    </p>
   </div>
   <div class='ocr_carea' id='block_1_46' title="bbox 1762 2414 3348 2491">
    <p class='ocr_par' dir='ltr' id='par_1_46' title="bbox 1762 2414 3348 2491">
     <span class='ocr_line' id='line_1_46' title="bbox 1762 2414 3348 2491; baseline 0.008 -22"><span class='ocrx_word' id='word_1_417' title='bbox 1762 2423 1864 2481; x_wconf 90' lang='lat' dir='ltr'><strong>est,</strong></span> <span class='ocrx_word' id='word_1_418' title='bbox 1896 2414 2088 2469; x_wconf 88' lang='lat' dir='ltr'><strong>Domus</strong></span> <span class='ocrx_word' id='word_1_419' title='bbox 2115 2416 2486 2470; x_wconf 86' lang='lat' dir='ltr'><strong>contrariorum</strong></span> <span class='ocrx_word' id='word_1_420' title='bbox 2512 2414 2636 2487; x_wconf 80' lang='lat' dir='ltr'><strong>legis</strong></span> <span class='ocrx_word' id='word_1_421' title='bbox 2664 2416 2808 2472; x_wconf 88' lang='lat' dir='ltr'><strong>debet</strong></span> <span class='ocrx_word' id='word_1_422' title='bbox 2837 2419 3265 2491; x_wconf 86' lang='lat' dir='ltr'><strong>emundatianem,</strong></span> <span class='ocrx_word' id='word_1_423' title='bbox 3292 2433 3348 2480; x_wconf 89' lang='lat' dir='ltr'><strong>et</strong></span> 
     </span>
    </p>
   </div>
   <div class='ocr_carea' id='block_1_47' title="bbox 1763 2512 3359 2590">
    <p class='ocr_par' dir='ltr' id='par_1_47' title="bbox 1763 2512 3359 2590">
     <span class='ocr_line' id='line_1_47' title="bbox 1763 2512 3359 2590; baseline 0.007 -25"><span class='ocrx_word' id='word_1_424' title='bbox 1763 2525 2099 2581; x_wconf 89' lang='lat' dir='ltr'><strong>consequens</strong></span> <span class='ocrx_word' id='word_1_425' title='bbox 2120 2520 2202 2565; x_wconf 89' lang='lat' dir='ltr'><strong>est</strong></span> <span class='ocrx_word' id='word_1_426' title='bbox 2230 2526 2326 2566; x_wconf 90' lang='lat' dir='ltr'><strong>eos</strong></span> <span class='ocrx_word' id='word_1_427' title='bbox 2345 2512 2434 2582; x_wconf 90' lang='lat' dir='ltr'><strong>qui</strong></span> <span class='ocrx_word' id='word_1_428' title='bbox 2462 2526 2493 2565; x_wconf 91' lang='lat' dir='ltr'><strong>a</strong></span> <span class='ocrx_word' id='word_1_429' title='bbox 2515 2512 2802 2568; x_wconf 87' lang='lat' dir='ltr'><strong>contrariis</strong></span> <span class='ocrx_word' id='word_1_430' title='bbox 2821 2513 3076 2586; x_wconf 84' lang='lat' dir='ltr'><strong>baptizati</strong></span> <span class='ocrx_word' id='word_1_431' title='bbox 3099 2517 3359 2590; x_wconf 88' lang='lat' dir='ltr'><strong>inquinati</strong></span> 
     </span>
    </p>
   </div>
   <div class='ocr_carea' id='block_1_48' title="bbox 1761 2603 3090 2677">
    <p class='ocr_par' dir='ltr' id='par_1_48' title="bbox 1761 2603 3090 2677">
     <span class='ocr_line' id='line_1_48' title="bbox 1761 2603 3090 2677; baseline 0.005 -17"><span class='ocrx_word' id='word_1_432' title='bbox 1761 2614 1886 2660; x_wconf 89' lang='lat' dir='ltr'><strong>sunt</strong></span> <span class='ocrx_word' id='word_1_433' title='bbox 1912 2603 2083 2674; x_wconf 90' lang='lat' dir='ltr'><strong>primo</strong></span> <span class='ocrx_word' id='word_1_434' title='bbox 2110 2606 2324 2676; x_wconf 78' lang='lat' dir='ltr'><strong>purgari</strong></span> <span class='ocrx_word' id='word_1_435' title='bbox 2344 2614 2398 2660; x_wconf 90' lang='lat' dir='ltr'><strong>et</strong></span> <span class='ocrx_word' id='word_1_436' title='bbox 2421 2614 2545 2660; x_wconf 90' lang='lat' dir='ltr'><strong>tunc</strong></span> <span class='ocrx_word' id='word_1_437' title='bbox 2572 2605 2787 2661; x_wconf 89' lang='lat' dir='ltr'><strong>demum</strong></span> <span class='ocrx_word' id='word_1_438' title='bbox 2812 2607 3090 2677; x_wconf 82' lang='lat' dir='ltr'><strong>baptizari.</strong></span> 
     </span>
    </p>
   </div>
   <div class='ocr_carea' id='block_1_49' title="bbox 1834 2698 3348 2762">
    <p class='ocr_par' dir='ltr' id='par_1_49' title="bbox 1834 2698 3348 2762">
     <span class='ocr_line' id='line_1_49' title="bbox 1834 2698 3348 2762; baseline 0.005 -8"><span class='ocrx_word' id='word_1_439' title='bbox 1834 2699 2095 2755; x_wconf 88' lang='lat' dir='ltr'><strong>Crescens</strong></span> <span class='ocrx_word' id='word_1_440' title='bbox 2123 2714 2154 2754; x_wconf 92' lang='lat' dir='ltr'><strong>a</strong></span> <span class='ocrx_word' id='word_1_441' title='bbox 2180 2698 2321 2754; x_wconf 89' lang='lat' dir='ltr'><strong>Cirta</strong></span> <span class='ocrx_word' id='word_1_442' title='bbox 2353 2698 2488 2754; x_wconf 80' lang='lat' dir='ltr'><strong>dixit</strong></span> <span class='ocrx_word' id='word_1_443' title='bbox 2517 2717 2529 2751; x_wconf 93' lang='lat'><strong>:</strong></span> <span class='ocrx_word' id='word_1_444' title='bbox 2562 2698 2617 2753; x_wconf 91' lang='lat' dir='ltr'><strong>In</strong></span> <span class='ocrx_word' id='word_1_445' title='bbox 2648 2708 2794 2755; x_wconf 91' lang='lat' dir='ltr'><strong>tanto</strong></span> <span class='ocrx_word' id='word_1_446' title='bbox 2814 2704 3348 2762; x_wconf 72' lang='lat' dir='ltr'><strong>coettrsanctissimo-</strong></span> 
     </span>
    </p>
   </div>
   <div class='ocr_carea' id='block_1_50' title="bbox 1764 2791 3353 2865">
    <p class='ocr_par' dir='ltr' id='par_1_50' title="bbox 1764 2791 3353 2865">
     <span class='ocr_line' id='line_1_50' title="bbox 1764 2791 3353 2865; baseline 0.004 -16"><span class='ocrx_word' id='word_1_447' title='bbox 1764 2810 1882 2849; x_wconf 91' lang='lat' dir='ltr'><strong>rum</strong></span> <span class='ocrx_word' id='word_1_448' title='bbox 1903 2791 2370 2858; x_wconf 83' lang='lat' dir='ltr'><strong>consacerdomm,</strong></span> <span class='ocrx_word' id='word_1_449' title='bbox 2419 2791 2570 2847; x_wconf 90' lang='lat' dir='ltr'><strong>lectis</strong></span> <span class='ocrx_word' id='word_1_450' title='bbox 2591 2791 2784 2848; x_wconf 87' lang='lat' dir='ltr'><strong>litteris</strong></span> <span class='ocrx_word' id='word_1_451' title='bbox 2811 2794 3063 2865; x_wconf 85' lang='lat' dir='ltr'><strong>Cypriani</strong></span> <span class='ocrx_word' id='word_1_452' title='bbox 3107 2795 3353 2855; x_wconf 85' lang='lat' dir='ltr'><strong>dilectis-</strong></span> 
     </span>
    </p>
   </div>
   <div class='ocr_carea' id='block_1_51' title="bbox 1764 2884 3344 2964">
    <p class='ocr_par' dir='ltr' id='par_1_51' title="bbox 1764 2884 3344 2964">
     <span class='ocr_line' id='line_1_51' title="bbox 1764 2884 3344 2964; baseline 0.004 -22"><span class='ocrx_word' id='word_1_453' title='bbox 1764 2886 1887 2942; x_wconf 89' lang='lat' dir='ltr'><strong>simi</strong></span> <span class='ocrx_word' id='word_1_454' title='bbox 1940 2885 2110 2942; x_wconf 89' lang='lat' dir='ltr'><strong>nostri</strong></span> <span class='ocrx_word' id='word_1_455' title='bbox 2152 2884 2220 2940; x_wconf 90' lang='lat' dir='ltr'><strong>ad</strong></span> <span class='ocrx_word' id='word_1_456' title='bbox 2246 2884 2586 2953; x_wconf 83' lang='lat' dir='ltr'><strong>Jubaianum,</strong></span> <span class='ocrx_word' id='word_1_457' title='bbox 2634 2885 2868 2958; x_wconf 89' lang='lat' dir='ltr'><strong>itemque</strong></span> <span class='ocrx_word' id='word_1_458' title='bbox 2894 2888 2961 2944; x_wconf 88' lang='lat' dir='ltr'><strong>ad</strong></span> <span class='ocrx_word' id='word_1_459' title='bbox 2990 2889 3344 2964; x_wconf 87' lang='lat' dir='ltr'><strong>Stephanum,</strong></span> 
     </span>
    </p>
   </div>
   <div class='ocr_carea' id='block_1_52' title="bbox 1411 3116 2039 3178">
    <p class='ocr_par' dir='ltr' id='par_1_52' title="bbox 1411 3116 2039 3178">
     <span class='ocr_line' id='line_1_52' title="bbox 1411 3116 2039 3178; baseline 0.002 -7"><span class='ocrx_word' id='word_1_460' title='bbox 1411 3116 1502 3171; x_wconf 84' lang='lat' dir='ltr'><strong>VA</strong></span> <span class='ocrx_word' id='word_1_461' title='bbox 1512 3116 1773 3178; x_wconf 79' lang='lat' dir='ltr'><strong>RIORUM</strong></span> <span class='ocrx_word' id='word_1_462' title='bbox 1809 3117 2039 3176; x_wconf 67' lang='grc' dir='ltr'><strong>ΝΟΤλΕ.</strong></span> 
     </span>
    </p>
   </div>
   <div class='ocr_carea' id='block_1_53' title="bbox 137 3216 3349 3309">
    <p class='ocr_par' dir='ltr' id='par_1_53' title="bbox 137 3216 3349 3309">
     <span class='ocr_line' id='line_1_53' title="bbox 137 3216 3349 3309; baseline 0.007 -38"><span class='ocrx_word' id='word_1_463' title='bbox 137 3216 233 3309; x_wconf 70' lang='lat' dir='ltr'><strong>inira</strong></span> <span class='ocrx_word' id='word_1_464' title='bbox 265 3222 312 3278; x_wconf 92' lang='lat' dir='ltr'><strong>in</strong></span> <span class='ocrx_word' id='word_1_465' title='bbox 349 3223 671 3309; x_wconf 60' lang='lat' dir='ltr'><strong>allocutione</strong></span> <span class='ocrx_word' id='word_1_466' title='bbox 723 3224 904 3309; x_wconf 71' lang='lat' dir='ltr'><strong>Sedati</strong></span> <span class='ocrx_word' id='word_1_467' title='bbox 935 3241 965 3279; x_wconf 91' lang='lat' dir='ltr'><strong>a</strong></span> <span class='ocrx_word' id='word_1_468' title='bbox 993 3225 1269 3309; x_wconf 78' lang='lat' dir='ltr'><strong>Tubnrba,</strong></span> <span class='ocrx_word' id='word_1_469' title='bbox 1317 3246 1371 3301; x_wconf 90' lang='lat' dir='ltr'><strong>p.</strong></span> <span class='ocrx_word' id='word_1_470' title='bbox 1404 3233 1658 3309; x_wconf 75' lang='lat' dir='ltr'><strong>552,_pro</strong></span> <span class='ocrx_word' id='word_1_471' title='bbox 1684 3239 1729 3302; x_wconf 87' lang='lat' dir='ltr'><strong>C</strong></span> <span class='ocrx_word' id='word_1_472' title='bbox 1760 3254 1901 3309; x_wconf 84' lang='lat' dir='ltr'><strong>ergo,</strong></span> <span class='ocrx_word' id='word_1_473' title='bbox 1951 3236 2220 3309; x_wconf 86' lang='lat' dir='ltr'><strong>et_docete.</strong></span> <span class='ocrx_word' id='word_1_474' title='bbox 2245 3233 2313 3289; x_wconf 92' lang='lat' dir='ltr'><strong>Et</strong></span> <span class='ocrx_word' id='word_1_475' title='bbox 2362 3234 2520 3309; x_wconf 79' lang='lat' dir='ltr'><strong>vulgo</strong></span> <span class='ocrx_word' id='word_1_476' title='bbox 2570 3234 2650 3309; x_wconf 73' lang='lat' dir='ltr'><strong>sic</strong></span> <span class='ocrx_word' id='word_1_477' title='bbox 2686 3233 2898 3309; x_wconf 74' lang='lat' dir='ltr'><strong>legitur</strong></span> <span class='ocrx_word' id='word_1_478' title='bbox 2935 3234 2989 3309; x_wconf 86' lang='lat' dir='ltr'><strong>in</strong></span> <span class='ocrx_word' id='word_1_479' title='bbox 3039 3233 3174 3309; x_wconf 73' lang='lat' dir='ltr'><strong>Nov.</strong></span> <span class='ocrx_word' id='word_1_480' title='bbox 3208 3236 3349 3295; x_wconf 87' lang='lat' dir='ltr'><strong>Test.</strong></span> 
     </span>
    </p>
   </div>
   <div class='ocr_carea' id='block_1_54' title="bbox 134 3292 1652 3363">
    <p class='ocr_par' dir='ltr' id='par_1_54' title="bbox 134 3292 1652 3363">
     <span class='ocr_line' id='line_1_54' title="bbox 134 3292 1652 3363; baseline 0.015 -22"><span class='ocrx_word' id='word_1_481' title='bbox 134 3292 281 3348; x_wconf 79' lang='lat' dir='ltr'><strong>alienus</strong></span> <span class='ocrx_word' id='word_1_482' title='bbox 300 3294 462 3351; x_wconf 83' lang='lat' dir='ltr'><strong>codex</strong></span> <span class='ocrx_word' id='word_1_483' title='bbox 485 3294 1010 3361; x_wconf 67' lang='lat' dir='ltr'><strong>Gratianotiolitanus</strong></span> <span class='ocrx_word' id='word_1_484' title='bbox 1036 3300 1195 3356; x_wconf 87' lang='lat' dir='ltr'><strong>habet</strong></span> <span class='ocrx_word' id='word_1_485' title='bbox 1215 3292 1501 3359; x_wconf 52' lang='lat' dir='ltr'><strong>entraneus.</strong></span> <span class='ocrx_word' id='word_1_486' title='bbox 1516 3292 1652 3363; x_wconf 50' lang='lat' dir='ltr'><strong>&#39;B&#39;AL.</strong></span> 
     </span>
    </p>
   </div>
   <div class='ocr_carea' id='block_1_55' title="bbox 130 3365 1657 3443">
    <p class='ocr_par' dir='ltr' id='par_1_55' title="bbox 130 3365 1657 3443">
     <span class='ocr_line' id='line_1_55' title="bbox 130 3365 1657 3443; baseline 0.008 -23"><span class='ocrx_word' id='word_1_487' title='bbox 130 3365 440 3436; x_wconf 66' lang='lat' dir='ltr'><strong>~Angustini</strong></span> <span class='ocrx_word' id='word_1_488' title='bbox 454 3382 667 3437; x_wconf 88' lang='lat' dir='ltr'><strong>quoque</strong></span> <span class='ocrx_word' id='word_1_489' title='bbox 683 3366 1008 3438; x_wconf 82' lang='lat' dir='ltr'><strong>redargutio,</strong></span> <span class='ocrx_word' id='word_1_490' title='bbox 1028 3385 1147 3440; x_wconf 64' lang='lat' dir='ltr'><strong>quae</strong></span> <span class='ocrx_word' id='word_1_491' title='bbox 1161 3388 1304 3441; x_wconf 64' lang='lat' dir='ltr'><strong>saepe</strong></span> <span class='ocrx_word' id='word_1_492' title='bbox 1316 3374 1426 3443; x_wconf 89' lang='lat' dir='ltr'><strong>jam</strong></span> <span class='ocrx_word' id='word_1_493' title='bbox 1446 3391 1657 3433; x_wconf 90' lang='lat' dir='ltr'><strong>memo-</strong></span> 
     </span>
    </p>
   </div>
   <div class='ocr_carea' id='block_1_56' title="bbox 131 3444 1655 3519">
    <p class='ocr_par' dir='ltr' id='par_1_56' title="bbox 131 3444 1655 3519">
     <span class='ocr_line' id='line_1_56' title="bbox 131 3444 1655 3519; baseline 0.011 -32"><span class='ocrx_word' id='word_1_494' title='bbox 131 3444 210 3519; x_wconf 58' lang='lat' dir='ltr'><strong>rata</strong></span> <span class='ocrx_word' id='word_1_495' title='bbox 234 3446 325 3519; x_wconf 75' lang='lat' dir='ltr'><strong>est,</strong></span> <span class='ocrx_word' id='word_1_496' title='bbox 355 3453 536 3519; x_wconf 75' lang='lat' dir='ltr'><strong>vocem</strong></span> <span class='ocrx_word' id='word_1_497' title='bbox 560 3453 802 3519; x_wconf 68' lang='lat' dir='ltr'><strong>extraneo</strong></span> <span class='ocrx_word' id='word_1_498' title='bbox 823 3445 1085 3519; x_wconf 78' lang='lat' dir='ltr'><strong>agnoscit,</strong></span> <span class='ocrx_word' id='word_1_499' title='bbox 1109 3458 1431 3519; x_wconf 81' lang='lat' dir='ltr'><strong>quamquam</strong></span> <span class='ocrx_word' id='word_1_500' title='bbox 1462 3450 1514 3502; x_wconf 91' lang='lat' dir='ltr'><strong>in</strong></span> <span class='ocrx_word' id='word_1_501' title='bbox 1538 3449 1655 3519; x_wconf 89' lang='lat' dir='ltr'><strong>ipso</strong></span> 
     </span>
    </p>
   </div>
   <div class='ocr_carea' id='block_1_57' title="bbox 129 3506 1652 3589">
    <p class='ocr_par' dir='ltr' id='par_1_57' title="bbox 129 3506 1652 3589">
     <span class='ocr_line' id='line_1_57' title="bbox 129 3506 1652 3589; baseline 0.012 -32"><span class='ocrx_word' id='word_1_502' title='bbox 129 3506 970 3589; x_wconf 34' lang='grc' dir='ltr'>εισι-θεῖεκειιειιιιιιηνοεειιιιὶιιιη</span> <span class='ocrx_word' id='word_1_503' title='bbox 1020 3506 1249 3580; x_wconf 88' lang='lat' dir='ltr'><strong>positum</strong></span> <span class='ocrx_word' id='word_1_504' title='bbox 1290 3506 1466 3572; x_wconf 61' lang='lat' dir='ltr'><strong>&#39;habes</strong></span> <span class='ocrx_word' id='word_1_505' title='bbox 1512 3506 1652 3589; x_wconf 79' lang='lat' dir='ltr'><strong>apud</strong></span> 
     </span>
    </p>
   </div>
   <div class='ocr_carea' id='block_1_58' title="bbox 128 3580 1654 3655">
    <p class='ocr_par' dir='ltr' id='par_1_58' title="bbox 128 3580 1654 3655">
     <span class='ocr_line' id='line_1_58' title="bbox 128 3580 1654 3655; baseline 0.012 -25"><span class='ocrx_word' id='word_1_506' title='bbox 128 3581 323 3637; x_wconf 84' lang='lat' dir='ltr'><strong>eumdem</strong></span> <span class='ocrx_word' id='word_1_507' title='bbox 341 3581 576 3636; x_wconf 86' lang='lat' dir='ltr'><strong>Patrem.</strong></span> <span class='ocrx_word' id='word_1_508' title='bbox 603 3580 736 3655; x_wconf 29' lang='lat' dir='ltr'><strong>Mox‘</strong></span> <span class='ocrx_word' id='word_1_509' title='bbox 749 3598 907 3655; x_wconf 79' lang='lat' dir='ltr'><strong>aquas</strong></span> <span class='ocrx_word' id='word_1_510' title='bbox 932 3598 1029 3654; x_wconf 89' lang='lat' dir='ltr'><strong>pro</strong></span> <span class='ocrx_word' id='word_1_511' title='bbox 1051 3599 1253 3651; x_wconf 87' lang='lat' dir='ltr'><strong>aquam,</strong></span> <span class='ocrx_word' id='word_1_512' title='bbox 1286 3602 1404 3655; x_wconf 69' lang='lat' dir='ltr'><strong>qua:</strong></span> <span class='ocrx_word' id='word_1_513' title='bbox 1426 3580 1654 3648; x_wconf 72' lang='lat' dir='ltr'><strong>ctetét&#39;o-</strong></span> 
     </span>
    </p>
   </div>
   <div class='ocr_carea' id='block_1_59' title="bbox 126 3652 1363 3723">
    <p class='ocr_par' dir='ltr' id='par_1_59' title="bbox 126 3652 1363 3723">
     <span class='ocr_line' id='line_1_59' title="bbox 126 3652 1363 3723; baseline 0.008 -23"><span class='ocrx_word' id='word_1_514' title='bbox 126 3660 206 3706; x_wconf 86' lang='lat' dir='ltr'><strong>rum</strong></span> <span class='ocrx_word' id='word_1_515' title='bbox 228 3662 307 3710; x_wconf 80' lang='lat' dir='ltr'><strong>est</strong></span> <span class='ocrx_word' id='word_1_516' title='bbox 331 3654 614 3723; x_wconf 90' lang='lat' dir='ltr'><strong>scriptura,</strong></span> <span class='ocrx_word' id='word_1_517' title='bbox 648 3652 897 3708; x_wconf 87' lang='lat' dir='ltr'><strong>Baluzius</strong></span> <span class='ocrx_word' id='word_1_518' title='bbox 927 3652 1123 3722; x_wconf 80' lang='lat' dir='ltr'><strong>posuit.</strong></span> <span class='ocrx_word' id='word_1_519' title='bbox 1154 3652 1363 3713; x_wconf 65' lang='lat' dir='ltr'><strong>Roufn.</strong></span> 
     </span>
    </p>
   </div>
   <div class='ocr_carea' id='block_1_60' title="bbox 173 3746 1653 3818">
    <p class='ocr_par' dir='ltr' id='par_1_60' title="bbox 173 3746 1653 3818">
     <span class='ocr_line' id='line_1_60' title="bbox 173 3746 1653 3818; baseline 0.008 -18"><span class='ocrx_word' id='word_1_520' title='bbox 173 3746 290 3812; x_wconf 81' lang='lat' dir='ltr'><strong>Quia</strong></span> <span class='ocrx_word' id='word_1_521' title='bbox 315 3747 453 3803; x_wconf 84' lang='lat' dir='ltr'><strong>Deus</strong></span> <span class='ocrx_word' id='word_1_522' title='bbox 489 3746 736 3818; x_wconf 87' lang='lat' dir='ltr'><strong>Spiritus,</strong></span> <span class='ocrx_word' id='word_1_523' title='bbox 764 3756 867 3802; x_wconf 91' lang='lat' dir='ltr'><strong>etc.</strong></span> <span class='ocrx_word' id='word_1_524' title='bbox 904 3746 1035 3804; x_wconf 85' lang='lat' dir='ltr'><strong>Vide</strong></span> <span class='ocrx_word' id='word_1_525' title='bbox 1079 3749 1271 3805; x_wconf 85' lang='lat' dir='ltr'><strong>librum</strong></span> <span class='ocrx_word' id='word_1_526' title='bbox 1302 3752 1482 3808; x_wconf 88' lang='lat' dir='ltr'><strong>domni</strong></span> <span class='ocrx_word' id='word_1_527' title='bbox 1512 3755 1653 3812; x_wconf 89' lang='lat' dir='ltr'><strong>Petri</strong></span> 
     </span>
    </p>
   </div>
   <div class='ocr_carea' id='block_1_61' title="bbox 126 3812 1652 3891">
    <p class='ocr_par' dir='ltr' id='par_1_61' title="bbox 126 3812 1652 3891">
     <span class='ocr_line' id='line_1_61' title="bbox 126 3812 1652 3891; baseline 0.007 -19"><span class='ocrx_word' id='word_1_528' title='bbox 126 3812 355 3891; x_wconf 60' lang='lat' dir='ltr'><strong>Consum.</strong></span> <span class='ocrx_word' id='word_1_529' title='bbox 378 3820 430 3875; x_wconf 90' lang='lat' dir='ltr'><strong>in</strong></span> <span class='ocrx_word' id='word_1_530' title='bbox 458 3812 565 3891; x_wconf 80' lang='lat' dir='ltr'><strong>quo</strong></span> <span class='ocrx_word' id='word_1_531' title='bbox 596 3819 983 3891; x_wconf 77' lang='lat' dir='ltr'><strong>conﬁrmantur</strong></span> <span class='ocrx_word' id='word_1_532' title='bbox 1021 3820 1263 3876; x_wconf 62' lang='lat' dir='ltr'><strong>vindicia:</strong></span> <span class='ocrx_word' id='word_1_533' title='bbox 1288 3833 1526 3880; x_wconf 88' lang='lat' dir='ltr'><strong>veterum</strong></span> <span class='ocrx_word' id='word_1_534' title='bbox 1557 3842 1652 3884; x_wconf 89' lang='lat' dir='ltr'><strong>co-</strong></span> 
     </span>
    </p>
   </div>
   <div class='ocr_carea' id='block_1_62' title="bbox 125 3884 1650 3972">
    <p class='ocr_par' dir='ltr' id='par_1_62' title="bbox 125 3884 1650 3972">
     <span class='ocr_line' id='line_1_62' title="bbox 125 3884 1650 3972; baseline 0.01 -33"><span class='ocrx_word' id='word_1_535' title='bbox 125 3884 359 3972; x_wconf 33' lang='lat' dir='ltr'><strong>llicumtp.</strong></span> <span class='ocrx_word' id='word_1_536' title='bbox 388 3892 457 3972; x_wconf 80' lang='lat' dir='ltr'><strong>5&#39;I_</strong></span> <span class='ocrx_word' id='word_1_537' title='bbox 477 3884 603 3972; x_wconf 58' lang='grc' dir='ltr'><strong>’(ξὲ,</strong></span> <span class='ocrx_word' id='word_1_538' title='bbox 628 3889 739 3972; x_wconf 70' lang='grc'><strong>55).</strong></span> <span class='ocrx_word' id='word_1_539' title='bbox 761 3890 1124 3972; x_wconf 37' lang='lat' dir='ltr'><strong>Bibe-“Agit</strong></span> <span class='ocrx_word' id='word_1_540' title='bbox 1148 3891 1346 3972; x_wconf 79' lang='lat' dir='ltr'><strong>Mil_|ins</strong></span> <span class='ocrx_word' id='word_1_541' title='bbox 1370 3912 1581 3972; x_wconf 73' lang='lat' dir='ltr'><strong>quoque</strong></span> <span class='ocrx_word' id='word_1_542' title='bbox 1599 3900 1650 3954; x_wconf 91' lang='lat' dir='ltr'><strong>in</strong></span> 
     </span>
    </p>
   </div>
   <div class='ocr_carea' id='block_1_63' title="bbox 122 3957 1648 4034">
    <p class='ocr_par' dir='ltr' id='par_1_63' title="bbox 122 3957 1648 4034">
     <span class='ocr_line' id='line_1_63' title="bbox 122 3957 1648 4034; baseline 0.006 -20"><span class='ocrx_word' id='word_1_543' title='bbox 122 3957 368 4034; x_wconf 50' lang='lat' dir='ltr'><strong>appendice</strong></span> <span class='ocrx_word' id='word_1_544' title='bbox 388 3962 456 4014; x_wconf 83' lang='lat' dir='ltr'><strong>ad</strong></span> <span class='ocrx_word' id='word_1_545' title='bbox 498 3957 665 4015; x_wconf 85' lang='lat' dir='ltr'><strong>Notas</strong></span> <span class='ocrx_word' id='word_1_546' title='bbox 692 3957 745 4034; x_wconf 76' lang='lat' dir='ltr'><strong>in</strong></span> <span class='ocrx_word' id='word_1_547' title='bbox 790 3960 925 4015; x_wconf 85' lang='lat' dir='ltr'><strong>Test.</strong></span> <span class='ocrx_word' id='word_1_548' title='bbox 958 3957 1115 4027; x_wconf 76' lang='grc' dir='ltr'><strong>Νοῦ..</strong></span> <span class='ocrx_word' id='word_1_549' title='bbox 1151 3979 1201 4029; x_wconf 89' lang='lat' dir='ltr'><strong>p.</strong></span> <span class='ocrx_word' id='word_1_550' title='bbox 1230 3966 1292 4020; x_wconf 77' lang='lat'><strong>5|</strong></span> <span class='ocrx_word' id='word_1_551' title='bbox 1330 3957 1416 4019; x_wconf 83' lang='lat' dir='ltr'><strong>ed.</strong></span> <span class='ocrx_word' id='word_1_552' title='bbox 1446 3957 1648 4034; x_wconf 62' lang='lat' dir='ltr'><strong>03min,</strong></span> 
     </span>
    </p>
   </div>
   <div class='ocr_carea' id='block_1_64' title="bbox 120 4026 1650 4109">
    <p class='ocr_par' dir='ltr' id='par_1_64' title="bbox 120 4026 1650 4109">
     <span class='ocr_line' id='line_1_64' title="bbox 120 4026 1650 4109; baseline 0.009 -28"><span class='ocrx_word' id='word_1_553' title='bbox 120 4026 276 4089; x_wconf 50' lang='lat' dir='ltr'><strong>de&#39;hac</strong></span> <span class='ocrx_word' id='word_1_554' title='bbox 299 4032 1020 4109; x_wconf 68' lang='lat' dir='ltr'><strong>Latinorumadditamento,</strong></span> <span class='ocrx_word' id='word_1_555' title='bbox 1059 4026 1184 4109; x_wconf 69' lang='lat' dir='ltr'><strong>quia</strong></span> <span class='ocrx_word' id='word_1_556' title='bbox 1235 4034 1373 4109; x_wconf 79' lang='lat' dir='ltr'><strong>Deus</strong></span> <span class='ocrx_word' id='word_1_557' title='bbox 1426 4026 1650 4109; x_wconf 71' lang='lat' dir='ltr'><strong>Spiritus</strong></span> 
     </span>
    </p>
   </div>
   <div class='ocr_carea' id='block_1_65' title="bbox 119 4104 1651 4173">
    <p class='ocr_par' dir='ltr' id='par_1_65' title="bbox 119 4104 1651 4173">
     <span class='ocr_line' id='line_1_65' title="bbox 119 4104 1651 4173; baseline 0.008 -19"><span class='ocrx_word' id='word_1_558' title='bbox 119 4112 183 4173; x_wconf 68' lang='lat' dir='ltr'><strong>est,</strong></span> <span class='ocrx_word' id='word_1_559' title='bbox 209 4115 251 4160; x_wconf 87' lang='lat' dir='ltr'><strong>et</strong></span> <span class='ocrx_word' id='word_1_560' title='bbox 275 4106 335 4161; x_wconf 87' lang='lat' dir='ltr'><strong>de</strong></span> <span class='ocrx_word' id='word_1_561' title='bbox 364 4104 470 4160; x_wconf 87' lang='lat' dir='ltr'><strong>Deo</strong></span> <span class='ocrx_word' id='word_1_562' title='bbox 513 4114 662 4158; x_wconf 84' lang='lat' dir='ltr'><strong>natus</strong></span> <span class='ocrx_word' id='word_1_563' title='bbox 691 4115 761 4157; x_wconf 87' lang='lat' dir='ltr'><strong>est</strong></span> <span class='ocrx_word' id='word_1_564' title='bbox 788 4120 806 4166; x_wconf 86' lang='lat'><em>;</em></span> <span class='ocrx_word' id='word_1_565' title='bbox 835 4120 953 4171; x_wconf 68' lang='lat' dir='ltr'><strong>quae</strong></span> <span class='ocrx_word' id='word_1_566' title='bbox 982 4104 1196 4173; x_wconf 77' lang='lat' dir='ltr'><strong>quidem</strong></span> <span class='ocrx_word' id='word_1_567' title='bbox 1226 4104 1484 4173; x_wconf 68' lang='lat' dir='ltr'><strong>clausula,</strong></span> <span class='ocrx_word' id='word_1_568' title='bbox 1515 4121 1561 4165; x_wconf 90' lang='lat' dir='ltr'><strong>et</strong></span> <span class='ocrx_word' id='word_1_569' title='bbox 1588 4128 1651 4165; x_wconf 82' lang='lat' dir='ltr'><strong>ea:</strong></span> 
     </span>
    </p>
   </div>
   <div class='ocr_carea' id='block_1_66' title="bbox 119 4168 1650 4249">
    <p class='ocr_par' dir='ltr' id='par_1_66' title="bbox 119 4168 1650 4249">
     <span class='ocr_line' id='line_1_66' title="bbox 119 4168 1650 4249; baseline 0.005 -22"><span class='ocrx_word' id='word_1_570' title='bbox 119 4168 197 4249; x_wconf 73' lang='lat' dir='ltr'><strong>Deo</strong></span> <span class='ocrx_word' id='word_1_571' title='bbox 216 4188 357 4232; x_wconf 87' lang='lat' dir='ltr'><strong>natus</strong></span> <span class='ocrx_word' id='word_1_572' title='bbox 384 4176 560 4249; x_wconf 77' lang='lat' dir='ltr'><strong>est,in</strong></span> <span class='ocrx_word' id='word_1_573' title='bbox 588 4168 957 4249; x_wconf 76' lang='lat' dir='ltr'><strong>antiquissimo</strong></span> <span class='ocrx_word' id='word_1_574' title='bbox 982 4168 1105 4249; x_wconf 80' lang='lat' dir='ltr'><strong>cod.</strong></span> <span class='ocrx_word' id='word_1_575' title='bbox 1134 4175 1411 4249; x_wconf 79' lang='lat' dir='ltr'><strong>Evangelii</strong></span> <span class='ocrx_word' id='word_1_576' title='bbox 1439 4168 1650 4249; x_wconf 81' lang='lat' dir='ltr'><strong>Latino,</strong></span> 
     </span>
    </p>
   </div>
   <div class='ocr_carea' id='block_1_67' title="bbox 118 4246 1653 4314">
    <p class='ocr_par' dir='ltr' id='par_1_67' title="bbox 118 4246 1653 4314">
     <span class='ocr_line' id='line_1_67' title="bbox 118 4246 1653 4314; baseline 0.005 -16"><span class='ocrx_word' id='word_1_577' title='bbox 118 4246 181 4314; x_wconf 67' lang='lat' dir='ltr'><strong>qui</strong></span> <span class='ocrx_word' id='word_1_578' title='bbox 220 4249 457 4306; x_wconf 89' lang='lat' dir='ltr'><strong>biblioth.</strong></span> <span class='ocrx_word' id='word_1_579' title='bbox 491 4247 796 4303; x_wconf 70' lang='lat' dir='ltr'><strong>Bodleiano:</strong></span> <span class='ocrx_word' id='word_1_580' title='bbox 818 4255 901 4301; x_wconf 89' lang='lat' dir='ltr'><strong>est</strong></span> <span class='ocrx_word' id='word_1_581' title='bbox 931 4288 946 4314; x_wconf 95' lang='lat'><strong>,</strong></span> <span class='ocrx_word' id='word_1_582' title='bbox 973 4247 1206 4303; x_wconf 87' lang='lat' dir='ltr'><strong>additur.</strong></span> <span class='ocrx_word' id='word_1_583' title='bbox 1235 4246 1498 4305; x_wconf 75' lang='lat' dir='ltr'><strong>Czeterum</strong></span> <span class='ocrx_word' id='word_1_584' title='bbox 1532 4246 1653 4308; x_wconf 50' lang='lat' dir='ltr'><strong>Fel-&#39;-</strong></span> 
     </span>
    </p>
   </div>
   <div class='ocr_carea' id='block_1_68' title="bbox 118 4310 1653 4389">
    <p class='ocr_par' dir='ltr' id='par_1_68' title="bbox 118 4310 1653 4389">
     <span class='ocr_line' id='line_1_68' title="bbox 118 4310 1653 4389; baseline 0.005 -19"><span class='ocrx_word' id='word_1_585' title='bbox 118 4310 177 4389; x_wconf 73' lang='lat' dir='ltr'><strong>ltts</strong></span> <span class='ocrx_word' id='word_1_586' title='bbox 200 4320 389 4376; x_wconf 88' lang='lat' dir='ltr'><strong>istudet</strong></span> <span class='ocrx_word' id='word_1_587' title='bbox 415 4320 480 4373; x_wconf 87' lang='lat' dir='ltr'><strong>de</strong></span> <span class='ocrx_word' id='word_1_588' title='bbox 500 4319 606 4373; x_wconf 88' lang='lat' dir='ltr'><strong>Deo</strong></span> <span class='ocrx_word' id='word_1_589' title='bbox 634 4330 784 4372; x_wconf 87' lang='lat' dir='ltr'><strong>natus</strong></span> <span class='ocrx_word' id='word_1_590' title='bbox 799 4330 871 4373; x_wconf 78' lang='lat' dir='ltr'><strong>est</strong></span> <span class='ocrx_word' id='word_1_591' title='bbox 901 4310 1139 4389; x_wconf 79' lang='lat' dir='ltr'><strong>exponit,</strong></span> <span class='ocrx_word' id='word_1_592' title='bbox 1172 4332 1219 4372; x_wconf 89' lang='lat' dir='ltr'><strong>et</strong></span> <span class='ocrx_word' id='word_1_593' title='bbox 1257 4331 1405 4375; x_wconf 86' lang='lat' dir='ltr'><strong>nutus</strong></span> <span class='ocrx_word' id='word_1_594' title='bbox 1437 4323 1498 4376; x_wconf 87' lang='lat' dir='ltr'><strong>de</strong></span> <span class='ocrx_word' id='word_1_595' title='bbox 1528 4322 1653 4388; x_wconf 85' lang='lat' dir='ltr'><strong>Spi-</strong></span> 
     </span>
    </p>
   </div>
   <div class='ocr_carea' id='block_1_69' title="bbox 118 4386 1653 4461">
    <p class='ocr_par' dir='ltr' id='par_1_69' title="bbox 118 4386 1653 4461">
     <span class='ocr_line' id='line_1_69' title="bbox 118 4386 1653 4461; baseline 0.005 -18"><span class='ocrx_word' id='word_1_596' title='bbox 118 4386 211 4461; x_wconf 59' lang='lat' dir='ltr'><strong>ritu,</strong></span> <span class='ocrx_word' id='word_1_597' title='bbox 237 4393 296 4447; x_wconf 90' lang='lat' dir='ltr'><strong>de</strong></span> <span class='ocrx_word' id='word_1_598' title='bbox 314 4392 423 4447; x_wconf 89' lang='lat' dir='ltr'><strong>Deo</strong></span> <span class='ocrx_word' id='word_1_599' title='bbox 448 4401 597 4445; x_wconf 87' lang='lat' dir='ltr'><strong>natus</strong></span> <span class='ocrx_word' id='word_1_600' title='bbox 618 4399 708 4445; x_wconf 86' lang='lat' dir='ltr'><strong>est.</strong></span> <span class='ocrx_word' id='word_1_601' title='bbox 735 4390 811 4445; x_wconf 92' lang='lat' dir='ltr'><strong>De</strong></span> <span class='ocrx_word' id='word_1_602' title='bbox 822 4405 944 4461; x_wconf 18' lang='lat' dir='ltr'><strong>Aqua</strong></span> <span class='ocrx_word' id='word_1_603' title='bbox 971 4386 1148 4446; x_wconf 78' lang='lat' dir='ltr'><strong>tamen</strong></span> <span class='ocrx_word' id='word_1_604' title='bbox 1180 4386 1653 4461; x_wconf 85' lang='lat' dir='ltr'><strong>interpretamento</strong></span> 
     </span>
    </p>
   </div>
   <div class='ocr_carea' id='block_1_70' title="bbox 116 4452 1649 4535">
    <p class='ocr_par' dir='ltr' id='par_1_70' title="bbox 116 4452 1649 4535">
     <span class='ocr_line' id='line_1_70' title="bbox 116 4452 1649 4535; baseline -0.002 -16"><span class='ocrx_word' id='word_1_605' title='bbox 226 4464 439 4535; x_wconf 86' lang='lat' dir='ltr'><strong>adnotat</strong></span> <span class='ocrx_word' id='word_1_606' title='bbox 466 4462 711 4535; x_wconf 82' lang='lat' dir='ltr'><strong>Maranus</strong></span> <span class='ocrx_word' id='word_1_607' title='bbox 731 4452 1123 4535; x_wconf 20' lang='lat' dir='ltr'><strong>ittAPi-tefatione</strong></span> <span class='ocrx_word' id='word_1_608' title='bbox 1138 4464 1207 4516; x_wconf 88' lang='lat' dir='ltr'><strong>ad</strong></span> <span class='ocrx_word' id='word_1_609' title='bbox 1232 4452 1567 4534; x_wconf 74' lang='lat' dir='ltr'><strong>Cyprianum,</strong></span> <span class='ocrx_word' id='word_1_610' title='bbox 1597 4482 1649 4535; x_wconf 83' lang='lat' dir='ltr'><strong>p.</strong></span> 
     </span>
    </p>
   </div>
   <div class='ocr_carea' id='block_1_71' title="bbox 116 4524 1656 4597">
    <p class='ocr_par' dir='ltr' id='par_1_71' title="bbox 116 4524 1656 4597">
     <span class='ocr_line' id='line_1_71' title="bbox 116 4524 1656 4597; baseline 0.006 -13"><span class='ocrx_word' id='word_1_611' title='bbox 116 4524 185 4585; x_wconf 74' lang='lat'><strong>36.</strong></span> <span class='ocrx_word' id='word_1_612' title='bbox 204 4553 222 4587; x_wconf 73' lang='grc' dir='ltr'><strong>ι</strong></span> <span class='ocrx_word' id='word_1_613' title='bbox 247 4534 416 4591; x_wconf 76' lang='lat' dir='ltr'><strong>Minus</strong></span> <span class='ocrx_word' id='word_1_614' title='bbox 430 4533 714 4589; x_wconf 84' lang='lat' dir='ltr'><strong>commode</strong></span> <span class='ocrx_word' id='word_1_615' title='bbox 739 4532 913 4587; x_wconf 87' lang='lat' dir='ltr'><strong>editor</strong></span> <span class='ocrx_word' id='word_1_616' title='bbox 929 4524 1255 4589; x_wconf 70' lang='lat' dir='ltr'><strong>Oxoniensis</strong></span> <span class='ocrx_word' id='word_1_617' title='bbox 1273 4524 1432 4597; x_wconf 76' lang='lat' dir='ltr'><strong>illud.</strong></span> <span class='ocrx_word' id='word_1_618' title='bbox 1458 4535 1520 4589; x_wconf 81' lang='lat' dir='ltr'><strong>de</strong></span> <span class='ocrx_word' id='word_1_619' title='bbox 1547 4524 1656 4592; x_wconf 78' lang='lat' dir='ltr'><strong>Deo</strong></span> 
     </span>
    </p>
   </div>
   <div class='ocr_carea' id='block_1_72' title="bbox 116 4604 1657 4676">
    <p class='ocr_par' dir='ltr' id='par_1_72' title="bbox 116 4604 1657 4676">
     <span class='ocr_line' id='line_1_72' title="bbox 116 4604 1657 4676; baseline 0.004 -19"><span class='ocrx_word' id='word_1_620' title='bbox 116 4612 234 4661; x_wconf 72' lang='lat' dir='ltr'><strong>natus</strong></span> <span class='ocrx_word' id='word_1_621' title='bbox 259 4618 344 4676; x_wconf 88' lang='lat' dir='ltr'><strong>est,</strong></span> <span class='ocrx_word' id='word_1_622' title='bbox 374 4608 454 4662; x_wconf 90' lang='lat' dir='ltr'><strong>sic</strong></span> <span class='ocrx_word' id='word_1_623' title='bbox 493 4604 744 4676; x_wconf 74' lang='lat' dir='ltr'><strong>explicat,</strong></span> <span class='ocrx_word' id='word_1_624' title='bbox 772 4615 925 4658; x_wconf 86' lang='lat' dir='ltr'><strong>natus</strong></span> <span class='ocrx_word' id='word_1_625' title='bbox 947 4605 1013 4659; x_wconf 89' lang='lat' dir='ltr'><strong>de</strong></span> <span class='ocrx_word' id='word_1_626' title='bbox 1041 4605 1240 4674; x_wconf 86' lang='lat' dir='ltr'><strong>Spiritu</strong></span> <span class='ocrx_word' id='word_1_627' title='bbox 1267 4606 1335 4661; x_wconf 89' lang='lat' dir='ltr'><strong>de</strong></span> <span class='ocrx_word' id='word_1_628' title='bbox 1369 4607 1477 4661; x_wconf 90' lang='lat' dir='ltr'><strong>Deo</strong></span> <span class='ocrx_word' id='word_1_629' title='bbox 1501 4617 1657 4663; x_wconf 80' lang='lat' dir='ltr'><strong>natus</strong></span> 
     </span>
    </p>
   </div>
   <div class='ocr_carea' id='block_1_73' title="bbox 116 4675 1659 4735">
    <p class='ocr_par' dir='ltr' id='par_1_73' title="bbox 116 4675 1659 4735">
     <span class='ocr_line' id='line_1_73' title="bbox 116 4675 1659 4735; baseline 0.004 -7"><span class='ocrx_word' id='word_1_630' title='bbox 116 4682 196 4730; x_wconf 74' lang='lat' dir='ltr'><strong>est.</strong></span> <span class='ocrx_word' id='word_1_631' title='bbox 222 4684 284 4733; x_wconf 81' lang='lat' dir='ltr'><strong>At</strong></span> <span class='ocrx_word' id='word_1_632' title='bbox 311 4680 490 4735; x_wconf 87' lang='lat' dir='ltr'><strong>dicere</strong></span> <span class='ocrx_word' id='word_1_633' title='bbox 542 4675 817 4732; x_wconf 89' lang='lat' dir='ltr'><strong>debuisset</strong></span> <span class='ocrx_word' id='word_1_634' title='bbox 846 4675 1216 4735; x_wconf 85' lang='lat' dir='ltr'><strong>Nemesianus.</strong></span> <span class='ocrx_word' id='word_1_635' title='bbox 1247 4678 1309 4732; x_wconf 89' lang='lat' dir='ltr'><strong>de</strong></span> <span class='ocrx_word' id='word_1_636' title='bbox 1335 4677 1438 4732; x_wconf 79' lang='lat' dir='ltr'><strong>Deo</strong></span> <span class='ocrx_word' id='word_1_637' title='bbox 1484 4689 1659 4734; x_wconf 87' lang='lat' dir='ltr'><strong>natum</strong></span> 
     </span>
    </p>
   </div>
   <div class='ocr_carea' id='block_1_74' title="bbox 116 4747 1660 4819">
    <p class='ocr_par' dir='ltr' id='par_1_74' title="bbox 116 4747 1660 4819">
     <span class='ocr_line' id='line_1_74' title="bbox 116 4747 1660 4819; baseline 0.003 -18"><span class='ocrx_word' id='word_1_638' title='bbox 116 4755 186 4801; x_wconf 68' lang='grc' dir='ltr'>ιιι.</span> <span class='ocrx_word' id='word_1_639' title='bbox 211 4751 301 4817; x_wconf 83' lang='lat' dir='ltr'><strong>Qui</strong></span> <span class='ocrx_word' id='word_1_640' title='bbox 326 4750 665 4805; x_wconf 87' lang='lat' dir='ltr'><strong>mediocriter</strong></span> <span class='ocrx_word' id='word_1_641' title='bbox 692 4747 952 4806; x_wconf 87' lang='lat' dir='ltr'><strong>attendet.</strong></span> <span class='ocrx_word' id='word_1_642' title='bbox 979 4747 1115 4802; x_wconf 84' lang='lat' dir='ltr'><strong>lianc</strong></span> <span class='ocrx_word' id='word_1_643' title='bbox 1147 4748 1305 4819; x_wconf 85' lang='lat' dir='ltr'><strong>hujus</strong></span> <span class='ocrx_word' id='word_1_644' title='bbox 1325 4750 1424 4805; x_wconf 89' lang='lat' dir='ltr'><strong>loci</strong></span> <span class='ocrx_word' id='word_1_645' title='bbox 1457 4750 1660 4806; x_wconf 85' lang='lat' dir='ltr'><strong>videbit</strong></span> 
     </span>
    </p>
   </div>
   <div class='ocr_carea' id='block_1_75' title="bbox 118 4819 1659 4891">
    <p class='ocr_par' dir='ltr' id='par_1_75' title="bbox 118 4819 1659 4891">
     <span class='ocr_line' id='line_1_75' title="bbox 118 4819 1659 4891; baseline 0 -14"><span class='ocrx_word' id='word_1_646' title='bbox 118 4824 214 4891; x_wconf 51' lang='lat'>$3858</span> <span class='ocrx_word' id='word_1_647' title='bbox 255 4823 596 4887; x_wconf 86' lang='lat' dir='ltr'><strong>sententiam,</strong></span> <span class='ocrx_word' id='word_1_648' title='bbox 630 4819 771 4891; x_wconf 89' lang='lat' dir='ltr'><strong>quod</strong></span> <span class='ocrx_word' id='word_1_649' title='bbox 802 4835 870 4873; x_wconf 80' lang='lat' dir='ltr'><strong>ex</strong></span> <span class='ocrx_word' id='word_1_650' title='bbox 899 4820 1098 4887; x_wconf 86' lang='lat' dir='ltr'><strong>Spiritu</strong></span> <span class='ocrx_word' id='word_1_651' title='bbox 1151 4830 1331 4874; x_wconf 90' lang='lat' dir='ltr'><strong>natum</strong></span> <span class='ocrx_word' id='word_1_652' title='bbox 1358 4830 1458 4888; x_wconf 89' lang='lat' dir='ltr'><strong>est,</strong></span> <span class='ocrx_word' id='word_1_653' title='bbox 1491 4822 1659 4890; x_wconf 74' lang='lat' dir='ltr'><strong>Spiri-</strong></span> 
     </span>
    </p>
   </div>
   <div class='ocr_carea' id='block_1_76' title="bbox 119 4888 1659 4965">
    <p class='ocr_par' dir='ltr' id='par_1_76' title="bbox 119 4888 1659 4965">
     <span class='ocr_line' id='line_1_76' title="bbox 119 4888 1659 4965; baseline 0.006 -24"><span class='ocrx_word' id='word_1_654' title='bbox 119 4888 205 4965; x_wconf 52' lang='lat' dir='ltr'><strong>tum</strong></span> <span class='ocrx_word' id='word_1_655' title='bbox 229 4908 357 4957; x_wconf 82' lang='lat' dir='ltr'><strong>esse.</strong></span> <span class='ocrx_word' id='word_1_656' title='bbox 385 4896 508 4965; x_wconf 85' lang='lat' dir='ltr'><strong>quia</strong></span> <span class='ocrx_word' id='word_1_657' title='bbox 551 4888 784 4960; x_wconf 71' lang='lat' dir='ltr'><strong>Spiritus</strong></span> <span class='ocrx_word' id='word_1_658' title='bbox 812 4901 1211 4965; x_wconf 28' lang='lat' dir='ltr'><strong>sanctustcum</strong></span> <span class='ocrx_word' id='word_1_659' title='bbox 1253 4892 1389 4965; x_wconf 82' lang='lat' dir='ltr'><strong>Deus</strong></span> <span class='ocrx_word' id='word_1_660' title='bbox 1412 4903 1481 4947; x_wconf 71' lang='lat' dir='ltr'><strong>snt</strong></span> <span class='ocrx_word' id='word_1_661' title='bbox 1508 4888 1562 4947; x_wconf 80' lang='lat' dir='ltr'><strong>et</strong></span> <span class='ocrx_word' id='word_1_662' title='bbox 1590 4910 1659 4950; x_wconf 86' lang='lat' dir='ltr'><strong>ex</strong></span> 
     </span>
    </p>
   </div>
   <div class='ocr_carea' id='block_1_77' title="bbox 120 4949 1657 5034">
    <p class='ocr_par' dir='ltr' id='par_1_77' title="bbox 120 4949 1657 5034">
     <span class='ocr_line' id='line_1_77' title="bbox 120 4949 1657 5034; baseline 0.003 -19"><span class='ocrx_word' id='word_1_663' title='bbox 120 4949 206 5034; x_wconf 62' lang='lat' dir='ltr'><strong>Pco</strong></span> <span class='ocrx_word' id='word_1_664' title='bbox 226 4949 370 5022; x_wconf 76' lang='lat' dir='ltr'><strong>natus</strong></span> <span class='ocrx_word' id='word_1_665' title='bbox 396 4949 465 5020; x_wconf 72' lang='lat' dir='ltr'><strong>sit</strong></span> <span class='ocrx_word' id='word_1_666' title='bbox 507 4949 627 5020; x_wconf 74' lang='lat' dir='ltr'><strong>sive</strong></span> <span class='ocrx_word' id='word_1_667' title='bbox 666 4964 991 5032; x_wconf 81' lang='lat' dir='ltr'><strong>processerit</strong></span> <span class='ocrx_word' id='word_1_668' title='bbox 1038 4949 1185 5034; x_wconf 59' lang='grc' dir='ltr'><strong>⁷(Ιιῑιιε</strong></span> <span class='ocrx_word' id='word_1_669' title='bbox 1213 4963 1355 5016; x_wconf 87' lang='lat' dir='ltr'><strong>enim</strong></span> <span class='ocrx_word' id='word_1_670' title='bbox 1388 4965 1657 5020; x_wconf 83' lang='lat' dir='ltr'><strong>interdum</strong></span> 
     </span>
    </p>
   </div>
   <div class='ocr_carea' id='block_1_78' title="bbox 120 5021 1660 5107">
    <p class='ocr_par' dir='ltr' id='par_1_78' title="bbox 120 5021 1660 5107">
     <span class='ocr_line' id='line_1_78' title="bbox 120 5021 1660 5107; baseline 0.005 -22"><span class='ocrx_word' id='word_1_671' title='bbox 120 5021 231 5107; x_wconf 62' lang='lat' dir='ltr'><strong>idem</strong></span> <span class='ocrx_word' id='word_1_672' title='bbox 257 5021 486 5106; x_wconf 85' lang='lat' dir='ltr'><strong>sonant),</strong></span> <span class='ocrx_word' id='word_1_673' title='bbox 518 5052 618 5107; x_wconf 89' lang='lat' dir='ltr'><strong>pro</strong></span> <span class='ocrx_word' id='word_1_674' title='bbox 647 5021 853 5107; x_wconf 59' lang='lat' dir='ltr'><strong>summa</strong></span> <span class='ocrx_word' id='word_1_675' title='bbox 882 5049 976 5087; x_wconf 86' lang='lat' dir='ltr'><strong>sua</strong></span> <span class='ocrx_word' id='word_1_676' title='bbox 1009 5021 1270 5103; x_wconf 72' lang='lat' dir='ltr'><strong>potestate</strong></span> <span class='ocrx_word' id='word_1_677' title='bbox 1320 5037 1540 5105; x_wconf 88' lang='lat' dir='ltr'><strong>spiritus</strong></span> <span class='ocrx_word' id='word_1_678' title='bbox 1567 5052 1660 5093; x_wconf 84' lang='lat' dir='ltr'><strong>eos</strong></span> 
     </span>
    </p>
   </div>
   <div class='ocr_carea' id='block_1_79' title="bbox 120 5100 1018 5179">
    <p class='ocr_par' dir='ltr' id='par_1_79' title="bbox 120 5100 1018 5179">
     <span class='ocr_line' id='line_1_79' title="bbox 120 5100 1018 5179; baseline 0.002 -22"><span class='ocrx_word' id='word_1_679' title='bbox 120 5100 398 5179; x_wconf 70' lang='lat' dir='ltr'><strong>eilicitqnos</strong></span> <span class='ocrx_word' id='word_1_680' title='bbox 424 5100 721 5179; x_wconf 72' lang='lat' dir='ltr'><strong>regenerat.</strong></span> <span class='ocrx_word' id='word_1_681' title='bbox 757 5124 775 5157; x_wconf 80' lang='grc' dir='ltr'><strong>ι</strong></span> <span class='ocrx_word' id='word_1_682' title='bbox 809 5100 1018 5160; x_wconf 75' lang='lat' dir='ltr'><strong>Reum.</strong></span> 
     </span>
    </p>
   </div>
   <div class='ocr_carea' id='block_1_80' title="bbox 178 5174 1660 5235">
    <p class='ocr_par' dir='ltr' id='par_1_80' title="bbox 178 5174 1660 5235">
     <span class='ocr_line' id='line_1_80' title="bbox 178 5174 1660 5235; baseline 0.005 -7"><span class='ocrx_word' id='word_1_683' title='bbox 178 5174 742 5235; x_wconf 49' lang='lat' dir='ltr'><strong>IdololatritefAddidit</strong></span> <span class='ocrx_word' id='word_1_684' title='bbox 779 5192 962 5231; x_wconf 89' lang='lat' dir='ltr'><strong>vocem</strong></span> <span class='ocrx_word' id='word_1_685' title='bbox 992 5179 1203 5231; x_wconf 86' lang='lat' dir='ltr'><strong>servitus</strong></span> <span class='ocrx_word' id='word_1_686' title='bbox 1230 5176 1451 5232; x_wconf 85' lang='lat' dir='ltr'><strong>forsitan</strong></span> <span class='ocrx_word' id='word_1_687' title='bbox 1476 5196 1543 5234; x_wconf 81' lang='lat' dir='ltr'><strong>ex</strong></span> <span class='ocrx_word' id='word_1_688' title='bbox 1570 5196 1660 5235; x_wconf 86' lang='lat' dir='ltr'><strong>co-</strong></span> 
     </span>
    </p>
   </div>
   <div class='ocr_carea' id='block_1_81' title="bbox 121 5235 1661 5319">
    <p class='ocr_par' dir='ltr' id='par_1_81' title="bbox 121 5235 1661 5319">
     <span class='ocr_line' id='line_1_81' title="bbox 121 5235 1661 5319; baseline 0.004 -19"><span class='ocrx_word' id='word_1_689' title='bbox 121 5235 295 5306; x_wconf 73' lang='lat' dir='ltr'><strong>dicibus</strong></span> <span class='ocrx_word' id='word_1_690' title='bbox 331 5253 439 5308; x_wconf 83' lang='lat' dir='ltr'><strong>suis</strong></span> <span class='ocrx_word' id='word_1_691' title='bbox 478 5251 747 5313; x_wconf 66' lang='lat' dir='ltr'><strong>Baluzius,</strong></span> <span class='ocrx_word' id='word_1_692' title='bbox 777 5263 934 5317; x_wconf 86' lang='lat' dir='ltr'><strong>quam</strong></span> <span class='ocrx_word' id='word_1_693' title='bbox 967 5250 1205 5319; x_wconf 88' lang='lat' dir='ltr'><strong>agnoscit</strong></span> <span class='ocrx_word' id='word_1_694' title='bbox 1233 5248 1457 5317; x_wconf 79' lang='lat' dir='ltr'><strong>Vulgata</strong></span> <span class='ocrx_word' id='word_1_695' title='bbox 1497 5251 1661 5306; x_wconf 88' lang='lat' dir='ltr'><strong>inter-</strong></span> 
     </span>
    </p>
   </div>
   <div class='ocr_carea' id='block_1_82' title="bbox 122 5320 1660 5389">
    <p class='ocr_par' dir='ltr' id='par_1_82' title="bbox 122 5320 1660 5389">
     <span class='ocr_line' id='line_1_82' title="bbox 122 5320 1660 5389; baseline 0.003 -18"><span class='ocrx_word' id='word_1_696' title='bbox 122 5322 312 5389; x_wconf 63' lang='lat' dir='ltr'><strong>bretatio</strong></span> <span class='ocrx_word' id='word_1_697' title='bbox 358 5332 578 5378; x_wconf 87' lang='lat' dir='ltr'><strong>vertens</strong></span> <span class='ocrx_word' id='word_1_698' title='bbox 622 5321 875 5376; x_wconf 85' lang='lat' dir='ltr'><strong>idolorum</strong></span> <span class='ocrx_word' id='word_1_699' title='bbox 903 5322 1133 5380; x_wconf 82' lang='lat' dir='ltr'><strong>servitus,</strong></span> <span class='ocrx_word' id='word_1_700' title='bbox 1164 5334 1281 5389; x_wconf 72' lang='lat' dir='ltr'><strong>qua:</strong></span> <span class='ocrx_word' id='word_1_701' title='bbox 1326 5320 1458 5388; x_wconf 89' lang='lat' dir='ltr'><strong>ipsa,</strong></span> <span class='ocrx_word' id='word_1_702' title='bbox 1494 5336 1551 5375; x_wconf 89' lang='lat' dir='ltr'><strong>ut</strong></span> <span class='ocrx_word' id='word_1_703' title='bbox 1580 5324 1660 5376; x_wconf 85' lang='lat' dir='ltr'><strong>vi-</strong></span> 
     </span>
    </p>
   </div>
   <div class='ocr_carea' id='block_1_83' title="bbox 122 5380 1659 5467">
    <p class='ocr_par' dir='ltr' id='par_1_83' title="bbox 122 5380 1659 5467">
     <span class='ocr_line' id='line_1_83' title="bbox 122 5380 1659 5467; baseline 0 -19"><span class='ocrx_word' id='word_1_704' title='bbox 122 5380 265 5467; x_wconf 48' lang='lat' dir='ltr'><strong>‘ielur,</strong></span> <span class='ocrx_word' id='word_1_705' title='bbox 289 5394 619 5467; x_wconf 71' lang='lat' dir='ltr'><strong>Cyprianicte</strong></span> <span class='ocrx_word' id='word_1_706' title='bbox 664 5392 910 5449; x_wconf 86' lang='lat' dir='ltr'><strong>lectionis</strong></span> <span class='ocrx_word' id='word_1_707' title='bbox 948 5402 1032 5447; x_wconf 89' lang='lat' dir='ltr'><strong>est</strong></span> <span class='ocrx_word' id='word_1_708' title='bbox 1059 5380 1227 5461; x_wconf 78' lang='lat' dir='ltr'><strong>origo.</strong></span> <span class='ocrx_word' id='word_1_709' title='bbox 1283 5380 1423 5460; x_wconf 71' lang='lat' dir='ltr'><strong>Ergo</strong></span> <span class='ocrx_word' id='word_1_710' title='bbox 1448 5380 1659 5447; x_wconf 46' lang='lat' dir='ltr'><strong>&#39;vocem</strong></span> 
     </span>
    </p>
   </div>
   <div class='ocr_carea' id='block_1_84' title="bbox 123 5463 1610 5544">
    <p class='ocr_par' dir='ltr' id='par_1_84' title="bbox 123 5463 1610 5544">
     <span class='ocr_line' id='line_1_84' title="bbox 123 5463 1610 5544; baseline 0.024 -33"><span class='ocrx_word' id='word_1_711' title='bbox 123 5463 503 5544; x_wconf 54' lang='lat' dir='ltr'><strong>alligandum.</strong></span> <span class='ocrx_word' id='word_1_712' title='bbox 627 5540 634 5544; x_wconf 92' lang='lat'>_</span> <span class='ocrx_word' id='word_1_713' title='bbox 783 5535 794 5544; x_wconf 87' lang='lat'><strong>_</strong></span> <span class='ocrx_word' id='word_1_714' title='bbox 1038 5535 1113 5544; x_wconf 66' lang='lat'><strong>,_</strong></span> <span class='ocrx_word' id='word_1_715' title='bbox 1238 5534 1291 5544; x_wconf 72' lang='lat'><em>__</em></span> <span class='ocrx_word' id='word_1_716' title='bbox 1338 5533 1349 5544; x_wconf 92' lang='lat'>.</span> <span class='ocrx_word' id='word_1_717' title='bbox 1404 5531 1445 5544; x_wconf 81' lang='lat'><strong>..</strong></span> 
     </span>
    </p>
   </div>
   <div class='ocr_carea' id='block_1_85' title="bbox 184 5530 1661 5614">
    <p class='ocr_par' dir='ltr' id='par_1_85' title="bbox 184 5530 1661 5614">
     <span class='ocr_line' id='line_1_85' title="bbox 184 5530 1661 5614; baseline 0 -26"><span class='ocrx_word' id='word_1_718' title='bbox 184 5530 416 5594; x_wconf 84' lang='lat' dir='ltr'><strong>Lambese.</strong></span> <span class='ocrx_word' id='word_1_719' title='bbox 462 5540 711 5612; x_wconf 78' lang='grc' dir='ltr'><strong>Λαμαὶσα</strong></span> <span class='ocrx_word' id='word_1_720' title='bbox 753 5535 864 5614; x_wconf 79' lang='lat' dir='ltr'><strong>sive</strong></span> <span class='ocrx_word' id='word_1_721' title='bbox 912 5535 1188 5614; x_wconf 61' lang='grc' dir='ltr'><strong>Λαμᾷαἱσα</strong></span> <span class='ocrx_word' id='word_1_722' title='bbox 1236 5533 1372 5614; x_wconf 58' lang='lat' dir='ltr'><strong>PN)&quot;.</strong></span> <span class='ocrx_word' id='word_1_723' title='bbox 1402 5531 1661 5614; x_wconf 71' lang='lat' dir='ltr'><strong>Numidia:</strong></span> 
     </span>
    </p>
   </div>
   <div class='ocr_carea' id='block_1_86' title="bbox 128 5603 1655 5686">
    <p class='ocr_par' dir='ltr' id='par_1_86' title="bbox 128 5603 1655 5686">
     <span class='ocr_line' id='line_1_86' title="bbox 128 5603 1655 5686; baseline -0.001 -25"><span class='ocrx_word' id='word_1_724' title='bbox 128 5605 247 5686; x_wconf 48' lang='lat' dir='ltr'><strong>iubs,</strong></span> <span class='ocrx_word' id='word_1_725' title='bbox 273 5609 458 5686; x_wconf 57' lang='lat' dir='ltr'><strong>deﬂua</strong></span> <span class='ocrx_word' id='word_1_726' title='bbox 511 5603 671 5679; x_wconf 77' lang='lat' dir='ltr'><strong>supra</strong></span> <span class='ocrx_word' id='word_1_727' title='bbox 698 5623 764 5664; x_wconf 82' lang='lat' dir='ltr'><strong>ex</strong></span> <span class='ocrx_word' id='word_1_728' title='bbox 794 5603 995 5686; x_wconf 43' lang='lat' dir='ltr'><strong>{intimi</strong></span> <span class='ocrx_word' id='word_1_729' title='bbox 1037 5610 1254 5686; x_wconf 75' lang='lat' dir='ltr'><strong>insuper</strong></span> <span class='ocrx_word' id='word_1_730' title='bbox 1302 5603 1474 5686; x_wconf 84' lang='lat' dir='ltr'><strong>Cypr._</strong></span> <span class='ocrx_word' id='word_1_731' title='bbox 1499 5605 1655 5686; x_wconf 76' lang='lat' dir='ltr'><strong>epist.</strong></span> 
     </span>
    </p>
   </div>
   <div class='ocr_carea' id='block_1_87' title="bbox 128 5675 1660 5739">
    <p class='ocr_par' dir='ltr' id='par_1_87' title="bbox 128 5675 1660 5739">
     <span class='ocr_line' id='line_1_87' title="bbox 128 5675 1660 5739; baseline -0.001 -8"><span class='ocrx_word' id='word_1_732' title='bbox 128 5682 201 5731; x_wconf 73' lang='grc' dir='ltr'><strong>ιιι</strong></span> <span class='ocrx_word' id='word_1_733' title='bbox 236 5681 294 5736; x_wconf 86' lang='lat' dir='ltr'><strong>ad</strong></span> <span class='ocrx_word' id='word_1_734' title='bbox 335 5675 482 5738; x_wconf 79' lang='lat' dir='ltr'><strong>Pam.</strong></span> <span class='ocrx_word' id='word_1_735' title='bbox 537 5675 765 5738; x_wconf 81' lang='lat' dir='ltr'><strong>numero</strong></span> <span class='ocrx_word' id='word_1_736' title='bbox 809 5679 879 5739; x_wconf 84' lang='lat'><strong>55</strong></span> <span class='ocrx_word' id='word_1_737' title='bbox 921 5675 1360 5735; x_wconf 43' lang='lat' dir='ltr'><strong>Lambesitanam’</strong></span> <span class='ocrx_word' id='word_1_738' title='bbox 1393 5675 1660 5731; x_wconf 88' lang='lat' dir='ltr'><strong>coloniam</strong></span> 
     </span>
    </p>
   </div>
   <div class='ocr_carea' id='block_1_88' title="bbox 127 5751 1193 5833">
    <p class='ocr_par' dir='ltr' id='par_1_88' title="bbox 127 5751 1193 5833">
     <span class='ocr_line' id='line_1_88' title="bbox 127 5751 1193 5833; baseline 0.014 -30"><span class='ocrx_word' id='word_1_739' title='bbox 127 5751 333 5833; x_wconf 69' lang='lat' dir='ltr'><strong>appellat.</strong></span> <span class='ocrx_word' id='word_1_740' title='bbox 365 5753 528 5833; x_wconf 66' lang='lat' dir='ltr'><strong>Eata.</strong></span> <span class='ocrx_word' id='word_1_741' title='bbox 580 5824 613 5833; x_wconf 52' lang='grc' dir='ltr'>η</span> <span class='ocrx_word' id='word_1_742' title='bbox 755 5823 765 5832; x_wconf 85' lang='lat'><strong>_</strong></span> <span class='ocrx_word' id='word_1_743' title='bbox 914 5831 921 5833; x_wconf 19' lang='grc' dir='ltr'><em>Α</em></span> <span class='ocrx_word' id='word_1_744' title='bbox 1018 5822 1106 5833; x_wconf 46' lang='grc' dir='ltr'>λ,</span> <span class='ocrx_word' id='word_1_745' title='bbox 1183 5822 1193 5833; x_wconf 61' lang='grc'><strong>,</strong></span> 
     </span>
    </p>
   </div>
   <div class='ocr_carea' id='block_1_89' title="bbox 193 5816 1663 5894">
    <p class='ocr_par' dir='ltr' id='par_1_89' title="bbox 193 5816 1663 5894">
     <span class='ocr_line' id='line_1_89' title="bbox 193 5816 1663 5894; baseline -0.003 -15"><span class='ocrx_word' id='word_1_746' title='bbox 193 5816 273 5894; x_wconf 80' lang='lat' dir='ltr'><strong>lte,</strong></span> <span class='ocrx_word' id='word_1_747' title='bbox 299 5835 342 5882; x_wconf 87' lang='lat' dir='ltr'><strong>et</strong></span> <span class='ocrx_word' id='word_1_748' title='bbox 362 5826 551 5884; x_wconf 84' lang='lat' dir='ltr'><strong>docete.</strong></span> <span class='ocrx_word' id='word_1_749' title='bbox 573 5823 769 5882; x_wconf 66' lang='lat' dir='ltr'><strong>Castori</strong></span> <span class='ocrx_word' id='word_1_750' title='bbox 796 5831 991 5893; x_wconf 63' lang='lat' dir='ltr'><strong>praeter</strong></span> <span class='ocrx_word' id='word_1_751' title='bbox 1018 5822 1288 5880; x_wconf 81' lang='lat' dir='ltr'><strong>Baluzium</strong></span> <span class='ocrx_word' id='word_1_752' title='bbox 1318 5819 1515 5878; x_wconf 89' lang='lat' dir='ltr'><strong>habent</strong></span> <span class='ocrx_word' id='word_1_753' title='bbox 1541 5834 1554 5872; x_wconf 86' lang='lat'><strong>:</strong></span> <span class='ocrx_word' id='word_1_754' title='bbox 1584 5816 1663 5874; x_wconf 88' lang='lat' dir='ltr'><strong>ltc</strong></span> 
     </span>
    </p>
   </div>
   <div class='ocr_carea' id='block_1_90' title="bbox 1764 3300 3359 3375">
    <p class='ocr_par' dir='ltr' id='par_1_90' title="bbox 1764 3300 3359 3375">
     <span class='ocr_line' id='line_1_90' title="bbox 1764 3300 3359 3375; baseline 0 -10"><span class='ocrx_word' id='word_1_755' title='bbox 1764 3300 1896 3365; x_wconf 71' lang='lat' dir='ltr'><strong>nam</strong></span> <span class='ocrx_word' id='word_1_756' title='bbox 1917 3306 2095 3362; x_wconf 84' lang='lat' dir='ltr'><strong>addita</strong></span> <span class='ocrx_word' id='word_1_757' title='bbox 2125 3317 2207 3362; x_wconf 91' lang='lat' dir='ltr'><strong>est</strong></span> <span class='ocrx_word' id='word_1_758' title='bbox 2258 3300 2514 3375; x_wconf 84' lang='lat' dir='ltr'><strong>particula</strong></span> <span class='ocrx_word' id='word_1_759' title='bbox 2546 3300 2633 3360; x_wconf 75' lang='grc' dir='ltr'><strong>οὖν</strong></span> <span class='ocrx_word' id='word_1_760' title='bbox 2683 3300 3165 3371; x_wconf 63' lang='lat' dir='ltr'><strong>incitemplarihus</strong></span> <span class='ocrx_word' id='word_1_761' title='bbox 3208 3309 3359 3365; x_wconf 71' lang='lat' dir='ltr'><strong>Grae-</strong></span> 
     </span>
    </p>
   </div>
   <div class='ocr_carea' id='block_1_91' title="bbox 1762 3377 3358 3450">
    <p class='ocr_par' dir='ltr' id='par_1_91' title="bbox 1762 3377 3358 3450">
     <span class='ocr_line' id='line_1_91' title="bbox 1762 3377 3358 3450; baseline 0 -13"><span class='ocrx_word' id='word_1_762' title='bbox 1762 3383 1840 3437; x_wconf 92' lang='lat' dir='ltr'><strong>cis</strong></span> <span class='ocrx_word' id='word_1_763' title='bbox 1870 3378 2168 3449; x_wconf 87' lang='lat' dir='ltr'><strong>impressis,</strong></span> <span class='ocrx_word' id='word_1_764' title='bbox 2199 3377 2564 3450; x_wconf 62' lang='lat' dir='ltr'><strong>renitentibus</strong></span> <span class='ocrx_word' id='word_1_765' title='bbox 2587 3388 2763 3432; x_wconf 84' lang='lat' dir='ltr'><strong>tamen</strong></span> <span class='ocrx_word' id='word_1_766' title='bbox 2795 3378 3041 3450; x_wconf 89' lang='lat' dir='ltr'><strong>plurimis</strong></span> <span class='ocrx_word' id='word_1_767' title='bbox 3078 3380 3358 3437; x_wconf 85' lang='lat' dir='ltr'><strong>codicibus</strong></span> 
     </span>
    </p>
   </div>
   <div class='ocr_carea' id='block_1_92' title="bbox 1761 3446 3358 3518">
    <p class='ocr_par' dir='ltr' id='par_1_92' title="bbox 1761 3446 3358 3518">
     <span class='ocr_line' id='line_1_92' title="bbox 1761 3446 3358 3518; baseline 0.002 -12"><span class='ocrx_word' id='word_1_768' title='bbox 1761 3446 2162 3518; x_wconf 22' lang='lat' dir='ltr'><strong>manusvcriptis.</strong></span> <span class='ocrx_word' id='word_1_769' title='bbox 2209 3449 2329 3503; x_wconf 82' lang='lat' dir='ltr'><strong>Mox</strong></span> <span class='ocrx_word' id='word_1_770' title='bbox 2361 3449 2415 3502; x_wconf 91' lang='lat' dir='ltr'><strong>in</strong></span> <span class='ocrx_word' id='word_1_771' title='bbox 2458 3446 2727 3518; x_wconf 72' lang='lat' dir='ltr'><strong>sutiragiis</strong></span> <span class='ocrx_word' id='word_1_772' title='bbox 2771 3446 2839 3505; x_wconf 71' lang='lat' dir='ltr'><strong>f0</strong></span> <span class='ocrx_word' id='word_1_773' title='bbox 2867 3460 2921 3505; x_wconf 90' lang='lat' dir='ltr'><strong>et</strong></span> <span class='ocrx_word' id='word_1_774' title='bbox 2946 3450 3017 3505; x_wconf 74' lang='lat'><strong>29</strong></span> <span class='ocrx_word' id='word_1_775' title='bbox 3064 3460 3120 3506; x_wconf 91' lang='lat' dir='ltr'><strong>et</strong></span> <span class='ocrx_word' id='word_1_776' title='bbox 3163 3452 3234 3508; x_wconf 77' lang='lat'><strong>55</strong></span> <span class='ocrx_word' id='word_1_777' title='bbox 3263 3454 3358 3509; x_wconf 86' lang='lat' dir='ltr'><strong>ubi</strong></span> 
     </span>
    </p>
   </div>
   <div class='ocr_carea' id='block_1_93' title="bbox 1757 3520 3359 3593">
    <p class='ocr_par' dir='ltr' id='par_1_93' title="bbox 1757 3520 3359 3593">
     <span class='ocr_line' id='line_1_93' title="bbox 1757 3520 3359 3593; baseline 0.001 -15"><span class='ocrx_word' id='word_1_778' title='bbox 1757 3523 1986 3578; x_wconf 81' lang='lat' dir='ltr'><strong>aﬂ‘ertur</strong></span> <span class='ocrx_word' id='word_1_779' title='bbox 2016 3521 2185 3588; x_wconf 91' lang='lat' dir='ltr'><strong>locus,</strong></span> <span class='ocrx_word' id='word_1_780' title='bbox 2229 3535 2369 3593; x_wconf 69' lang='lat' dir='ltr'><strong>ergo</strong></span> <span class='ocrx_word' id='word_1_781' title='bbox 2393 3520 2547 3593; x_wconf 54' lang='lat' dir='ltr'><strong>abest</strong></span> <span class='ocrx_word' id='word_1_782' title='bbox 2576 3537 2590 3583; x_wconf 90' lang='lat'><strong>;</strong></span> <span class='ocrx_word' id='word_1_783' title='bbox 2622 3520 2765 3575; x_wconf 90' lang='lat' dir='ltr'><strong>sicut</strong></span> <span class='ocrx_word' id='word_1_784' title='bbox 2816 3522 2957 3593; x_wconf 91' lang='lat' dir='ltr'><strong>apud</strong></span> <span class='ocrx_word' id='word_1_785' title='bbox 2987 3532 3264 3578; x_wconf 88' lang='lat' dir='ltr'><strong>auctorem</strong></span> <span class='ocrx_word' id='word_1_786' title='bbox 3294 3525 3359 3580; x_wconf 91' lang='lat' dir='ltr'><strong>de</strong></span> 
     </span>
    </p>
   </div>
   <div class='ocr_carea' id='block_1_94' title="bbox 1756 3591 2642 3662">
    <p class='ocr_par' dir='ltr' id='par_1_94' title="bbox 1756 3591 2642 3662">
     <span class='ocr_line' id='line_1_94' title="bbox 1756 3591 2642 3662; baseline -0.005 -14"><span class='ocrx_word' id='word_1_787' title='bbox 1756 3594 2076 3661; x_wconf 82' lang='lat' dir='ltr'><strong>Rebaptism.</strong></span> <span class='ocrx_word' id='word_1_788' title='bbox 2102 3594 2166 3646; x_wconf 92' lang='lat' dir='ltr'><strong>ad</strong></span> <span class='ocrx_word' id='word_1_789' title='bbox 2192 3607 2242 3662; x_wconf 89' lang='lat' dir='ltr'><strong>p.</strong></span> <span class='ocrx_word' id='word_1_790' title='bbox 2274 3591 2398 3647; x_wconf 81' lang='grc'><strong>558.</strong></span> <span class='ocrx_word' id='word_1_791' title='bbox 2431 3591 2642 3647; x_wconf 76' lang='lat' dir='ltr'><strong>Ratira.</strong></span> 
     </span>
    </p>
   </div>
   <div class='ocr_carea' id='block_1_95' title="bbox 1828 3662 3358 3733">
    <p class='ocr_par' dir='ltr' id='par_1_95' title="bbox 1828 3662 3358 3733">
     <span class='ocr_line' id='line_1_95' title="bbox 1828 3662 3358 3733; baseline 0.004 -13"><span class='ocrx_word' id='word_1_792' title='bbox 1828 3666 2026 3720; x_wconf 88' lang='lat' dir='ltr'><strong>Domus</strong></span> <span class='ocrx_word' id='word_1_793' title='bbox 2051 3664 2426 3718; x_wconf 85' lang='lat' dir='ltr'><strong>contrariorum</strong></span> <span class='ocrx_word' id='word_1_794' title='bbox 2460 3665 2600 3733; x_wconf 86' lang='lat' dir='ltr'><strong>legis.</strong></span> <span class='ocrx_word' id='word_1_795' title='bbox 2636 3662 2779 3718; x_wconf 84' lang='lat' dir='ltr'><strong>LXX</strong></span> <span class='ocrx_word' id='word_1_796' title='bbox 2818 3664 3016 3721; x_wconf 87' lang='lat' dir='ltr'><strong>habent</strong></span> <span class='ocrx_word' id='word_1_797' title='bbox 3057 3668 3211 3725; x_wconf 80' lang='grc' dir='ltr'><strong>ὀικίαι</strong></span> <span class='ocrx_word' id='word_1_798' title='bbox 3253 3691 3358 3726; x_wconf 83' lang='grc' dir='ltr'><strong>πα-</strong></span> 
     </span>
    </p>
   </div>
   <div class='ocr_carea' id='block_1_96' title="bbox 1756 3735 3360 3814">
    <p class='ocr_par' dir='ltr' id='par_1_96' title="bbox 1756 3735 3360 3814">
     <span class='ocr_line' id='line_1_96' title="bbox 1756 3735 3360 3814; baseline 0.003 -22"><span class='ocrx_word' id='word_1_799' title='bbox 1756 3741 1992 3814; x_wconf 79' lang='grc' dir='ltr'><strong>ρανόμων</strong></span> <span class='ocrx_word' id='word_1_800' title='bbox 2039 3737 2361 3811; x_wconf 73' lang='grc' dir='ltr'><strong>ὀφειλήσουσι</strong></span> <span class='ocrx_word' id='word_1_801' title='bbox 2410 3737 2740 3814; x_wconf 56' lang='grc' dir='ltr'><strong>καθᾳρισμὸν.</strong></span> <span class='ocrx_word' id='word_1_802' title='bbox 2777 3735 2999 3793; x_wconf 69' lang='lat' dir='ltr'><strong>Hebraea</strong></span> <span class='ocrx_word' id='word_1_803' title='bbox 3054 3748 3168 3795; x_wconf 81' lang='grc' dir='ltr'>ιυιο</span> <span class='ocrx_word' id='word_1_804' title='bbox 3218 3741 3360 3797; x_wconf 71' lang='lat' dir='ltr'><strong>C(Blo</strong></span> 
     </span>
    </p>
   </div>
   <div class='ocr_carea' id='block_1_97' title="bbox 1755 3804 3355 3914">
    <p class='ocr_par' dir='ltr' id='par_1_97' title="bbox 1755 3804 3355 3914">
     <span class='ocr_line' id='line_1_97' title="bbox 1755 3804 3355 3914; baseline 0.001 -29"><span class='ocrx_word' id='word_1_805' title='bbox 1755 3804 2005 3888; x_wconf 75' lang='lat' dir='ltr'><strong>videntur</strong></span> <span class='ocrx_word' id='word_1_806' title='bbox 2034 3804 2256 3886; x_wconf 81' lang='lat' dir='ltr'><strong>distare.</strong></span> <span class='ocrx_word' id='word_1_807' title='bbox 2287 3832 2427 3884; x_wconf 66' lang='lat' dir='ltr'><strong>Dm:</strong></span> <span class='ocrx_word' id='word_1_808' title='bbox 2577 3804 2757 3883; x_wconf 52' lang='grc' dir='ltr'><strong>ουν-ω</strong></span> <span class='ocrx_word' id='word_1_809' title='bbox 2790 3827 2897 3885; x_wconf 84' lang='grc' dir='ltr'>Νεε</span> <span class='ocrx_word' id='word_1_810' title='bbox 2927 3828 3082 3885; x_wconf 84' lang='lat' dir='ltr'><strong>facile</strong></span> <span class='ocrx_word' id='word_1_811' title='bbox 3110 3841 3194 3887; x_wconf 88' lang='lat' dir='ltr'><strong>est</strong></span> <span class='ocrx_word' id='word_1_812' title='bbox 3221 3847 3355 3887; x_wconf 85' lang='lat' dir='ltr'><strong>con-</strong></span> 
     </span>
    </p>
   </div>
   <div class='ocr_carea' id='block_1_98' title="bbox 1748 3918 3354 3993">
    <p class='ocr_par' dir='ltr' id='par_1_98' title="bbox 1748 3918 3354 3993">
     <span class='ocr_line' id='line_1_98' title="bbox 1748 3918 3354 3993; baseline 0 -15"><span class='ocrx_word' id='word_1_813' title='bbox 1748 3923 1957 3993; x_wconf 89' lang='lat' dir='ltr'><strong>jectura</strong></span> <span class='ocrx_word' id='word_1_814' title='bbox 1988 3922 2204 3993; x_wconf 89' lang='lat' dir='ltr'><strong>assequi</strong></span> <span class='ocrx_word' id='word_1_815' title='bbox 2234 3920 2360 3992; x_wconf 86' lang='lat' dir='ltr'><strong>quid</strong></span> <span class='ocrx_word' id='word_1_816' title='bbox 2407 3936 2516 3990; x_wconf 64' lang='lat' dir='ltr'><strong>prae</strong></span> <span class='ocrx_word' id='word_1_817' title='bbox 2550 3920 2720 3975; x_wconf 90' lang='lat' dir='ltr'><strong>oculis</strong></span> <span class='ocrx_word' id='word_1_818' title='bbox 2767 3918 3028 3976; x_wconf 90' lang='lat' dir='ltr'><strong>baberent</strong></span> <span class='ocrx_word' id='word_1_819' title='bbox 3058 3921 3232 3978; x_wconf 66' lang='lat' dir='ltr'><strong>Graeci</strong></span> <span class='ocrx_word' id='word_1_820' title='bbox 3270 3926 3354 3978; x_wconf 82' lang='lat' dir='ltr'><strong>in-</strong></span> 
     </span>
    </p>
   </div>
   <div class='ocr_carea' id='block_1_99' title="bbox 1755 3994 3351 4101">
    <p class='ocr_par' dir='ltr' id='par_1_99' title="bbox 1755 3994 3351 4101">
     <span class='ocr_line' id='line_1_99' title="bbox 1755 3994 3351 4101; baseline 0.001 -30"><span class='ocrx_word' id='word_1_821' title='bbox 1755 4026 2054 4088; x_wconf 91' lang='lat' dir='ltr'><strong>terpretes,</strong></span> <span class='ocrx_word' id='word_1_822' title='bbox 2100 4017 2203 4071; x_wconf 91' lang='lat' dir='ltr'><strong>nisi</strong></span> <span class='ocrx_word' id='word_1_823' title='bbox 2247 4015 2383 4070; x_wconf 80' lang='lat' dir='ltr'><strong>forte</strong></span> <span class='ocrx_word' id='word_1_824' title='bbox 2429 4029 2525 4083; x_wconf 91' lang='lat' dir='ltr'><strong>per</strong></span> <span class='ocrx_word' id='word_1_825' title='bbox 2564 4029 2801 4070; x_wconf 90' lang='lat' dir='ltr'><strong>errorem</strong></span> <span class='ocrx_word' id='word_1_826' title='bbox 2838 4015 3079 4085; x_wconf 87' lang='lat' dir='ltr'><strong>legerant</strong></span> <span class='ocrx_word' id='word_1_827' title='bbox 3107 3999 3243 4071; x_wconf 66' lang='grc' dir='ltr'><strong>ὺΠΝ</strong></span> 
     </span>
    </p>
   </div>
   <div class='ocr_carea' id='block_1_100' title="bbox 1752 4106 3227 4175">
    <p class='ocr_par' dir='ltr' id='par_1_100' title="bbox 1752 4106 3227 4175">
     <span class='ocr_line' id='line_1_100' title="bbox 1752 4106 3227 4175; baseline 0.003 -12"><span class='ocrx_word' id='word_1_828' title='bbox 1752 4115 1892 4163; x_wconf 69' lang='lat' dir='ltr'><strong>own</strong></span> <span class='ocrx_word' id='word_1_829' title='bbox 1924 4108 2223 4164; x_wconf 86' lang='lat' dir='ltr'><strong>habitacula</strong></span> <span class='ocrx_word' id='word_1_830' title='bbox 2248 4107 2503 4162; x_wconf 87' lang='lat' dir='ltr'><strong>derisoris</strong></span> <span class='ocrx_word' id='word_1_831' title='bbox 2530 4106 2583 4160; x_wconf 91' lang='lat' dir='ltr'><strong>in</strong></span> <span class='ocrx_word' id='word_1_832' title='bbox 2616 4107 2963 4175; x_wconf 89' lang='lat' dir='ltr'><strong>piamentum.</strong></span> <span class='ocrx_word' id='word_1_833' title='bbox 2996 4108 3227 4167; x_wconf 80' lang='lat' dir='ltr'><strong>FELLUS.</strong></span> 
     </span>
    </p>
   </div>
   <div class='ocr_carea' id='block_1_101' title="bbox 1831 4178 3357 4250">
    <p class='ocr_par' dir='ltr' id='par_1_101' title="bbox 1831 4178 3357 4250">
     <span class='ocr_line' id='line_1_101' title="bbox 1831 4178 3357 4250; baseline 0.001 -16"><span class='ocrx_word' id='word_1_834' title='bbox 1831 4180 2011 4234; x_wconf 88' lang='lat' dir='ltr'><strong>Primo</strong></span> <span class='ocrx_word' id='word_1_835' title='bbox 2040 4179 2271 4250; x_wconf 88' lang='lat' dir='ltr'><strong>purgari.</strong></span> <span class='ocrx_word' id='word_1_836' title='bbox 2306 4178 2558 4250; x_wconf 80' lang='lat' dir='ltr'><strong>Anglicus</strong></span> <span class='ocrx_word' id='word_1_837' title='bbox 2585 4179 2657 4229; x_wconf 87' lang='lat' dir='ltr'><strong>ait</strong></span> <span class='ocrx_word' id='word_1_838' title='bbox 2684 4179 3029 4250; x_wconf 83' lang='lat' dir='ltr'><strong>interpres</strong></span> <span class='ocrx_word' id='word_1_839' title='bbox 3059 4199 3078 4231; x_wconf 72' lang='grc' dir='ltr'><strong>ι</strong></span> <span class='ocrx_word' id='word_1_840' title='bbox 3119 4197 3215 4248; x_wconf 82' lang='lat' dir='ltr'><strong>per</strong></span> <span class='ocrx_word' id='word_1_841' title='bbox 3242 4196 3357 4250; x_wconf 66' lang='lat' dir='ltr'><strong>pue-</strong></span> 
     </span>
    </p>
   </div>
   <div class='ocr_carea' id='block_1_102' title="bbox 1761 4247 3354 4319">
    <p class='ocr_par' dir='ltr' id='par_1_102' title="bbox 1761 4247 3354 4319">
     <span class='ocr_line' id='line_1_102' title="bbox 1761 4247 3354 4319; baseline 0.004 -17"><span class='ocrx_word' id='word_1_842' title='bbox 1761 4270 1779 4302; x_wconf 72' lang='grc' dir='ltr'><strong>ι</strong></span> <span class='ocrx_word' id='word_1_843' title='bbox 1820 4247 2098 4305; x_wconf 64' lang='lat' dir='ltr'><strong>nitentian</strong></span> <span class='ocrx_word' id='word_1_844' title='bbox 2124 4247 2243 4319; x_wconf 72' lang='lat' dir='ltr'><strong>quin</strong></span> <span class='ocrx_word' id='word_1_845' title='bbox 2268 4247 2470 4316; x_wconf 85' lang='lat' dir='ltr'><strong>agenda</strong></span> <span class='ocrx_word' id='word_1_846' title='bbox 2503 4259 2585 4301; x_wconf 91' lang='lat' dir='ltr'><strong>est</strong></span> <span class='ocrx_word' id='word_1_847' title='bbox 2610 4258 2733 4319; x_wconf 67' lang='lat' dir='ltr'><strong>ante</strong></span> <span class='ocrx_word' id='word_1_848' title='bbox 2758 4249 3137 4306; x_wconf 87' lang='lat' dir='ltr'><strong>admissionem</strong></span> <span class='ocrx_word' id='word_1_849' title='bbox 3162 4251 3226 4305; x_wconf 85' lang='lat' dir='ltr'><strong>ad</strong></span> <span class='ocrx_word' id='word_1_850' title='bbox 3247 4247 3354 4308; x_wconf 75' lang='lat' dir='ltr'><strong>Ec~</strong></span> 
     </span>
    </p>
   </div>
   <div class='ocr_carea' id='block_1_103' title="bbox 1759 4316 3352 4393">
    <p class='ocr_par' dir='ltr' id='par_1_103' title="bbox 1759 4316 3352 4393">
     <span class='ocr_line' id='line_1_103' title="bbox 1759 4316 3352 4393; baseline 0.003 -19"><span class='ocrx_word' id='word_1_851' title='bbox 1759 4340 1781 4374; x_wconf 71' lang='grc' dir='ltr'><strong>ι</strong></span> <span class='ocrx_word' id='word_1_852' title='bbox 1817 4323 2038 4376; x_wconf 88' lang='lat' dir='ltr'><strong>clesiam</strong></span> <span class='ocrx_word' id='word_1_853' title='bbox 2083 4316 2177 4393; x_wconf 75' lang='lat' dir='ltr'><strong>per</strong></span> <span class='ocrx_word' id='word_1_854' title='bbox 2203 4318 2559 4393; x_wconf 84' lang='lat' dir='ltr'><strong>Baptismum.</strong></span> <span class='ocrx_word' id='word_1_855' title='bbox 2602 4337 2619 4369; x_wconf 78' lang='lat' dir='ltr'><strong>s</strong></span> <span class='ocrx_word' id='word_1_856' title='bbox 2653 4316 2759 4393; x_wconf 71' lang='lat' dir='ltr'><strong>Sed</strong></span> <span class='ocrx_word' id='word_1_857' title='bbox 2794 4319 3013 4376; x_wconf 82' lang='lat' dir='ltr'><strong>forsitan</strong></span> <span class='ocrx_word' id='word_1_858' title='bbox 3047 4322 3352 4393; x_wconf 82' lang='lat' dir='ltr'><strong>intelligen-</strong></span> 
     </span>
    </p>
   </div>
   <div class='ocr_carea' id='block_1_104' title="bbox 1755 4388 3352 4461">
    <p class='ocr_par' dir='ltr' id='par_1_104' title="bbox 1755 4388 3352 4461">
     <span class='ocr_line' id='line_1_104' title="bbox 1755 4388 3352 4461; baseline 0.001 -13"><span class='ocrx_word' id='word_1_859' title='bbox 1755 4393 1854 4448; x_wconf 91' lang='lat' dir='ltr'><strong>dus</strong></span> <span class='ocrx_word' id='word_1_860' title='bbox 1883 4400 1967 4445; x_wconf 88' lang='lat' dir='ltr'><strong>est</strong></span> <span class='ocrx_word' id='word_1_861' title='bbox 1993 4392 2356 4456; x_wconf 56' lang='lat' dir='ltr'><strong>einn&#39;cismns,</strong></span> <span class='ocrx_word' id='word_1_862' title='bbox 2389 4389 2477 4458; x_wconf 85' lang='lat' dir='ltr'><strong>qui</strong></span> <span class='ocrx_word' id='word_1_863' title='bbox 2509 4391 2557 4442; x_wconf 91' lang='lat' dir='ltr'><strong>in</strong></span> <span class='ocrx_word' id='word_1_864' title='bbox 2580 4388 2846 4460; x_wconf 72' lang='lat' dir='ltr'><strong>suffragiis</strong></span> <span class='ocrx_word' id='word_1_865' title='bbox 2877 4406 2995 4456; x_wconf 85' lang='lat' dir='ltr'><strong>vni,</strong></span> <span class='ocrx_word' id='word_1_866' title='bbox 3026 4404 3078 4448; x_wconf 90' lang='lat' dir='ltr'><strong>et</strong></span> <span class='ocrx_word' id='word_1_867' title='bbox 3105 4388 3256 4461; x_wconf 66' lang='lat' dir='ltr'><strong>xxxi,</strong></span> <span class='ocrx_word' id='word_1_868' title='bbox 3295 4406 3352 4450; x_wconf 87' lang='lat' dir='ltr'><strong>et</strong></span> 
     </span>
    </p>
   </div>
   <div class='ocr_carea' id='block_1_105' title="bbox 1679 4461 3352 4535">
    <p class='ocr_par' dir='ltr' id='par_1_105' title="bbox 1679 4461 3352 4535">
     <span class='ocr_line' id='line_1_105' title="bbox 1679 4461 3352 4535; baseline 0 -16"><span class='ocrx_word' id='word_1_869' title='bbox 1679 4475 1731 4534; x_wconf 83' lang='lat'><strong>1)</strong></span> <span class='ocrx_word' id='word_1_870' title='bbox 1758 4478 1962 4529; x_wconf 80' lang='lat' dir='ltr'><strong>xxxvii,</strong></span> <span class='ocrx_word' id='word_1_871' title='bbox 1999 4461 2302 4535; x_wconf 64' lang='lat' dir='ltr'><strong>lniminihus</strong></span> <span class='ocrx_word' id='word_1_872' title='bbox 2341 4461 2616 4515; x_wconf 86' lang='lat' dir='ltr'><strong>conversis</strong></span> <span class='ocrx_word' id='word_1_873' title='bbox 2652 4464 3014 4535; x_wconf 65' lang='lat' dir='ltr'><strong>commendari</strong></span> <span class='ocrx_word' id='word_1_874' title='bbox 3054 4475 3109 4518; x_wconf 90' lang='lat' dir='ltr'><strong>et</strong></span> <span class='ocrx_word' id='word_1_875' title='bbox 3150 4466 3352 4535; x_wconf 87' lang='lat' dir='ltr'><strong>injnngi</strong></span> 
     </span>
    </p>
   </div>
   <div class='ocr_carea' id='block_1_106' title="bbox 1761 4531 3355 4602">
    <p class='ocr_par' dir='ltr' id='par_1_106' title="bbox 1761 4531 3355 4602">
     <span class='ocr_line' id='line_1_106' title="bbox 1761 4531 3355 4602; baseline 0.003 -14"><span class='ocrx_word' id='word_1_876' title='bbox 1761 4535 1990 4591; x_wconf 89' lang='lat' dir='ltr'><strong>videtur.</strong></span> <span class='ocrx_word' id='word_1_877' title='bbox 2021 4532 2192 4589; x_wconf 85' lang='lat' dir='ltr'><strong>Porro</strong></span> <span class='ocrx_word' id='word_1_878' title='bbox 2224 4536 2273 4588; x_wconf 89' lang='lat' dir='ltr'><strong>in</strong></span> <span class='ocrx_word' id='word_1_879' title='bbox 2302 4546 2510 4587; x_wconf 85' lang='lat' dir='ltr'><strong>canone</strong></span> <span class='ocrx_word' id='word_1_880' title='bbox 2541 4532 2771 4602; x_wconf 89' lang='lat' dir='ltr'><strong>septimo</strong></span> <span class='ocrx_word' id='word_1_881' title='bbox 2801 4531 3017 4587; x_wconf 85' lang='lat' dir='ltr'><strong>Concilii</strong></span> <span class='ocrx_word' id='word_1_882' title='bbox 3058 4531 3355 4592; x_wconf 69' lang='lat' dir='ltr'><strong>mcutuenici</strong></span> 
     </span>
    </p>
   </div>
   <div class='ocr_carea' id='block_1_107' title="bbox 1760 4603 3350 4678">
    <p class='ocr_par' dir='ltr' id='par_1_107' title="bbox 1760 4603 3350 4678">
     <span class='ocr_line' id='line_1_107' title="bbox 1760 4603 3350 4678; baseline 0.002 -18"><span class='ocrx_word' id='word_1_883' title='bbox 1760 4607 1967 4661; x_wconf 86' lang='lat' dir='ltr'><strong>secundi</strong></span> <span class='ocrx_word' id='word_1_884' title='bbox 1999 4621 2112 4659; x_wconf 82' lang='lat' dir='ltr'><strong>mos</strong></span> <span class='ocrx_word' id='word_1_885' title='bbox 2143 4604 2614 4678; x_wconf 73' lang='lat' dir='ltr'><strong>exorcizanditam</strong></span> <span class='ocrx_word' id='word_1_886' title='bbox 2643 4603 2762 4659; x_wconf 85' lang='lat' dir='ltr'><strong>illos</strong></span> <span class='ocrx_word' id='word_1_887' title='bbox 2802 4603 3083 4678; x_wconf 68' lang='lat' dir='ltr'><strong>hiereticos</strong></span> <span class='ocrx_word' id='word_1_888' title='bbox 3103 4648 3118 4672; x_wconf 91' lang='lat'><strong>,</strong></span> <span class='ocrx_word' id='word_1_889' title='bbox 3166 4608 3255 4678; x_wconf 85' lang='lat' dir='ltr'><strong>qni</strong></span> <span class='ocrx_word' id='word_1_890' title='bbox 3296 4609 3350 4665; x_wconf 91' lang='lat' dir='ltr'><strong>in</strong></span> 
     </span>
    </p>
   </div>
   <div class='ocr_carea' id='block_1_108' title="bbox 1761 4676 3351 4748">
    <p class='ocr_par' dir='ltr' id='par_1_108' title="bbox 1761 4676 3351 4748">
     <span class='ocr_line' id='line_1_108' title="bbox 1761 4676 3351 4748; baseline 0.001 -15"><span class='ocrx_word' id='word_1_891' title='bbox 1761 4695 1826 4733; x_wconf 87' lang='lat' dir='ltr'><strong>eo</strong></span> <span class='ocrx_word' id='word_1_892' title='bbox 1849 4678 2189 4732; x_wconf 89' lang='lat' dir='ltr'><strong>nominantur</strong></span> <span class='ocrx_word' id='word_1_893' title='bbox 2210 4720 2222 4741; x_wconf 84' lang='lat'><strong>,</strong></span> <span class='ocrx_word' id='word_1_894' title='bbox 2249 4692 2406 4747; x_wconf 89' lang='lat' dir='ltr'><strong>quam</strong></span> <span class='ocrx_word' id='word_1_895' title='bbox 2433 4676 2697 4744; x_wconf 88' lang='lat' dir='ltr'><strong>ethnicos,</strong></span> <span class='ocrx_word' id='word_1_896' title='bbox 2727 4685 2850 4732; x_wconf 90' lang='lat' dir='ltr'><strong>ante</strong></span> <span class='ocrx_word' id='word_1_897' title='bbox 2880 4676 3227 4748; x_wconf 84' lang='lat' dir='ltr'><strong>Baptismum,</strong></span> <span class='ocrx_word' id='word_1_898' title='bbox 3257 4678 3351 4736; x_wconf 87' lang='lat' dir='ltr'><strong>ﬁr-</strong></span> 
     </span>
    </p>
   </div>
   <div class='ocr_carea' id='block_1_109' title="bbox 1762 4749 2578 4804">
    <p class='ocr_par' dir='ltr' id='par_1_109' title="bbox 1762 4749 2578 4804">
     <span class='ocr_line' id='line_1_109' title="bbox 1762 4749 2578 4804; baseline -0.002 0"><span class='ocrx_word' id='word_1_899' title='bbox 1762 4758 1938 4804; x_wconf 88' lang='lat' dir='ltr'><strong>matur</strong></span> <span class='ocrx_word' id='word_1_900' title='bbox 1964 4765 2026 4803; x_wconf 91' lang='lat' dir='ltr'><strong>ac</strong></span> <span class='ocrx_word' id='word_1_901' title='bbox 2051 4749 2334 4804; x_wconf 80' lang='lat' dir='ltr'><strong>stabiliter.</strong></span> <span class='ocrx_word' id='word_1_902' title='bbox 2369 4749 2578 4804; x_wconf 65' lang='lat' dir='ltr'><strong>liourn.</strong></span> 
     </span>
    </p>
   </div>
   <div class='ocr_carea' id='block_1_110' title="bbox 1841 4820 3343 4892">
    <p class='ocr_par' dir='ltr' id='par_1_110' title="bbox 1841 4820 3343 4892">
     <span class='ocr_line' id='line_1_110' title="bbox 1841 4820 3343 4892; baseline 0.002 -18"><span class='ocrx_word' id='word_1_903' title='bbox 1841 4820 2072 4891; x_wconf 88' lang='lat' dir='ltr'><strong>Itemque</strong></span> <span class='ocrx_word' id='word_1_904' title='bbox 2099 4825 2166 4874; x_wconf 86' lang='lat' dir='ltr'><strong>ad</strong></span> <span class='ocrx_word' id='word_1_905' title='bbox 2194 4820 2532 4892; x_wconf 85' lang='lat' dir='ltr'><strong>Stephanum.</strong></span> <span class='ocrx_word' id='word_1_906' title='bbox 2563 4821 2639 4874; x_wconf 91' lang='lat' dir='ltr'><strong>Ita</strong></span> <span class='ocrx_word' id='word_1_907' title='bbox 2670 4820 2926 4892; x_wconf 85' lang='lat' dir='ltr'><strong>scriptum</strong></span> <span class='ocrx_word' id='word_1_908' title='bbox 2956 4828 3039 4876; x_wconf 89' lang='lat' dir='ltr'><strong>est</strong></span> <span class='ocrx_word' id='word_1_909' title='bbox 3070 4820 3121 4874; x_wconf 84' lang='lat' dir='ltr'><strong>in</strong></span> <span class='ocrx_word' id='word_1_910' title='bbox 3148 4821 3343 4877; x_wconf 81' lang='lat' dir='ltr'><strong>editio-</strong></span> 
     </span>
    </p>
   </div>
   <div class='ocr_carea' id='block_1_111' title="bbox 1764 4891 3348 4976">
    <p class='ocr_par' dir='ltr' id='par_1_111' title="bbox 1764 4891 3348 4976">
     <span class='ocr_line' id='line_1_111' title="bbox 1764 4891 3348 4976; baseline 0.001 -28"><span class='ocrx_word' id='word_1_911' title='bbox 1764 4893 1937 4959; x_wconf 77' lang='lat' dir='ltr'><strong>nilius,</strong></span> <span class='ocrx_word' id='word_1_912' title='bbox 1968 4903 2021 4947; x_wconf 89' lang='lat' dir='ltr'><strong>et</strong></span> <span class='ocrx_word' id='word_1_913' title='bbox 2054 4892 2106 4946; x_wconf 93' lang='lat' dir='ltr'><strong>in</strong></span> <span class='ocrx_word' id='word_1_914' title='bbox 2136 4893 2383 4973; x_wconf 81' lang='lat' dir='ltr'><strong>omnibus</strong></span> <span class='ocrx_word' id='word_1_915' title='bbox 2410 4891 2522 4948; x_wconf 84' lang='lat' dir='ltr'><strong>fere</strong></span> <span class='ocrx_word' id='word_1_916' title='bbox 2546 4893 2693 4948; x_wconf 85' lang='lat' dir='ltr'><strong>libris</strong></span> <span class='ocrx_word' id='word_1_917' title='bbox 2714 4891 3003 4975; x_wconf 58' lang='lat' dir='ltr'><strong>veteribus.</strong></span> <span class='ocrx_word' id='word_1_918' title='bbox 3031 4893 3160 4976; x_wconf 61' lang='lat' dir='ltr'><strong>Qua!</strong></span> <span class='ocrx_word' id='word_1_919' title='bbox 3184 4895 3348 4976; x_wconf 61' lang='lat' dir='ltr'><strong>verba</strong></span> 
     </span>
    </p>
   </div>
   <div class='ocr_carea' id='block_1_112' title="bbox 1763 4964 3348 5029">
    <p class='ocr_par' dir='ltr' id='par_1_112' title="bbox 1763 4964 3348 5029">
     <span class='ocr_line' id='line_1_112' title="bbox 1763 4964 3348 5029; baseline 0.001 -10"><span class='ocrx_word' id='word_1_920' title='bbox 1763 4965 1957 5020; x_wconf 87' lang='lat' dir='ltr'><strong>desunt</strong></span> <span class='ocrx_word' id='word_1_921' title='bbox 1989 4965 2038 5017; x_wconf 90' lang='lat' dir='ltr'><strong>in</strong></span> <span class='ocrx_word' id='word_1_922' title='bbox 2070 4964 2301 5019; x_wconf 84' lang='lat' dir='ltr'><strong>anensi</strong></span> <span class='ocrx_word' id='word_1_923' title='bbox 2325 5004 2342 5029; x_wconf 89' lang='lat'><strong>,</strong></span> <span class='ocrx_word' id='word_1_924' title='bbox 2375 4974 2519 5019; x_wconf 89' lang='lat' dir='ltr'><strong>recte</strong></span> <span class='ocrx_word' id='word_1_925' title='bbox 2545 4974 2721 5019; x_wconf 83' lang='lat' dir='ltr'><strong>autem</strong></span> <span class='ocrx_word' id='word_1_926' title='bbox 2748 4965 2943 5021; x_wconf 89' lang='lat' dir='ltr'><strong>omissa</strong></span> <span class='ocrx_word' id='word_1_927' title='bbox 2990 4964 3041 5018; x_wconf 90' lang='lat' dir='ltr'><strong>in</strong></span> <span class='ocrx_word' id='word_1_928' title='bbox 3071 4964 3161 5018; x_wconf 91' lang='lat' dir='ltr'><strong>illo</strong></span> <span class='ocrx_word' id='word_1_929' title='bbox 3182 4964 3348 5021; x_wconf 82' lang='lat' dir='ltr'><strong>fuisse</strong></span> 
     </span>
    </p>
   </div>
   <div class='ocr_carea' id='block_1_113' title="bbox 1763 5033 3347 5118">
    <p class='ocr_par' dir='ltr' id='par_1_113' title="bbox 1763 5033 3347 5118">
     <span class='ocr_line' id='line_1_113' title="bbox 1763 5033 3347 5118; baseline -0.001 -26"><span class='ocrx_word' id='word_1_930' title='bbox 1763 5046 1821 5092; x_wconf 89' lang='lat' dir='ltr'><strong>et</strong></span> <span class='ocrx_word' id='word_1_931' title='bbox 1857 5035 2020 5091; x_wconf 78' lang='lat' dir='ltr'><strong>deleri</strong></span> <span class='ocrx_word' id='word_1_932' title='bbox 2047 5035 2242 5118; x_wconf 74' lang='lat' dir='ltr'><strong>debere</strong></span> <span class='ocrx_word' id='word_1_933' title='bbox 2285 5033 2695 5118; x_wconf 54' lang='lat' dir='ltr'><strong>hincncolligitur</strong></span> <span class='ocrx_word' id='word_1_934' title='bbox 2721 5037 2861 5118; x_wconf 67' lang='lat' dir='ltr'><strong>quod</strong></span> <span class='ocrx_word' id='word_1_935' title='bbox 2890 5046 3097 5118; x_wconf 62' lang='lat' dir='ltr'><strong>per-tum</strong></span> <span class='ocrx_word' id='word_1_936' title='bbox 3126 5035 3194 5089; x_wconf 88' lang='lat' dir='ltr'><strong>sit</strong></span> <span class='ocrx_word' id='word_1_937' title='bbox 3223 5036 3347 5118; x_wconf 78' lang='lat' dir='ltr'><strong>nul-</strong></span> 
     </span>
    </p>
   </div>
   <div class='ocr_carea' id='block_1_114' title="bbox 1764 5106 3349 5177">
    <p class='ocr_par' dir='ltr' id='par_1_114' title="bbox 1764 5106 3349 5177">
     <span class='ocr_line' id='line_1_114' title="bbox 1764 5106 3349 5177; baseline 0.001 -16"><span class='ocrx_word' id='word_1_938' title='bbox 1764 5108 1866 5161; x_wconf 88' lang='lat' dir='ltr'><strong>lam</strong></span> <span class='ocrx_word' id='word_1_939' title='bbox 1892 5118 2046 5161; x_wconf 82' lang='lat' dir='ltr'><strong>antea</strong></span> <span class='ocrx_word' id='word_1_940' title='bbox 2074 5107 2366 5160; x_wconf 89' lang='lat' dir='ltr'><strong>litterarum</strong></span> <span class='ocrx_word' id='word_1_941' title='bbox 2392 5106 2639 5177; x_wconf 88' lang='lat' dir='ltr'><strong>Cypriani</strong></span> <span class='ocrx_word' id='word_1_942' title='bbox 2671 5110 2735 5161; x_wconf 84' lang='lat' dir='ltr'><strong>ad</strong></span> <span class='ocrx_word' id='word_1_943' title='bbox 2757 5107 3086 5177; x_wconf 87' lang='lat' dir='ltr'><strong>Stephanum</strong></span> <span class='ocrx_word' id='word_1_944' title='bbox 3116 5108 3349 5162; x_wconf 86' lang='lat' dir='ltr'><strong>mentio-</strong></span> 
     </span>
    </p>
   </div>
   <div class='ocr_carea' id='block_1_115' title="bbox 1763 5175 3354 5247">
    <p class='ocr_par' dir='ltr' id='par_1_115' title="bbox 1763 5175 3354 5247">
     <span class='ocr_line' id='line_1_115' title="bbox 1763 5175 3354 5247; baseline 0.002 -14"><span class='ocrx_word' id='word_1_945' title='bbox 1763 5194 1886 5233; x_wconf 89' lang='lat' dir='ltr'><strong>nem</strong></span> <span class='ocrx_word' id='word_1_946' title='bbox 1917 5179 2030 5232; x_wconf 89' lang='lat' dir='ltr'><strong>lieri</strong></span> <span class='ocrx_word' id='word_1_947' title='bbox 2054 5178 2104 5231; x_wconf 91' lang='lat' dir='ltr'><strong>in</strong></span> <span class='ocrx_word' id='word_1_948' title='bbox 2140 5179 2238 5231; x_wconf 87' lang='lat' dir='ltr'><strong>hac</strong></span> <span class='ocrx_word' id='word_1_949' title='bbox 2262 5175 2466 5247; x_wconf 86' lang='lat' dir='ltr'><strong>synodo</strong></span> <span class='ocrx_word' id='word_1_950' title='bbox 2486 5218 2501 5242; x_wconf 90' lang='lat'><strong>,</strong></span> <span class='ocrx_word' id='word_1_951' title='bbox 2534 5178 2605 5231; x_wconf 91' lang='lat' dir='ltr'><strong>uti</strong></span> <span class='ocrx_word' id='word_1_952' title='bbox 2636 5187 2777 5233; x_wconf 90' lang='lat' dir='ltr'><strong>recte</strong></span> <span class='ocrx_word' id='word_1_953' title='bbox 2800 5175 3101 5235; x_wconf 82' lang='lat' dir='ltr'><strong>observavit</strong></span> <span class='ocrx_word' id='word_1_954' title='bbox 3130 5190 3354 5236; x_wconf 84' lang='lat' dir='ltr'><strong>sanctus</strong></span> 
     </span>
    </p>
   </div>
   <div class='ocr_carea' id='block_1_116' title="bbox 1764 5246 3351 5319">
    <p class='ocr_par' dir='ltr' id='par_1_116' title="bbox 1764 5246 3351 5319">
     <span class='ocr_line' id='line_1_116' title="bbox 1764 5246 3351 5319; baseline 0.001 -14"><span class='ocrx_word' id='word_1_955' title='bbox 1764 5252 2092 5319; x_wconf 83' lang='lat' dir='ltr'><strong>Augustinus</strong></span> <span class='ocrx_word' id='word_1_956' title='bbox 2113 5288 2128 5312; x_wconf 93' lang='lat'><strong>,</strong></span> <span class='ocrx_word' id='word_1_957' title='bbox 2174 5248 2265 5301; x_wconf 92' lang='lat' dir='ltr'><strong>lib.</strong></span> <span class='ocrx_word' id='word_1_958' title='bbox 2296 5246 2357 5300; x_wconf 74' lang='lat' dir='ltr'><strong>vr</strong></span> <span class='ocrx_word' id='word_1_959' title='bbox 2420 5246 2483 5319; x_wconf 84' lang='lat' dir='ltr'><strong>de</strong></span> <span class='ocrx_word' id='word_1_960' title='bbox 2518 5247 2780 5318; x_wconf 86' lang='lat' dir='ltr'><strong>Baptismo</strong></span> <span class='ocrx_word' id='word_1_961' title='bbox 2809 5260 2987 5306; x_wconf 87' lang='lat' dir='ltr'><strong>contra</strong></span> <span class='ocrx_word' id='word_1_962' title='bbox 3017 5250 3351 5317; x_wconf 76' lang='lat' dir='ltr'><strong>Donatstas,</strong></span> 
     </span>
    </p>
   </div>
   <div class='ocr_carea' id='block_1_117' title="bbox 1764 5318 3353 5393">
    <p class='ocr_par' dir='ltr' id='par_1_117' title="bbox 1764 5318 3353 5393">
     <span class='ocr_line' id='line_1_117' title="bbox 1764 5318 3353 5393; baseline -0.001 -16"><span class='ocrx_word' id='word_1_963' title='bbox 1764 5318 1883 5393; x_wconf 80' lang='lat' dir='ltr'><strong>cap.</strong></span> <span class='ocrx_word' id='word_1_964' title='bbox 1918 5322 2004 5393; x_wconf 78' lang='lat' dir='ltr'><strong>l5,</strong></span> <span class='ocrx_word' id='word_1_965' title='bbox 2033 5319 2117 5375; x_wconf 89' lang='lat' dir='ltr'><strong>ubi</strong></span> <span class='ocrx_word' id='word_1_966' title='bbox 2139 5321 2299 5374; x_wconf 89' lang='lat' dir='ltr'><strong>etiam</strong></span> <span class='ocrx_word' id='word_1_967' title='bbox 2326 5318 2887 5393; x_wconf 66' lang='lat' dir='ltr'><strong>scribitseepistolam</strong></span> <span class='ocrx_word' id='word_1_968' title='bbox 2920 5323 3061 5378; x_wconf 87' lang='lat' dir='ltr'><strong>illam</strong></span> <span class='ocrx_word' id='word_1_969' title='bbox 3093 5321 3353 5393; x_wconf 85' lang='lat' dir='ltr'><strong>Cypriani</strong></span> 
     </span>
    </p>
   </div>
   <div class='ocr_carea' id='block_1_118' title="bbox 1764 5388 3357 5463">
    <p class='ocr_par' dir='ltr' id='par_1_118' title="bbox 1764 5388 3357 5463">
     <span class='ocr_line' id='line_1_118' title="bbox 1764 5388 3357 5463; baseline 0.001 -16"><span class='ocrx_word' id='word_1_970' title='bbox 1764 5388 2173 5460; x_wconf 51' lang='lat' dir='ltr'><strong>ad&#39;Stephanum</strong></span> <span class='ocrx_word' id='word_1_971' title='bbox 2202 5405 2305 5444; x_wconf 88' lang='lat' dir='ltr'><strong>non</strong></span> <span class='ocrx_word' id='word_1_972' title='bbox 2331 5388 2749 5463; x_wconf 67' lang='lat' dir='ltr'><strong>vidisseNerum</strong></span> <span class='ocrx_word' id='word_1_973' title='bbox 2766 5392 2813 5447; x_wconf 92' lang='lat' dir='ltr'><strong>id</strong></span> <span class='ocrx_word' id='word_1_974' title='bbox 2835 5395 3023 5463; x_wconf 89' lang='lat' dir='ltr'><strong>prohat</strong></span> <span class='ocrx_word' id='word_1_975' title='bbox 3040 5388 3357 5449; x_wconf 32' lang='lat' dir='ltr'><strong>istud—addi-</strong></span> 
     </span>
    </p>
   </div>
   <div class='ocr_carea' id='block_1_119' title="bbox 1767 5459 3354 5531">
    <p class='ocr_par' dir='ltr' id='par_1_119' title="bbox 1767 5459 3354 5531">
     <span class='ocr_line' id='line_1_119' title="bbox 1767 5459 3354 5531; baseline 0.002 -14"><span class='ocrx_word' id='word_1_976' title='bbox 1767 5459 2055 5518; x_wconf 84' lang='lat' dir='ltr'><strong>tamenium</strong></span> <span class='ocrx_word' id='word_1_977' title='bbox 2076 5477 2194 5517; x_wconf 85' lang='lat' dir='ltr'><strong>csse</strong></span> <span class='ocrx_word' id='word_1_978' title='bbox 2213 5459 2510 5516; x_wconf 86' lang='lat' dir='ltr'><strong>vetus.Vid.</strong></span> <span class='ocrx_word' id='word_1_979' title='bbox 2530 5474 2712 5531; x_wconf 89' lang='lat' dir='ltr'><strong>supra,</strong></span> <span class='ocrx_word' id='word_1_980' title='bbox 2735 5479 2785 5531; x_wconf 87' lang='lat' dir='ltr'><strong>p.</strong></span> <span class='ocrx_word' id='word_1_981' title='bbox 2807 5459 2931 5518; x_wconf 74' lang='lat'><strong>502.</strong></span> <span class='ocrx_word' id='word_1_982' title='bbox 2959 5466 3160 5523; x_wconf 78' lang='lat' dir='ltr'><strong>BALUZ.</strong></span> <span class='ocrx_word' id='word_1_983' title='bbox 3176 5495 3246 5506; x_wconf 91' lang='lat'><strong>—-</strong></span> <span class='ocrx_word' id='word_1_984' title='bbox 3275 5464 3354 5520; x_wconf 89' lang='lat' dir='ltr'><strong>lbi</strong></span> 
     </span>
    </p>
   </div>
   <div class='ocr_carea' id='block_1_120' title="bbox 1765 5530 3355 5604">
    <p class='ocr_par' dir='ltr' id='par_1_120' title="bbox 1765 5530 3355 5604">
     <span class='ocr_line' id='line_1_120' title="bbox 1765 5530 3355 5604; baseline 0.001 -15"><span class='ocrx_word' id='word_1_985' title='bbox 1765 5543 1975 5589; x_wconf 83' lang='lat' dir='ltr'><strong>constat</strong></span> <span class='ocrx_word' id='word_1_986' title='bbox 1994 5537 2149 5589; x_wconf 89' lang='lat' dir='ltr'><strong>aliter</strong></span> <span class='ocrx_word' id='word_1_987' title='bbox 2165 5532 2397 5587; x_wconf 83' lang='lat' dir='ltr'><strong>sensisse</strong></span> <span class='ocrx_word' id='word_1_988' title='bbox 2417 5530 2541 5585; x_wconf 84' lang='lat' dir='ltr'><strong>olim</strong></span> <span class='ocrx_word' id='word_1_989' title='bbox 2570 5530 2635 5586; x_wconf 80' lang='lat' dir='ltr'><strong>de</strong></span> <span class='ocrx_word' id='word_1_990' title='bbox 2656 5530 2753 5589; x_wconf 86' lang='lat' dir='ltr'><strong>hac</strong></span> <span class='ocrx_word' id='word_1_991' title='bbox 2779 5550 2836 5587; x_wconf 91' lang='lat' dir='ltr'><strong>re</strong></span> <span class='ocrx_word' id='word_1_992' title='bbox 2865 5534 3148 5593; x_wconf 89' lang='lat' dir='ltr'><strong>Balnzimn</strong></span> <span class='ocrx_word' id='word_1_993' title='bbox 3173 5553 3188 5604; x_wconf 91' lang='lat'><strong>;</strong></span> <span class='ocrx_word' id='word_1_994' title='bbox 3214 5536 3355 5591; x_wconf 90' lang='lat' dir='ltr'><strong>hanc</strong></span> 
     </span>
    </p>
   </div>
   <div class='ocr_carea' id='block_1_121' title="bbox 1765 5604 3348 5678">
    <p class='ocr_par' dir='ltr' id='par_1_121' title="bbox 1765 5604 3348 5678">
     <span class='ocr_line' id='line_1_121' title="bbox 1765 5604 3348 5678; baseline 0.002 -19"><span class='ocrx_word' id='word_1_995' title='bbox 1765 5605 1906 5660; x_wconf 85' lang='lat' dir='ltr'><strong>enim</strong></span> <span class='ocrx_word' id='word_1_996' title='bbox 1936 5608 2103 5678; x_wconf 73' lang='lat' dir='ltr'><strong>ipsam</strong></span> <span class='ocrx_word' id='word_1_997' title='bbox 2135 5604 2410 5675; x_wconf 80' lang='lat' dir='ltr'><strong>epistolam</strong></span> <span class='ocrx_word' id='word_1_998' title='bbox 2454 5604 2705 5674; x_wconf 85' lang='lat' dir='ltr'><strong>appellat,</strong></span> <span class='ocrx_word' id='word_1_999' title='bbox 2736 5620 2894 5678; x_wconf 83' lang='lat' dir='ltr'><strong>quam</strong></span> <span class='ocrx_word' id='word_1_1000' title='bbox 2935 5606 3198 5664; x_wconf 86' lang='lat' dir='ltr'><strong>Crescens</strong></span> <span class='ocrx_word' id='word_1_1001' title='bbox 3227 5607 3348 5678; x_wconf 85' lang='lat' dir='ltr'><strong>epi-</strong></span> 
     </span>
    </p>
   </div>
   <div class='ocr_carea' id='block_1_122' title="bbox 1766 5676 3355 5751">
    <p class='ocr_par' dir='ltr' id='par_1_122' title="bbox 1766 5676 3355 5751">
     <span class='ocr_line' id='line_1_122' title="bbox 1766 5676 3355 5751; baseline 0.003 -20"><span class='ocrx_word' id='word_1_1002' title='bbox 1766 5692 1960 5745; x_wconf 80' lang='lat' dir='ltr'><strong>scopas</strong></span> <span class='ocrx_word' id='word_1_1003' title='bbox 1987 5676 2249 5751; x_wconf 83' lang='lat' dir='ltr'><strong>Cirtensis</strong></span> <span class='ocrx_word' id='word_1_1004' title='bbox 2277 5686 2665 5731; x_wconf 87' lang='lat' dir='ltr'><strong>commemorat</strong></span> <span class='ocrx_word' id='word_1_1005' title='bbox 2714 5677 2965 5747; x_wconf 84' lang='lat' dir='ltr'><strong>scriptam</strong></span> <span class='ocrx_word' id='word_1_1006' title='bbox 3022 5692 3050 5730; x_wconf 92' lang='lat' dir='ltr'><strong>a</strong></span> <span class='ocrx_word' id='word_1_1007' title='bbox 3080 5676 3355 5751; x_wconf 84' lang='lat' dir='ltr'><strong>Cypriano</strong></span> 
     </span>
    </p>
   </div>
   <div class='ocr_carea' id='block_1_123' title="bbox 1765 5747 3356 5818">
    <p class='ocr_par' dir='ltr' id='par_1_123' title="bbox 1765 5747 3356 5818">
     <span class='ocr_line' id='line_1_123' title="bbox 1765 5747 3356 5818; baseline 0.003 -18"><span class='ocrx_word' id='word_1_1008' title='bbox 1765 5749 1829 5800; x_wconf 89' lang='lat' dir='ltr'><strong>ad</strong></span> <span class='ocrx_word' id='word_1_1009' title='bbox 1859 5747 2209 5818; x_wconf 86' lang='lat' dir='ltr'><strong>Stephanum,</strong></span> <span class='ocrx_word' id='word_1_1010' title='bbox 2243 5762 2469 5818; x_wconf 89' lang='lat' dir='ltr'><strong>eamque</strong></span> <span class='ocrx_word' id='word_1_1011' title='bbox 2521 5762 2663 5803; x_wconf 90' lang='lat' dir='ltr'><strong>nunc</strong></span> <span class='ocrx_word' id='word_1_1012' title='bbox 2689 5763 2794 5804; x_wconf 90' lang='lat' dir='ltr'><strong>non</strong></span> <span class='ocrx_word' id='word_1_1013' title='bbox 2841 5755 3065 5818; x_wconf 84' lang='lat' dir='ltr'><strong>exstare</strong></span> <span class='ocrx_word' id='word_1_1014' title='bbox 3087 5747 3260 5818; x_wconf 80' lang='lat' dir='ltr'><strong>pniat,</strong></span> <span class='ocrx_word' id='word_1_1015' title='bbox 3301 5759 3356 5804; x_wconf 89' lang='lat' dir='ltr'><strong>et</strong></span> 
     </span>
    </p>
   </div>
   <div class='ocr_carea' id='block_1_124' title="bbox 1766 5817 3354 5891">
    <p class='ocr_par' dir='ltr' id='par_1_124' title="bbox 1766 5817 3354 5891">
     <span class='ocr_line' id='line_1_124' title="bbox 1766 5817 3354 5891; baseline 0.002 -17"><span class='ocrx_word' id='word_1_1016' title='bbox 1766 5819 2034 5876; x_wconf 81' lang='lat' dir='ltr'><strong>diversam</strong></span> <span class='ocrx_word' id='word_1_1017' title='bbox 2086 5819 2249 5876; x_wconf 76' lang='lat' dir='ltr'><strong>fuisse</strong></span> <span class='ocrx_word' id='word_1_1018' title='bbox 2306 5836 2333 5875; x_wconf 87' lang='lat' dir='ltr'><strong>a</strong></span> <span class='ocrx_word' id='word_1_1019' title='bbox 2366 5817 2614 5891; x_wconf 86' lang='lat' dir='ltr'><strong>Cypriani</strong></span> <span class='ocrx_word' id='word_1_1020' title='bbox 2668 5820 2753 5876; x_wconf 88' lang='lat' dir='ltr'><strong>illa</strong></span> <span class='ocrx_word' id='word_1_1021' title='bbox 2808 5819 2875 5876; x_wconf 88' lang='lat' dir='ltr'><strong>ad</strong></span> <span class='ocrx_word' id='word_1_1022' title='bbox 2922 5817 3253 5891; x_wconf 87' lang='lat' dir='ltr'><strong>Stephanum</strong></span> <span class='ocrx_word' id='word_1_1023' title='bbox 3283 5820 3354 5883; x_wconf 78' lang='lat' dir='ltr'><strong>da</strong></span> 
     </span>
    </p>
   </div>
  </div>
