3742 6282
454 283 594 342 1065

1744 272 2089 346 ΒΕΜΟΗΙᾸΞ
2129 270 2402 330 ΒΑΟΒᾹΞ.

3477 284 3566 344 ιω

451 407 717 472 temperat
758 413 910 456 error
954 398 1195 464 veritati,
1242 397 1410 454 multo
1455 400 1624 470 magis
1670 399 1870 454 veritas
1912 411 2015 452 non
2044 396 2098 458 Α
2120 393 2188 448 ab
2218 392 2491 449 haereticis
2527 391 2806 463 tinguntur
2836 396 2891 446 et
2915 389 2982 447 de
3005 390 3571 469 tingentihusloqniturji

384 566 392 575 '
448 494 919 561 consentiterrori.
951 494 1018 550 Et
1046 494 1167 549 ideo
1196 508 1294 549 nos
1324 492 1576 549 Ecclesiae
1603 493 1933 557 assistimus,
1964 492 2016 546 in

446 606 547 661 qua
580 589 957 659 prarsidemus,
1001 597 1059 643 ut
1089 588 1406 658 baptismum
1438 586 1556 657 ejus
1583 587 1685 656 ipsi
1714 587 1814 642 soli
1844 584 2017 640 vindi-

442 693 648 748 cantes,
677 697 772 737 eos
796 695 931 752 quos
948 680 1183 737 Ecclesia
1214 697 1317 736 non
1347 678 1638 749 Baptizavit
1665 678 2014 747 baptizetnus.

511 773 662 828 Alius
680 773 1012 830 Secundinus
1038 787 1067 825 a
1088 770 1274 841 Carpis
1295 771 1445 825 dixit:
1472 769 1719 826 Haeretici
1743 768 2017 823 christiani

438 878 584 933 sunt,
613 881 679 920 an
711 866 853 921 non?
885 864 942 921 Si
971 863 1249 920 chriStiaui
1274 871 1417 929 sunt,
1447 877 1542 917 cur
1568 862 1619 915 in
1652 860 1890 917 Ecclesia
1924 860 2016 915 Dei

435 975 542 1016 non
564 960 721 1015 sunt?
746 958 802 1014 Si
820 958 1094 1015 christiani
1114 974 1219 1012 non
1242 969 1384 1022 sunt,
1407 953 1675 1026 quomodo
1696 953 2016 1009 christianos

434 1052 673 1108 faciunt?
702 1055 808 1106 Aut
844 1067 950 1120 quo
989 1049 1275 1121 pertinebit
1312 1064 1491 1104 sermo
1539 1047 1747 1102 Domini
1790 1044 2016 1100 dicentis

440 1145 660 1218 (Matth.
686 1160 758 1199 xu
779 1184 795 1211 ,
821 1143 933 1214 50):
963 1142 1064 1211 Qui
1088 1159 1191 1197 non
1215 1152 1285 1198 est
1309 1158 1523 1205 mecum,
1548 1140 1792 1196 adversus
1816 1156 1895 1193 me
1918 1147 2010 1205 est,

432 1251 480 1297 et
508 1241 595 1312 qui
620 1256 720 1294 non
749 1254 942 1293 mecum
968 1236 1160 1309 colligit
1187 1235 1404 1308 spargit.
1438 1234 1587 1290 Unde
1614 1240 1827 1290 constat
1853 1247 2015 1301 super

430 1336 569 1392 ﬁlios
596 1335 800 1390 alienos
827 1342 882 1388 et
909 1332 1125 1388 soboles
1153 1329 1455 1386 antichristi
1482 1329 1740 1398 Spiritum
1770 1333 2012 1382 sanctum

425 1443 522 1499 per
551 1440 739 1482 manus
777 1424 1168 1495 impositionem
1199 1420 1569 1478 tantummodo
1598 1435 1706 1475 non
1734 1434 1892 1490 posse
1918 1418 2012 1474 de-

428 1520 718 1586 scendere,
761 1533 883 1575 cum
924 1516 1266 1577 manifestum
1295 1516 1365 1570 sit
1412 1512 1693 1570 haereticos
1741 1509 2011 1583 Baptisma

425 1628 531 1669 non
574 1611 790 1668 habere.

493 1705 795 1762 Victorious
823 1719 851 1757 a
875 1703 1153 1759 Thabraca
1180 1701 1343 1759 dixit:
1370 1700 1426 1757 Si
1458 1701 1582 1755 licet
1611 1698 1883 1754 haereticis
1911 1697 2010 1753 ba-

2120 486 2263 541 enim
2316 486 2406 556 qui
2448 483 2593 557 apud
2641 483 2759 537 illos
2807 482 3138 552 baptizautur
3171 499 3256 554 per
3294 489 3569 551 remissionem

2127 589 2465 650 peccatorum
2496 578 2656 632 vitam
2685 585 2940 632 mternam
2954 588 3337 649 consequuntur,
3359 598 3435 637 cur
3451 585 3497 640 ad
3511 588 3577 645 Ec.

2119 672 2336 728 clesiam
2368 671 2624 726 veniunt?
2654 669 2708 726 Si
2742 683 2870 725 vero
2893 685 2924 724 a
2952 680 3152 725 mortuo
3175 670 3337 726 salutis
3361 674 3464 729 nihil
3483 680 3575 734 scci-

2121 764 2284 834 pitur,
2312 778 2375 819 ac
2400 770 2649 833 proptera
2671 762 2851 832 agnito
2873 777 3051 818 errore
3080 764 3285 833 pristino
3311 765 3366 821 ad
3387 770 3579 829 veritatem

2119 873 2239 912 cum
2275 857 2595 928 paenitentia
2635 864 2996 925 revertuntur,
3033 872 3132 911 uno
3166 858 3297 913 vitali
3331 859 3579 931 Baptismate,

2119 951 2261 1022 quod
2294 952 2348 1006 in
2379 951 2620 1006 Ecclesia
2651 950 2913 1006 catholica
2942 960 3053 1019 est,
3074 951 3359 1007 sanctiﬁcari
3382 953 3583 1015 debebunt.

2189 1046 2382 1101 Castus
2403 1062 2432 1099 a
2455 1045 2609 1101 Sicca
2630 1045 2765 1100 dixit
2792 1064 2804 1100 :
2827 1046 2949 1114 Qui,
2972 1056 3258 1117 contempta
3278 1048 3473 1115 Veritate,
3494 1066 3582 1120 pre

2117 1144 2280 1197 sumit
2310 1140 2751 1197 consuetudinem
2783 1141 2969 1212 sequi,
3000 1152 3089 1197 aut
3113 1143 3243 1199 circa
3269 1141 3426 1201 fratres
3444 1144 3587 1202 invidus

2117 1243 2202 1289 est
2239 1243 2294 1290 et
2336 1234 2634 1305 malignus,
2667 1234 2858 1306 quibus
2896 1236 3088 1291 veritas
3124 1236 3463 1301 revelatur,aut
3488 1239 3588 1296 circa

2115 1326 2282 1382 Deum
2320 1327 2560 1400 ingratus
2597 1336 2702 1395 est,
2747 1327 2901 1398 cujus
2940 1328 3276 1400 inspiratione
3305 1329 3487 1387 Ecclesia
3505 1332 3587 1403 eius

2116 1420 2420 1477 instruitur.

2183 1513 2502 1571 Euchratius
2526 1530 2556 1570 a
2581 1514 2781 1571 Thenis
2808 1515 2979 1571 dixit:
3012 1515 3191 1573 Fidem
3227 1527 3430 1574 nostram
3465 1518 3588 1575 etBa-
3666 1516 3667 1527 λ

2114 1606 2378 1677 ptismatis
2400 1607 2626 1679 gratiam
2653 1619 2709 1665 et
2739 1610 2870 1681 legis
2896 1610 3258 1687 ecclesiastica:
3279 1612 3475 1682 regulam
3496 1612 3585 1668 Dens

2114 1709 2167 1756 et
2192 1700 2451 1755 Dominus
2478 1712 2661 1757 noster
2704 1700 2863 1758 Jesus
2889 1700 3129 1758 Christus
3167 1719 3258 1760 suo
3291 1719 3373 1759 ore
3391 1690 3587 1774 Apostolus

422 1798 623 1869 ptizare
657 1806 710 1852 et
752 1797 1027 1852 remissam
1065 1804 1401 1867 peccatorqu
1433 1792 1562 1848 dare
1581 1833 1597 1861 ,
1627 1792 1751 1863 quid
1785 1791 1905 1846 illos
1932 1790 2012 1844 iu-
2042 1805 2089 1865 Β
2116 1793 2318 1867 docens
2347 1794 2683 1865 perimplevit
2710 1795 2898 1851 dicens
2925 1812 2947 1851 :
2972 1794 3072 1867 Ite,
3104 1805 3149 1850 et
3173 1796 3331 1850 docete
3348 1812 3485 1851 omnes
3504 1794 3585 1850 Ges-

419 1890 681 1945 l'amamus
706 1899 759 1944 et
789 1888 1070 1945 luercticos
1106 1889 1477 1959 appellamus?

492 1982 644 2036 Alius
664 1981 811 2036 Felix
827 1982 892 2035 ab
912 1980 1103 2036 Uthina
1121 1982 1255 2035 dixit
1271 1999 1283 2035 :
1302 1980 1509 2035 Nemini
1524 1978 1743 2034 dubium
1762 1986 1864 2046 est,
1883 1993 2008 2033 san-

415 2074 639 2131 ctissimi
676 2075 1103 2141 consacerdotes,
1146 2090 1252 2130 non
1289 2082 1491 2129 tantum
1534 2088 1689 2142 posse
1720 2072 2005 2128 humanam

416 2167 886 2238 praesumptionem
921 2175 1177 2236 quantum
1221 2166 1427 2219 Domini
1451 2165 1619 2218 nostri
1655 2163 1781 2218 .lcsu
1805 2162 2005 2218 Christi

413 2260 737 2315 adorandum
794 2269 849 2314 et
901 2258 1257 2315 venerabilem
1317 2259 1667 2329 tnajestatem.
1736 2256 2005 2313 Memores

412 2371 542 2428 ergo
595 2355 850 2427 periculi,
896 2355 997 2413 hoc
1033 2368 1248 2425 quoque
1300 2369 1406 2409 non
1461 2364 1662 2409 tantum
1716 2353 2004 2407 observare

412 2446 702 2514 debemus,
734 2462 918 2502 verum
950 2446 1110 2502 etiam
1143 2446 1209 2501 ab
1236 2445 1485 2500 omnibus
1512 2444 1667 2500 nobis
1696 2442 2003 2500 confirmari

410 2548 621 2611 oportet
657 2550 714 2595 ut
749 2554 939 2596 omnes
976 2539 1212 2595 haeretici
1243 2538 1333 2609 qui
1363 2538 1432 2593 ad
1465 2538 1640 2593 sinum
1682 2535 1871 2591 matris
1902 2535 2003 2590 Ec-

410 2635 590 2691 clesia:
616 2645 902 2692 accurrunt
926 2636 1279 2706 baptizentur,
1309 2644 1546 2689 ut'mens
1570 2633 1815 2688 haeretica
1837 2672 1851 2699 ,
1882 2646 2002 2700 qua:

407 2726 657 2785 diuturna
687 2728 806 2784 tabe
832 2728 1035 2799 polluta
1061 2738 1166 2794 est,
1186 2726 1606 2783 sanctiﬁcatione
1628 2725 1847 2780 Lavacri
1873 2740 2001 2795 pur-

405 2832 525 2895 gata
565 2821 618 2877 iu
649 2822 841 2879 melius
868 2822 1209 2879 reformatur.

476 2913 704 2981 Quietus
729 2929 761 2969 a
783 2914 992 2971 Baruch
1022 2914 1186 2970 dixit:
1213 2915 1313 2982 Qui
1346 2915 1453 2973 lide
1484 2918 1709 2973 vivimus
1727 2958 1743 2985 ,
1771 2913 1998 2985 obsequi

405 3007 473 3064 iis
499 3024 618 3080 qua:
644 3008 969 3065 instruendis
992 3008 1145 3065 nobis
1173 3018 1300 3065 ante
1331 3009 1590 3081 praedicta
1619 3021 1745 3067 sunt
1773 3008 1996 3066 credula

404 3105 778 3163 observatione
817 3105 1098 3163 debemus.
1145 3104 1278 3160 Nam
1314 3107 1574 3177 scriptum
1611 3116 1692 3162 est
1720 3105 1863 3176 apud
1891 3104 1994 3162 Sa-

2113 1902 2204 1959 tes,
2232 1892 2546 1965 baptisantes
2572 1909 2656 1950 eos
2684 1894 2737 1948 in
2761 1895 2963 1949 nomine
2992 1893 3161 1949 Patris
3182 1904 3223 1948 et
3249 1891 3359 1948 Filii
3376 1904 3415 1948 et
3435 1894 3589 1964 Spiritu

2110 1985 2273 2040 sancti
2300 1984 2516 2051 (Matth.
2552 2001 2734 2050 xxvut.
2770 1984 2877 2057 l9).
2911 1986 3122 2040 Falsum
3163 1999 3281 2055 ergo
3316 1984 3589 2040 hazreticorutn

2110 2076 2378 2146 Baptisms
2408 2086 2462 2133 et
2489 2078 2729 2149 iniquum
2757 2094 2786 2133 a
2814 2080 2971 2134 nobis
3004 2078 3297 2149 pellendum
3324 2090 3393 2134 est
3421 2087 3464 2135 et
3492 2074 3592 2132 ontni

2110 2172 2463 2230 detestatione
2500 2174 2860 2242 refutaudum,
2894 2176 2965 2232 de
3002 2192 3221 2247 quorum
3256 2190 3340 2230 ore
3361 2173 3491 2238 virus,
3520 2186 3590 2224 non

2109 2268 2234 2333 vita,
2265 2284 2366 2325 nec
2402 2270 2568 2341 gratia
2601 2270 2832 2327 caelestis
2858 2312 2874 2337 ,
2915 2271 3016 2326 sed
3065 2268 3370 2341 blasphemia
3393 2262 3589 2323 Trinitatis

2108 2359 2445 2430 exprimitur.
2481 2361 2546 2415 Et
2572 2360 2692 2417 ideo
2714 2363 2993 2418 venientes
3007 2361 3073 2417 ad
3101 2361 3373 2417 Ecclesiam
3397 2356 3583 2411 hereticos

2106 2452 2312 2523 integro
2340 2461 2395 2508 et
2428 2452 2691 2509 catholico
2719 2454 3053 2526 Baptismate
3080 2452 3325 2525 baptizari
3345 2450 3486 2508 debere
3504 2460 3580 2501 ma-

2106 2545 2353 2601 nifestum
2393 2555 2496 2613 est,
2537 2556 2597 2602 ut
2641 2564 2670 2602 a
2718 2546 3053 2619 blasphemia
3107 2563 3214 2604 sua:
3254 2540 3581 2618 pnesnmptionis

2105 2638 2372 2708 puriﬁcati
2397 2640 2603 2710 possint
2629 2640 2859 2711 Spiritus
2884 2641 3062 2696 sancti
3088 2640 3250 2713 gratia
3278 2633 3516 2695 reformari.

2174 2732 2401 2790 Lihosus
2466 2748 2496 2789 a
2542 2734 2695 2805 Vaga
2741 2733 2918 2790 dixit:
2966 2735 3023 2791 ln
3061 2733 3333 2805 Evangelio
3378 2730 3585 2791 Dominus,
3670 2752 3671 2759 η

2101 2823 2486 2896 (Joan.x1v,6)
2532 2824 2641 2897 Ego
2689 2841 2823 2892 sum,
2873 2821 3087 2896 inquit,
3135 2824 3323 2879 ueritas.
3349 2821 3444 2878 Non
3464 2818 3587 2875 dixit:
3670 2828 3671 2831 ‘

2101 2915 2213 2987 Ego
2228 2931 2346 2971 sum
2363 2916 2715 2972 consuetudo.
2736 2916 2947 2988 Itaque,
2977 2916 3202 2973 veritate
3228 2914 3588 2979 manilestata,ce-

2099 3006 2189 3063 dat
2210 3007 2540 3063 consuetudo
2565 3008 2802 3075 veritati,
2833 3016 2891 3063 ut
2908 3008 3019 3065 etsi
3048 3010 3100 3063 in
3131 3007 3426 3078 prmteritum
3440 3002 3531 3074 quis
3552 3000 3586 3052 in

2099 3101 2336 3157 Ecclesia
2360 3100 2645 3157 haereticos
2676 3116 2782 3158 non
2811 3101 3123 3173 baptizabat
3144 3115 3277 3156 nunc
3302 3097 3519 3168 baptizare
3535 3091 3588 3146 in-

403 3201 670 3259 lomoncm
706 3202 931 3275 (Eccles.
967 3218 1170 3268 xxxiv,
1204 3202 1332 3275 25):
1363 3201 1463 3270 Qui
1487 3203 1779 3273 baptizatur
1802 3220 1835 3257 a
1860 3218 1997 3257 ntor-
2026 3206 2072 3270 ο
2104 3192 2283 3265 cipiat.

400 3297 507 3356 tuo,
533 3288 655 3360 quid
681 3290 883 3359 proﬁcit
908 3288 1094 3343 lavatio
1115 3288 1226 3360 ejus
1242 3290 1268 3342 .9
1290 3287 1444 3358 Quod
1474 3288 1658 3360 utique
1683 3288 1749 3344 de
1783 3288 1868 3343 his
1895 3288 1985 3358 qui

2163 3287 2358 3343 Lucius
2409 3302 2439 3342 a
2502 3285 2772 3345 Thebeste
2810 3287 2953 3346 dixit
2984 3307 2998 3344 :
3029 3288 3306 3346 Hmreticos
3329 3280 3581 3355 blasphemas

1714 3421 2073 3479 VARIORUM
2110 3420 2340 3479 NOTAE.

401 3602 635 3645 maerore
646 3595 700 3642 et
709 3587 960 3656 squalore
976 3585 1325 3656 paenitentiae.
1342 3585 1641 3640 RIGALT.—-
1659 3583 1884 3638 Dubium
1901 3600 1967 3638 au

400 3660 662 3730 intelligat
680 3655 896 3713 Cassius
917 3674 983 3712 ex
1012 3655 1320 3730 paenitentia
1343 3655 1614 3724 squalidos
1641 3666 1696 3730 et
1721 3656 1970 3730 lacrymis

398 3726 704 3787 difﬂuentes
719 3746 733 3794 ;
749 3745 816 3783 an
836 3731 987 3784 malis
1005 3726 1248 3781 moribus
1261 3735 1544 3788 corruptos
1568 3736 1622 3780 et
1644 3726 1967 3792 deploratos.

396 3803 535 3860 Infra
562 3801 785 3857 dicitur:
818 3800 963 3855 Mens
994 3799 1247 3862 haeretica,
1273 3813 1386 3867 qua:
1408 3798 1652 3851 diuturna
1681 3797 1793 3851 tabe
1816 3798 1977 3863 pollu-

396 3886 447 3929 ta
475 3886 547 3930 est
573 3891 591 3928 :
612 3872 754 3942 quod
776 3873 839 3927 ad
858 3874 1213 3945 posteriorem
1231 3884 1447 3945 sensim
1476 3870 1711 3923 inclinat.
1745 3867 1973 3945 Faenus.

466 3940 711 4001 Ecclesia:
737 3940 1039 4000 assistimus.
1077 3940 1262 3999 Grteca
1302 3941 1499 4011 lnterp.
1545 3943 1890 4014 συνιστάμεθα
1913 3950 1975 4015 τῇ

394 4019 653 4095 ἐκκλησίᾳ.
686 4018 895 4073 ROUTH.

468 4110 732 4178 Quomodo
771 4110 1090 4165 Christianos
1120 4106 1333 4178 faciunt.
1368 4107 1470 4161 [sta
1502 4106 1698 4161 desunt
1736 4105 1788 4159 iu
1819 4105 1978 4175 quin-

391 4199 496 4255 que
520 4182 753 4252 antiquis
780 4182 1054 4255 codicibus
1072 4190 1140 4255 Aet
1178 4179 1319 4250 apud
1362 4179 1752 4255 Augustiuurn,
1779 4186 1839 4255 _et
1880 4191 1975 4246 pro

392 4249 459 4310 iis
482 4249 678 4324 legitur
706 4254 1019 4324 simpliciter
1049 4252 1197 4322 ﬁunt,
1232 4263 1288 4305 ut
1323 4249 1971 4324 scriliendurngvideatur,

390 4327 435 4380 si
456 4321 732 4380 Christiani
761 4321 862 4380 non
897 4321 1210 4393 suun/iant,
1244 4322 1513 4392 quomodo
1537 4330 1656 4389 post
1685 4321 1972 4393 liteciedita

390 4406 650 4465 scriptum
688 4398 919 4452 vidimus
941 4397 991 4450 in
1021 4392 1206 4451 c0dice
1249 4396 1419 4450 sancti
1466 4395 1748 4465 Arnulphi.
1808 4392 1969 4447 Fiunt

2071 3584 2373 3656 Cyprianus
2402 3585 2454 3641 in
2479 3583 2715 3657 Epistola
2737 3586 2807 3641 ad
2826 3586 3118 3655 Quintum;
3139 3587 3292 3643 immo
3309 3585 3369 3657 ita
3394 3580 3462 3640 vel
3478 3582 3578 3657 luep-

2075 3654 2177 3711 tius
2223 3654 2584 3713 adduceretur
2633 3654 2891 3714 Siracidae
2948 3660 3112 3727 istud,
3162 3660 3206 3715 si
3249 3659 3295 3714 id
3316 3654 3574 3727 ﬁta-ipossil.

2074 3742 2234 3796 quam
2259 3739 2405 3782 ante.
2429 3729 2862 3787 Additameutum
2888 3739 3075 3787 tamen
3097 3722 3264 3788 exstat
3279 3730 3322 3784 in
3345 3722 3453 3780 Edit.
3475 3722 3581 3777 [ln-

2075 3799 2234 3853 duina
2260 3797 2625 3855 Conciliorum.

2152 3897 2479 3968 Blasphemia
2507 3898 2795 3955 Trinitatis.
2825 3900 3098 3959 Observet
3115 3903 3285 3965 lector,
3310 3899 3375 3952 hic
3393 3904 3435 3951 et
3453 3891 3568 3968 alibi.

2086 3962 2350 4043 Trinitatis
2399 3985 2586 4043 vocem
2643 3972 2909 4028 Personas
2956 3974 3172 4030 divinas
3227 3962 3456 4043 designare.
3482 3962 3571 4043 _Si.c

2081 4040 2228 4115 Tert.
2258 4042 2379 4115 adv.
2406 4042 2739 4115 Prax.,c.5:
2769 4043 3064 4100 Numerum
3093 4057 3139 4100 et
3162 4032 3470 4115 dispositionag

2079 4112 2283 4177 uitatis,
2314 4105 2611 4168 divisionem
2641 4128 2954 4186 prtesuntunt
2986 4105 3412 4183 Unitatisfquartdo

2077 4199 2140 4238 ea:
2161 4175 2427 4254 semetipsa
2448 4175 2682 4241 derivatis
2706 4186 3137 4255 Trinitatem,non
3158 4175 3407 4243 destruatur
3492 4175 3578 4239 illa.

2074 4257 2163 4329 sed
2186 4328 2189 4329 ν
2211 4252 2608 4329 administretur.
2647 4258 2827 4329 Itaque
2854 4259 2987 4315 duos
3018 4252 3079 4315 et
3105 4272 3200 4316 tres
3236 4261 3333 4328 jam
3349 4252 3579 4324 factitant!

2075 4328 2219 4382 nobis
2244 4328 2534 4399 praedicari,
2563 4346 2617 4384 se
2644 4328 2757 4385 vero
2786 4332 2940 4386 unius
2966 4331 3060 4386 Dei
3074 4333 3278 4387 cultam
3303 4328 3579 4399 ρνωεαεὲιωῖίῖ

2072 4400 2219 4465 quasi
2246 4416 2347 4454 non
2376 4410 2421 4453 et
2454 4398 2638 4456 (Irritus
2667 4403 3037 4457 irrationaliter
3064 4403 3284 4460 collecta.
3303 4394 3489 4452 haeresim
3518 4394 3581 4470 l‘!’

389 4464 553 4532 enim,
585 4485 689 4523 non
723 4478 1015 4541 nascuntur
1042 4465 1462 4541 Cltristiani,_u_li
1514 4464 1856 4541 observatum
1871 4474 1969 4541 _est
2000 4480 2049 4539 D
2075 4464 2212 4534 ciat;
2238 4482 2283 4526 et
2313 4469 2536 4525 Trinitas
2562 4474 2884 4529 rationaliter
2916 4491 3162 4541 expensa,
3191 4473 3417 4526 veritatem
3436 4464 3578 4541 consti-

389 4555 549 4607 supra
569 4555 687 4611 pag.
711 4541 837 4605 573,
859 4540 1213 4611 BALuztu§.—
1230 4538 1387 4611 Apud
1405 4537 1743 4611 Augrustilrum
1757 4533 1970 4604 quidem

389 4606 466 4675 et,
497 4606 719 4666 auctore
763 4611 934 4673 Fello,
963 4611 1033 4664 Μ.
1068 4607 1226 4663 Ebor.
1257 4620 1312 4663 et
1346 4607 1503 4661 Bodl.
1534 4606 1570 4659 ‘2
1604 4606 1978 4676 Zonarautque

384 4684 810 4758 Vaticanis-avum
844 4682 1024 4747 habet,
1055 4680 1248 4758 legitur
1268 4678 1416 4758 ﬁant,
1445 4678 1618 4758 ipsum
1647 4677 1795 4739 illud,
1832 4677 1974 4748 quod

387 4748 544 4811 nobis
568 4756 650 4810 vir
681 4748 872 4808 doctus
900 4748 1259 4807 commendat.
1307 4750 1414 4805 Sed
1465 4748 1593 4803 mihi
1634 4759 1811 4804 tamen
1856 4765 1971 4803 am-

386 4826 663 4899 pliandum
696 4825 925 4880 videtur.
958 4824 1169 4878 Rotrru.

456 4920 761 4991 Conﬁrmari
787 4926 1003 4987 oportet.
1045 4916 1134 4991 Sic
1181 4913 1465 4991 emendate
1516 4911 1685 4991 edidit
1723 4911 1971 4969 Baluzius

383 4985 612 5049 {orta-se
637 5008 701 5046 ex
740 4985 956 5059 scriptis
983 4989 1132 5045 suis:
1165 4985 1289 5041 dum
1324 4986 1411 5059 alii
1441 4995 1531 5059 aut
1561 4985 1817 5059 omittunt
1844 4999 1969 5039 ver-

384 5065 508 5120 bum
527 5072 742 5134 oportet,
765 5056 1060 5134 con’ﬁrmari
1084 5070 1258 5113 tamen
1279 5057 1365 5134 vel
1384 5058 1686 5126 conﬁrmare
1709 5056 1963 5134 legentes,

382 5144 471 5191 aut
497 5128 719 5190 Verbum
751 5128 985 5188 debemus
1016 5140 1136 5200 post
1165 5131 1487 5200 conﬁrmare,
1521 5144 1625 5183 non
1654 5138 1773 5199 post
1797 5128 1969 5183 obser-

380 5224 518 5273 uare,
553 5215 829 5278 praestant.
863 5204 1071 5261 Rouru.

456 5301 666 5367 Quietus
693 5317 725 5353 a
751 5297 975 5353 Baruclt.
1020 5297 1074 5352 In
1116 5294 1435 5367 Veronensiﬂ
1454 5292 1727 5365 Confassor
1757 5293 1966 5367 Quietus

379 5392 410 5429 a
431 5365 630 5443 Bai-ag.
651 5373 875 5430 ιὶιωιτ.
896 5400 970 5443 e-
996 5370 1068 5425 De
1088 5368 1252 5424 lillliia
1271 5368 1386 5422 istis
1409 5366 1841 5435 Baluzmssupra
1864 5365 1964 5421 sub

376 5447 587 5503 initium
615 5454 881 5501 notarum.
904 5442 1118 5498 Rouru.

448 5538 751 5610 Baptizatur
769 5553 800 5589 α
825 5545 1042 5610 mortuo.
1072 5532 1326 5610 sequitur
1351 5531 1511 5610 istud,
1532 5542 1579 5610 et
1601 5532 1780 5610 iterum
1801 5530 1961 5610 tangit

376 5603 653 5671 mortuum,
687 5610 739 5664 in
783 5607 901 5662 edd.
931 5604 1137 5660 Erasmi
1162 5603 1320 5675 atque
1349 5603 1503 5658 Felli.
1540 5603 1594 5656 lu
1624 5603 1959 5675 ltaruutedi-

376 5684 583 5738 tionqu
626 5680 926 5749 posteriore
947 5678 1100 5733 testis
1127 5673 1374 5749 lectionis
1399 5673 1954 5749 citatur_Augustinus,

378 5768 498 5819 quin
526 5744 703 5804 tamen
732 5751 785 5804 in
815 5749 1096 5819 Augustini
1132 5748 1272 5802 sicut
1312 5744 1556 5819 Cypriani
1596 5744 1957 5819 Benedictinis

381 5814 726 5888 coitionibus,
769 5814 964 5873 meriio
1007 5818 1206 5887 rejeCta
1236 5814 1559 5886 estCNeque
1602 5815 1753 5872 addit
1790 5814 1954 5871 verba

2081 4550 2209 4615 tuat.
2255 4542 2403 4615 [ἴω.ἒ
2428 4541 2563 4598 Cum
2602 4544 2936 4610 Tlteonltilus
2981 4536 3257 4615 episcopus
3292 4536 3579 4615 AllilOCllglms

2074 4614 2336 4695 janraute
2359 4606 2988 4695 “Tertullianum‘priéiio;
3005 4606 3188 4695 vocem
3219 4615 3279 4669 de
3311 4612 3455 4695 tribus

2079 4674 2225 4759 sonis
2258 4684 2543 4759 Ditjnis‘in
2575 4685 2669 4741 lib.
2712 4702 2750 4742 tt
2782 4674 2912 4742 Ᾱάυ.
2952 4674 3267 4759 Ᾱυιοιειομηιε
3293 4698 3337 4738 ει
3363 4681 3442 4759 315.
3468 4674 3579 4759 “mf

2078 4753 2301 4827 buisset,
2334 4754 2634 4810 Trinitatem
2665 4769 2847 4827 postea
2877 4753 3133 4815 dixeruth
3161 4756 3335 4813 Latine
3362 4754 3577 4827 loquentes

2077 4824 2460 4902 Tertullianus,
2491 4821 2918 4902 Cyprianusque,
2950 4833 3042 4902 qui
3090 4832 3184 4884 hac
3205 4840 3345 4902 voce
3382 4833 3487 4902 usus
3501 4821 3578 4902 ξεί

2075 4886 2501 4972 nouunokloc'o,
2529 4886 2587 4954 at
2611 4901 2772 4956 homo
2809 4886 3054 4972 ejusdem
3080 4899 3245 4956 aetatis
3283 4896 3359 4951 hic
3382 4894 3480 4963 ipse
3500 4886 3578 4943 Ell-

2072 4970 2294 5025 cratius.
2326 4969 2540 5027 Rou'rn.

2142 5062 2184 5115 A
2212 5062 2544 5131 blasphemia.
2571 5062 2729 5120 Utila
2753 5064 3046 5120 scriberem
3076 5078 3159 5118 me
3187 5057 3423 5131 compti“!
3440 5056 3576 5131 θηριο-

2070 5132 2199 5187 ritas
2224 5121 2529 5203 quindecim
2555 5146 2791 5191 veterum
2814 5137 3218 5203 exemplarium.
3238 5121 3387 5186 Antea
3411 5121 3573 5203 legebyj

2072 5215 2157 5277 tur
2185 5222 2215 5257 a
2242 5195 2571 5271 blasphemiae
2594 5223 2703 5262 sum
2726 5195 3133 5277 praesumptione.
3157 5206 3276 5277 Qnrc
3310 5213 3422 5277 δίψα
3456 5195 3573 5277 lectio

2069 5269 2381 5332 habeturiu
2419 5269 2736 5347 quibushani
2767 5269 3039 5334 codicibus
3083 5274 3323 5347 antiquis.
3344 5269 3570 5325 ΒΑιυῑιυς.

2068 5377 2137 5389 ——
2164 5344 2493 5421 Augustinus
2544 5365 2754 5421 quoque
2809 5350 2984 5416 habet,
3009 5365 3037 5402 a
3061 5344 3352 5417 blasphemia
3367 5347 3571 5407 suam!"

2065 5420 2388 5490 sumptiont's.
2424 5420 2636 5476 HOUTH.

2135 5511 2347 5568 Libosus
2372 5531 2403 5568 a
2440 5509 2691 5585 Vaga.ilu
2725 5512 3018 5585 Veronensi
3051 5513 3268 5578 Confess.
3312 5515 3352 5562 et
3376 5501 3506 5558 Harl.
3528 5494 3567 5547 in

2064 5586 2204 5656 nouis
2228 5585 2361 5640 areis
2378 5584 2568 5656 positus
2595 5584 2803 5641 Libosus
2830 5604 2861 5639 a
2896 5584 3287 5656 Vaga._litca1:r.
3385 5645 3420 5656 __
3478 5650 3487 5656 _
3527 5636 3539 5656 Ξ

2134 5655 2321 5711 Lucius
2369 5645 2401 5709 ὸ
2452 5654 2710 5713 Thebeste.
2758 5657 2816 5712 ln
2863 5645 2988 5711 Ver:
3027 5654 3246 5726 Confess.
3289 5658 3330 5704 et
3375 5645 3563 5703 Harl-tl!

2062 5727 2247 5785 Fausti
2272 5728 2460 5799 positus
2489 5726 2704 5785 Leucius
2726 5744 2755 5784 a
2780 5726 3042 5784 Theueste.
3072 5726 3282 5784 Btcxtr.
3357 5776 3367 5791 ,
