3700 6276
377 267 514 327 1067

1695 261 2048 335 Βειιρυιιε
2085 263 2357 324 SACRE.

3410 280 3505 340 WA

447 384 667 441 Jambus
717 395 747 436 a
789 382 1195 439 Germaniciana
1234 381 1405 436 dixit:
1439 380 1541 450 Qui
1582 380 1959 438 haereticorum
1985 379 2038 440 Λ
2063 389 2238 436 torum
2263 380 2412 447 dare,
2439 381 2528 452 qui
2553 387 2870 451 poteStatem
2890 393 2992 437 non
3013 381 3195 440 habent
3210 391 3259 441 ut
3281 397 3352 445 aut
3367 393 3508 454 solvere

377 478 637 549 baptisma
666 475 920 545 probant,
947 484 1188 529 nostrum
1230 473 1564 546 improbant,
1594 483 1653 529 ut
1681 486 1832 530 extra
1862 475 1964 528 Ec-

375 571 618 634 clesiam,
652 583 757 620 non
787 566 959 621 dicam
1003 566 1162 634 lotos,
1194 565 1292 621 sed
1332 566 1656 634 sordidatos,
1689 574 1886 637 negent
1913 567 1966 620 in

375 663 619 721 Ecclesia
649 662 908 732 baptizari
936 671 1216 732 Oportere.

444 757 714 812 Lucianus
735 772 763 808 a
784 754 1021 810 Rucuma
1043 754 1209 810 dixit:
1231 754 1500 825 Scriptum
1524 764 1606 812 est
1631 754 1783 828 (Gen.
1805 771 1843 810 ι.
1871 755 1962 826 4);

370 851 440 906 Ει
467 851 591 905 vidit
619 849 758 904 Deus
779 850 944 904 lucem
969 850 1087 921 quia
1109 849 1242 904 bona
1260 860 1354 917 est,
1383 861 1431 903 et
1456 849 1625 904 divisit
1651 854 1782 905 inter
1804 850 1967 903 lucem

367 957 414 1001 et
445 946 694 1000 tenebras.
727 944 783 1000 Si
815 953 991 1014 potest
1022 943 1130 999 luci
1169 954 1224 1000 et
1255 944 1493 1000 tenebris
1521 947 1832 1011 convenire,
1868 961 1965 1013 po-

367 1046 472 1094 test
496 1037 650 1093 nobis
680 1045 734 1092 et
762 1037 1028 1092 hmreticis
1067 1036 1270 1107 aliquid
1295 1053 1420 1094 esse
1459 1053 1766 1094 commune.
1798 1037 1967 1106 Prop-

365 1145 515 1190 terea
547 1147 745 1189 censeo
777 1131 1060 1187 luereticos
1091 1132 1442 1202 baptizandos
1472 1149 1612 1190 esse.

439 1227 757 1298 Pelagianus
822 1240 851 1279 a
905 1225 1240 1295 Luperciana
1309 1225 1443 1280 dixit
1493 1242 1505 1281 :
1550 1226 1818 1294 Scriptum
1887 1232 1968 1280 est

365 1321 458 1393 (lll
482 1321 611 1392 Reg.
642 1336 794 1387 xvnt,
828 1319 920 1388 2i)
949 1337 961 1373 :
991 1320 1093 1373 Ant
1124 1321 1257 1374 enim
1286 1318 1537 1372 Dominus
1566 1317 1704 1374 Deus
1740 1329 1842 1382 est,
1880 1327 1968 1371 aut

366 1415 500 1468 Baal
533 1413 668 1468 Deus
697 1423 791 1467 est.
823 1411 894 1466 lta
925 1419 980 1467 et
1015 1427 1178 1476 nunc,
1204 1422 1295 1466 aut
1323 1411 1562 1466 Ecclesia
1593 1409 1832 1465 Ecclesia
1861 1419 1964 1475 est,

362 1519 454 1564 aut
477 1506 712 1563 Haeresis
741 1507 982 1561 Ecclesia
1027 1515 1129 1562 est.
1168 1505 1336 1560 Porro
1376 1506 1420 1560 si
1463 1504 1696 1560 Haeresis
1726 1504 1967 1559 Ecclesia

363 1619 472 1660 non
503 1613 606 1668 est,
631 1601 902 1673 quomodo
936 1616 1057 1658 esse
1082 1601 1223 1672 apud
1240 1601 1525 1656 haereticos
1557 1598 1823 1668 baptisma
1858 1599 1964 1654 Ec-

363 1697 544 1755 clesiae
571 1697 786 1768 potest?

2069 485 2160 529 aut
2189 475 2355 544 ligare
2384 474 2583 546 aliquid
2615 476 2669 530 in
2701 474 2859 530 terris
2889 478 3103 546 possint.

2142 568 2432 624 Venantius
2453 585 2481 623 a
2508 570 2709 626 Timisa
2737 570 2905 631 dixit:
2926 570 2978 628 Si
3011 573 3212 630 maritus
3235 590 3426 650 peregre
3442 598 3525 654 pro-

2071 661 2317 716 ficiscens
2335 663 2512 718 amico
2537 677 2636 718 suo
2663 663 3080 721 commendasset
3100 683 3293 724 uxorem
3315 686 3431 727 suam
3451 692 3528 733 cus.

2071 755 2401 820 todiendam,
2435 757 2865 812 commendatam
2897 756 2998 813 sibi
3023 760 3107 816 ille
3129 772 3302 830 quanta
3324 778 3464 835 posset
3483 772 3533 828 di.

2069 847 2284 918 ligentia
2330 861 2708 917 conservaret,
2752 865 2820 906 ne
2865 850 2932 906 ab
2973 851 3141 921 aliquo
3182 855 3366 911 castitas
3395 859 3480 928 ejus
3503 876 3534 919 et

2067 941 2321 996 sanctitas
2367 942 2785 998 adulteraretur.
2831 942 3073 998 Christus
3111 943 3340 1002 Dominus
3375 959 3417 1004 et
3447 951 3537 1009 Deus

2070 1044 2251 1090 noster
2290 1035 2358 1090 ad
2387 1035 2600 1092 Patrem
2632 1035 2979 1108 proficiscens
3014 1054 3248 1109 sponsam
3287 1056 3409 1097 suam
3439 1047 3540 1103 nobis

2067 1129 2480 1183 commendavit.
2519 1128 2784 1186 Utrumne
2807 1146 2922 1186 eam
2956 1131 3295 1202 incorruptam
3318 1144 3363 1190 et
3391 1135 3543 1194 inviola-

2071 1233 2176 1276 tam
2207 1223 2572 1278 custodiemus
2592 1266 2606 1291 ,
2650 1239 2716 1278 an
2747 1225 3102 1296 integritatem
3131 1225 3238 1296 ejus
3262 1235 3309 1281 et
3331 1228 3542 1286 castitatem

2070 1314 2295 1370 moechis
2337 1326 2393 1370 et
2429 1317 2836 1386 corruptoribus
2864 1316 3182 1387 prodemus?
3207 1315 3300 1385 Qui
3331 1318 3438 1374 enim
3456 1321 3540 1394 hap-

2069 1407 2225 1462 tisma
2257 1408 2513 1464 Ecclesia:
2536 1423 2824 1464 commune
2849 1424 2972 1464 cum
3006 1407 3261 1464 haereticis
3287 1408 3416 1476 facit,
3441 1427 3546 1481 spon-

2067 1519 2182 1559 sam
2214 1501 2413 1558 Christi
2444 1503 2702 1558 adulteris
2724 1503 2923 1572 prodit.

2144 1598 2422 1668 Ahymnus
2459 1597 2528 1651 ab
2554 1598 2797 1667 Ausvaga
2826 1596 2964 1650 dixit
2995 1613 3007 1650 :
3043 1595 3150 1650 Nos
3187 1612 3334 1650 unum
3370 1597 3548 1667 baptisma

2069 1692 2392 1762 accepimus,
2422 1701 2478 1746 et
2502 1691 2679 1761 ipsum
2709 1699 2956 1746 tenemus
2987 1697 3042 1745 et
3077 1705 3384 1745 exercemus.
3402 1690 3476 1760 Qui
3496 1708 3550 1747 au-

435 1791 598 1848 Jader
625 1807 654 1846 a
681 1791 860 1846 Midila
901 1791 1033 1846 dixit
1066 1811 1079 1846 :
1112 1791 1323 1847 Scimus
1364 1807 1470 1845 non
1501 1805 1623 1845 esse
1656 1790 1760 1844 nisi
1799 1805 1963 1844 unum
1994 1782 2042 1842 B
2073 1794 2178 1840 tem
2203 1783 2333 1838 dicit
2363 1784 2484 1854 quia
2526 1792 2582 1838 et
2615 1782 2883 1838 haereticis
2913 1782 3036 1836 licet
3067 1782 3347 1851 baptizare,
3377 1781 3467 1852 ipse
3490 1782 3551 1837 duo

361 1886 626 1956 baptisma
655 1888 705 1939 in
737 1885 976 1940 Ecclesia
1003 1884 1289 1940 catholica.
1324 1885 1391 1940 Et
1419 1885 1540 1939 ideo
1565 1899 1670 1938 non
1700 1883 1960 1940 debemus

361 1979 649 2034 admittere
689 1979 999 2035 haereticum
1031 1980 1133 2033 nisi
1155 1979 1457 2048 baptizatus
1483 1978 1625 2048 apud
1649 1993 1748 2034 nos
1779 1978 1956 2044 fuerit,

357 2091 425 2130 ne
455 2090 515 2130 se
551 2081 701 2145 putet
737 2083 890 2129 extra
937 2074 1236 2129 Ecclesiam
1267 2072 1589 2128 catholicam
1630 2073 1958 2144 baptizatum

357 2182 501 2224 esse.

436 2259 568 2314 Item
597 2258 732 2314 alius
750 2257 897 2314 Felix
921 2274 951 2312 a
976 2257 1251 2313 lilarazana
1279 2259 1444 2314 dixit:
1470 2259 1586 2315 Una
1615 2259 1768 2324 fides,
1794 2274 1959 2314 unum

350 2349 638 2420 baptisma,
673 2350 766 2406 sed
798 2349 1054 2405 Ecclesiae
1082 2350 1388 2417 catholicae,
1427 2352 1513 2406 cui
1542 2350 1643 2404 soli
1673 2351 1797 2405 licet
1824 2350 1957 2420 bap-

361 2445 547 2500 tizare.

422 2537 617 2592 Paulus
645 2535 712 2590 ab
733 2534 880 2591 Obba
907 2536 1042 2591 dixit
1066 2554 1079 2590 :
1109 2536 1190 2590 Me
1217 2551 1323 2592 non
1343 2549 1525 2593 movet
1553 2537 1599 2592 si
1629 2537 1826 2606 aliquis
1853 2535 1957 2594 Ec-

349 2636 530 2692 clesia:
583 2634 742 2690 fidem
812 2642 867 2690 et
919 2635 1202 2688 veritatem
1264 2650 1370 2689 non
1432 2633 1700 2699 vindicat,
1743 2637 1960 2705 quando

352 2730 642 2802 Apostolus
661 2729 803 2784 dicat
829 2727 1006 2797 (Rom.
1038 2743 1117 2795 tu,
1139 2730 1198 2796 5)
1231 2747 1244 2782 :
1269 2728 1406 2796 Quid
1428 2731 1561 2783 enim
1593 2732 1636 2784 si
1661 2729 1960 2784 exciderunt

354 2843 386 2879 a
413 2823 514 2894 [ide
541 2823 749 2893 quidam
787 2821 1036 2874 illorum?
1067 2819 1336 2890 Numquid
1374 2819 1656 2888 inﬁdelitas
1692 2839 1868 2876 eorum
1897 2822 1962 2889 fio

356 2918 472 2972 dem
501 2916 599 2972 Dei
630 2915 926 2970 evacuabit?
954 2915 1116 2970 Absit.
1143 2914 1238 2970 Est
1267 2915 1401 2969 enim
1429 2913 1574 2971 Deus
1597 2931 1772 2982 verax,
1795 2918 1961 2972 atomis

356 3021 526 3066 autem
551 3010 700 3064 homo
728 3009 967 3064 mendax.
1006 3008 1063 3064 Si
1093 3017 1273 3063 autem
1303 3009 1446 3064 Deus
1477 3025 1641 3064 verax
1676 3019 1793 3076 est,
1825 3026 1960 3080 quo-

355 3101 516 3158 modo
556 3119 678 3158 esse
716 3101 857 3172 apud
901 3101 1181 3158 haereticos
1216 3103 1469 3172 baptismi
1514 3104 1714 3159 veritas
1757 3115 1956 3177 potest,

355 3199 496 3270 apud
527 3213 660 3270 quos
692 3199 832 3254 Deus
857 3213 961 3252 non
989 3198 1110 3252 est?

429 3294 756 3364 Pomponius
779 3309 809 3347 a
834 3293 1156 3362 Dionysiana
1177 3291 1344 3347 dixit:
1373 3293 1714 3350 Manifestum
1737 3307 1819 3352 est
1842 3298 1955 3354 hie-

357 3385 555 3442 reticos
597 3401 703 3442 non
746 3397 904 3454 posse
950 3383 1225 3454 baptizare
1263 3394 1316 3439 et
1356 3386 1731 3442 remissionem
1765 3403 1957 3458 pecca-

2065 1879 2381 1948 baptismata
2410 1877 2556 1932 facit.

2139 1970 2461 2027 Saturninus
2504 1985 2532 2023 a
2560 1967 2869 2023 Victoriana
2910 1968 3047 2023 dixit
3077 1985 3090 2022 :
3122 1969 3173 2023 Si
3222 1967 3335 2023 licet
3371 1965 3557 2024 haereticis

2065 2068 2368 2139 baptizare,
2407 2066 2646 2122 excusati
2680 2074 2804 2119 sunt
2828 2073 2884 2119 et
2910 2062 3117 2119 defensi
3145 2062 3314 2117 illicita
3348 2065 3447 2134 (for.
3467 2063 3558 2119 licita

2066 2159 2348 2226 Marshal.)
2373 2158 2648 2214 facientes.
2679 2157 2790 2212 Nec
2811 2157 2972 2212 video
3002 2170 3168 2226 quare
3187 2171 3274 2210 cos
3296 2167 3374 2209 aut
3390 2155 3560 2210 Christus

2064 2257 2402 2311 adversarios
2442 2269 2568 2310 suos
2599 2261 2694 2309 aut
2723 2252 3019 2323 Apostolus
3055 2249 3375 2306 antichristus
3397 2250 3558 2321 appelh-
3621 2313 3623 2316 ,

2065 2351 2224 2404 verit.
3619 2341 3623 2404 ἱ

2141 2441 2468 2498 Saturninus
2495 2455 2523 2494 a
2554 2440 2765 2496 Thucca
2796 2437 2965 2494 dixit:
2995 2437 3230 2494 Gentiles
3248 2436 3453 2508 quamvis
3470 2435 3557 2491 idola
3611 2471 3614 2508 ,

2064 2537 2278 2600 colant,
2324 2545 2503 2590 tamen
2569 2547 2836 2588 summum
2884 2531 3059 2588 Deum
3108 2540 3303 2602 patrem
3343 2539 3560 2584 maturem

2063 2633 2393 2697 cognoscunt
2419 2635 2474 2680 et
2501 2624 2842 2682 confitentur.
2873 2622 2933 2676 In
2969 2623 3111 2676 hunc
3136 2621 3349 2675 Marcion
3373 2620 3554 2689 blasphe-

2065 2736 2194 2787 tuat,
2226 2730 2282 2778 et
2301 2721 2516 2792 quidam
2543 2734 2646 2773 non
2676 2718 3009 2774 erubescunt
3031 2716 3305 2770 Marcionis
3327 2715 3560 2784 baptismum

2065 2819 2311 2886 probare.
2339 2814 2618 2883 Quomodo
2649 2813 2786 2868 tales
2813 2811 3133 2867 sacerdotes
3158 2807 3468 2865 sacerdotium
3502 2805 3560 2861 Dei

2061 2920 2152 2963 aut
2181 2918 2397 2963 servant
2439 2917 2532 2961 aut
2563 2906 2834 2960 vindicant
2861 2904 2959 2975 qui
2992 2905 3176 2959 hostes
3207 2903 3294 2958 Dei
3333 2915 3422 2957 non
3446 2900 3560 2971 bapti~

2063 3013 2206 3066 zant,
2236 3011 2292 3057 et
2310 3002 2391 3057 sic
2421 3000 2529 3054 illis
2550 2997 3006 3055 communicant?

2137 3096 2419 3152 Marcellus
2449 3108 2478 3149 a
2507 3093 2674 3148 Zama
2713 3091 3046 3148 dixit:Cum
3084 3098 3290 3162 peccata
3315 3087 3480 3145 nonnisi
3496 3087 3560 3140 Ec-

1985 3226 2030 3287 ρ
2062 3193 2236 3248 clesia:
2258 3189 2524 3259 baptismo
2551 3188 2917 3253 remittantur,
2946 3187 3039 3256 qui
3065 3184 3353 3241 haereticum
3378 3197 3458 3238 non
3478 3179 3561 3249 bap-

2067 3292 2196 3345 tizat
2221 3330 2233 3353 ,
2262 3286 2539 3358 peccatori
2562 3284 2956 3340 communicat.

2129 3385 2366 3439 Irenrcus
2393 3379 2464 3435 ab
2494 3377 2666 3434 Ululis
2693 3377 2829 3434 dixit
2857 3395 2870 3431 :
2913 3375 2978 3434 Si
3010 3376 3136 3432 ideo
3176 3375 3387 3431 Ecclesia
3420 3369 3558 3427 haereti-
3620 3443 3621 3456 χ

1677 3524 2044 3583 VARIORUM
2081 3519 2310 3581 NOT/E.

430 3657 663 3716 Jambus.
693 3655 752 3711 In
784 3655 1032 3728 Foﬁxiensi
1064 3670 1237 3728 neque
1269 3656 1356 3710 hic
1383 3672 1555 3726 neque
1579 3659 1630 3711 in
1660 3658 1782 3712 aliis
1809 3661 1958 3728 epis-

359 3746 620 3804 coporum
650 3727 957 3784 nominibus
985 3742 1090 3780 non
1125 3727 1373 3804 leguntur
1401 3729 1790 3804 appellationes
1823 3727 1958 3804 con-

359 3798 626 3861 fessarum
688 3815 885 3867 nequc-
930 3809 1248 3866 martyrum.
1318 3798 1549 3854 RIGALT.
1627 3831 1697 3841 ——
1737 3801 1960 3858 Referas

359 3888 412 3932 te
455 3876 520 3930 ad
561 3873 761 3927 Balnzii
824 3879 1018 3942 notam
1062 3869 1211 3942 initio
1254 3869 1413 3935 hujus
1441 3868 1670 3926 Concilii
1704 3875 1957 3942 positam.

361 3950 532 4005 Porro
562 3945 714 3998 editio
747 3941 1048 4015 Oxoniensis
1082 3939 1262 4015 titulos
1291 3944 1652 4015 conservarit,
1684 3939 1818 4014 quos
1844 3946 1964 4015 qui—

364 4019 486 4076 dem
513 4017 579 4072 ad
608 4014 815 4086 singula
847 4015 1060 4068 nomina
1089 4012 1140 4066 in
1177 4012 1260 4066 his
1289 4014 1433 4069 notis
1462 4012 1792 4140 indli‘catnrus
1822 4012 1961 4071 sum.

1584 4101 1746 4140 curn.

1584 4101 1746 4142 OL'TII.

437 4182 848 4241 Germaniciano.
872 4179 1017 4234 Nova
1038 4179 1308 4245 nimirum,
1338 4189 1399 4234 ut
1419 4178 1486 4232 ab
1511 4179 1824 4235 Abbiritaua
1849 4181 1963 4235 dis-

365 4258 719 4328 tingueretur.
760 4249 922 4328 Urbis
968 4252 1128 4328 hujus
1173 4253 1463 4328 episcolius
1481 4262 1740 4328 tempore
1779 4253 1962 4307 collat.

363 4321 802 4398 Carthagiuensis
831 4332 948 4398 erat
968 4323 1336 4398 Innocentius.
1371 4321 1450 4376 Ad
1481 4322 1814 4398 Byzacenam
1845 4340 1961 4390 per-

363 4403 518 4477 t_ine_t,
547 4394 1042 4477 a'Germanicaruin
1068 4395 1674 4477 cohortium.veteranis
1704 4394 1959 4477 habitata.
1991 4417 2042 4477 D

366 4473 442 4527 De
479 4472 598 4531 hac,
633 4480 689 4523 ut
727 4477 780 4524 et
803 4468 921 4522 aliis
947 4467 1238 4536 plerisque,
1271 4465 1404 4520 illud
1436 4466 1647 4521 obtinet
1673 4467 1815 4536 quod
1852 4467 1958 4522 Plio

369 4545 487 4598 nius
530 4543 625 4596 lib.
659 4556 732 4608 iv,
768 4555 818 4593 c.
859 4539 914 4600 lt,
948 4537 1141 4595 refert.
1168 4539 1310 4606 quod
1356 4537 1711 4608 non‘civitates
1741 4549 1961 4604 tantum,

365 4615 453 4670 sed
478 4615 629 4667 etiam
655 4606 881 4664 nationes
903 4612 1022 4676 jure
1045 4609 1147 4660 dici
1180 4619 1411 4674 possunt.
1441 4606 1668 4664 FELLUS.

446 4683 611 4741 Ut....
638 4691 837 4753 negent.
884 4679 1031 4734 Nova
1085 4678 1338 4746 loquendi
1373 4678 1531 4744 ratio,
1575 4681 1729 4750 cujus
1786 4693 1962 4739 tamen

367 4772 560 4815 sensus
591 4767 830 4824 apertus.

443 4850 544 4902 Aut
573 4851 706 4902 enim
734 4843 983 4898 Dominus
1001 4839 1138 4892 Deus
1158 4848 1252 4891 est.
1284 4839 1386 4891 Aut
1417 4840 1547 4892 enim
1571 4839 1821 4898 Dominus
1849 4854 1964 4900 tuus

369 4921 514 4976 Deus
538 4930 630 4973 est.
661 4918 736 4970 Ita
761 4914 920 4982 vulgo
938 4910 1171 4982 editum.
1202 4911 1308 4965 Sed
1335 4913 1621 4980 Augustin.
1650 4913 1830 4980 habet,
1867 4918 1968 4970 Aut

371 4992 620 5046 Dominus
649 4989 784 5041 Deus
813 4980 906 5037 est.
934 4980 1182 5036 Fortasse
1207 4997 1272 5036 ex
1295 4983 1650 5038 antecedente
1679 4999 1807 5039 voce
1826 4988 1965 5041 istud

372 5073 488 5116 tuus
515 5061 702 5113 vitiose
728 5066 905 5108 ortum
934 5064 1036 5107 est.
1055 5050 1296 5122 Cumque
1324 5055 1378 5107 in
1401 5053 1610 5108 Erasini
1637 5055 1965 5124 editalocum

372 5148 433 5187 se
459 5133 528 5186 ita
560 5130 846 5184 habentem
869 5125 1112 5189 viderim,
1143 5127 1246 5178 Aut
1272 5127 1392 5179 enin
1425 5126 1560 5180 Deus
1588 5126 1712 5197 (sic)
1735 5127 1873 5182 Deus
1893 5141 1966 5184 est

376 5204 620 5258 voculam
641 5211 759 5252 tuus
789 5197 1069 5251 delendam
1103 5199 1304 5264 putavi.
1339 5197 1552 5252 110nm.

445 5272 626 5328 Jader.
688 5268 985 5323 Editionem
1033 5268 1426 5340 Erasmianam.
1477 5271 1530 5323 in
1581 5285 1683 5339 qua
1733 5275 1964 5340 primum

374 5346 613 5402 omnium
638 5343 766 5394 Acta
792 5341 947 5409 hujus
967 5339 1154 5411 synodi
1173 5352 1610 5409 comparuerant,
1630 5339 1842 5397 cetera:
1871 5359 1967 5398 ex-

374 5426 527 5486 cepta
559 5414 648 5467 illa
683 5412 878 5486 Balnzii
912 5414 1130 5466 imitata:
1157 5412 1309 5465 titulo
1331 5412 1651 5486 confessoris
1678 5425 1725 5467 et
1756 5413 1933 5485 Marty
1952 5445 1964 5457 -

373 5484 452 5542 ris
471 5487 611 5540 hunc
639 5485 949 5554 epismpuin
980 5495 1260 5538 auxerunt.
1284 5484 1392 5539 Sed
1415 5501 1590 5553 neque
1619 5485 1761 5551 huic,
1793 5484 1966 5555 neque

375 5559 619 5627 cuiquam
668 5566 873 5626 patrum
915 5557 1374 5625 subsequentium,
1430 5556 1731 5628 hujusmodi
1783 5559 1966 5612 titulos

374 5631 601 5686 contulit
627 5639 718 5684 aut
745 5629 1092 5698 AuguSIinus,
1121 5637 1215 5680 aut
1235 5628 1360 5681 libri
1386 5642 1526 5696 quos
1555 5630 1795 5684 nominat
1814 5629 1964 5683 initio

378 5703 533 5774 hujus
561 5701 786 5774 Concilii
811 5700 1080 5774 B_a|uzius.
1118 5698 1328 5774 Rourn.

449 5769 658 5830 Paulus.
689 5773 802 5829 Vox
831 5770 1100 5842 Confessor
1121 5771 1322 5826 nomini
1347 5769 1491 5835 huic,
1517 5780 1569 5826 et
1590 5771 1818 5840 duobus,
1841 5786 1962 5841 qua:

2063 3660 2310 3728 proxime
2331 3664 2650 3722 sequuntur,
2685 3656 2971 3726 praemissa
3001 3664 3089 3710 est
3117 3653 3168 3709 in
3193 3649 3463 3710 editionihus
3477 3656 3560 3703 ante
3620 3657 3621 3711 ι

2066 3729 2610 3786 Baluzium.Bourn.
3248 3795 3320 3799 ,η
3402 3792 3425 3799 η
3519 3790 3528 3799 ,

2137 3803 2210 3855 Ab
2242 3799 2405 3855 Obba.
2451 3799 2642 3853 Bobba.
2678 3800 2819 3855 Urbs
2846 3799 3207 3854 Mauritanize.
3238 3795 3358 3870 Obba
3389 3792 3556 3870 dictaui

2065 3874 2187 3946 Not.
2223 3872 2486 3946 Afric._et
2519 3872 2699 3946 collat.
2725 3870 3013 3946 Carthag.,
3063 3870 3159 3946 sed
3205 3867 3384 3946 codices.
3400 3865 3554 3946 plurimi

2068 3945 2265 3999 habent
2292 3943 2494 4008 Bebba,
2540 3944 2626 3996 cui
2660 3936 3092 3998 noinencla'turze
3124 3941 3258 3994 favet
3289 3936 3453 3996 Minius.
3484 3936 3551 4008 qui

2070 4019 2122 4070 in
2152 4015 2465 4070 Mauritania
2484 4003 2527 4068 va
2559 4013 2690 4068 Lia‘a
2719 4015 2788 4070 40
2831 4011 2911 4068 Μ.
2949 4011 3018 4066 Ρ.
3061 4013 3111 4066 in
3164 4008 3450 4065 Medianum
3475 4003 3549 4056 Att-

2069 4090 2204 4159 gusti
2227 4089 2475 4141 coloniam
2506 4085 2728 4140 Bubbam
2749 4087 3008 4140 collocat.
3033 4083 3198 4159 FELL.

2143 4158 2210 4212 Et
2233 4161 2399 4229 ipsum
2428 4170 2651 4212 tenenms
2679 4167 2724 4230 et
2750 4174 3066 4212 exercemus.
3098 4158 3261 4212 Antea
3289 4149 3554 4230 legebatutte-

2070 4249 2246 4285 nemus
2275 4243 2319 4284 et
2346 4247 2656 4284 exercemus.
2687 4229 2790 4284 Sed
2831 4240 3061 4282 tenemus
3083 4238 3129 4281 et
3159 4242 3255 4281 non
3283 4233 3418 4280 exstat
3434 4229 3472 4274 tn
3493 4231 3557 4270 co-

2071 4304 2188 4358 dice
2221 4303 2570 4371 chuicriano
2600 4317 2772 4370 neque
2801 4300 2853 4354 in
2887 4300 3008 4354 aliis
3039 4298 3312 4371 veteribus.
3333 4293 3557 4371 Anonymtls

2072 4375 2122 4428 in
2159 4361 2384 4428 ilbI'OUlie
2416 4361 2837 4444 Rebaptisuiate.
2869 4370 3084 4444 pLSSii,
3111 4368 3374 4444 baptismate
3399 4361 3558 4444 quodin-

2072 4447 2215 4499 terim
2239 4446 2518 4499 exercebat.
2541 4429 3040 4499 DALu21u5.-;Cutu
3053 4429 3288 4495 Baluzius
3303 4439 3394 4491 sine
3408 4429 3555 4490 idonea,

2071 4518 2282 4585 opinor,
2308 4533 2490 4582 causa,
2519 4516 2617 4568 hoc
2639 4518 2994 4580 eliminasset,
3021 4511 3353 4568 revocandum
3371 4516 3556 4585 essetcf

2069 4573 2174 4651 sui,
2207 4573 2347 4658 quod
2375 4591 2424 4641 in
2454 4573 2610 4641 editis
2651 4599 2704 4642 et
2753 4588 2804 4640 in
2847 4573 3135 4658 Augustini
3157 4596 3346 4655 quoque
3367 4573 3555 4634 nonnullis

2070 4655 2393 4715 editionibus
2415 4668 2684 4713 retentum
2712 4668 2879 4712 esset.
2913 4655 3123 4711 Roma.

2143 4732 2477 4785 Saturninus.
2525 4727 2870 4784 Prmtnissum
2926 4737 3014 4784 est
3049 4727 3102 4782 in
3143 4725 3297 4792 libris,
3337 4735 3443 4793 quos
3475 4722 3554 4770 εωιε
3616 4743 3617 4793 ξ

2069 4801 2198 4864 dixi,
2232 4804 2376 4857 Alius
2407 4803 2697 4872 Confessor.
2727 4800 2936 4857 Roma.

2141 4894 2334 4950 Illicita
2384 4897 2646 4964 facientes.
2703 4895 2830 4950 Mihi
2885 4895 3099 4966 quidem
3154 4891 3366 4967 probata
3400 4880 3550 4967 estcl-

2069 4966 2339 5092 iﬂarshalli
2384 4960 2734 5036 eonjectura,
2796 4960 3106 5038 reponentis
3155 4960 3300 5019 licita
3345 4960 3548 5014 iacientes-

2117 5053 2281 5094 ourn.

2144 5129 2692 5205 Gentiles...sammum
2714 5131 2901 5205 Deum,
2930 5141 3037 5187 etc.
3068 5131 3175 5187 Hoc
3195 5135 3327 5205 certe
3340 5119 3545 5205 P’f’b‘lii'

2071 5203 2182 5256 sius
2212 5203 2405 5256 animm
2425 5205 2674 5272 quamvis
2702 5221 2810 5259 non
2837 5190 3141 5259 christiana:
3181 5190 3442 5272 testimonio
3462 5190 3546 5245 Τετ-

2070 5274 2329 5327 tnllianus
2357 5265 2454 5328 lib:
2475 5276 2545 5329 de
2559 5276 2856 5330 TeStitnon.
2877 5265 3545 5330 Animi.Ricitr.—-Ssnttlll

2070 5344 2258 5470 le‘t‘tm.
2270 5345 2460 5469 l.l‘ovem
2479 5347 2749 5413 nimirum,
2776 5347 2864 5419 qui
2886 5354 3036 5418 pater
3056 5343 3309 5401 hominum
3327 5349 3371 5394 et
3391 5336 3545 5390 deorum

2070 5431 2096 5469 a
2183 5431 2240 5470 ιι.
2314 5433 2434 5470 ELL.

2069 5431 2240 5470 300”.
2271 5431 2434 5472 I‘ELL.

2141 5487 2322 5541 Zama.
2363 5490 2499 5545 Urbs
2527 5489 2807 5546 Numidiae.
2831 5490 3020 5544 Azama
3049 5488 3256 5544 Ptolem.
3281 5475 3543 5552 Astrabqﬂﬁ

2071 5559 2264 5622 Plinio,
2295 5560 2522 5631 aliisque
2549 5545 2860 5618 memorata.
2887 5561 2982 5617 Hic
3023 5559 3122 5617 loci
3159 5549 3384 5614 Hannibal
3419 5563 3444 5601 a
3469 5545 3545 5600 Sci-

2071 5633 2226 5702 pione
2256 5649 2446 5702 magna
2470 5642 2650 5702 strage
2680 5637 2869 5689 victus.
2901 5633 3063 5688 FELL.

2070 5693 2393 5828 ζ’,ιινὲιωαὶ
2416 5703 2466 5760 ls
2491 5705 2545 5760 in
2583 5693 2743 5764 libris
2783 5721 2915 5777 quos
2939 5699 3238 5772 memoravi,
3264 5693 3540 5769 διαβαίνων

2108 5789 2121 5828 Ι
2152 5813 2163 5828 θ
2250 5789 2410 5828 ουἸἪ.

2108 5785 2163 5828 ιι.
2203 5785 2410 5831 κουτιι.
