3700 6276
372 264 513 334 ᾱθῗι

1721 257 2070 338 ΒΕΙΛΟΙΠᾸΞ
2109 257 2380 327 ΞΑΟΒΕ.

3402 296 3493 358 ibi!

367 401 486 450 tum
527 389 691 445 animi
724 386 827 444 mei
855 393 912 443 et
936 385 1167 458 Spiritus
1195 384 1388 453 sancti,
1419 399 1540 442 cum
1565 387 1636 441 sit
1665 403 1801 443 unus
1829 389 1971 444 Deus
1995 391 2048 449 Α
2079 385 2291 440 Domini
2312 385 2677 456 gubernantes
2703 395 2756 441 et
2775 386 3088 446 credentium
3111 392 3494 470 tidembaptiuutes,

370 485 536 541 Pater
585 481 792 538 Domini
838 481 1012 535 nostri
1040 479 1169 535 Jesu
1198 478 1423 544 Christi,
1454 487 1510 533 et
1537 494 1673 534 unus
1701 477 1971 547 Christus,

370 587 430 634 et
460 592 560 632 una
589 590 734 644 Spes,
766 582 822 628 et
853 587 990 628 unus
1017 573 1260 644 spiritus.
1288 580 1345 628 et
1372 588 1476 626 una
1507 571 1774 639 Ecclesia,
1806 589 1972 628 unum

365 669 531 725 debet
559 682 680 724 esse
707 676 764 722 et
790 665 1076 736 baptisma.
1121 664 1190 719 Et
1214 664 1338 720 ideo
1367 663 1510 731 dico,
1538 665 1581 719 si
1613 665 1737 735 quid
1767 665 1834 720 ab
1866 665 1974 721 ha-

363 759 548 816 reticis
594 767 800 814 motum
847 767 942 815 aut
995 756 1194 814 factum
1244 757 1422 823 fuerit,
1473 756 1707 812 rescindi
1749 757 1970 822 debere,

361 864 418 911 ct
446 871 541 913 eos
565 855 655 926 qui
683 854 807 910 inde
837 854 1064 910 veniunt
1090 855 1142 908 in
1174 853 1415 908 Ecclesia
1448 851 1800 922 baptizandos
1825 869 1967 909 esse.

439 949 570 1002 Item
600 947 737 1002 alius
765 945 916 1002 Felix
947 962 976 1001 a
1007 945 1315 1016 Gurgitibus
1345 946 1498 999 dixit.
1532 945 1644 1015 Ego
1674 959 1872 1000 censeo
1913 954 1972 999 ut

359 1039 658 1097 secundum
686 1050 991 1096 sanctarum
1016 1039 1415 1109 Scripturarum
1436 1048 1703 1108 praecepta
1729 1039 1972 1106 baptiza-

357 1145 446 1191 tus
479 1136 546 1189 ab
581 1135 850 1190 haereticis
892 1135 1076 1189 illicite
1113 1141 1264 1189 extra
1287 1131 1604 1196 Ecclesiam,
1631 1146 1754 1186 cum
1776 1131 1844 1186 ad
1868 1131 1972 1186 Ec-

359 1229 584 1286 clesiam
609 1227 902 1299 confugere
928 1226 1180 1295 voluerit,
1201 1227 1426 1297 gratiam
1445 1224 1697 1296 baptismi
1719 1224 1809 1279 ubi
1827 1223 1970 1279 licite

357 1321 522 1378 datur
538 1329 926 1392 consequatur.

427 1413 664 1469 Pusillus
693 1428 724 1467 a
753 1412 1014 1468 Lamasba
1045 1411 1216 1466 dixit:
1243 1410 1359 1482 Ego
1387 1408 1550 1466 credo
1576 1409 1841 1479 baptisma
1882 1423 1970 1464 sa-

354 1507 535 1564 lutare
563 1523 671 1562 non
695 1522 818 1563 esse
848 1507 950 1561 nisi
972 1505 1214 1561 Ecclesia
1235 1503 1524 1570 catholica,
1544 1501 1817 1573 Quidquid
1845 1503 1969 1559 abs—

355 1618 462 1674 que
486 1601 753 1656 catholiea
782 1598 947 1655 fuerit
987 1597 1261 1653 simulatio
1287 1605 1394 1652 est.

425 1697 710 1754 Salvianus
732 1710 761 1750 a
784 1692 1069 1750 Gazaul‘ala
1091 1691 1256 1746 dixit:
1281 1690 1574 1746 Hareticos
1607 1689 1738 1744 nihil
1766 1689 1967 1746 habere

2078 476 2149 531 Et
2176 477 2296 532 ideo
2327 479 2588 542 haretici,
2614 479 2704 550 qui
2734 494 2833 534 nec
2861 490 3145 550 potestatem
3171 487 3275 546 loris
3296 497 3501 559 necEulg-

2075 571 2209 626 siam
2232 571 2434 628 Christi
2453 572 2674 640 habent,
2692 574 2958 630 neminem
2974 575 3210 646 baptizare
3223 583 3421 655 baptismo
3434 595 3508 665 ejus

2075 673 2325 735 possunt.

2148 759 2521 816 Secundianus
2551 777 2584 816 a
2614 761 2904 818 Thambeis
2930 766 3078 821 dixit.
3105 765 3208 822 Non
3232 769 3431 832 debemus
3448 779 3518 838 ha.

2072 852 2269 909 reticos
2299 865 2480 910 nostra
2513 856 2928 926 prasumptione
2969 857 3190 928 decipere
3222 873 3270 918 ut
3301 866 3343 919 in
3362 868 3521 931 Emesa;

2073 943 2284 1000 Domini
2314 949 2488 1002 nostri
2518 947 2645 1003 Jesu
2675 948 2874 1004 Christi
2898 965 2998 1005 non
3027 951 3264 1022 baptizati,
3289 973 3340 1012 ac
3359 975 3431 1029 per
3461 963 3523 1020 hnc

2071 1038 2448 1094 remissionem
2477 1049 2823 1112 peccatorum
2849 1059 2955 1098 non
2978 1048 3242 1112 consecuti,
3280 1063 3376 1104 cum
3407 1055 3526 1122 indicii

2071 1131 2187 1188 dies
2216 1135 2424 1190 venerit
2452 1135 2607 1190 nobis
2651 1136 2945 1207 imputetur
2971 1139 3104 1210 quod
3132 1156 3217 1211 per
3240 1157 3324 1199 nos
3359 1119 3436 1200 nos
3463 1150 3529 1206 sint

2071 1223 2326 1296 baptizati
2347 1237 2401 1282 et
2426 1227 2814 1297 indulgentiam
2846 1230 3036 1285 divina
3059 1235 3227 1300 gratia
3249 1249 3337 1288 non
3358 1235 3433 1291 sint
3445 1254 3527 1296 ωηο

2070 1321 2264 1375 secuti.
2300 1320 2530 1392 Propter
2557 1321 2722 1391 quod,
2754 1338 2875 1377 cum
2906 1323 2974 1376 sit
3001 1339 3097 1377 una
3127 1323 3334 1380 Ecclesia
3365 1335 3406 1382 et
3428 1345 3529 1388 unum

2069 1412 2358 1483 baptisma,
2412 1415 2627 1484 quando
2677 1415 2743 1470 ad
2793 1430 2891 1470 nos
2917 1418 3532 1482 convertuntur,simulcun

2069 1505 2311 1562 Ecclesia
2338 1516 2394 1563 et
2418 1507 2675 1564 Ecclesia
2702 1509 3022 1579 baptismum
3051 1523 3414 1582 consequantur.

2141 1601 2271 1655 Item
2319 1601 2454 1656 alius
2484 1603 2807 1659 Aurelianus
2853 1620 2884 1658 a
2931 1603 3166 1660 Cbullabi
3209 1605 3534 1665 dixitzloannes

2069 1692 2347 1763 apostolus
2393 1694 2446 1747 in
2497 1693 2725 1762 epistola
2752 1711 2847 1750 sua
2878 1695 3051 1766 posuit
3090 1695 3299 1752 dicens:
3335 1698 3384 1754 Si
3407 1701 3539 1771 quisid
3613 1692 3618 1772 ᾖ

349 1798 596 1848 constat:
647 1798 702 1846 et
731 1788 856 1843 ideo
899 1786 966 1843 ad
996 1802 1096 1842 nos
1122 1786 1344 1841 veniunt
1371 1793 1428 1839 ut
1459 1785 1667 1855 possint
1712 1786 1958 1855 accipere
1987 1792 2036 1852 Β
2062 1803 2156 1841 nos
2181 1787 2334 1849 venit,
2364 1797 2414 1841 et
2441 1787 2732 1843 doctrinam
2759 1789 2953 1844 Christi
2983 1806 3082 1844 non
3128 1790 3279 1857 habet,
3316 1792 3441 1847 nolite
3471 1813 3537 1848 eiu
3615 1785 3624 1840 ἓ

351 1885 500 1958 quod
528 1900 633 1938 non
663 1882 882 1938 habent.

419 1977 726 2033 Honoratus
741 1974 1000 2030 aThucca
1023 1973 1160 2030 dixit
1185 1991 1196 2027 :
1221 1972 1353 2028 Cum
1374 1971 1620 2028 Chrisnus
1641 1972 1841 2027 veritas
1862 1970 1950 2036 sit,

342 2071 518 2141 magis
547 2070 826 2125 veritatem
850 2084 1011 2139 quam
1035 2064 1480 2122 consuetudinem
1499 2063 1649 2134 sequi
1672 2062 1953 2126 debemus,

2057 1879 2324 1934 admittere
2351 1881 2405 1934 in
2433 1880 2643 1936 domum
2690 1893 2932 1948 vestram,
2987 1893 3034 1936 et
3066 1899 3152 1938 aue
3191 1884 3261 1938 illi
3287 1901 3340 1939 ne
3368 1885 3539 1943 dixeritis.

2061 1972 2162 2039 Qui
2209 1973 2343 2026 enim
2371 1973 2558 2028 dixerit
2585 1975 2666 2028 illi
2695 1992 2785 2030 aue
2823 1977 3161 2030 communicat
3193 1978 3325 2048 factis
3359 1979 3447 2048 ejus
3472 1998 3541 2034 ma-

2061 2062 2124 2118 lis
2153 2066 2221 2138 (ll
2245 2065 2404 2121 Joan.
2435 2083 2474 2132 ι,
2509 2068 2594 2132 10,
2631 2068 2743 2141 Η).
2769 2069 3052 2138 Quomodo
3067 2069 3258 2124 admitti
3286 2070 3398 2126 tales
3417 2080 3551 2130 temere

3607 1973 3624 2168 l

339 2173 405 2220 ut
434 2162 739 2227 hareticos,
767 2161 856 2230 qui
881 2160 1004 2215 ideo
1035 2159 1101 2214 ad
1131 2174 1232 2213 nos
1259 2157 1486 2214 veniunt
1510 2157 1635 2227 quia
1664 2155 1796 2210 foris
1827 2155 1960 2211 nihil
2059 2156 2112 2210 in
2143 2157 2368 2213 Domum
2402 2160 2490 2214 Dei
2522 2172 2747 2230 possunt
2773 2162 2865 2231 qui
2891 2161 2945 2215 in
2970 2161 3180 2216 domum
3210 2174 3412 2216 nostram
3436 2164 3548 2233 prira-
3609 2155 3620 2228 ἱ

337 2259 588 2328 accipere
618 2261 930 2326 potuerunt,
965 2251 1226 2308 Ecclesia
1245 2251 1510 2321 baptismo
1533 2250 1954 2304 sanctilicemus.

413 2350 603 2406 Victor
618 2349 686 2404 ab
699 2346 904 2404 Octavo
923 2346 1057 2401 dixit
1078 2365 1091 2400 :
1111 2344 1266 2413 Quod
1287 2353 1342 2400 et
1367 2345 1467 2414 ipsi
1490 2343 1660 2407 scitis,
1695 2358 1800 2396 non
1825 2342 1952 2396 olim

2063 2259 2170 2303 tam
2201 2250 2410 2306 admitti
2438 2251 2828 2321 prohibentur?
2864 2255 2973 2308 Aut
3002 2255 3257 2326 quomodo
3283 2272 3385 2312 cum
3405 2258 3466 2313 eis
3482 2260 3552 2315 sine

2057 2342 2317 2400 Ecclesia
2349 2344 2618 2415 baptismo
2647 2347 3053 2403 communicare
3084 2363 3343 2418 possumus
3366 2352 3508 2422 quibus
3522 2355 3549 2407 si

338 2459 461 2502 sum
492 2447 780 2513 episcopus
808 2440 1152 2506 constitutus,
1195 2448 1251 2493 et
1278 2436 1404 2493 ideo
1433 2436 1785 2507 expecmbam
1815 2450 1954 2505 pra-
2054 2450 2156 2494 ave
2185 2447 2389 2493 tantum
2411 2438 2726 2506 dixerimus,
2769 2439 2930 2498 factis
2949 2456 3134 2497 eorum
3156 2439 3297 2499 malis
3328 2445 3549 2500 communi-

337 2554 620 2596 cessorum
645 2535 954 2592 consilium.
980 2533 1093 2590 Hoc
1119 2536 1298 2605 itaque
1324 2532 1596 2594 existimo,
1629 2539 1686 2584 ut
1712 2533 1954 2600 quicum-

342 2651 456 2705 que
477 2650 542 2688 cx
563 2631 766 2688 Haresi
797 2631 1048 2686 venerint
1076 2629 1192 2683 sine
1219 2626 1382 2682 dubio
1411 2625 1769 2696 baptizentur.

411 2729 603 2784 Clarus
623 2741 654 2780 a
678 2723 914 2780 Mascula
935 2721 1070 2777 dixit
1097 2739 1110 2774 :
1143 2719 1423 2775 Manifesta
1445 2728 1530 2775 est
1549 2718 1814 2775 sententia
1845 2718 1950 2773 Do-

333 2819 470 2876 mini
499 2818 668 2874 nostri
708 2816 835 2871 Jesu
867 2814 1064 2870 Christi
1098 2811 1392 2882 Apostolos
1429 2826 1554 2866 suos
1587 2810 1850 2865 mittentis
1892 2821 1950 2866 et

331 2914 467 2985 ipsis
490 2913 624 2968 'solis
645 2916 966 2982 potestatem
993 2923 1022 2961 a
1046 2906 1204 2962 Patre
1229 2905 1329 2960 sibi
1358 2905 1536 2960 datam
1560 2905 1942 2976 permittentis,

2057 2530 2287 2586 camus?

2131 2623 2336 2680 Litteus
2359 2641 2390 2680 a
2416 2625 2678 2681 Gemellis
2726 2626 2864 2682 dixit
2893 2643 2909 2680 :
2934 2626 3109 2682 Cacus
3157 2628 3198 2682 si
3245 2643 3406 2683 CtECtlm
3442 2629 3555 2694 ducat,

2055 2718 2204 2772 ambo
2245 2719 2299 2772 in
2345 2721 2542 2790 foveam
2571 2721 2761 2774 cadunt
2795 2719 3012 2790 (Matth.
3068 2736 3157 2784 xv,
3209 2720 3306 2792 lt).
3341 2719 3446 2776 Cum
3469 2738 3550 2792 ergo

2055 2811 2339 2868 hareticos
2368 2824 2578 2870 constet
2619 2831 2723 2870 non
2765 2830 2933 2887 posse
2975 2815 3267 2872 illuminare
3297 2832 3546 2888 quemquam.

2053 2916 2241 2977 utpote
2268 2922 2466 2975 cacos,
2493 2908 2759 2978 baptisma
2787 2923 2982 2964 eorum
3022 2925 3127 2964 non
3152 2909 3300 2964 valet.

331 3007 530 3080 quibus
576 3021 675 3061 nos
719 3000 1080 3060 successimus
1109 2999 1299 3056 eadem
1344 3007 1613 3070 potestate
1642 2997 1945 3056 Ecclesiam
1971 2990 2017 3052 C
2120 2999 2324 3056 Natalis
2381 3000 2449 3055 ab
2501 3001 2614 3058 Oea
2663 3000 2846 3056 dixit:
2880 3001 3019 3057 Tam
3061 3018 3160 3074 ego
3213 3017 3418 3074 praesens
3453 3017 3552 3074 quam

1686 3114 2047 3173 VARIORUM
2085 3116 2317 3174 NOTAE.

406 3217 684 3276 Lamasba.
749 3217 934 3273 Fellus
1000 3215 1216 3286 quidem
1286 3210 1707 3286 imprimendum
1754 3227 1941 3286 _cura-

329 3291 412 3351 vit
463 3293 745 3355 Lambesa,
787 3298 842 3345 et
897 3289 965 3343 ad
1019 3282 1334 3356 Sudraigittm
1365 3282 1417 3339 vi
1461 3285 1703 3356 occurrit
1747 3282 1945 3338 Janua-

329 3369 449 3422 rius
494 3383 522 3420 a
569 3363 857 3423 Lambase,
902 3360 989 3414 ubi
1063 3355 1272 3414 notavit
1335 3359 1416 3412 vir
1461 3357 1532 3411 cl.
1594 3355 1944 3410 Ptolemaum

331 3437 539 3494 habere
587 3437 774 3490 urbem
823 3436 1104 3504 Λαμαίσα,
1148 3430 1262 3484 sive
1306 3429 1608 3501 Λαμϐαἱσα.
1666 3427 1772 3504 δίη.
1813 3443 1944 3504 vero

333 3508 586 3565 Lambase
605 3507 691 3560 hic
707 3498 918 3573 quoque
938 3505 1299 3573 reciperetur,
1335 3498 1444 3573 tum
1477 3515 1602 3554 vero
1625 3508 1720 3573 aut
1741 3498 1942 3568 duplex

331 3581 497 3635 unius
525 3569 778 3639 civitatis,
815 3569 1008 3640 prater
1039 3569 1268 3637 morem,
1291 3572 1580 3640 episcopus
1606 3569 1938 3628 efﬁceretur.

333 3659 434 3705 aut
475 3649 603 3702 urbs
642 3639 980 3714 cognominis
1032 3645 1197 3698 fuisse
1251 3641 1533 3714 statuenda
1576 3639 1736 3695 foret.
1788 3641 1943 3708 Quod

331 3720 552 3790 quidem
595 3713 747 3790 haud
767 3732 890 3770 raro
931 3714 1008 3770 ﬁt.
1040 3714 1116 3790 Ita
1149 3729 1270 3769 cum
1304 3714 1356 3766 in
1387 3713 1642 3790 snifragio
1684 3715 1940 3790 L_|t,_urbs_

332 3782 545 3848 Thucca
590 3790 674 3846 vcl
706 3786 875 3842 Tucca
924 3786 1198 3842 nominata
1247 3794 1409 3841 esset.
1457 3784 1572 3838 hac
1615 3782 1830 3852 scripsit
1875 3784 1943 3838 ad

333 3863 648 3933 sutiragium
712 3860 937 3933 abrlioc
984 3856 1543 3933 tertium__Fellus;__¢
1590 3854 1766 3909 Tucca
1817 3856 1944 3933 urbs

332 3926 669 3991 Manriiania
717 3930 862 3988 Sitil‘.
907 3931 985 3987 De
1033 3945 1137 4001 qua
1188 3928 1394 4001 Plinius
1425 3927 1573 4001 “liba
1607 3942 1662 3988 v,
1695 3941 1834 4001 _cap.
1884 3926 1939 3993 2,

333 4017 394 4062 et
446 4005 634 4060 notitia
688 4004 852 4059 Alric.
886 4045 901 4069 ,
961 3997 1066 4056 alia
1119 4018 1150 4056 a
1203 3999 1380 4055 Tucca
1421 3997 1948 4064 Terebenthina,et

333 4079 499 4134 tertia
527 4075 816 4132 Numidia.
857 4094 875 4126 ›
915 4075 1161 4130 Attamen
1188 4071 1418 4126 fortasse
1448 4069 1810 4124 Lamasuensis
1841 4072 1947 4125 Pu-

331 4150 490 4205 sillus
547 4154 834 4216 cpiscopus
899 4145 1017 4213 fuit,
1070 4161 1194 4200 nam
1247 4140 1554 4216 iniNotitia
1607 4141 1735 4216 ηε,
1787 4143 1947 4216 etin

335 4221 528 4276 Collat.
577 4212 824 4290 Cartltag.
876 4212 1130 4273 monente
1193 4215 1426 4285 Dupinio
1490 4215 1546 4290 _in
1581 4285 1593 4290 _
1623 4212 1950 4290 Geograpliia

334 4293 529 4363 Africa
568 4307 718 4347 sacra
741 4283 1140 4362 ,'episc0patus
1190 4283 1294 4344 iste
1355 4285 1647 4357 provincia
1681 4283 1947 4341 Numidia

337 4373 690 4421 memoratur.
726 4363 939 4417 Rou'rn.

412 4436 710 4491 Salvianus.
747 4433 948 4504 Μανίῳ·
977 4432 1303 4502 appellatur.
1336 4430 1426 4504 ubi
1453 4427 1884 4504 supra.‘Roum.

412 4505 616 4562 Clarus.
683 4499 958 4575 Confess'or
1015 4499 1314 4575 Claruset
1370 4500 1574 4575 liiartgr
1633 4499 1948 4575 _Secundia-

338 4593 444 4636 nus
510 4577 734 4633 audiunt
797 4572 862 4629 in
934 4575 1129 4629 iisdem
1181 4573 1306 4627 edd.
1378 4572 1678 4640 Singularis
1741 4572 1945 4626 interea

337 4652 395 4706 in
423 4650 523 4706 hoc
559 4647 812 4717 sutl'ragio
857 4647 1055 4700 locutio
1089 4653 1194 4708 est,
1247 4641 1564 4696 credentium
1594 4643 1748 4711 ﬁdem
1777 4644 1947 4714 bapti-

335 4732 536 4778 ωηερε.
568 4721 782 4776 Ruunt.

417 4794 540 4848 Non
593 4793 696 4846 sint
758 4786 1033 4842 consecuti.
1094 4784 1220 4839 Hac
1274 4798 1376 4836 una
1435 4792 1520 4838 est
1569 4799 1634 4839 ex
1691 4786 1942 4842 lectioni-

339 4864 465 4934 bus,
515 4879 648 4934 quas
687 4863 882 4917 tacitus
925 4853 1450 4934 induxitaBaluzius.
1481 4853 1649 4934 _Certe
1691 4859 1942 4934 nesciunt

339 4926 606 5001 non'siitt,
655 4938 919 5001 quotquot
977 4926 1084 4983 vidi
1134 4927 1390 4999 Cypriani
1429 4927 1694 4984 editiones
1729 4931 1941 5000 Augus-

339 5009 614 5080 tinusque.
650 5005 863 5058 Rou'ru.

412 5070 678 5135 Joli'annes
735 5070 994 5138 apostolus
1047 5072 1102 5126 in
1158 5070 1395 5140 Epistola
1444 5088 1559 5125 sua.
1609 5070 1751 5126 Ante
1801 5071 1946 5127 Afri-

335 5165 533 5207 canum
578 5148 722 5202 hunc
760 5146 1068 5213 episcopum
1103 5143 1371 5200 Aurelium
1403 5158 1431 5195 a
1463 5142 1710 5198 Cbullabi
1752 5146 1946 5200 extite-

338 5233 488 5288 runt,
520 5220 612 5290 qui
641 5215 929 5290 secundum
963 5215 1098 5270 hanc
1135 5215 1358 5290 Liminis
1383 5214 1667 5290 epistolam
1705 5215 1943 5271 adduxe-

337 5285 488 5360 runt,
521 5285 757 5346 Iri-natis
803 5287 914 5360 lib._
945 5303 1134 5360 1,7cap.
1172 5285 1262 5346 16,
1295 5287 1383 5360 Αθι.
1416 5286 1524 5360 Δ15,
1576 5285 1943 5359 Origettesque

335 5355 490 5427 item,
539 5362 624 5415 hic
653 5369 832 5416 autem
885 5355 1235 5424 dubitantius,
1295 5357 1346 5411 in
1403 5355 1686 5414 Comment.
1743 5355 1942 5414 sno'in

334 5437 401 5493 S.
431 5435 571 5490 Joan
619 5430 780 5487 Euan.
836 5446 956 5501 pag.
988 5430 1058 5486 85
1113 5430 1202 5486 ed.
1247 5429 1451 5501 Huetii;
1488 5438 1596 5484 tum
1629 5445 1757 5484 vero
1794 5446 1944 5487 cam-

332 5509 459 5564 dem
491 5514 807 5573 receperunt
831 5500 1110 5573 epistolam
1133 5501 1338 5557 Auctor
1365 5500 1666 5571 Fragmenti
1691 5502 1754 5555 de
1781 5519 1940 5557 cano-

331 5598 399 5636 ne
427 5579 466 5636 S
512 5577 816 5643 Scriptura,
836 5575 1190 5642 Cicinensiine
1213 5575 1366 5628 Alex.
1398 5583 1455 5626 nt
1483 5573 1550 5626 ad
1591 5573 1731 5628 idem
1766 5573 1938 5642 Frag-

328 5661 555 5708 mentum
593 5648 839 5704 ostendo.
880 5646 986 5702 Sed
1014 5646 1339 5700 contrarimn
1364 5644 1555 5700 fecisse
1581 5645 1938 5714 Cyprianum,

324 5723 432 5788 etsi
473 5723 694 5793 collega
733 5717 1098 5793 ejus_Aurelii
1144 5717 1452 5793 testimonio
1477 5717 1710 5793 _multum
1740 5717 1805 5793 _in
1838 5719 1938 5793 hac

321 5795 575 5856 retribuit
612 5786 684 5850 El.
736 5786 1078 5858 Eardnerus,
1129 5802 1307 5860 neque
1362 5787 1496 5844 illud
1546 5786 1851 5862 immerito,
1881 5787 1935 5846 in

2045 3212 2147 3295 9p.
2198 3211 2304 3295 Ρε-
2322 3210 2456 3295 Fide
2498 3211 2642 3295 ﬂist.
2683 3213 2928 3295 .Evangq
2976 3230 3034 3286 p.
3071 3230 3128 3295 tl,
3158 3214 3258 3295 vol.
3286 3213 3496 3295 lt',iiil.l,
3524 3228 3553 3266 ι.

2047 3285 2140 3347 44,
2201 3283 2229 3354 §
2271 3283 2328 3347 Ἰ,
2378 3285 2442 3344 5;
2497 3284 2624 3339 inde
2680 3283 2911 3341 fortasse
2954 3283 3274 3355 s'uSpiceris,
3319 3285 3431 3354 quod
3469 3284 3555 3338 hunc
3625 3287 3630 3352 ξ

2048 3355 2226 3424 ipsum
2279 3356 2606 3410 versiculum
2677 3373 2786 3411 non
2850 3359 3037 3412 attulit
3078 3359 3156 3412 vir
3202 3367 3389 3412 sanctus
3429 3356 3488 3408 vel
3525 3355 3556 3408 in

2054 3426 2151 3482 lib.
2222 3443 2278 3482 ιιι
2325 3425 2755 3482 Testimoniorum
2801 3430 2872 3482 ad
2916 3429 3220 3496 Quirinum,
3249 3445 3291 3484 c.
3319 3428 3392 3491 78,
3421 3428 3482 3480 ubi
3502 3442 3554 3479 os-

2049 3499 2272 3554 tendere
2299 3499 2410 3552 vult
2439 3515 2506 3554 ex
2553 3499 2611 3555 S.
2646 3499 2929 3569 Scriptura
2955 3543 2972 3566 ,
3007 3519 3123 3555 cum
3151 3501 3369 3554 Iucreticis
3401 3513 3556 3569 annuit
3627 3499 3634 3569 l

2047 3570 2396 3643 loquendum,
2424 3571 2509 3625 vel
2551 3572 2604 3625 in
2634 3571 2753 3626 aliis
2775 3567 2938 3627 locis
2985 3571 3384 3643 quamplurimis,
3415 3569 3499 3643 ubi
3525 3567 3557 3621 id

2051 3642 2311 3697 facturum
2343 3641 2492 3714 illum
2520 3643 2640 3711 jure
2668 3641 3038 3711 speraremiis,
3068 3647 3111 3699 si
3134 3641 3326 3714 quidem
3355 3641 3554 3714 epistolani

2050 3715 2365 3784 recepisset.
2399 3709 2590 3779 Porro,
2625 3709 2909 3784 postquam
2947 3717 3064 3771 hac
3100 3709 3448 3784 aiinotaveratlt,
3475 3709 3554 3784 ridi

2050 3785 2152 3858 hoc
2179 3780 2501 3858 monentem
2553 3780 2835 3858 Anglicum
2896 3789 3244 3858 interpretem
3286 3780 3555 3858 cl.rﬂarshalg

2051 3856 2205 3921 lum,
2251 3855 2474 3912 Joannis
2517 3852 2746 3922 primam
2799 3852 3104 3927 Epistola'm
3157 3861 3266 3913 sine
3307 3857 3379 3909 ulla
3401 3852 3550 3927 numeri

2049 3927 2394 4003 distinctione
2437 3929 2635 4003 ubique
2676 3921 2883 4003 laudari
2937 3948 2970 3984 a
3000 3921 3547 4003 t2ypriano,taniquainsi

2049 4001 2343 4054 secundam
2378 3994 2936 4069 istam-ignoraverit.
2974 3994 3203 4058 Atii-ero
3229 3994 3418 4069 similiter
3435 3994 3545 4069 exci—

2051 4080 2128 4143 tat
2156 4070 2297 4126 idem
2331 4072 2421 4127 ille
2447 4065 2748 4143 Cyprianus
2788 4074 2845 4128 S.
2893 4073 3051 4128 Pauli
3099 4065 3550 4143 Epistolamadlhw

2051 4142 2390 4198 salonicenses
2437 4140 2768 4214 posteriorem
2826 4145 2883 4198 in
2939 4145 3120 4214 Epist.
3155 4140 3253 4198 'sua
3293 4156 3365 4203 ιγ,
3396 4140 3550 4214 a_l.uX_‘.

2053 4215 2359 4288 immo‘sic
2393 4208 2607 4285 quoque
2642 4217 2729 4288 fini
2776 4215 2880 4270 hoc
2953 4208 3076 4288 ipso
3139 4214 3361 4288 suffragio
3400 4208 3555 4265 Joannis

2058 4286 2290 4367 secunda
2321 4286 2579 4367 Epistola
2607 4287 2676 4342 ab
2705 4287 2928 4367 Aurelio
2960 4286 3201 4367 adertur.
3233 4287 3374 4367 Errat
3407 4293 3554 4367 quoque

2057 4355 2324 4426 interpres
2355 4354 2518 4425 idem,
2549 4358 2675 4412 dum
2707 4359 2802 4425 ait,
2834 4359 3228 4414 Tertullianum
3267 4359 3310 4412 in
3338 4354 3554 4426 Proscript.

1975 4406 2030 4465 D
2058 4406 2254 4482 asia:
2271 4406 2802 4485 'Bi'sWEs'iiﬁiiiiiii—iiu'
2837 4406 3355 4486 ἆὲἆῖξέῖἔὲίέἱὶιιὶιὲέ
3373 4406 3552 4482 Joannis.

2055 4515 2218 4581 quum
2265 4499 2315 4554 id
2361 4518 2429 4581 ne
2466 4503 2633 4581 semel
2680 4502 2909 4581 quidem.
2948 4505 3020 4558 ab
3051 4518 3117 4581 eo
3149 4503 3323 4581 factum
3359 4497 3554 4581 ξίιλιειιιξε

2055 4568 2108 4625 in
2153 4587 2310 4642 capp.
2359 4571 2429 4627 12
2476 4583 2525 4627 et
2559 4574 2650 4636 53,
2695 4568 2814 4642 qua
2861 4573 2930 4626 ab
2997 4575 3185 4628 eodem
3248 4568 3480 4642 hlarshallo
3511 4568 3554 4617 si

2050 4641 2316 4714 gnantur;
2351 4659 2523 4714 neque
2552 4641 2722 4698 etiam
2763 4643 2912 4708 alibi,
2974 4646 3030 4698 ni
3075 4644 3242 4699 fallor.
3272 4641 3433 4714 linunt

2124 4706 2382 4770 Gcniellis.
2437 4706 2598 4771 'Urbs
2647 4706 2909 4770 Numidia
2960 4717 3213 4770 Antonin.
3273 4710 3450 4768 Colonia
3482 4706 3552 4761 llo-

2050 4802 2206 4841 mana
2245 4787 2345 4841 sub
2413 4787 2684 4841 Hadriano
2729 4785 2864 4856 Imp.
2911 4787 3168 4854 deducta,
3213 4797 3262 4838 ut
3305 4781 3548 4856 Ligoriuscx

2045 4859 2165 4925 ejus
2211 4873 2434 4912 nummo
2458 4859 2619 4913 docet
2647 4877 2660 4911 :
2695 4847 2858 4913 λΕιὶΑ
2887 4847 3167 4914 ΗΑυιιιΑΝᾸ
3189 4847 3459 4913 Cerrinium.
3507 4847 3552 4900 De

2046 4929 2150 4984 hoc
2188 4929 2363 4984 Litteo
2396 4929 2608 4984 videtur
2656 4929 2856 4983 nientio
2886 4931 3066 4984 habita
3094 4929 3254 4998 Epist.
3292 4926 3405 4998 Cyp.
3431 4935 3549 4998 ωτι.

2050 4999 2280 5057 FELLUS.
2306 5032 2375 5042 —
2401 5000 2721 5072 Confessoris
2755 5000 2934 5055 titulus
2969 5002 3091 5056 huic
3117 4995 3346 5072 episcopo
3386 4995 3550 5062 :nljectus

2048 5075 2210 5145 estin
2239 5069 2548 5145 Cypriani}!
2580 5088 2713 5143 quas
2739 5072 2868 5138 dixi,
2897 5073 3235 5145 editionibus.
3273 5069 3447 5145 Rocrn.

2127 5143 2455 5199 “luminare.
2488 5143 2649 5198 Notat
2679 5145 2761 5198 vir
2789 5145 3010 5198 doctiss.
3059 5144 3294 5213 Anglicus
3323 5143 3547 5213 interpres.

2048 5219 2336 5290 ἐμφατικῶς
2383 5217 2485 5272 hoc
2529 5217 2660 5290 dici,
2693 5215 2816 5287 quia
2849 5207 3547 5286 baptismus'owrtopé;illumi-

2049 5288 2187 5344 ποιέο
2229 5304 2372 5358 saepe
2401 5288 2724 5358 appelletur.
2770 5289 2977 5342 ltouru.

2121 5361 2196 5414 Ab
2254 5351 2381 5414 (lea.
2437 5351 2492 5414 in
2547 5360 2820 5431 provincia
2860 5356 3320 5431 Tripolitana,‘uti
3354 5351 3542 5431 diximus,

2048 5431 2206 5486 sitam
2237 5433 2382 5487 illam
2439 5424 2605 5487 fuisse
2633 5432 2773 5486 inter
2801 5431 2930 5486 duas
2954 5424 2971 5502 γ’
2988 5430 3170 5502 Syrtes
3210 5428 3346 5502 docet
3370 5424 3544 5502 _Plinius.

2047 5503 2141 5557 lib.
2195 5520 2249 5568 v,
2293 5519 2412 5572 cap.
2463 5504 2517 5559 4.
2580 5503 2646 5558 Ει
2715 5511 2888 5557 tamen
2946 5496 3253 5556 Ptoleniaus
3305 5496 3545 5573 Sabmiani.

2045 5573 2211 5630 Oeam
2240 5585 2296 5631 et
2340 5567 2551 5644 Leptim
2597 5590 2840 5644 magnam
2866 5616 2883 5641 ,
2914 5590 3034 5643 qua
3063 5584 3200 5628 certe
3224 5580 3329 5626 sunt
3360 5567 3543 5642 civitates

2044 5646 2334 5716 provincia
2374 5646 2746 5719 Tripolitanae,
2789 5645 3023 5719 locatin
3070 5660 3219 5716 parva
3243 5644 3541 5719 studuimu-

2042 5714 2162 5774 i'um
2187 5759 2204 5784 ,
2235 5714 2558 5790 utopinor,
2609 5718 2753 5790 quod
2797 5714 3081 5790 viciniores
3108 5720 3207 5772 sint
3244 5714 3538 5790 ῳῇροτὶιιξηξξι

2042 5783 2254 5861 maiori.
2271 5783 2465 5852 Nescio
2481 5783 2754 5870 autem'an
2775 5804 2882 5850 non
2899 5787 3164 5862 Virgilius,
3177 5785 3257 5857 qui
3270 5783 3386 5840 libro
3398 5783 3534 5847 quinto
