3742 6282
168 369 276 430 1086

1249 362 1566 422 CONCILIA
1601 364 2230 430 CARTHAGINENSIA.

3263 372 3403 432 1086

163 488 240 546 tier
277 483 492 541 habenda
541 492 616 538 est
655 483 891 538 secunda
927 485 1110 554 synodi
1147 487 1475 552 eonstilutio,
1508 487 1689 558 quippe

1855 498 2047 555 ινῆσαν,
2074 488 2105 548 ἧ
2135 489 2180 544 oi
2207 492 2538 567 πατριάρχαι
2563 493 2730 559 αὐτοὶ,
2756 493 2788 553 ἢ
2812 490 3206 570 τοπηρήται,ὅτι
3225 495 3282 551 δὲ
3309 500 3402 553 οὐκ

161 595 249 652 qtae
267 587 310 636 et
335 575 577 648 posterior
609 578 708 648 fuit
741 587 789 630 et
811 576 1157 648 lceﬂrnenica,
1191 582 1246 634 in
1269 597 1370 650 qua
1395 597 1568 636 omnes
1593 582 1695 634 sci-

159 671 541 742 lieelquieuotque
553 669 905 741 patriarcham
921 671 1089 726 sedem
1117 673 1359 740 obtinent,
1379 684 1468 727 aut
1495 675 1698 743 ipsimet

159 763 436 841 patriam/tte,
469 771 558 822 aut
596 764 822 834 ipsorum
863 764 1016 834 legati
1041 763 1322 830 affuerunt.
1362 765 1526 820 Porro
1563 767 1698 820 hunc

159 874 359 912 canonem
399 873 716 926 nequaquam
759 875 789 910 a
827 860 1013 912 sanctis
1050 857 1292 914 Patribus
1332 861 1576 914 universis
1610 877 1695 913 re-

160 964 314 1021 ceptum
341 951 516 1022 fuisse,
545 953 622 1004 vel
645 967 707 1005 ea:
733 951 952 1005 secundo
991 967 1182 1005 canone
1222 951 1407 1022 synodi
1436 953 1489 1004 in
1518 950 1695 1004 Trulla

157 1047 328 1112 habitu,
356 1061 469 1114 qua:
495 1055 640 1100 sexta
676 1046 892 1112 dicitur,
925 1047 1141 1118 intelligi
1183 1047 1319 1100 licet.
1358 1045 1438 1098 lbi
1481 1060 1696 1114 namque

152 1140 282 1193 sancti
306 1137 483 1192 Patres
513 1139 584 1192 eis
611 1139 889 1192 canonibus
909 1155 1122 1209 quorum
1146 1149 1258 1190 rata
1288 1137 1564 1190 auctoritas
1590 1152 1698 1191 esse

147 1230 263 1287 debet
281 1231 538 1303 sigillatim
566 1229 890 1298 enumeratis,
917 1228 979 1284 de
1007 1231 1102 1284 ltot:
1130 1246 1325 1284 canone
1355 1229 1562 1284 totidem
1590 1246 1696 1284 om-

141 1325 242 1381 nino
267 1323 419 1380 verbis
440 1325 512 1378 ita
535 1323 887 1396 pronuntiant.
925 1324 1181 1379 Praeterea
1207 1339 1341 1385 vero,
1370 1325 1626 1394 inquiunt,
1651 1333 1697 1376 et

143 1435 169 1472 o
192 1417 447 1490 Cypriane,
488 1419 574 1489 qui
597 1417 843 1490 Afrorum
871 1417 1092 1488 regionis
1123 1419 1218 1486 fuit
1250 1417 1695 1489 archiepiscopus,

147 1523 183 1568 et
210 1520 409 1584 martyr,
438 1523 484 1567 et
513 1529 544 1566 a
568 1513 765 1584 synodo
790 1529 904 1584 quae
940 1513 1032 1567 sub
1075 1529 1132 1567 eo
1177 1514 1274 1584 fuit
1314 1514 1504 1567 editum
1542 1529 1697 1567 cano-

143 1623 249 1672 nem,
277 1606 358 1675 qui
383 1605 436 1659 in
461 1604 669 1660 illorum
713 1603 992 1676 prtesulum
1021 1606 1144 1662 locis
1173 1605 1520 1661 tantummodo
1540 1609 1697 1678 juxta

146 1700 350 1754 traditam
381 1702 442 1754 ab
473 1701 546 1755 eis
573 1701 988 1756 consuetudinem
1013 1712 1238 1757 servatus
1261 1712 1352 1756 est.
1371 1701 1453 1756 Ea:
1466 1702 1560 1756 hoc
1584 1703 1695 1757 loco

142 1795 284 1865 igitur,
308 1793 481 1864 primis
502 1811 700 1864 quoque
722 1795 1032 1865 temporibus
1061 1811 1304 1849 canonem
1347 1797 1478 1849 hunc
1506 1811 1694 1865 nequa—

141 1903 261 1956 quam
297 1886 436 1956 apud
479 1902 652 1943 omnes
698 1887 916 1942 valuisse
957 1887 1110 1958 facile
1137 1897 1374 1960 apparet.
1404 1886 1508 1942 Hic
1537 1888 1693 1960 igitur
1722 1888 1769 1947 B

141 1989 193 2033 est
213 1988 366 2035 textus
389 1979 619 2050 epistola:
641 1996 658 2034 :
677 1980 802 2050 Qtye
822 1996 936 2034 vero
965 1982 1018 2034 in
1045 1982 1302 2047 communi
1325 1981 1692 2056 disceptatione

138 2073 260 2128 dieue
283 2083 393 2129 sunt
420 2092 452 2128 a
480 2075 697 2148 singulis
718 2116 732 2141 ,
765 2075 854 2147 qui
883 2075 938 2129 in
980 2075 1177 2146 synodo
1216 2085 1585 2142 convenerant,
1615 2073 1690 2128 ita

136 2184 175 2221 se
191 2165 356 2222 habent
377 2185 394 2222 :

188 2260 468 2331 Cyprianus
516 2261 650 2318 dixit
675 2265 682 2317 Ϊ
692 2283 705 2318 :

189 2352 406 2408 Audistis
437 2396 451 2419 ,
484 2357 707 2428 collega:
758 2358 1087 2418 dilectissimi
1133 2402 1149 2428 ,
1200 2360 1326 2430 quid
1403 2359 1533 2419 mihi
1591 2358 1685 2419 Ju-

134 2446 344 2516 baianus,
395 2450 750 2520 coepiscopus
806 2462 991 2510 noster
1020 2494 1035 2521 ,
1085 2453 1362 2523 scripserit
1398 2452 1688 2510 consulens

140 2539 522 2607 mediocritatem
578 2556 813 2607 nostram
869 2546 938 2602 de
976 2547 1162 2604 illicito
1226 2556 1280 2601 et
1317 2545 1538 2616 profano
1579 2545 1688 2600 hae-

144 2633 395 2694 reticorum
453 2637 773 2706 Baptismo,
858 2649 914 2696 et
979 2640 1106 2711 quid
1149 2653 1249 2710 ego
1304 2639 1352 2694 ei
1391 2635 1689 2707 rescripse-

149 2727 252 2792 τίω,
299 2744 520 2788 censeas
563 2731 724 2798 licet,
777 2733 920 2804 quod
973 2734 1138 2794 semel
1200 2742 1360 2803 atque
1402 2731 1595 2788 iterum
1634 2738 1690 2786 et

154 2833 262 2888 sape
290 2826 590 2884 censuimus
631 2828 913 2888 bmretieos
954 2828 1019 2884 ad
1068 2828 1363 2884 Ecclesium
1411 2827 1688 2882 venientes

153 2912 372 2985 Baptismo
393 2919 970 2992 (Eco!esice)}baptizari
995 2934 1048 2977 et
1075 2922 1684 2991 sanctilicariOportere.

144 3005 242 3063 item
267 3011 405 3068 lectce
435 3015 728 3071 suntvobis
757 3027 810 3070 et
835 3017 956 3072 alia:
985 3016 1455 3088 litteraellubaiani,
1487 3015 1685 3085 quibus

133 3113 315 3167 prosus
342 3106 548 3161 sincera
592 3116 646 3162 et
675 3108 921 3180 religiosa
960 3109 1252 3166 devotione
1294 3108 1358 3164 ad
1401 3108 1682 3178 epistolam

1800 579 1986 653 ἐδέχθη
2004 585 2030 637 ὀ
2048 587 2225 657 παρὼν
2251 589 2414 638 κανὼν
2440 589 2587 660 παρά
2607 588 2811 642 πάντων
2837 595 2937 643 τῶν
2959 589 3117 662 ἁγίων
3143 593 3405 667 πατέρων,

1801 673 2040 733 δηλοῦται
2067 681 2151 730 καὶ
2185 678 2238 730 ἐκ
2265 684 2357 732 τοῦ
2382 676 2623 752 δευτέρου
2651 681 2858 741 κανόνος
2877 690 2970 742 τῆς
2998 684 3048 736 ἐν
3067 689 3142 756 τῷ
3167 685 3404 757 Τρούλλῳ

1798 769 2064 838 γενομένης
2095 767 2312 824 συνόδου
2340 769 2609 842 λεγομένης
2633 771 2804 833 ἕκτης·
2849 775 3189 848 ἀπορίθμησιν
3226 778 3328 850 γὰρ
3355 779 3407 831 ἐν

1800 860 1941 931 αὐτῷ
1971 860 2017 912 ol
2053 858 2269 914 συνόδου
2307 861 2442 934 ἅγιοι
2473 864 2695 936 πατέρες
2741 866 2930 926 ἐκείνης·
2972 868 3267 939 ποιούμενοι
3303 877 3406 924 τῶν

1799 955 2088 1028 ὀφειλόντων
2135 964 2338 1030 κρατεῖν
2386 959 2636 1022 κανόνων,
2686 965 2856 1014 ταῦτα
2898 962 3016 1033 περὶ
3060 967 3152 1016 τοῦ
3198 963 3407 1025 κανόνος

1798 1050 1986 1102 τούτου
2021 1050 2243 1122 ῥήμασιν
2271 1053 2445 1112 αὐτοῖς
2471 1050 2735 1115 διιξιᾶσιν.
2773 1048 2885 1108 "En
2912 1059 3011 1126 μήν
3051 1056 3138 1108 καί
3175 1057 3261 1111 τόν
3301 1057 3409 1112 ὑπὸ

1798 1147 2088 1216 Κυπριανοῦ
2122 1148 2213 1197 τοῦ
2225 1145 2490 1214 γενομένου
2515 1147 2936 1216 ἀρχιεπισκόπου
2964 1156 3056 1209 τῆς
3078 1147 3263 1222 Ἀφρῶν
3287 1153 3406 1220 χώ·-

1799 1255 1916 1306 ρας,
1953 1238 2036 1288 καί
2055 1237 2340 1310 μάρτυρος,
2368 1239 2454 1290 καὶ
2473 1246 2563 1298 τῆς
2595 1237 2707 1294 κατ’
2727 1241 2880 1294 αὐτὸν
2904 1239 3121 1295 συνόδου
3144 1243 3405 1298 ἐκτεθέντα

1799 1330 2006 1395 κανόνα,
2041 1328 2094 1390 ὃς
2120 1333 2168 1384 ἐν
2189 1339 2297 1393 τοῖς
2325 1339 2426 1386 τῶν
2462 1331 2725 1407 προέδρων
2757 1333 2935 1394 τόποις
2963 1337 3049 1387 καί
3074 1336 3244 1404 μόνοις
3268 1338 3404 1392 κατά

1798 1425 1858 1478 τό
1880 1420 2164 1498 παραδοθὲν
2187 1426 2360 1486 αὐτοῖς
2382 1423 2492 1486 ἔθος
2512 1426 2809 1500 ἐκράτησεν.
2834 1427 3078 1481 Ἐντεῦθεν
3101 1423 3190 1480 οὖν
3217 1426 3405 1483 δίικνυ-

1797 1539 1902 1579 ται,
1938 1514 2017 1572 ὅτι
2036 1519 2122 1572 καί
2149 1520 2394 1589 ἀρχῆθεν,
2421 1521 2478 1572 οὐ
2503 1522 2646 1589 παρά
2676 1525 2834 1580 πᾶσιν
2855 1518 2912 1579 ἧν
2935 1523 3147 1594 ἐνεργῶν
3169 1520 3194 1575 ὃ
3214 1524 3400 1575 κανών.

1797 1614 1975 1672 Ταῦτα
2003 1612 2094 1680 μὲν
2127 1604 2213 1663 οὖν
2240 1610 2305 1665 τὰ
2326 1618 2418 1672 τῆς
2458 1611 2748 1671 ἐπιστολῆς·
2787 1612 2842 1667 Αἱ
2868 1609 2921 1666 δὲ
2952 1614 3002 1665 ἐν
3031 1620 3097 1683 τῇ
3120 1621 3258 1682 κοινῇ
3289 1610 3402 1666 δια·-

1799 1700 1978 1771 σκέψιι
2016 1700 2237 1762 δοθεῖσαι
2265 1709 2463 1774 γνῶμαι
2488 1705 2614 1777 παρ’
2645 1705 2868 1759 ἑκάστου
2895 1712 2994 1760 τῶν
3037 1706 3090 1758 ἐν
3118 1713 3180 1776 τῇ
3201 1701 3400 1776 συνόδῳ

1798 1793 2210 1867 συνειλεγμένων,
2239 1791 2455 1865 ἔχουσιν
2479 1795 2642 1858 οὕτως
2671 1798 2782 1853 κατ’
2811 1799 3099 1868 ἐπιτομήν..

1864 2259 2152 2334 Κυπριανὸς
2182 2255 2340 2316 εἶπεν*

1863 2354 2159 2420 Ἠκούσατε,
2210 2355 2467 2428 ἀγαπητοί
2493 2359 2884 2420 συνεπίσκοποι.
2921 2357 2973 2412 τί
3031 2375 3120 2426 μοι
3175 2350 3398 2429 ίγραψιν

1790 2446 2046 2510 Ἰοϐιανός.
2075 2446 2102 2506 ὁ
2125 2451 2502 2512 συνεπίσκοπος
2531 2451 2690 2520 ἡμῶν,
2707 2449 2998 2520 συμϐουλήν
3022 2450 3170 2517 ποιρά
3187 2457 3280 2510 τῆς
3300 2469 3395 2519 με-

1791 2539 2059 2613 τριότητός
2087 2561 2185 2610 μου
2232 2540 2528 2612 ϐουλόμενος
2570 2541 2740 2600 λαϐεῖν
2776 2545 2894 2615 περὶ
2932 2549 3025 2600 τοῦ
3071 2545 3277 2597 ἀνοσίου
3307 2543 3395 2596 καὶ

1792 2633 1981 2704 ἀνόμου
2024 2633 2387 2704 βαπτίσματος
2428 2639 2529 2690 τῶν
2574 2635 2864 2710 αἱρετικῶν,
2907 2639 2995 2689 καί
3021 2639 3073 2690 τί
3116 2637 3214 2706 ἐγὼ
3251 2637 3392 2708 αὐτῷ

1792 2724 2092 2800 ἀντέγραψα
2119 2724 2460 2799 δογματίζων,
2490 2724 2516 2780 ὃ
2541 2725 2679 2791 ἅπαξ
2713 2731 2799 2782 καί
2823 2725 3058 2802 δεύτερον
3087 2730 3174 2782 καί
3204 2728 3392 2783 πολλάρ

1793 2841 1869 2882 κις
1891 2823 2176 2893 ἇκρίναμιν,
2201 2823 2322 2882 τοὺς
2343 2822 2631 2896 αἱρετικοὺς
2649 2823 3107 2896 προσερχομένους
3129 2821 3395 2894 τῇἘκκλη-

1792 2917 1882 2991 σίᾳ
1897 2913 2225 2987 βαπτίσματι
2241 2914 2578 2989 βαπτίζεσθαι
2597 2913 2718 2976 δεῖν.
2740 2918 2825 2969 καί
2841 2914 3155 2987 ἁγιάζεσθαι.
3179 2912 3392 2972 ’Ἐπειτα

1790 3005 1844 3061 δὲ
1871 3009 2154 3078 ἀνεγνώσθη
2182 3007 2300 3078 ὑμῖν
2339 3009 2423 3061 καὶ
2465 3004 2590 3063 ἅλλα
2625 3008 2910 3082 γράμματα
2937 3005 3197 3071 Ἰοϐιανοῦ,
3225 3004 3289 3062 δι’
3319 3005 3387 3063 ὧν

1790 3103 1922 3156 κατά
1947 3103 2005 3155 τό
2028 3103 2186 3155 αὐτοῦ
2212 3100 2418 3162 εὐσεϐὲς
2447 3103 2774 3174 ἀντίγραμμα
2797 3101 2854 3154 οὐ
2877 3099 3026 3170 μόνον
3061 3102 3176 3170 ἡμῖν
3204 3119 3384 3152 συνευ-

128 3203 330 3254 nostram
359 3201 682 3267 rescribens,
717 3217 822 3258 non
849 3211 1050 3260 tantum
1080 3203 1371 3269 consensit,
1397 3202 1490 3257 sed
1519 3201 1680 3256 etiam

1855 3217 2019 3260 ιησεν,
2045 3196 2169 3250 ἀλλὰ
2199 3199 2282 3250 καί
2311 3204 2370 3268 τῇ
2403 3197 2670 3266 ἐπιγνώσει
2690 3202 2782 3256 τῆς
2807 3195 3039 3254 ἀληθείας
3069 3194 3225 3264 χάριν
3253 3195 3384 3262 ὡμο-

124 3283 408 3352 instructnm
427 3309 487 3350 se
507 3309 632 3350 esse
656 3300 858 3364 gratias
883 3295 1163 3362 c0ni‘essus
1185 3300 1312 3367 egit.
1350 3300 1607 3369 Superest
1625 3314 1681 3360 ut

122 3378 177 3432 de
195 3380 393 3454 bacipsa
409 3387 607 3458 requid
637 3389 830 3456 singuli
853 3391 1168 3457 sentiamus,
1197 3391 1552 3463 proferamus,
1581 3413 1678 3452 ne-

121 3471 625 3546 minemjudicantes,
651 3490 707 3534 ut
727 3499 754 3533 ιι
774 3482 895 3551 jure
920 3484 1318 3539 communionis
1348 3486 1604 3557 aliquem,
1631 3494 1676 3546 si

119 3562 359 3624 diversum
386 3574 638 3636 senserit,
658 3585 994 3630 amovcnles.
1013 3575 1196 3648 Neque
1222 3579 1367 3633 enim
1393 3583 1674 3650 quisquam

116 3671 329 3720 nostrum
351 3665 662 3737 episcopum
703 3683 762 3724 se
800 3668 929 3740 (esse
953 3672 1326 3745 episcoporum)
1371 3679 1670 3744 constituit,

114 3763 187 3807 aut
203 3759 491 3826 tyriannico
509 3770 718 3819 terrore
739 3763 804 3818 ad
825 3763 1157 3835 obsequendi
1176 3769 1548 3825 necessitatem
1567 3772 1681 3826 col-

118 3842 235 3914 legas
282 3865 404 3907 suos
440 3853 626 3924 adigit,
675 3855 888 3925 quando
935 3857 1128 3916 habeat
1168 3862 1347 3916 omnis
1394 3864 1678 3932 episcopus

116 3954 192 4005 pro
219 3941 423 4000 licentia
464 3947 742 4004 libertates
788 3959 844 4004 et
894 3953 1190 4019 potestatis,
1239 3968 1348 4008 sine
1396 3955 1677 4012 arbitrium

112 4037 379 4106 proprium.
413 4052 684 4116 tamquam
713 4044 940 4112 judicari
968 4047 1036 4108 ab
1075 4046 1182 4100 alio
1220 4063 1326 4101 non
1359 4050 1525 4116 possit
1554 4065 1676 4104 cum

111 4140 194 4181 nec
233 4130 342 4200 ipse
385 4135 554 4204 possit
589 4136 818 4191 alterum
839 4136 1084 4207 judicare
1116 4155 1130 4195 :
1163 4137 1260 4193 sed
1293 4150 1672 4210 exspectemus

110 4221 319 4281 universi
344 4227 607 4298 judicium
625 4229 834 4286 Domini
857 4231 1033 4287 Nostri
1061 4231 1516 4305 JesujChristi,qui
1537 4253 1674 4292 unus

110 4319 155 4366 ει
181 4317 310 4379 solus
341 4319 502 4378 habet
529 4332 846 4393 potestatem
876 4335 930 4381 et
960 4327 1308 4397 praeponendi
1354 4343 1454 4393 nos
1479 4330 1532 4384 in
1565 4330 1672 4384 Ec.-

107 4407 260 4470 clesite
284 4430 393 4472 suae
417 4418 830 4489 gubernatione,
860 4430 916 4476 et
932 4422 997 4478 de
1019 4431 1141 4478 actu
1169 4433 1353 4488 nostro
1370 4425 1670 4495 judicandi.

170 4505 480 4567 LCatcllius
518 4528 546 4566 a
597 4513 732 4569 Bilta
774 4515 946 4570 dixit:

169 4597 266 4672 Ego
293 4621 453 4660 unum
479 4607 752 4680 Baptismo
783 4611 836 4665 in
860 4611 1097 4670 Ecclesia
1129 4617 1244 4671 sola
1273 4617 1406 4683 scio,
1431 4625 1485 4671 et
1518 4629 1672 4678 extra

113 4687 375 4752 Ecclesium
409 4701 635 4756 nullum.
656 4702 767 4758 Hoc
795 4703 897 4760 erit
926 4723 1110 4772 unum,
1140 4709 1232 4762 ubi
1261 4725 1382 4778 spes
1410 4725 1535 4764 vera
1565 4720 1669 4776 est,

111 4791 156 4873 ct
187 4783 302 4845 ﬁdes
319 4802 484 4850 certa.
520 4792 610 4849 Sic
637 4795 780 4848 enim
805 4797 1061 4865 scriptum
1090 4808 1172 4853 cst
1200 4818 1212 4852 :
1247 4799 1362 4854 Una
1389 4801 1516 4868 ﬁdes
1543 4801 1672 4873 (una

116 4871 156 4941 (l
170 4875 182 4942 )
197 4884 313 4947 spes)
330 4900 485 4940 unum
497 4884 766 4956 Baptisma
781 4887 1160 4961 (Ephesavﬁ).
1192 4891 1306 4947 Non
1331 4895 1473 4963 apud
1495 4871 1669 4949 lasere-

114 4966 242 5037 ticos,
268 4975 350 5032 ubi
398 4993 523 5050 Spes
580 4981 725 5036 nulla
745 4994 851 5049 εει,
879 4995 932 5038 et
961 4984 1248 5051 lideslalsi,
1268 4988 1356 5042 ubi
1376 4991 1552 5042 omnia
1575 5004 1670 5059 per

111 5065 408 5128 mendacium
427 5075 780 5143 agtttitur,ubi
799 5075 1068 5150 exorcizat
1082 5078 1443 5136 daemoniacus
1463 5097 1672 5137 :sacra-

110 5167 312 5224 mentum
339 5167 654 5238 interrogat,
675 5170 829 5238 cujus
846 5186 905 5226 os
919 5184 970 5226 et
991 5174 1152 5227 verba
1170 5189 1366 5230 cancer
1377 5179 1629 5232 emittunt
1651 5195 1665 5231 :

112 5244 242 5307 ﬁdem
265 5255 348 5312 dat
387 5259 640 5327 inﬁdelis,
677 5263 882 5318 veniam
915 5265 1236 5320 delictorum
1271 5269 1455 5324 tribuit
1492 5272 1666 5326 scele-

111 5350 250 5415 ratus,
270 5361 320 5406 et
345 5355 396 5407 in
421 5358 638 5409 nomine
667 5354 862 5409 Christi
896 5357 1048 5428 lingit
1069 5359 1428 5416 Antichristus
1458 5378 1470 5412 :
1503 5361 1664 5417 Bene-

108 5432 252 5494 dicita
297 5443 402 5499 Deo
441 5446 742 5502 maledictus
784 5465 796 5502 :
840 5449 1002 5503 vitam
1069 5451 1347 5519 pellicctus
1396 5462 1661 5522 mortuus,

102 5535 262 5589 Pacem
287 5535 375 5590 dat
422 5537 776 5608 impacilicus,
811 5540 978 5595 Deum
1023 5541 1235 5596 invocat
1281 5543 1658 5613 blasphemus,

95 5628 427 5684 Sacerdotium
457 5632 797 5687 administrat
825 5634 1100 5704 profanus,
1134 5636 1282 5706 ponit
1301 5637 1468 5694 altare
1491 5641 1658 5694 sacri-

146 5730 188 5826 (ξ
216 5741 230 5810 )
258 5745 463 5800 Absunt
499 5747 614 5826 hanc
642 5759 696 5826 et
718 5749 976 5826 nonnulla
1009 5752 1110 5826 alia
1139 5766 1167 5804 ιι
1197 5766 1378 5826 graeco
1403 5761 1658 5826 contextu

73 5801 327 5890 adﬁnem
359 5829 546 5875 exacta
587 5801 694 5878 iui—t-
718 5801 1119 5881 tua;t"t:e;aa
1141 5801 1503 5890 “regina;
1515 5801 1660 5882 ’1ἱὲἶὶ

64 5881 218 5939 νοεαέ
249 5887 442 5944 Lanae.

1697 4532 1752 4593 D

1785 3288 2013 3359 λόγῃσεν.
2043 3287 2338 3346 Ὑπόλοιπον
2386 3283 2472 3344 οὖν
2501 3291 2622 3359 περί
2642 3289 2802 3344 αὐτοῦ
2827 3287 3043 3346 ἕκαστος
3091 3286 3231 3356 ὑμῶν
3258 3304 3382 3354 φρο-

1783 3387 1875 3441 νεῖ,
1904 3385 2058 3436 εἰπεῖν
2081 3379 2290 3453 μηδενὸς
2317 3381 2396 3452 ἀφ’
2422 3381 2564 3452 ὑμῶν
2607 3383 2657 3435 ἐν
2682 3380 2851 3451 τούτῳ
2892 3378 3206 3452 κρινομένου,
3247 3373 3374 3446 μηδὲ

1784 3476 1826 3526 εἰ
1858 3476 2058 3528 ἐναντία
2079 3476 2297 3545 φρονοίη.
2332 3476 2415 3526 καί
2448 3475 2780 3530 ἀκοινωνήτου
2808 3472 3088 3545 γινομένου.
3113 3467 3242 3526 Οὔτε
3273 3469 3374 3539 γάρ

1782 3589 1860 3629 τις
1881 3569 2156 3622 ἐπίσκοπον
2179 3568 2356 3622 ἑαυτόν
2383 3569 2698 3632 καθίστησιν,
2715 3563 2830 3622 οὐδὲ
2851 3573 3122 3640 τυραννικῇ
3138 3560 3379 3638 αὐθαδείᾳ

1784 3663 1856 3723 εἰς
1881 3663 2097 3732 ἀνάγκην
2120 3666 2212 3716 τοῦ
2236 3661 2448 3716 ἕπεσθαι
2468 3662 2610 3733 αὐτῷ
2634 3662 2754 3724 τοὺς
2778 3661 3188 3724 συνεπισκόπους
3210 3659 3379 3731 βιάζε-

1784 3773 1890 3816 ται,
1917 3752 2070 3818 όπότε
2099 3749 2166 3815 εἷς
2185 3753 2404 3816 ἕκαστος
2428 3754 2709 3816 ἐπίσκοπος
2737 3753 2966 3818 ἐξουσίαν
2987 3749 3019 3804 ἕ
3014 3772 3103 3822 χει
3133 3753 3376 3826 πράττειν

1783 3845 2088 3916 ἐλευθερίως,
2114 3843 2146 3898 ἀ
2171 3853 2352 3919 φρονεῖ·
2381 3847 2448 3905 ὡς
2473 3848 2573 3919 γὰρ
2604 3845 2760 3904 αὐτὸς
2786 3840 2926 3896 ἄλλον
2956 3850 3119 3912 κρῖναι
3143 3844 3199 3894 οὐ
3231 3840 3379 3897 δύνα-

1783 3959 1900 3998 ται,
1938 3936 2098 3996 οὕτως
2129 3935 2242 3990 οὐδὲ
2273 3938 2374 3991 ὑπὸ
2417 3933 2569 3992 ἄλλου
2612 3938 2854 4010 κριθῆναι.
2906 3935 3233 4007 ιιεριμένομιν
3276 3936 3376 4008 γὰρ

1782 4032 1969 4096 πάντες
1995 4036 2084 4092 τήν
2107 4036 2199 4086 τοῦ
2223 4035 2406 4104 κυρίου
2453 4033 2592 4104 ἡμῶν
2630 4031 2793 4088 ἰησοῦ
2837 4035 3062 4104 Χριστοῦ
3103 4031 3292 4102 κρίσιν,
3319 4026 3375 4092 ὂς

1778 4124 1929 4196 μόνος
1967 4124 2200 4188 ἐξουσίαν
2217 4120 2336 4192 ἔχει
2363 4125 2642 4180 ἐπίσκοπον
2664 4127 2877 4195 καθις-ᾷν
2904 4125 2952 4176 ἐν
2986 4132 3047 4194 τῇ
3074 4123 3233 4177 αὐτοῦ
3261 4125 3367 4178 Ἐκ-

1778 4217 1982 4289 κλησίᾳ,
2006 4217 2092 4272 καί
2113 4214 2222 4277 ἐνὸς
2245 4214 2464 4272 ἑκάστου
2493 4222 2582 4277 τήν
2621 4219 2805 4288 πρᾶξιν
2847 4219 3092 4284 ἐξετάζειν
3123 4220 3207 4274 καὶ
3239 4215 3375 4274 δοκι-

1777 4307 1972 4380 μάζειν»

1848 4503 2122 4567 Καικίλλιός
2152 4505 2454 4580 Αιϐεράριος
2477 4501 2634 4562 εἶπεν⁹

1847 4596 1930 4652 Ἓν
1961 4600 2236 4672 βάπτισμα
2262 4602 2311 4654 ἐν
2332 4601 2457 4673 μόνῃ
2487 4610 2549 4676 τῇ
2586 4601 2852 4679 Ἐκκλησία
2879 4602 3262 4672 οἷδα,καὶέκτός
3282 4615 3375 4668 τῆς

1773 4692 2093 4758 Ἐκκλησίας,
2123 4691 2371 4766 οὐδαμοῦ.
2414 4691 2562 4749 ’Ἐνθα
2590 4697 2690 4769 γὰρ
2733 4697 2844 4750 ἐστὶ
2890 4701 2948 4753 τὸ
2989 4698 3039 4752 ἓν
3078 4701 3372 4774 βάπτισμα,

1775 4783 1936 4847 ὅντως
1976 4791 2064 4840 καί
2102 4787 2243 4849 ἐλπίς
2283 4789 2512 4850 ἀληθείας
2548 4791 2684 4853 ἐστὶ,
2733 4793 2818 4843 καὶ
2859 4793 3052 4854 πίστις·
3084 4795 3232 4851 Οὕτω
3275 4797 3375 4870 γὰρ

1773 4882 2080 4956 γέγραπται,
2115 4886 2210 4954 μία
2249 4887 2444 4947 πίστις,
2473 4882 2523 4938 ἓν
2549 4883 2844 4956 βάπτισμα.
2881 4886 2952 4937 Οὐ
2979 4889 3078 4960 γὰρ
3106 4897 3212 4951 τοῖς
3238 4891 3376 4966 αἱρε-

1774 4981 1953 5039 τικοῑς,
1983 4973 2108 5047 παρ’
2129 4971 2202 5036 οἷς
2227 4972 2441 5046 οὐδεμία
2485 4978 2661 5037 πίστις
2701 4979 2787 5030 καὶ
2831 4976 2993 5040 ἐλπὶς,
3029 4975 3156 5034 ὅπου
3203 4985 3375 5038 πάντα

1773 5062 1936 5134 ψευδῆ
1954 5106 1969 5130 ,
2000 5061 2127 5122 ὅπου
2155 5067 2396 5140 ἐξορκίζει
2419 5065 2848 5140 δαιμονιζόμενος,
2875 5074 3156 5141 μυστήριον
3178 5077 3366 5147 ἐρωτᾷ,

1773 5154 1832 5212 οὗ
1855 5160 1915 5214 τὸ
1935 5161 2105 5231 στόμα
2117 5159 2335 5232 λοιμώδη
2352 5164 2436 5215 καὶ
2452 5159 2574 5220 ἱὼδη
2594 5165 2881 5237 φτέγγετοιι⁶
2900 5167 3072 5218 πίστιν
3090 5163 3142 5218 δὲ
3163 5165 3369 5223 δίδωσιν

1772 5247 2013 5317 ἄπιστός,
2040 5248 2214 5324 ἄφεσιν
2242 5252 2505 5325 ἁμαρτιῶν
2543 5257 2773 5328 παρέχει
2798 5255 3130 5330 ἁμαρτωλός,
3173 5263 3256 5310 καὶ
3300 5263 3371 5321 εἰς

1770 5336 1929 5414 ὄνομα
1947 5349 2169 5418 Χριστοῦ
2195 5344 2431 5416 βαπτίζει
2451 5349 2814 5417 Λντίχριστος,
2842 5348 3176 5418 ὑπισχνεῖται
3237 5353 3367 5411 ζωὴν

1768 5439 1975 5512 νεκρὸς,
2010 5440 2202 5512 εἰρήνην
2229 5437 2432 5496 δίδωσιν
2475 5443 2673 5514 εἰρήνης
2714 5442 2994 5514 ἀλλότριος.
3028 5452 3150 5497 Θεον
3190 5445 3370 5497 ἐπικα-

1765 5530 1923 5588 λεῖται
1946 5531 2262 5604 βλάσφημος,
2294 5533 2517 5607 ίερατείᾳ
2545 5534 2797 5608 κέχρηται
2837 5535 3049 5598 ἀσεϐής.
3079 5538 3362 5593 θυσιαστή-

1765 5643 1872 5693 ριον
1897 5626 2204 5696 πρωτίθησιν
2231 5625 2509 5700 ἱερόσυλος,
2541 5632 2651 5697 Θοῷ
2681 5627 2858 5680 θυσίαν
2885 5630 3160 5702 προσφέρει
3190 5626 3215 5680 ό
3241 5625 3357 5681 δια-

1771 5715 1899 5789 ϐόλῳ
1942 5715 2230 5786 ὑπηρετῶν.
2279 5716 2338 5770 Οἱ
2383 5719 2555 5778 αὐτοῖς
2600 5723 3000 5791 συνηγοροῦντες
3041 5720 3334 5776 εἰπάτωσαν

1771 5815 1941 5866 ταῦτα
1969 5809 2136 5862 πάντα
2167 5808 2330 5880 ψεῦδῆ
2354 5806 2478 5865 εἶναι
2506 5815 2623 5886 περὶ
2649 5819 2747 5868 τῶν
2779 5814 3058 5884 αἱρετικῶν.
3084 5811 3206 5867 Ἰδοὺ
3239 5832 3372 5866 τισιν

1781 5901 2119 5972 ἀναγκάζεται
2145 5901 2175 5957 ἡ
2215 5899 2470 5960 Ἐκκλεσία
2498 5902 2931 5972 συνευδοκεῖν,ἷνα
2977 5907 3143 5976 χωρίς
3179 5903 3374 5972 βαπτί⁴
