3742 6282
110 301 233 361 1089
504 307 513 323 ‘
1227 306 1541 370 CONCILIA
1564 310 2187 375 CARTHAGINENSIA.
3202 328 3344 395 1096

1662 433 1710 493 Α
1741 435 1831 509 σίᾳ
1872 437 2287 513 προσερχόμενοι
2338 437 2690 511 βαπτισθῶσιν
2720 479 2737 507 ,
2794 444 2908 499 ἐπεὶ
2949 443 3200 523 μηδεμίαν
3246 450 3342 518 ἔξω

1744 520 1917 597 ἄφεσιν
1965 527 2225 603 ἁμαρτιῶν
2263 529 2517 603 εἰληρασιν
2555 532 2659 588 ὑπό
2697 541 2798 590 τῶν
2825 535 3107 609 ἱαῖρετικῶν
3150 541 3344 615 βαπτι-

1745 622 1962 684 σθέντες.

1816 714 2164 780 Σεκουνδιανός
2190 719 2293 774 ἀπὸ
2317 717 2584 796 Καρινδίας
2604 715 2762 779 εἶπεν

1813 802 1930 862 Ὀτι
1959 806 1985 861 ό
2028 810 2209 886 Κύριος
2238 813 2378 884 ἡμῶν
2397 809 2600 878 Ἰησοῦς
2628 820 2850 892 Χριστός
2877 818 3010 896 λέγει
3030 836 3043 851 ·
3075 819 3134 878 Ὀ
3161 827 3233 896 μή
3275 826 3342 880 ὢν

1743 898 1854 968 μετ’
1877 900 2025 971 ἐμοῦ,
2052 903 2166 959 κατ’
2191 903 2316 976 ἐμοῦ
2341 908 2470 964 ἐστι.
2496 911 2589 963 Καὶ
2612 908 2839 975 Ἰωάννης
2859 912 2884 969 ό
2906 915 3193 981 ἀπόστολος
3218 920 3342 983 τοῦς

1742 993 2112 1068 ἐξερχομὲνους
2172 1006 2264 1061 τῆς
2291 999 2588 1066 Ἐκκλησίας
2643 1011 3021 1084 Δντιχρίστους
3085 1012 3341 1085 ὀνομάζει.

1741 1083 1994 1143 Δδύνατον
2038 1092 2137 1166 γὰρ
2167 1092 2305 1149 ἔστιν
2347 1095 2537 1159 αὐτοὺς
2590 1098 2915 1176 ὑπηρετῆσαι
2952 1106 3140 1178 χάριτι
3189 1115 3342 1175 Θεοῦ,

1738 1180 1826 1276 καί
1862 1185 2099 1258 σωτηρίῳ
2129 1183 2491 1262 βαπτίσματι’
2520 1192 2607 1246 καί
2645 1189 2730 1248 διά
2758 1200 2914 1251 τοῦτο
2943 1202 3099 1276 κρίνω
3128 1202 3252 1265 τοὺς
3280 1210 3343 1275 τῇ

1735 1261 2001 1351 Ἐκκλησία
2025 1278 2397 1349 προσελθόντας
2426 1282 2771 1355 βαπτισθῆναι
2803 1290 2930 1365 παρ’
2954 1261 3116 1366 δόμῶν.

1808 1367 1951 1434 Φίληξ
1977 1370 2081 1427 άπὸ
2102 1380 2344 1447 Γαμετῶν
2374 1370 2530 1434 εἶπεν
2760 1380 2764 1383 ’

1805 1455 1895 1522 Ὠς
1917 1462 2102 1535 τυφλός
2125 1466 2306 1537 τυφλὸν
2327 1465 2518 1543 ὁδηγῶν
2537 1470 2648 1546 ἅμα
2667 1476 2739 1538 εἰς
2753 1473 2932 1554 βόθρον
2953 1479 3297 1553 ἐμπίπτουσιν
3316 1524 3335 1553 ,

1739 1551 1875 1611 οῦτω
1913 1558 1998 1611 καὶ
2038 1557 2292 1633 αἱρετικός
2330 1563 2583 1640 αἱρετικὸν
2611 1568 2879 1644 βαπτίζων
2906 1582 2981 1649 τῷ
3007 1575 3344 1654 βαπτωμένῳ

1741 1652 2163 1712 συναποθνῆσκει.
2199 1658 2292 1710 Καί
2333 1654 2419 1714 διά
2457 1665 2610 1718 τοῦτο
2635 1663 2762 1740 παρ’
2804 1667 2921 1740 ἡμῖν
2964 1670 3051 1725 τόν
3091 1670 3346 1748 αἱρετικὸν

1666 1759 1716 1823 Β
1742 1742 2084 1819 βαπτισθῆναι
2108 1747 2201 1816 δεῖ,
2225 1751 2309 1807 ’ίνα
2338 1755 2409 1825 μὴ
2434 1755 2578 1827 ἡμεῖς
2604 1756 2653 1814 οἱ
2681 1762 2866 1824 ζῶντες
2888 1771 3084 1839 νεκροῖς
3105 1770 3345 1827 κοινωνή-

1742 1863 1931 1916 σωμεν.

105 742 110 754 ι
164 676 238 733 10.
266 675 622 734 Secundianus
648 693 679 733 a
707 676 959 735 Carindia
987 680 1158 737 dixit:

158 773 275 830 Cum
322 772 573 829 Dominus
616 782 802 831 noster
843 774 1002 831 Iesus
1044 774 1291 833 Christus
1330 776 1504 834 dicat:
1539 778 1643 847 Qui

104 873 267 923 nonest
307 881 494 920 mecum
541 876 717 921 contra
763 883 843 923 me
868 879 974 934 est,
1005 877 1061 925 et
1094 868 1331 926 Joannes
1368 872 1643 942 apostolus

104 976 179 1018 eos
206 958 285 1032 qui
311 959 376 1016 ab
403 957 643 1017 Ecclesia
674 970 905 1027 exeunt,
938 962 1286 1019 antichristus
1326 963 1489 1020 dicat.
1533 966 1641 1020 Ini-

104 1054 316 1128 possibile
350 1054 489 1110 enim
529 1064 610 1111 est
636 1065 695 1111 ut
723 1054 825 1127 ipsi
854 1056 1044 1128 gratite
1075 1056 1170 1114 Dei
1199 1066 1255 1113 et
1280 1057 1501 1114 salutari
1540 1059 1639 1114 ba-

103 1148 263 1219 ptismo
289 1146 607 1213 inserviant;
639 1156 695 1203 et
723 1148 848 1205 ideo
883 1164 1081 1207 censeo
1111 1164 1208 1208 eos
1235 1151 1325 1223 qui
1355 1151 1423 1208 ad
1453 1151 1636 1209 Eccle-

99 1241 207 1296 siam
232 1238 527 1311 confugiunt
554 1248 610 1296 et
633 1256 667 1296 a
695 1242 850 1299 nobis
877 1256 999 1300 esse
1027 1243 1394 1315 baptizandos.

102 1318 105 1323 ‘
155 1332 235 1389 ll.
252 1331 388 1390 Felix
415 1348 446 1389 a
472 1333 629 1406 Bagai
658 1334 826 1391 dixit:

152 1426 283 1482 Sicut
310 1440 482 1484 caecus
509 1441 715 1484 caecum
753 1428 1156 1487 ducens‘simul
1192 1431 1250 1487 in
1288 1430 1499 1490 foveam
1539 1444 1632 1488 ca—

100 1521 231 1589 dunt,
255 1520 320 1577 ita
353 1521 632 1578 haereticus
659 1521 971 1582 haereticum
1000 1526 1276 1598 baptizans
1312 1526 1473 1583 simul
1512 1542 1634 1584 cum

100 1633 147 1674 eo
176 1617 221 1672 in
252 1624 469 1674 mortem
524 1617 702 1675 cadit:
742 1629 798 1676 et
834 1619 958 1677 ideo
996 1620 1346 1693 baptizandus
1384 1630 1469 1678 est
1495 1620 1636 1692 apud

103 1726 177 1769 nos
198 1708 462 1768 haereticus
481 1754 497 1781 ,
526 1727 599 1769 ne
625 1726 728 1769 nos
755 1712 862 1769 vivi
888 1715 1117 1771 mortuis
1154 1715 1636 1772 communicemus.

154 1919 226 1976 te.
250 1919 536 1980 Successus
564 1922 635 1978 ab
664 1920 834 1978 Abbir
859 1920 1285 1979 Germaniceana
1315 1923 1450 1980 dixit
1476 1942 1490 1978 :

152 2014 395 2073 lliereticis
419 2025 515 2072 aut
544 2013 679 2072 nihil
707 2015 863 2084 licet,
908 2026 1000 2072 aut
1026 2025 1195 2074 totum
1220 2016 1377 2074 licet:
1422 2016 1471 2074 si
1508 2032 1639 2090 pos-

105 2119 192 2162 sunt
214 2107 499 2179 baptizare,
533 2116 764 2180 possunt
799 2117 855 2165 et
894 2108 1024 2165 dare
1061 2110 1321 2181 Spiritum
1350 2122 1632 2179 sanctum;

106 2201 136 2254 si
155 2211 299 2257 autem
327 2216 427 2258 non
457 2200 695 2268 habent,
725 2217 824 2260 nec
854 2202 1127 2274 baptizare
1159 2204 1473 2275 spiritaliter
1511 2220 1637 2277 pos-

104 2302 220 2352 sunt:
245 2303 511 2369 propterea
550 2310 754 2354 censeo
791 2296 1081 2354 haereticos
1107 2296 1459 2370 baptizandus
1488 2315 1631 2357 esse.

1809 1959 2100 2023 Σουκέντιος
2127 1962 2231 2019 ἀπό
2258 1963 2743 2041 Λϐιργεμανικιανῆς
2771 1966 2931 2029 εἶπεν·

1809 2051 2088 2121 Αίρετικοῖς
2115 2053 2147 2114 ἢ
2171 2054 2318 2112 οὐδέν
2347 2055 2576 2124 ἔξεστιν,
2617 2061 2649 2122 ἦ
2674 2064 2862 2121 πάντα·
2893 2067 2938 2120 εἰ
2973 2062 3217 2124 δύνανται
3243 2067 3348 2144 βα-

1739 2147 1952 2212 πτίσαι,
1997 2145 2241 2207 δύνανται
2280 2154 2369 2207 καί
2394 2159 2598 2228 Πνεῦμα
2623 2155 2766 2231 ἅγιον
2806 2155 3001 2214 δοῦναι·
3055 2162 3167 2217 ἐπεί
3192 2159 3248 2218 δέ
3276 2167 3347 2235 μή

1737 2235 1980 2311 ἔχουσιν,
2011 2239 2129 2297 οὐδὲ
2156 2255 2517 2318 πνευματικῶς
2553 2249 2895 2324 βαπτίζουσι⁶
2937 2256 3025 2310 καί
3069 2252 3156 2311 διὰ
3188 2261 3347 2313 τοῦτο

1738 2335 1891 2407 κρίνω
1918 2331 2020 2388 δεῖν
2046 2337 2172 2399 τοὺς
2200 2337 2488 2414 αἱρετικῶς
2515 2340 2881 2416 βαπτίζεσθαι.

158 2412 225 2479 15.
250 2411 566 2475 Fortunatus
607 2428 638 2470 a
672 2412 978 2471 Thucabori
998 2414 1135 2471 dixit
1160 2433 1174 2470 :

158 2506 233 2575 Qui
272 2519 410 2565 extra
467 2508 772 2566 Ecclesiam
827 2519 974 2579 sunt,
1017 2516 1074 2566 et
1121 2518 1311 2567 contra
1356 2509 1631 2568 Christum

116 2607 277 2667 stantes,
294 2612 346 2658 ut
365 2602 451 2675 qui
478 2618 615 2660 oves
662 2604 778 2676 ejus
816 2612 871 2661 et
897 2619 1115 2677 gregem
1144 2614 1426 2677 spargunt,
1454 2605 1632 2678 bapti-

116 2692 200 2750 iure
234 2693 348 2753 loris
385 2694 489 2754 non
520 2705 776 2770 possunt.

175 2811 228 2866 tl.
244 2812 457 2870 Sedatus
478 2830 507 2872 a
540 2814 805 2877 Tuburbo
834 2815 1012 2873 dixit:

180 2902 370 2963 Omnibus
411 2907 623 2964 viribus
669 2907 945 2965 nitendum
989 2918 1092 2981 est,
1116 2925 1186 2968 ne
1233 2910 1350 2982 quis
1380 2909 1635 2967 haeretico

132 3002 465 3059 mareiufectus
488 3013 545 3061 et
574 3004 776 3060 tinctus
795 3004 1068 3075 singulare
1093 3015 1150 3063 et
1171 3022 1359 3062 verum
1377 3005 1636 3063 Ecclesia!

125 3086 305 3163 baptisma
330 3096 601 3155 detrectet
627 3098 895 3169 accipere,
939 3114 1047 3171 quo
1072 3099 1316 3173 quisquis
1341 3114 1448 3157 non
1475 3098 1636 3155 fuerit
1660 3086 1706 3150 C

118 3174 363 3257 baptizatus,
391 3205 420 3245 a
448 3204 627 3262 regno
650 3187 909 3246 caelorum
940 3190 1000 3246 ﬁt
1024 3189 1250 3248 alienus.

1809 2451 2161 2523 Φουρτουάτος
2185 2453 2287 2508 ἀπὸ
2307 2457 2639 2533 Θουκχαϐὡρ
2668 2453 2827 2515 εἶπεν

1808 2539 1868 2593 Oi
1897 2537 1996 2604 ἔξω
2018 2549 2110 2603 τῆς
2132 2540 2425 2608 Ἐκκλησίας
2450 2543 2591 2612 ὄντες
2606 2589 2624 2617 ,
2647 2553 2733 2606 καί
2770 2553 2988 2610 ἐναντίοι
3018 2562 3093 2631 τῷ
3112 2565 3343 2633 Χριστῷ,

1739 2633 1807 2693 ὡς
1828 2634 1896 2688 τά
1914 2633 2175 2708 πρόϐατα,
2203 2639 2292 2691 καί
2318 2643 2409 2697 τήν
2435 2640 2616 2713 ἀγέλην
2636 2644 2799 2699 αὐτοῦ
2818 2648 3204 2721 σκορπίζοντες,
3235 2649 3336 2725 βα-

1740 2727 1933 2790 πτίζειν
1952 2721 2052 2792 ἔξω
2076 2729 2136 2781 οὐ
2163 2725 2426 2786 δύνανται.

1812 2840 2044 2907 Θήδατος
2071 2845 2176 2901 ἀπό
2204 2847 2450 2923 Θουρϐὣν
2478 2843 2612 2905 εἶπε⁵

1812 2932 1955 3008 Πάσῃ
1980 2929 2192 3007 δυνάμει
2216 2936 2541 3007 ἀγωνιστέον,
2567 2938 2651 2993 ἶνα
2674 2944 2744 3013 μή
2769 2939 2796 2996 ό
2821 2944 2911 3001 τήν
2944 2950 3046 2999 τῶν
3077 2943 3344 3021 αἱρετικῶν

1740 3024 1931 3083 πλάνην
1952 3023 2115 3098 ἀφείς,
2140 3028 2201 3083 τό
2226 3028 2375 3100 μόνον
2403 3029 2800 3095 τῆςἙκκλησίας
2824 3034 3102 3108 βάπτισμα
3120 3033 3344 3113 διστάσῃ

1737 3115 1929 3181 λαϐεῖν,
2012 3140 2093 3181 τις
2115 3124 2185 3193 μή
2209 3120 2529 3195 βαπτισθεὶς,
2561 3123 2915 3200 ἀλλοτριοῦται
2945 3136 3040 3191 τῆς
3060 3137 3162 3185 τῶν
3182 3131 3337 3204 οὐραο

1741 3218 1836 3266 νῶν
1864 3213 2151 3288 βασιλίιας.

161 3297 586 3362 l5.Privatianus
631 3318 663 3360 a
703 3303 945 3361 Sufetula
990 3305 1126 3362 dixit
1176 3323 1192 3360 :

158 3390 199 3447 Si
235 3391 435 3454 haeresis
467 3413 498 3452 a
532 3397 657 3453 Deo
676 3404 783 3465 est,
814 3395 1034 3454 habebit
1058 3396 1349 3457 haereticus
1374 3407 1430 3455 et
1460 3398 1636 3455 indul-

113 3487 280 3553 gentiam
299 3490 550 3548 divinam.
615 3491 674 3548 Si
724 3506 856 3548 vero
889 3506 921 3546 a
953 3491 1068 3547 Deo
1098 3507 1204 3550 non
1233 3502 1340 3561 est,
1362 3493 1636 3563 quomodo

113 3582 271 3647 gratiam
294 3586 379 3644 Dei
395 3597 486 3645 aut
512 3586 752 3655 habere,
784 3596 878 3642 aut
905 3585 1157 3644 conferre
1183 3586 1342 3645 alicui
1370 3595 1550 3660 potest
1575 3588 1598 3643 ?

156 3695 224 3752 l6.
257 3699 526 3759 Hunnultts
582 3716 612 3758 a
667 3700 832 3759 Girba
882 3700 1069 3759 dixit:

162 3786 350 3851 Domino
368 3795 621 3854 dicente:
656 3795 926 3867 Baptisate
950 3813 1128 3853 omnes
1148 3808 1325 3870 gentes
1350 3799 1407 3854 in
1432 3798 1639 3856 nomine

119 3872 262 3947 Patris,
284 3895 327 3940 et
350 3886 497 3958 Filii,
544 3899 594 3946 et
632 3888 866 3959 Spiritus
889 3892 1072 3957 sancti,
1109 3890 1395 3951 manifeste
1438 3893 1638 3951 scimus

118 3965 336 4033 hereticos
362 3996 463 4037 non
523 3981 730 4037 habere
762 3996 865 4038 nec
913 3981 1148 4052 Patrem,
1172 4000 1274 4040 nec
1294 3984 1511 4054 Filium,
1538 4001 1638 4043 nec

115 4061 309 4133 Spiritum
335 4085 595 4131 sanctum.
620 4074 832 4131 Debent
858 4075 1020 4147 igitur
1038 4076 1321 4134 venientes
1349 4078 1416 4133 ad
1444 4078 1638 4136 Eccle-

113 4154 211 4214 Siam
248 4162 514 4238 baptizari,
563 4176 627 4227 ut
656 4162 1032 4225 renascantur.

164 4277 530 4343 l'i.Politianus
552 4301 580 4341 a
611 4284 777 4342 Mileo
806 4285 941 4342 dixit
971 4304 985 4340 :

1811 3325 2158 3399 Προϐατιανός
2175 3327 2277 3386 ἀπὸ
2290 3335 2521 3406 Σοφετίης
2542 3328 2699 3389 εἶπεν·

1806 3420 1865 3473 Εἰ
1887 3419 1991 3476 ἀπὸ
2016 3427 2146 3477 Θεοῦ
2174 3424 2205 3481 ἡ
2231 3424 2427 3501 αἵρεσίς
2447 3427 2607 3492 ἐστιν,
2631 3424 2735 3494 ἔξει
2756 3427 3015 3506 αίρετικός
3035 3432 3123 3486 καί
3146 3428 3342 3507 δωρεάν

1736 3520 1889 3570 Θεοῦ.
1907 3517 1966 3569 Εἰ
1990 3514 2045 3572 δὲ
2062 3522 2134 3589 μή
2158 3519 2297 3575 ἐστιν
2328 3521 2431 3576 ἀπὸ
2451 3527 2605 3585 Θεοῦ,
2636 3530 2748 3585 πῶς
2768 3521 2983 3582 δύναται
3012 3526 3169 3589 αὐτὸς
3191 3522 3338 3597 ἔχειν

1739 3612 1829 3667 τήν
1850 3611 2010 3686 χάριν
2030 3617 2119 3666 τοῦ
2147 3618 2278 3668 Θεοῦ
2297 3617 2387 3669 καὶ
2423 3611 2555 3688 ἄλλῳ
2577 3613 2801 3685 διδόναι;

1812 3723 2106 3793 Μανούαλος
2133 3728 2236 3783 ἀπὸ
2261 3728 2454 3807 Γέρϐης
2481 3725 2614 3786 εἴπεο

1812 3821 1916 3870 Τοῦ
1942 3821 2125 3894 Κυρίου
2150 3818 2405 3895 λέγοντος,
2436 3826 2727 3880 Βαπτίσατε
2760 3826 2931 3882 πάντα
2951 3829 3018 3883 τά
3046 3823 3158 3887 ἔθνη
3187 3830 3257 3890 εἰς
3277 3828 3338 3886 τό

1743 3901 1903 3981 ὄνομα
1925 3916 2020 3966 τοῦ
2046 3912 2248 3989 Παπρός
2262 3916 2349 3968 καί
2371 3920 2463 3970 τοῦ
2490 3918 2609 3970 Υὶοῦ
2629 3919 2717 3972 καὶ
2744 3924 2837 3973 τοῦ
2854 3918 3000 3994 ἀγίου
3027 3920 3340 3994 Πνεῦματος,

1741 3999 1947 4077 οἴδαμεν
1983 4014 2158 4078 σαφῶς
2213 4009 2337 4070 τοὺς
2374 4008 2661 4087 αἱρετικοῦς
2691 4051 2706 4075 ,
2747 4017 2877 4085 μήτε
2920 4015 3122 4095 Πατέρα
3171 4011 3340 4089 ἔχειν,

1738 4101 1867 4172 μήτε
1891 4099 2025 4163 Υίόν,
2054 4105 2181 4173 μήτε
2212 4096 2611 4178 ἂγίονῐινεῦμω
2661 4103 2742 4161 δεῖ
2775 4102 2862 4164 οὖν
2909 4111 3228 4188 ἐρχομένους
3270 4113 3341 4174 εἰς

1740 4195 1829 4249 τήν
1878 4190 2170 4250 Ἐκκλησίαν
2198 4193 2487 4267 βαπτίζειν,
2514 4199 2599 4252 ἵνα
2620 4199 3032 4275 άναγεννηθῶσιν.

1812 4304 2100 4369 Πολιτιανὸς
2133 4309 2237 4365 άπὸ
2262 4309 2454 4373 Μίλεως
2484 4306 2645 4368 εἶπεν⁹

164 4369 337 4435 iustum
361 4391 442 4438 est
460 4381 514 4438 in
531 4381 779 4441 Ecclesia
796 4381 1056 4454 baptizari
1075 4398 1219 4450 eum,
1245 4383 1335 4455 qui
1352 4382 1420 4440 ab
1441 4381 1635 4440 haeresi

1816 4397 1972 4470 Ορθόν
1995 4399 2207 4456 ἐστιτὸν
2227 4402 2331 4457 ἀπὸ
2354 4403 2600 4480 αἱρέσεως
2627 4406 2906 4479 ἐρχόμενον
2929 4412 2985 4465 ἐν
3005 4411 3344 4490 τῇἘκκλησίᾳ

115 4466 236 4522 teuit.

1811 4466 2107 4559 ιπτίζεσθαι.

162 4578 231 4640 l8.
255 4585 509 4664 Theognis
535 4589 603 4650 ab
638 4589 884 4665 Hippone
914 4591 1086 4664 Regio
1114 4588 1246 4648 dicit
1273 4606 1287 4645 :

164 4673 427 4740 Secundum
453 4693 853 4742 sacramentum
879 4685 972 4742 Dei
992 4686 1179 4758 gratia:
1194 4685 1455 4752 caelestis,
1478 4698 1640 4756 quam

116 4768 379 4863 a“minimus,
400 4777 665 4850 baptisma
695 4778 839 4849 quod
868 4787 953 4835 est
976 4777 1029 4834 in
1052 4776 1297 4835 Ecclesia
1329 4788 1516 4835 sancta
1544 4794 1643 4835 no-

119 4864 267 4917 l'lllllls.

1812 4612 2016 4687 Θέογνις
2045 4613 2149 4670 ἀπό
2173 4622 2405 4680 ιππῶνος
2429 4616 2608 4693 ρηγίου
2635 4610 2794 4674 εἶπεν

1814 4705 2101 4770 Δκολούθως
2127 4715 2202 4784 τῷ
2239 4714 2509 4790 μυστηρίῳ
2530 4715 2624 4767 τοῦ
2648 4716 2802 4775 Θεοῦ,
2835 4713 2923 4765 καί
2959 4719 3053 4774 τῆς
3096 4716 3340 4794 οὐρανίου

1748 4799 1991 4874 χάριτος,
2023 4802 2081 4861 ἣν
2107 4802 2410 4879 εἰλήφαμην,
2438 4806 2736 4880 βάπτισμα,
2768 4804 2798 4862 ὅ
2824 4826 2965 4862 εστιν
3008 4807 3060 4860 ἐν
3101 4818 3164 4881 τῇ
3220 4810 3344 4887 ἁγίᾳ

1745 4889 2033 4968 Ἐκκλησία,
2061 4892 2291 4970 οἴδαμεν.

168 4973 236 5032 19.
261 4979 463 5044 Dativus
485 5003 514 5043 a
555 4986 720 5045 Badis
765 4987 903 5045 dixit
930 5004 945 5043 :

165 5067 251 5132 Nos
274 5093 514 5150 quantum
543 5086 595 5140 in
625 5085 781 5142 nobis
809 5093 912 5149 est,
938 5084 1210 5142 haereticis
1253 5099 1363 5140 non
1394 5096 1641 5142 commu-

116 5153 327 5239 nicamus,
355 5174 451 5230 nisi
492 5175 751 5248 baptizari
797 5176 851 5231 in
905 5175 1149 5233 Ecclesia
1195 5176 1417 5245 fuerint,
1464 5185 1521 5232 et
1548 5190 1638 5231 re-

119 5254 374 5321 missionem
401 5280 736 5337 peccatorum
765 5270 1094 5340 acceperint.

168 5346 240 5405 20.
266 5353 494 5417 Privatus
542 5377 573 5417 a
625 5362 853 5419 Susihus
914 5361 1089 5418 dixit:
1134 5365 1142 5399 -‘

175 5439 256 5508 Qui
282 5447 638 5512 haereticorum
682 5455 1027 5527 baptismum
1080 5453 1271 5526 probat
1294 5494 1308 5521 ,
1339 5454 1467 5527 quid
1495 5455 1639 5513 aliud

124 5539 243 5597 quam
268 5539 512 5607 haereticis
535 5551 896 5608 communicat
921 5549 945 5603 ’ἰ

178 5626 249 5687 il.
274 5634 634 5702 Hortensianus
658 5662 689 5703 a
710 5644 941 5703 Laribus
966 5643 1103 5709 dixit
1129 5659 1142 5695 :

179 5715 267 5778 Nos
299 5742 448 5789 unum
496 5736 801 5808 baptisma,
850 5736 997 5812 quod
1051 5732 1267 5796 nonnisi
1296 5733 1351 5791 in
1397 5732 1641 5792 Ecclesia

131 5816 346 5894 novimus,
375 5826 618 5893 Ecclesia:
647 5835 1004 5894 vindicamus.

1818 5014 2052 5073 Διατίους
2080 5009 2106 5066 ό
2132 5010 2317 5075 Σεάδης
2341 5009 2499 5070 εἷπε-δ’

1815 5099 1981 5174 Ἠμεῖς
2007 5100 2126 5178 iis?"
2156 5106 2273 5176 ἡμῖν
2298 5106 2456 5168 ἐστιν.
2488 5109 2762 5181 αἰρετικοῖς
2783 5113 2843 5165 οῦ
2869 5110 3222 5178 κοινωνοῦμεν,
3253 5108 3341 5163 ἐάν

1744 5201 1812 5268 μὴ
1837 5198 1889 5253 ἐν
1916 5207 1978 5270 τῇ
2009 5196 2270 5275 Ἐκκλησία
2284 5199 2567 5279 βαπτισθῇ,
2596 5206 2681 5259 καί
2702 5200 2878 5277 ἄφεσιν
2904 5205 3166 5282 ἁμαρτιῶν
3184 5202 3338 5260 λάϐη.
3398 5238 3407 5247 ε

1775 5368 1801 5433 /
1818 5362 2080 5442 Προϐάτος
2103 5363 2206 5417 ἀπὸ
2230 5367 2480 5436 Ζοφιστοῦ
2506 5357 2666 5418 εἶπεν*

1816 5456 1874 5513 Ὀ
1899 5456 2186 5531 δοκιμάζων
2239 5457 2385 5534 παρὰ
2425 5464 2534 5519 τοῖς
2572 5456 2844 5535 αἱρετικοῖς
2873 5456 3149 5528 βάπτισμα
3188 5448 3338 5519 εἶναι,

1744 5554 1795 5606 τί
1821 5546 1959 5612 ἄλλο,
1983 5550 2147 5613 ᾖτοῖς
2175 5549 2447 5624 αἱρετικοῖς
2466 5558 2694 5606 κοινωνεῖ
2709 5565 2725 5614 ;

1816 5647 2128 5722 Ορτησιανός
2160 5646 2264 5701 ἀπὸ
2285 5645 2582 5724 Λαϐοῦρνης
2609 5638 2741 5700 εἷπε.

1816 5739 1910 5792 Καὶ
1934 5737 2079 5809 ἡμεῖς
2104 5734 2157 5791 ἓν
2187 5738 2482 5813 βάπτισμα,
2507 5736 2633 5819 ὅπερ
2657 5740 2708 5796 ἄν
2731 5745 2795 5813 τῇ
2821 5733 3089 5811 Ἐκκλησία
3113 5734 3339 5809 οἴδαμεν,

1747 5835 1901 5887 τοῦτο
1923 5826 2256 5907 τῇἘκκλησίᾳ
2271 5830 2588 5906 εχδικοῦμεν.
