3742 6282
187 321 290 380 1097

231 434 306 492 62.
336 430 467 486 Alius
496 429 638 487 Felix
662 428 730 485 ab
758 428 1067 488 Uslaceenis
1092 432 1234 489 dixit
1259 454 1275 490 :

227 530 274 585 In
318 526 563 581 hrcrcticis
615 525 729 580 sine
785 525 1041 582 Ecclesia:
1099 527 1365 599 baptismo
1420 531 1686 604 recipien-

167 621 249 681 dis.
273 633 413 674 nemo
456 615 885 673 consuetudinem
933 618 1128 674 rationi
1173 629 1229 675 et.
1278 622 1491 677 veritati
1545 639 1689 693 pra:-

167 721 314 783 ponat.

219 807 291 862 65.
312 803 449 861 Alius
470 804 781 862 Saturninus
805 806 875 861 ah
901 805 1130 863 Avitinis
1157 809 1296 865 dixit
1327 829 1341 864 :

219 898 263 954 Si
286 907 443 967 potest
477 897 828 954 Antichristns
847 898 979 955 dare
1005 899 1162 957 alicui
1190 903 1422 974 gratiam
1450 902 1686 969 Christi,

166 1000 342 1065 possunt
395 1000 447 1046 et
489 990 719 1047 heretici
778 990 1052 1062 baptizare
1108 995 1199 1065 qui
1248 995 1502 1066 appellati
1547 996 1688 1053 anti-

164 1083 326 1141 ddisti.

213 1177 282 1233 64.
306 1176 518 1245 Quintus
543 1176 611 1231 ab
635 1176 837 1251 Aggiva
881 1178 1025 1235 dixit
1052 1197 1065 1233 :

211 1271 330 1324 Deus
353 1284 481 1325 unus
495 1278 606 1336 est,
629 1278 683 1327 et
707 1269 949 1327 Ecclesia
977 1288 1103 1338 una,
1133 1282 1187 1328 ct
1212 1274 1477 1344 baptisma
1500 1291 1688 1333 unum.

155 1362 376 1435 qnvmodo
397 1377 520 1433 ergo
542 1362 652 1418 illic.
676 1365 935 1435 baptizari
959 1366 1155 1437 aliquis
1179 1377 1392 1437 potest,
1418 1367 1510 1424 ubi
1541 1369 1690 1425 Deus

153 1469 192 1512 et
211 1455 425 1511 Christus
452 1466 506 1512 et
535 1456 773 1513 Ecclesia
805 1474 916 1515 non
944 1468 1052 1515 est.

204 1552 278 1608 65.
302 1549 529 1606 Julianus
551 1567 580 1607 a
611 1551 918 1613 Marciliana
949 1555 1086 1611 dixit
1122 1575 1137 1611 :

203 1647 247 1703 Si
268 1656 426 1716 potest
467 1646 630 1704 homo
671 1648 880 1706 duobus
908 1650 1142 1707 dominis
1179 1652 1389 1710 servire
1411 1698 1425 1722 ,
1480 1654 1593 1711 Deo
1626 1664 1683 1711 et

152 1754 423 1796 mammonae
442 1781 459 1809 ,
485 1751 663 1812 potest
686 1752 742 1799 et
766 1741 1033 1814 baptisma
1063 1744 1273 1802 duobus
1301 1748 1586 1804 inservire.

202 1832 273 1889 66.
316 1832 480 1889 Tenax
505 1833 573 1889 ab
596 1832 808 1891 horreis
838 1836 1023 1893 Caelia:
1063 1838 1236 1894 dixit:

147 1930 153 1965 τ
198 1925 430 1994 Baptisms
453 1943 615 1984 unum
662 1938 780 1997 est,
813 1930 908 1988 sed
948 1932 1225 2003 Ecclesiae,
1271 1936 1427 2008 cujus
1473 1947 1560 1995 est
1600 1955 1688 1996 re-

148 2038 239 2077 rum
259 2021 524 2093 baptisma.

199 2114 272 2168 67.
298 2113 439 2171 Alius
462 2114 645 2172 Victor
673 2116 741 2173 ab
768 2118 990 2175 Assuris
1014 2120 1153 2177 dixit
1179 2123 1428 2183 similiter
1461 2142 1472 2180 :

149 2216 154 2267 ;
200 2206 273 2261 68.
303 2208 586 2266 Donatulus
615 2226 646 2264 a
675 2209 851 2281 Caspe
881 2212 1015 2269 dixit
1045 2233 1061 2269 :
1124 2237 1141 2253 ο

200 2300 254 2356 Et
276 2316 365 2373 ego
397 2319 609 2375 semper
651 2303 756 2361 hoc
781 2308 964 2370 sensi,
1009 2317 1068 2363 ut
1097 2312 1373 2380 lueretici,
1421 2316 1511 2386 qui
1556 2315 1687 2371 nihil

150 2394 245 2450 foris
282 2399 524 2470 consequi
553 2411 816 2468 possunt,
869 2403 1083 2472 quando
1126 2405 1193 2460 ad
1242 2405 1540 2463 Ecclesiam
1590 2424 1682 2465 ve-

152 2488 288 2554 niunt,
314 2490 670 2560 baptizentur.

200 2580 268 2639 69.
297 2582 513 2641 Vernlus
542 2603 573 2642 a
603 2587 907 2646 Rusiccadc
939 2590 1075 2646 dixit
1104 2611 1117 2646 :

202 2674 337 2733 llomn
365 2678 650 2737 haereticus
676 2681 809 2738 dare
831 2683 910 2757 (l)
943 2694 1124 2754 potest
1164 2686 1309 2758 quod
1336 2703 1442 2744 non
1471 2689 1670 2756 habet;

165 2768 272 2823 multo
287 2772 446 2843 magis
475 2773 854 2831 schismaticns
873 2818 889 2843 ,
933 2778 1023 2846 qui
1050 2779 1193 2850 quod
1216 2780 1448 2839 habebat
1471 2785 1666 2840 amisit.

214 2860 268 2919 70.
296 2862 661 2922 Pudentianus
688 2882 719 2921 a
746 2869 958 2923 Cuiculi
988 2871 1123 2927 dixit
1153 2891 1167 2926 :

208 2954 243 3010 Si
262 2959 371 3028 quis
400 2973 466 3015 ex
494 2961 693 3017 haeresi
725 2962 965 3029 venerit,
1000 2963 1260 3035 baptizari
1301 2982 1426 3043 eum
1452 2977 1599 3026 recte
1623 2985 1688 3026 ac

155 3047 251 3117 iuste
268 3061 514 3108 statutum
546 3061 654 3109 est.

201 3143 265 3198 'il.
309 3145 494 3203 Petrus
521 3149 589 3203 ab
620 3148 867 3220 llippone
909 3151 1186 3224 diarrytho
1214 3154 1389 3211 dixit:
1417 3156 1552 3213 Cum
1592 3159 1687 3215 ba—

151 3236 291 3303 ptisma
315 3255 468 3296 unum
484 3241 555 3296 sit
581 3241 640 3297 in
665 3243 775 3296 sola
798 3244 1062 3300 catholica
1079 3246 1337 3316 Ecclesia,
1368 3248 1571 3305 idcirco
1593 3266 1686 3308 eos

149 3328 209 3394 qui
229 3332 284 3386 ab
323 3335 582 3389 haereticis
624 3343 679 3390 et
726 3336 1086 3393 scliismaticis
1125 3340 1372 3410 veniunt,
1405 3351 1462 3398 ut
1486 3345 1578 3416 qui
1605 3346 1688 3401 ni-

149 3419 199 3476 hil
231 3425 336 3483 inde
382 3429 717 3501 acceperint,
773 3431 829 3486 in
882 3430 1125 3489 Ecclesia
1169 3449 1364 3492 censeo
1429 3437 1687 3510 baptizari

145 3530 359 3585 oportere.

194 3611 262 3668 72.
290 3614 431 3674 Alius
458 3619 663 3677 Lucius
693 3621 762 3678 ab
790 3621 987 3677 Ausal‘a
1016 3623 1158 3680 dixit
1192 3644 1206 3680 :

190 3703 295 3763 Cum
331 3709 396 3766 sit
422 3729 557 3769 unus
585 3715 729 3769 Deus
773 3728 828 3770 et
872 3716 1050 3783 Pater,
1081 3728 1135 3773 et
1160 3717 1347 3787 Filius,
1377 3731 1431 3777 et
1454 3721 1684 3792 Spiritus

141 3807 328 3869 sanctus,
354 3814 407 3861 et
434 3823 537 3862 una
566 3823 716 3877 spes,
743 3818 800 3863 et
829 3825 931 3863 una
968 3810 1227 3880 Ecclesia,
1256 3830 1377 3885 quae
1406 3817 1547 3888 apud
1574 3818 1685 3874 hae-

141 3891 292 3948 reticos
338 3895 467 3953 facta
496 3909 645 3964 sunt,
681 3900 911 3956 rescindi
954 3902 1153 3960 debere
1201 3906 1341 3975 dico,
1373 3920 1428 3965 et
1454 3925 1549 3965 cos
1594 3913 1683 3981 qui

139 3979 232 4040 inde
253 3993 473 4058 veniunt,
503 3998 558 4049 in
590 3994 838 4051 Ecclesia
869 3996 1219 4067 baptizandus
1255 4016 1395 4058 esse.

188 4079 259 4135 73.
282 4082 427 4141 Alius
454 4088 606 4144 Felix
634 4103 666 4142 a
693 4088 1009 4160 Gurgitibus
1039 4091 1170 4148 dixit
1199 4111 1212 4147 :

189 4171 283 4246 Ego
305 4194 518 4248 censeo,
552 4194 613 4238 ut
635 4184 928 4239 secundum
959 4199 1263 4244 sanctarum
1285 4190 1680 4265 Scripturarum

139 4276 362 4341 precepta
387 4273 711 4348 iniquiapud
733 4277 1020 4336 haereticos
1045 4282 1316 4355 haptizati,
1340 4286 1385 4340 si
1409 4288 1474 4342 ad
1500 4289 1683 4345 Eccle-

136 4354 237 4413 siam
262 4363 610 4436 confugerint,
666 4368 926 4427 Ecclesia:
959 4354 1297 4444 baptismate,
1332 4378 1419 4433 ubi
1449 4390 1686 4450 potestas

135 4454 275 4509 omnis
299 4472 326 4511 a
355 4459 465 4516 Deo
489 4461 616 4517 data
644 4472 750 4528 est,
801 4466 1155 4537 baptizentur.

186 4542 261 4604 74.
292 4548 520 4610 Pusillus
549 4571 581 4610 a
612 4554 876 4613 Lamasha
897 4560 1033 4615 dixit
1061 4579 1076 4615 :

186 4637 281 4711 Ego
297 4647 454 4703 credo
477 4648 739 4720 baptisma
756 4650 993 4710 salutare
1014 4668 1119 4710 non
1143 4671 1284 4725 esse,
1311 4658 1411 4715 nisi
1433 4659 1486 4714 in
1504 4660 1688 4717 Eccle-

133 4728 193 4821 sia
213 4737 479 4811 catholica,
505 4751 566 4801 et
591 4745 804 4816 quando
830 4759 981 4803 extra
1010 4749 1308 4809 Ecclesiam
1336 4753 1416 4821 ﬁt,
1461 4755 1686 4811 simula-

133 4820 298 4884 tionem
318 4848 455 4891 esse.

186 4914 260 4976 75.
283 4925 559 4988 Salvianus
585 4949 615 4988 a
643 4933 930 4993 Ganzafala
955 4939 1089 4995 dixit
1118 4958 1132 4996 :

185 5011 454 5079 limi-elices
501 5027 634 5082 nihil
680 5027 879 5086 habere
922 5042 1152 5100 constat,
1208 5044 1264 5091 et
1316 5037 1438 5095 ideo
1476 5039 1546 5095 ad
1587 5056 1688 5098 nos

131 5107 334 5174 veniunt,
363 5126 421 5169 ut
442 5121 650 5187 possint
678 5124 925 5194 accipere
955 5127 1096 5197 quod
1127 5144 1233 5185 non
1265 5128 1481 5189 habent.

186 5197 261 5255 76.
286 5204 582 5267 Honoratus
611 5231 639 5267 a
658 5214 832 5271 Tucca
868 5217 1004 5274 dixit
1029 5237 1043 5272 :

187 5291 303 5353 Cum
332 5302 577 5363 Christus
632 5311 828 5366 veritas
876 5314 966 5379 sit,
1000 5316 1167 5388 magis
1207 5317 1487 5376 veritatem
1531 5337 1689 5392 quam

133 5394 533 5486 oonsuetudinem
584 5406 736 5474 sequi
785 5405 1042 5465 debemus
1087 5427 1103 5465 :
1155 5420 1213 5466 ut
1259 5410 1563 5480 hmreticos,
1596 5418 1688 5486 qui

134 5474 232 5535 ideo
253 5484 313 5541 ad
339 5506 434 5545 nos
462 5497 700 5567 veniunt,
750 5504 871 5572 quia
900 5502 1031 5559 furis
1055 5504 1190 5562 nihil
1217 5507 1466 5579 accipere
1495 5520 1689 5582 pntuc-

136 5581 252 5641 runt,
277 5581 523 5643 Ecclesiae
552 5591 813 5663 baptismo
839 5599 1259 5657 sanctilicemus.

191 5662 265 5723 77.
298 5672 469 5736 Victor
487 5682 556 5739 ab
578 5662 773 5743 Oﬁctava
805 5690 937 5748 dixit
966 5710 978 5746 :

198 5800 264 5876 (l)
290 5808 421 5869 Non.

538 5918 810 5987 ΡΑτιιοῐ..
857 5926 968 5990 ΙΙΙ.

1307 316 1622 376 somnus
1659 294 2278 383 cxtrrnaorxes'su.

1721 444 1769 501 Α
1866 442 2017 504 Δλλὸς
2040 444 2185 509 Φιληξ
2209 446 2309 501 ἀπὸ
2332 448 2680 519 Ούαγλακηνῆς
2704 443 2862 503 εἶπεν

1712 4515 1764 4577 Ι)

3260 332 3396 391 10138

1869 532 1941 587 Ἐν
1966 542 2040 608 τῷ
2068 534 2419 612 προδέχεσθαι
2448 541 2569 602 τοὺς
2598 540 2885 615 αίρετικούς
2914 535 3033 596 ἄνευ
3058 551 3152 599 τοῦ
3175 555 3267 609 τῆς
3284 546 3392 604 Ἐκ-

1794 625 2005 689 κλησίας
2028 627 2413 703 βαπτίσματος.
2445 629 2623 703 μηδεὶς
2675 637 2764 693 τὴν
2806 636 3068 693 συνήθειαν
3109 634 3260 711 λόγου
3279 666 3285 672 ’
3306 646 3390 697 καί

1795 728 1886 783 τῆς
1912 722 2143 785 ἀληθείας
2163 726 2497 804 προκρινίτω.

1870 810 2045 876 ’Ἄλλος
2072 817 2367 895 Σατορνίλος
2392 819 2496 873 ἀπὸ
2523 819 2831 892 Πλουτίμνης
2849 816 3007 877 εἶπενδ

1866 912 1923 962 Εἰ
1950 906 2165 966 δύναται
2192 910 2549 989 ’Δντίχριστος
2585 911 2761 969 δοῦναι
2806 921 2897 976 τήν
2945 919 3104 996 χάριν
3131 927 3223 975 τού
3270 931 3387 997 x9:-

1800 1007 1947 1059 στοῦ.
1967 1000 2212 1059 δύνανται
2235 1008 2322 1060 καί
2348 1006 2395 1059 οἱ
2410 1007 2655 1083 αίρετικοί
2671 1008 2957 1080 βαπτίζειν,
2971 1012 3017 1065 οἱ
3031 1012 3390 1084 ὀνομασθέντες

1796 1096 2146 1173 ἀντίχριστοι.

1866 1191 2071 1253 Κοίντος
2100 1193 2204 1248 ἀπὸ
2230 1194 2438 1267 Ούσγϐἄς
2462 1191 2620 1251 εἶπεν

1868 1281 1925 1337 Ὀ
1950 1287 2074 1348 Θεὸς
2099 1282 2173 1348 εἷς
2198 1288 2330 1352 ἔστι,
2361 1291 2449 1343 καί
2474 1287 2737 1348 Ἐκκλησία
2772 1297 2867 1367 μία
2895 1297 2981 1349 καί
3025 1294 3075 1349 ἓν
3118 1297 3391 1370 βάπτισμα

1798 1380 1885 1432 καί
1956 1388 2067 1442 πῶς
2129 1379 2346 1438 δύναταί
2388 1405 2469 1446 τις
2521 1385 2864 1458 βαπτισθῆναι
2904 1392 3010 1444 ἐκεῖ
3028 1432 3044 1456 ,
3091 1388 3222 1447 ὅπου
3274 1391 3390 1451 οὔτε

1796 1473 1941 1535 Θεὸς,
1972 1469 2090 1528 οὔτε
2114 1476 2355 1552 Χριστὸς,
2379 1473 2497 1533 οὔτε
2525 1476 2789 1539 Ἐκκλησία
2811 1482 2925 1537 ἐστί
2952 1498 2969 1547 ;

1864 1562 2128 1628 Ἰουλιανὸς
2152 1569 2256 1624 ἀπὸ
2269 1570 2642 1647 Μαρκελλιανῆς
2662 1568 2821 1628 εἶπεν
2852 1620 2863 1631 ,

1865 1659 1921 1711 Εἰ
1943 1656 2159 1715 δύναται
2185 1654 2447 1739 ἄνθρωπος
2486 1661 2608 1719 δυσί
2649 1669 2842 1745 κυρίοις
2870 1666 3142 1739 δουλεύειν,
3175 1681 3284 1747 Θεῷ
3307 1677 3393 1729 καί

1716 1774 1765 1834 Β
1791 1756 2033 1823 μαμωνᾷ,
2064 1750 2278 1808 δύναται
2302 1756 2388 1810 καί
2416 1755 2693 1832 βάπτισμα
2719 1756 2866 1815 δυσίν
2896 1763 3182 1842 ύπηρετεῢι.

1866 1846 2021 1910 Τίναξ
2047 1848 2150 1903 ἀπὸ
2179 1847 2354 1925 Ὀρίων
2376 1850 2582 1907 Κελλίων
2605 1848 2764 1910 εἶπεν·

1868 1942 2145 2014 Βάπτισμα
2168 1944 2221 1998 ἕν
2246 1945 2406 2012 ἐστιν,
2433 1946 2558 2003 ἀλλὰ
2581 1957 2675 2012 τῆς
2701 1949 3015 2022 Ἑκκλησίας,
3045 1954 3103 2019 ἧς
3121 1960 3182 2015 τὸ
3204 1961 3392 2029 [Sarra-

1797 2055 1907 2106 σμα
1935 2036 2131 2099 ἀληθές.

1867 2125 2043 2191 ’Ἄλλος
2068 2134 2302 2189 Οὐίκτωο
2323 2137 2425 2190 ἀπὸ
2454 2135 2703 2215 ’Λσούρας
2732 2137 2868 2197 εἶπεν
2898 2143 3106 2208 ὁμοίως·

1867 2225 2210 2287 Δουνατοῦλος
2236 2228 2339 2282 ἀπὸ
2368 2228 2575 2302 Κὰμφης
2605 2227 2762 2287 sin-sv

1863 2315 1962 2373 ’Διί
1987 2325 2144 2376 τοῦτο
2180 2322 2281 2394 ἐγὼ
2324 2323 2597 2401 ἐφρόνησα,
2627 2327 2712 2381 ἵνα
2741 2329 2788 2383 οί
2827 2332 3090 2409 αἱρετικοί,
3116 2332 3272 2406 μηδὲν
3293 2333 3393 2400 ἔξω

1789 2411 1958 2467 λαϐεῖν
2010 2411 2278 2487 δυνάμενοι
2302 2456 2317 2480 ,
2367 2415 2488 2474 ὅταν
2539 2423 2670 2495 πρὸς
2727 2428 2817 2483 τήν
2844 2422 3137 2485 Ἐκκλησίαν
3182 2426 3388 2495 ἔλθωσι,

1791 2502 2163 2573 βαπτισθῶσιν.

1860 2599 2152 2677 Οὐήρουλος
2177 2603 2281 2658 ἀπὸ
2307 2603 2667 2669 Ῥουσιοκάδας
2693 2605 2850 2665 εἶπεν

1867 2687 2159 2768 ’Ἄνθρωπος
2189 2695 2443 2770 αίρετικὸς
2470 2694 2551 2769 (1)
2594 2697 2809 2757 δύναται
2857 2701 3032 2759 δοῦναι
3077 2704 3104 2760 ὃ
3131 2713 3202 2779 μή
3250 2708 3388 2781 ἔχει,

1796 2785 1923 2840 πολύ
1952 2787 2138 2859 μᾶλλον
2164 2794 2537 2864 σχισματικὸς,
2568 2790 2693 2872 ὅπερ
2722 2792 2863 2869 εἶχεν
2892 2800 3175 2864 ἀπολέσας.

1867 2878 2226 2946 Πουδεντιανός
2247 2886 2350 2941 ἀπὸ
2379 2888 2675 2951 Κουινκόλης
2702 2885 2862 2946 εἶπεν

1865 2971 1974 3029 Ἐάν
1998 2998 2077 3038 τις
2104 2979 2207 3032 ἀπὸ
2234 2979 2479 3057 αἱρέσεως
2516 2980 2655 3059 ἔλθῃ,
2684 2984 3026 3056 βαπτισθῆναι
3048 2992 3202 3047 αὐτὸν
3229 2994 3391 3073 ὀρθῶς

1713 3095 1759 3158 C
1794 3069 1879 3121 καί
1906 3065 2116 3133 δικαίως
2143 3073 2393 3151 κέκριται.

1863 3164 2048 3241 Πέτρος
2076 3167 2179 3221 ἀπὸ
2202 3164 2449 3232 Ἰππῶνος
2488 3172 2772 3245 Διαῤῥύτου
2792 3170 2954 3231 εἶπεν·

1846 3254 1980 3313 Ἐπεί
1995 3256 2046 3312 ἓν
2062 3259 2338 3336 βάπτισμα
2359 3264 2498 3320 ἔστιν
2519 3267 2570 3320 ἐν
2585 3266 2712 3343 μόνη
2741 3278 2803 3341 τῇ
2825 3268 3112 3348 ΙἘκκλησία,
3130 3271 3215 3329 διὰ
3231 3283 3386 3333 τοῦτο

1790 3353 1910 3413 τοὺς
1940 3355 2043 3409 ἀπὸ
2072 3362 2172 3411 τῶν
2215 3357 2482 3433 αίρετικῶν
2511 3363 2595 3415 καί
2639 3373 3004 3436 σχισματικῶν
3030 3367 3282 3431 ἐλθόντας.
3317 3374 3385 3433 ὡς

1791 3444 1946 3539 μηδὲν
1983 3452 2163 3505 ἐκεῖθεν
2211 3452 2474 3524 εἰληφότας
2498 3494 2513 3521 ,
2549 3457 2601 3509 ἐν
2652 3465 2715 3528 τῇ
2740 3456 3008 3534 Ἐκκλησία
3050 3460 3387 3530 βαπτίζεσθαι

1793 3542 1967 3602 κρίνω.

1860 3614 2038 3679 ΙἌλλος
2052 3617 2267 3680 Λούκιος
2292 3618 2396 3674 ἀπὸ
2415 3620 2654 3694 Αύσὰφης
2674 3617 2833 3677 εἶπεν⁹

1858 3712 1997 3775 Ἐνὸς
2023 3707 2167 3775 ὄντος
2193 3718 2324 3767 Θεοῦ
2353 3715 2440 3767 καί
2459 3716 2658 3792 πατρὸς
2682 3719 2769 3770 καί
2788 3717 2904 3772 υίοῦ
2930 3723 3016 3774 καί
3042 3720 3192 3794 ἁγίου
3234 3727 3386 3779 πνεύη

1786 3825 1969 3877 ματος,
1994 3807 2080 3859 καί
2108 3810 2231 3875 μιᾶς
2254 3803 2476 3867 ἐλπίδος.
2505 3810 2592 3861 καί
2633 3812 2756 3878 μιᾶς
2783 3807 3094 3873 Ἐκκλησίας.
3132 3815 3199 3869 τὰ
3243 3820 3390 3894 παρά

1784 3907 1894 3961 τοῖς
1924 3900 2194 3977 αἱρετικοῖς
2219 3900 2550 3979 πραττόμενα
2576 3902 2782 3957 λύεσθαι
2825 3902 2926 3959 δεῖν
2953 3928 3098 3979 φημι,
3138 3911 3223 3961 καί
3267 3912 3391 3973 τοὺς

1785 3993 1874 4049 ἀπ’
1893 3992 2060 4048 αὐτῶν
2080 3992 2402 4068 ἐρχομένους
2424 3994 2476 4046 ἐν
2501 4002 2564 4068 τῇ
2590 3991 2857 4071 Ἐκκλησία
2883 3997 3169 4068 βαπτίζειν.

1856 4082 2033 4145 ³Ἀλλὸς
2058 4085 2203 4149 ⁴Ιρίληξ
2230 4086 2333 4140 ἀπὸ
2357 4094 2617 4162 Τουριτῶν
2645 4082 2802 4143 εἶπεν

1856 4176 1990 4251 Ἐγὼ
2000 4179 2155 4254 κρίνω
2172 4177 2277 4242 ἶνα,
2306 4175 2588 4238 ἀκολούθως
2620 4188 2737 4241 ταῖς
2763 4183 2920 4245 θείαις
2945 4193 3188 4261 γραφαῖς,
3206 4183 3386 4261 ἄνομοι

1788 4272 1932 4348 παρὰ
1954 4276 2062 4330 τοῖς
2086 4269 2356 4347 αίρετικοῖς
2381 4269 2747 4341 βαπτισθέντες
2773 4315 2785 4335 ,
2819 4271 2878 4329 ἂν
2905 4282 3034 4355 πρὸς
3073 4286 3160 4339 τὴν
3185 4278 3385 4341 Ἐκκλη-

1786 4366 1902 4417 σίαν
1930 4363 2284 4434 καταφύγωσι,
2329 4369 2403 4434 τῷ
2437 4370 2529 4423 τῆς
2554 4361 2847 4427 Ἐκκλησίας
2892 4369 3240 4446 βαπτίσματι,
3272 4372 3386 4432 ἴνθα

1787 4460 1935 4510 πᾶσα
1965 4454 2176 4518 ἐξουσία
2201 4456 2349 4531 παρὰ
2372 4459 2466 4508 τοῦ
2490 4460 2621 4508 Θεοῦ
2651 4452 2871 4521 δίδοται,
2903 4461 3273 4530 βαπτισθῶσιν.

1868 4547 2171 4608 Πλουτιανός
2197 4547 2300 4601 ἀπὸ
2328 4545 2566 4618 Λαβὰνης
2596 4541 2753 4602 εἶπενο

1863 4639 1988 4713 Ἐγώ
2004 4639 2235 4696 πιστεύω
2259 4638 2588 4712 βαπτίσματι
2619 4643 2875 4716 σωτηρίαν
2896 4649 2966 4712 μή
2993 4642 3140 4711 εἶναι,
3173 4655 3216 4706 εί
3239 4658 3311 4726 μὴ
3334 4656 3385 4708 ἐν

1792 4735 1921 4809 μόνη
2038 4733 2268 4807 καθολικῇ
2297 4731 2582 4808 Ἐκκλησίᾳ,
2615 4734 2704 4787 καί
2723 4730 2843 4787 ὅταν
2864 4728 2958 4799 ἔξω
2979 4746 3072 4800 τῆς
3096 4739 3386 4808 Ἐκκλησίας

1789 4830 2014 4903 γένηται,
2048 4829 2351 4901 πιθηκισμὸν
2381 4822 2526 4882 εἶναι.

1865 4921 2166 4983 Σαλουιανὸς
2193 4921 2296 4975 ἀπὸ
2327 4919 2552 4992 Ζυφὰλης
2573 4914 2731 4975 εἶπεν·

1863 5015 1995 5076 Τούς
2015 5012 2302 5091 αίρετικοὺς
2322 5009 2476 5082 μηδὲν
2501 5006 2645 5085 ἔχειν
2667 5012 2965 5076 συνέστηκε,
2997 5018 3083 5068 καί
3107 5013 3192 5072 διὰ
3231 5028 3387 5079 τοῦτο

1793 5110 1925 5185 πρὸς
1952 5110 2089 5182 ἡμᾶς
2120 5100 2390 5184 ἔρχονται,
2417 5105 2503 5161 ἵνα
2525 5106 2751 5163 λάϐωσιν
2779 5102 2806 5161 ὃ
2831 5112 2901 5180 μή
2926 5103 3164 5180 ἔχουσιν.

1866 5200 2153 5278 Ὀνωρόιτος
2183 5199 2286 5254 ἀπὸ
2310 5199 2541 5271 Acti-pm:
2569 5196 2727 5257 εἶπενο

1863 5292 2050 5350 Ὀπότε
2096 5292 2123 5347 ὁ
2161 5291 2382 5368 Χριστὸς
2426 5291 2605 5353 ἀληθής
2635 5296 2766 5360 ἐστι,
2797 5295 2981 5369 μᾶλλον
3015 5305 3076 5372 τῇ
3107 5297 3320 5375 ἀληθείᾳ.
3356 5302 3387 5362 ἢ

1795 5395 1857 5446 τῆ
1884 5386 2118 5460 συνηθείᾳ
2140 5384 2352 5439 ἔπεσθαι
2377 5381 2651 5455 ὀφείλομεν,
2690 5387 2775 5442 ἵνα
2802 5391 2923 5451 τοὺς
2968 5390 3273 5467 αἱρετικούς,
3301 5392 3387 5449 διά

1793 5486 1946 5535 τοῦτο
1976 5479 2103 5556 πρὸς
2128 5478 2264 5549 ἡμᾶς
2293 5471 2631 5552 ἐρχομένους,
2659 5472 2738 5531 ὅτι
2759 5475 2857 5542 ἔξω
2881 5480 3035 5552 μηδὲν
3060 5483 3230 5539 λαϐεῖν
3260 5482 3379 5542 ἡδυ-

1792 5575 2030 5636 νήθησαν,
2046 5578 2119 5645 τῷ
2144 5579 2235 5632 τῆς
2253 5567 2543 5631 Ἐκκλησίας
2576 5569 2902 5641 βαπτίσματι
2926 5575 3241 5652 ἁγίασωμεν.

1865 5667 2097 5743 Ούίκτωρ
2137 5666 2240 5721 ἀπὸ
2268 5662 2520 5719 Ὀκτύϐου
2542 5657 2700 5718 εἶπεν⁹

1885 5781 1930 5847 ι)
1963 5781 2045 5847 Sic
2068 5782 2220 5831 etiam
2258 5793 2375 5847 mss.
2417 5788 2472 5847 et
2499 5780 2753 5843 Bevereg.
2781 5779 2871 5829 sed
2911 5782 3248 5847 interrogandi
3274 5798 3388 5843 ιωιι

1799 5842 2023 5896 addenda
2048 5852 2142 5903 est,
2171 5849 2253 5892 aut
2274 5842 2545 5906 legendum
2571 5857 2611 5896 οὐ
2637 5842 2802 5895 Sevocat.
3067 5928 3103 5991 εἰ

3026 5929 3081 5991 3.

3026 5929 3081 5994 3E
