3742 6282
221 333 326 394 ιιοι

529 330 876 390 ΕΡΙὸΤΟΙμΕ
915 329 1215 390 DIONYSII
1242 331 1450 389 ALEX.
1492 328 1708 389 EPISC.
1744 332 1840 389 AD
1882 286 2306 392 STEPHbNUM
2344 333 2579 391 PAPAM
2609 312 3106 405 FRAGMENTUM.

3312 334 3454 392 1109..

209 473 348 545 prium
367 468 584 525 hwresint
610 468 834 541 singulos
870 471 1376 538 attathematizanles,
1408 479 1454 525 et
1484 488 1654 525 omnes
1682 472 1750 525 si-

1989 469 2204 550 εῗρηται,
2254 474 2479 539 ὑπεξεῖλέ
2517 497 2659 536 τινας
2700 482 2798 530 τῶν
2862 476 3147 551 αἱρετικῶν,
3192 473 3278 525 καὶ
3332 468 3452 525 ἄνευ

206 562 315 619 mut.
341 562 494 631 Atque
512 566 606 617 liae
626 564 687 617 de
704 579 861 618 causa
882 581 1040 635 neque
1059 566 1302 635 exposita:
1322 565 1532 620 suntme
1554 574 1752 621 senten-

205 661 290 724 tite,
314 666 471 728 utpote
498 657 660 711 minus
684 660 981 715 necessaria
1000 701 1012 722 ,
1046 668 1095 719 et
1116 675 1229 729 qua:
1249 675 1351 714 non
1378 671 1748 732 promoverent,

202 751 278 807 sed
299 758 343 805 et
362 750 703 822 compendiose
726 753 1037 827 perscriptae.

1850 562 2217 638 βαπτίσματος
2254 564 2499 638 δέχεσθαι
2533 568 2750 629 τούτους
2789 568 3104 631 θεσπίσασα,
3143 565 3457 642 χρωμένους

1852 656 2001 729 μόνον
2042 666 2116 735 τῷ
2164 662 2277 734 θείῳ
2321 661 2492 736 μύρῳ,
2537 663 2622 715 καὶ
2662 662 3123 732 ἀναθεματὶζοντας
3152 662 3240 716 τήν
3272 657 3459 711 οἰκείαν

1851 753 2048 831 αἵρεσιν
2076 753 2313 821 ἕκαστον,
2355 759 2443 812 καὶ
2471 757 2648 819 πάσας
2679 756 2853 818 ἁπλῶς
2874 772 2887 787 '
2912 757 3001 810 καὶ
3045 752 3129 808 διὰ
3154 758 3308 811 τοῦτο
3339 748 3457 805 οὐδὲ

1852 848 2165 921 ἐξηγήθησαν
2195 850 2248 905 αἱ
2277 847 2485 925 ξγνῶμαι
2525 848 2705 918 αὗται,
2736 854 2804 913 ὡς
2837 855 2907 924 μὴ
2938 852 3233 923 ἀναγκαῖαι,
3265 842 3345 901 οἷα
3377 869 3468 918 μη-

1854 938 1908 993 δὲ
1938 942 2260 1020 ἐνεργοῦσαι,
2294 944 2419 1001 ἀλλὰ
2441 947 2529 1001 καὶ
2552 947 2688 1001 κατὰ
2707 943 2922 1015 σύνοψιν
2943 943 3256 1021 ἐγράφησαν.

1376 1089 1981 1167 CONOILIUM
2041 1098 2236 1170 VIII

1246 1222 1555 1282 HABITUM
1594 1224 1804 1284 CIRCA
1854 1227 2093 1286 ANNUM
2130 1230 2377 1287 CCLV".

253 1385 487 1467 Quamvis
529 1398 848 1458 persuasum
884 1383 1106 1439 omnino
1147 1382 1373 1440 habeam
1405 1384 1463 1442 S.
1497 1381 1767 1457 Hierony-

198 1496 323 1539 mum
347 1480 547 1551 lapsum
588 1476 754 1533 fuisse
782 1491 947 1548 quum
992 1476 1210 1547 scripsit
1236 1476 1453 1532 eosdem
1486 1478 1771 1548 episcopos

195 1575 452 1632 Africanos
477 1573 569 1644 qui
599 1570 1079 1642 rebaptizationem
1106 1585 1228 1627 cum
1252 1573 1311 1628 S.
1343 1570 1615 1645 Cypriane
1645 1587 1774 1627 san-

193 1672 424 1734 civerant,
467 1682 683 1724 rursum
711 1667 1120 1731 convenientes,
1152 1680 1351 1722 novum
1377 1667 1625 1723 emisisse
1672 1667 1771 1723 de-

1873 1391 2038 1460 tione,
2059 1394 2257 1449 evincit
2288 1402 2465 1450 tamen
2493 1408 2612 1449 eam
2636 1393 2939 1449 doctrinam
2961 1391 3202 1470 nondum
3222 1392 3480 1448 abolitam

1870 1483 2037 1541 fuisse
2064 1487 2204 1557 apud
2234 1486 2413 1553 Afros,
2451 1486 2666 1543 tametsi
2697 1486 2943 1561 plerique
2973 1494 3161 1542 contra
3191 1486 3480 1543 sentirent.

1873 1577 2164 1644 Prteterea,
2196 1580 2486 1635 concilium
2517 1579 2775 1650 Cypriani
2819 1578 2997 1635 adhuc
3046 1594 3163 1635 aevo
3216 1577 3487 1635 Vincentii

1874 1670 2172 1728 Lirinensis
2199 1673 2252 1727 in
2284 1673 2607 1729 auctoritate
2634 1672 2801 1729 fuisse
2824 1682 3056 1735 constat.
3078 1671 3270 1742 probat
3299 1685 3489 1726 exem-

195 1774 395 1831 cretum,
427 1779 491 1818 ac
521 1762 845 1818 sententiam
892 1762 960 1817 de
990 1761 1266 1831 Baptismo
1312 1776 1464 1816 suam
1511 1770 1767 1831 mutasse,
1799 1802 1849 1863 Β
1875 1767 2022 1838 plum
2068 1768 2488 1836 Donatistarum,
2518 1767 2631 1839 qui,
2676 1779 2732 1823 ut
2769 1769 2847 1823 ait
2894 1768 3035 1823 idem
3065 1767 3402 1857 Vincentius,
3432 1772 3490 1822 et

195 1862 348 1930 putavi
377 1870 553 1914 tamen
580 1857 817 1912 dandum
849 1872 969 1913 esse
998 1858 1052 1912 in
1099 1856 1199 1911 hac
1230 1866 1406 1912 vestra
1454 1856 1773 1912 collectione

197 1954 351 2009 locum
389 1953 511 2007 huic
556 1953 937 2021 episcoporum
970 1951 1280 2016 conventui,
1315 1949 1773 2021 quemadmodum

199 2048 423 2109 nonnulla
470 2046 701 2113 concilia
749 2045 1060 2105 referuntur
1104 2045 1158 2100 in
1188 2044 1419 2116 vulgatis
1446 2045 1778 2107 editionibus

197 2142 552 2207 conciliorum,
583 2155 710 2211 qua
743 2149 925 2196 tamen
967 2148 1178 2194 comtat
1214 2140 1395 2195 habita
1441 2155 1548 2196 non
1585 2139 1773 2207 fuisse,

201 2246 381 2291 tantum
409 2251 474 2291 ne
501 2235 628 2307 quid
659 2233 814 2291 istius
837 2234 1143 2307 argumenti
1170 2234 1629 2304 praetermittatur,
1664 2233 1778 2291 sive

202 2345 358 2389 verum
382 2327 529 2398 illud,
563 2329 683 2389 sive
707 2327 902 2391 falsum
931 2329 1020 2385 sit.
1055 2327 1146 2393 Ait
1173 2343 1306 2397 ergo
1333 2328 1694 2400 Hieronymus
1724 2328 1778 2382 in
1814 2349 1818 2357 τ

206 2422 395 2494 Dialogo
439 2424 643 2479 advers.
693 2421 947 2494 Lucifer.,
997 2420 1121 2475 illos
1169 2420 1315 2489 ipsos
1361 2422 1646 2490 episcopos
1687 2420 1780 2490 qui

204 2529 302 2571 cum
326 2516 475 2570 beato
502 2515 780 2588 Cypriane
807 2518 1114 2573 statuerant
1144 2513 1428 2570 haereticos
1456 2527 1578 2568 esse
1626 2513 1783 2569 reba-

206 2610 473 2681 ptizaudos,
524 2610 592 2667 ad
643 2612 925 2681 antiquam
986 2608 1434 2669 consuetudinem
1484 2608 1782 2679 revolutos,

210 2718 374 2763 novum
394 2702 644 2763 emisisse
675 2703 980 2769 decretum,
1009 2718 1117 2774 quo
1142 2702 1399 2760 videlicet
1427 2702 1787 2759 damnabatur

216 2796 470 2867 superioris
508 2794 729 2853 concilii
786 2796 1035 2854 doctrina
1074 2795 1143 2852 de
1189 2795 1459 2869 baptismo
1501 2795 1789 2852 haeretico-

221 2903 323 2951 ιπω.

264 2984 381 3049 iluic
402 2982 725 3056 Hieronymi
746 2982 989 3051 opinioni
1007 2984 1175 3043 multa
1197 2999 1498 3057 repugnare
1512 2984 1785 3043 videntur.

212 3075 415 3135 Primum
444 3081 613 3147 enim,
651 3086 865 3134 constat
909 3080 1237 3136 auctoritate
1262 3081 1478 3137 concilii
1510 3081 1792 3137 Arelaten-

212 3168 286 3238 sis,
310 3171 538 3245 viguisse
586 3187 687 3251 per
720 3171 887 3227 multa
915 3180 1160 3247 tempora
1193 3182 1312 3243 post
1336 3174 1665 3245 Cyprianum
1693 3174 1793 3229 do-

212 3265 405 3321 ctrinam
434 3267 503 3322 de
532 3267 963 3336 rebaptizatione
1006 3267 1146 3337 apud
1182 3267 1358 3322 Afros.
1395 3268 1619 3334 Deinde,
1651 3268 1792 3324 istud

1877 1867 2091 1914 constat
2136 1875 2203 1915 ex
2245 1860 2412 1930 gestis
2470 1860 2776 1915 collationis
2821 1842 3263 1930 Carthaginiensis
3308 1867 3364 1914 et
3413 1873 3487 1913 ex

1878 1952 2123 2023 pluribus
2149 1954 2437 2024 Augustini
2469 1953 2625 2020 locis,
2653 1952 2797 2009 illius
2823 1954 3145 2009 auctoritate
3171 1950 3382 2008 concilii
3406 1966 3494 2007 re-

1881 2045 2156 2116 baptizare
2181 2060 2241 2102 se
2264 2046 2609 2116 iactitabant.
2642 2047 2905 2117 Denique,
2948 2047 3152 2103 nullum
3186 2048 3309 2101 novi
3342 2045 3496 2101 istius

1880 2138 2085 2193 decreti
2133 2138 2504 2197 testimonium
2541 2139 2668 2195 alibi
2696 2148 2872 2196 exstat
2916 2140 2969 2194 in
3003 2147 3112 2194 tota
3152 2139 3499 2210 antiquitate.

1881 2230 2038 2299 Quod
2071 2243 2248 2288 tamen
2280 2233 2325 2287 si
2356 2232 2568 2297 fuisset,
2604 2232 2744 2288 baud
2791 2231 2955 2289 dubie
2980 2248 3045 2288 eo
3071 2231 3153 2288 usi
3186 2230 3497 2303 frequenter

1884 2336 2065 2381 essent
2094 2325 2391 2385 adversarii
2424 2329 2849 2387 Donatistarum.
2896 2326 3118 2394 Contra,
3158 2326 3495 2399 Augustinus

1886 2419 1939 2476 in
1986 2421 2225 2491 Epistula
2270 2438 2434 2477 vaut
2480 2434 2703 2478 annutat
2747 2440 2853 2478 non
2897 2424 3127 2480 inveniri
3170 2423 3502 2495 Cyprianum

1886 2516 2214 2571 sententiam
2246 2515 2314 2571 de
2356 2516 2753 2588 rebaptizandis
2803 2518 3075 2575 haereticis
3120 2533 3270 2574 suam
3319 2533 3504 2574 corrc-

1886 2610 2064 2676 xisse;
2089 2609 2232 2680 quod
2262 2609 2429 2665 etiam
2458 2610 2638 2680 colligi
2667 2610 2880 2673 abunde
2908 2620 3087 2679 potest
3114 2626 3179 2666 ex
3208 2626 3329 2681 cap.
3372 2627 3464 2667 thl
3484 2649 3504 2678 ,

1888 2704 1985 2759 lib.
2020 2720 2080 2771 ιι,
2114 2713 2292 2759 contra
2322 2703 2686 2760 Gaudentium.
2717 2704 2904 2775 Itaque
2945 2705 3061 2761 ﬁeri
3090 2714 3267 2777 potest
3291 2715 3349 2759 ut
3374 2704 3505 2760 Hie-

1890 2814 2173 2872 ronymus,
2225 2816 2346 2856 cum
2378 2799 2585 2856 videret
2615 2800 3096 2871 rebaptizationem
3143 2816 3171 2854 a
3209 2799 3506 2862 Catholicis

1894 2892 2038 2949 Afris
2064 2893 2238 2963 rejici,
2268 2893 2515 2951 fortassis
2534 2893 2659 2951 odio
2684 2893 2944 2950 adversus
2976 2894 3304 2959 Donatistas,
3348 2902 3509 2963 puta-

1894 2987 2041 3043 verit
2076 2985 2236 3042 Ai‘ros
2283 2987 2350 3042 ad
2399 2989 2681 3059 antiquam
2732 2988 3175 3044 consuetudinem
3227 2988 3507 3044 revolutos

1895 3098 2015 3139 esse
2065 3084 2245 3137 statim
2298 3090 2419 3153 post
2469 3084 2754 3139 concilium
2804 3083 3046 3139 habitum
3079 3085 3180 3139 sub
3208 3084 3512 3155 Cypriane,

1818 3203 1864 3266 ρ
1896 3178 2347 3249 quemadmodum
2380 3176 2713 3250 Augustinus
2764 3179 2817 3235 in
2861 3178 2953 3234 lib.
3013 3193 3069 3232 ιιι
3112 3177 3176 3266 de
3214 3175 3507 3246 Baptismo,

1897 3287 2016 3343 cap.
2064 3272 2121 3337 2,
2172 3276 2246 3328 ait
2296 3272 2419 3327 illos
2472 3273 2537 3327 ad
2584 3274 2865 3344 pristinam
2916 3254 3367 3326 consuetudinem
3423 3285 3510 3325 re-

213 3357 360 3425 ipsum
386 3361 649 3431 probatur
674 3360 839 3417 etiam
883 3376 948 3416 ex
994 3360 1223 3416 concilio
1253 3359 1577 3431 Carthagine
1607 3360 1794 3418 habito
1897 3367 2061 3422 diisse
2086 3378 2209 3439 post
2234 3367 2605 3440 Agrippinum.
2635 3368 2838 3427 S'rsru.
2871 3367 3157 3424 Bawzws.
3187 3364 3369 3438 (Nova
3389 3364 3511 3421 Col-

212 3449 328 3517 spud
367 3450 588 3508 Gratum
636 3452 987 3523 episcopum;
1034 3451 1177 3522 quod
1206 3452 1333 3508 licet
1377 3454 1683 3509 constiterit
1726 3470 1795 3510 ex
1899 3458 2105 3532 lectio.)

212 3539 444 3614 episcopis
467 3558 702 3615 quorum
729 3545 943 3599 animus
962 3543 1261 3600 abhorrens
1287 3554 1404 3601 erat
1430 3562 1458 3599 a
1489 3546 1794 3617 rebaptiza-

227 3683 3498 3741 Μ

364 3844 722 3906 EPISTOLE
763 3844 1055 3905 DIONYSII
1080 3842 1549 3915 ALEXANDRINI
1594 3851 1899 3911 EPISCOPI
1935 3853 2029 3911 AD
2059 3852 2481 3919 STEPHANUM
2507 3853 2741 3911 PAPAM
2778 3852 3281 3915 FRAGMENTUM.

1692 4030 2089 4085 PROOEMIUM.

274 4202 501 4263 Subnexo
565 4210 856 4281 fragmento
907 4200 1158 4259 Eusebius
1205 4203 1469 4275 praemittit
1520 4222 1535 4260 :
1577 4203 1657 4259 Ad
1695 4204 2029 4275 Stephanum
2072 4204 2361 4277 Dionysius
2409 4206 2638 4277 primam
2691 4220 2901 4273 earum,
2945 4222 3065 4277 qua:
3108 4207 3178 4263 de
3216 4206 3504 4280 Baptismo

216 4302 510 4372 conscriptre
551 4311 704 4369 sunt,
737 4302 1019 4373 epistolam
1059 4300 1299 4355 exaravit
1344 4318 1357 4351 :
1398 4313 1518 4354 cum
1561 4315 1668 4354 non
1711 4299 2001 4355 mediocris
2033 4300 2400 4354 controversia
2440 4310 2627 4355 exorta
2669 4311 2847 4367 esset,
2896 4308 3076 4354 utrum
3126 4315 3253 4367 eos,
3298 4305 3391 4372 qui
3430 4319 3499 4358 ex

214 4393 430 4460 qualibet
480 4394 675 4451 haeresi
726 4405 1138 4461 convertuntur,
1198 4393 1473 4467 Baptismo
1529 4395 1741 4465 purgari
1783 4402 2081 4464 oporteret.
2156 4393 2364 4464 Quippe
2405 4396 2620 4465 antiqua
2670 4396 3007 4450 consuetudo
3061 4395 3395 4464 invaluerat,
3441 4404 3502 4451 ut

214 4482 259 4539 in
307 4490 563 4559 ejusmodi
609 4490 967 4562 suscipiendis
1014 4492 1127 4546 sola
1181 4505 1437 4545 manuum
1514 4488 1788 4557 impositio
1847 4504 1969 4543 cum
2041 4487 2441 4558 precationibus
2509 4486 2877 4542 adhiberetur.
2935 4487 3147 4542 Primus
3191 4486 3497 4560 Cyprianus

215 4580 289 4650 qui
318 4584 790 4658 Cartliaginensem
820 4593 946 4639 tunc
986 4585 1205 4655 regebat
1242 4583 1546 4649 ecclesiam,
1584 4583 1800 4636 nonnisi
1840 4597 1937 4653 per
1969 4582 2294 4651 baptismum
2329 4582 2478 4654 prius
2507 4582 2574 4638 ab
2609 4596 2801 4637 errore
2831 4581 3118 4636 mundatus
3134 4581 3500 4638 admittendus

215 4689 320 4735 esse
346 4683 573 4738 censuit.
635 4681 832 4738 Verum
872 4681 1177 4757 Stephanus
1204 4681 1336 4737 nihil
1365 4681 1620 4736 adversus
1652 4678 2018 4746 traditionem,
2053 4695 2173 4749 qua:
2193 4680 2303 4750 jam
2337 4678 2462 4735 inde
2486 4680 2554 4735 ab
2582 4678 2734 4733 initio
2764 4677 3091 4745 obtinuerat,
3136 4676 3502 4733 innovandum

217 4782 365 4841 ratus,
394 4777 709 4847 gravissime
740 4775 790 4830 id
833 4773 973 4829 tulit.
1028 4775 1108 4827 Ad
1142 4775 1281 4828 hunc
1309 4773 1472 4845 igitur
1493 4789 1613 4827 cum
1663 4770 1733 4826 de
1773 4771 1877 4828 hoc
1919 4784 2237 4844 argumento
2288 4772 2451 4826 multa
2488 4769 2771 4842 Dionysius
2803 4784 2897 4840 per
2926 4769 3137 4824 litteras
3165 4769 3500 4840 scripsisset,

219 4858 281 4926 illi
308 4869 400 4923 sub
429 4872 586 4927 linem
613 4870 880 4942 signiﬁcat
909 4884 1097 4923 omnes
1128 4867 1323 4939 ubique
1360 4867 1641 4934 ecclesias,
1677 4865 1886 4922 mollito
1912 4866 2021 4937 jam
2052 4866 2441 4937 persecutionis
2472 4863 2677 4929 furore,
2737 4862 2927 4918 Novati
2961 4862 3320 4919 turbulentam
3354 4865 3506 4919 novi-

220 4962 365 5015 tatem
386 4962 735 5031 detestantes,
767 4965 905 5019 inter
927 4977 985 5017 se
1008 4976 1191 5032 pacem
1221 4959 1428 5017 iniisse.
1490 4959 1579 5018 Sic
1608 4971 1789 5021 autem
1818 4963 2005 5017 scribit
2037 4962 2274 5036 (Euscb.,
2317 4963 2407 5019 lib.
2437 4978 2548 5029 vin,
2574 4977 2621 5015 c.
2654 4959 2710 5026 2,
2740 4960 2775 5015 5
2796 4972 2844 5014 et
2874 4958 2963 5033 ὁ).

283 5099 420 5156 Scias
446 5112 645 5169 autem,
677 5104 857 5169 frater,
887 5113 1107 5158 cunctas
1136 5116 1230 5171 per
1265 5097 1538 5156 Orientem
1567 5107 1623 5154 et
1650 5097 1763 5154 ulte

1994 5104 2093 5155 Ισθι
2119 5099 2172 5155 δὲ
2200 5104 2309 5167 νῦν,
2346 5098 2547 5174 ἀδελφέ,
2578 5095 2656 5153 ὅτι
2698 5099 2915 5156 ἥνωνται
2962 5101 3131 5152 πᾶσαι
3182 5096 3236 5151 αἱ
3257 5099 3507 5173 πρότερον

224 5188 323 5251 rius
347 5197 540 5267 positas
559 5196 850 5267 Ecclesias,
865 5213 985 5270 qua:
1008 5196 1154 5270 prius
1182 5205 1338 5253 erant
1365 5196 1630 5261 discissm,
1652 5210 1760 5255 nun

1989 5194 2261 5265 τχισμέναι
2296 5193 2429 5246 κατά
2470 5213 2526 5247 τε
2559 5194 2659 5251 τὴν
2706 5192 2952 5253 ἀνατολὴν
2982 5189 3266 5258 ἐκκλησίαι,
3292 5193 3379 5246 καὶ
3428 5190 3507 5247 ἔτι

1537 5313 1901 5381 VARIORUM
1939 5312 2169 5369 NOT/E.

291 5420 526 5486 Primam.
569 5432 692 5489 Ideo
719 5434 947 5503 primam
980 5428 1245 5489 Eusebius
1276 5441 1431 5503 vocat
1450 5473 1467 5497 ,
1502 5432 1624 5501 quia
1654 5431 1794 5487 idem
1821 5429 1878 5491 D
1907 5427 2301 5503 propugnabut,
2331 5435 2453 5481 ante
2474 5426 2540 5483 ab
2561 5427 2827 5503 leoniensi
2855 5426 3390 5503 conciliotirmatam
3409 5425 3511 5503 doc

231 5490 494 5575 Diapysius
521 5490 969 5574 exinde'qnatuor
999 5505 1131 5558 alias
1163 5511 1274 5557 tum
1300 5502 1367 5557 ad
1394 5490 1620 5575 xystum
1640 5512 1795 5575 ,7tnm
1824 5490 1833 5491 ί
1904 5490 2018 5575 cet.
2056 5490 2165 5554 Non
2205 5490 2363 5575 igitur
2402 5501 2681 5575 sententia:
2711 5500 2778 5575 de
2822 5500 3161 5575 baptiuindis
3204 5500 3512 5575 haereticis,

233 5567 289 5648 ad
318 5567 612 5648 Dionysium
643 5567 901 5648 Stephani
932 5590 1297 5648 successtires.
1332 5567 1534 5643 pariter
1565 5567 1802 5645 de’Bap-
1906 5572 2001 5648 sed
2037 5567 2419 5648 controversigc
2458 5586 2523 5648 ea
2562 5570 2628 5624 de
2668 5586 2727 5625 re
2759 5567 2906 5648 intcf
2933 5572 3092 5648 Afros
3132 5587 3194 5626 ac
3239 5571 3518 5648 Romanos

236 5642 383 5718 tismo
408 5642 774 5703 biereticormit
806 5648 1148 5718 conscripsit.
1181 5642 1509 5718 Consum,
1568 5717 1572 5718 ί
1744 5642 1753 5645 ⁷
1906 5644 2197 5718 Pontiﬁces
2238 5654 2375 5703 natae
2414 5645 2616 5713 primus
2646 5651 2833 5697 auctor
2862 5642 3168 5714 Cyprianus
3197 5642 3512 5698 censendus

284 5709 513 5793 “Primus.
551 5719 665 5790 Ipse
702 5720 1003 5792 Cyprianus
1027 5709 1197 5789 'epist.
1228 5714 1260 5773 '7
1274 5720 1292 5774 ι
1318 5761 1333 5784 ,
1376 5717 1442 5771 ad
1470 5717 1720 5793 Quintum
1749 5725 1805 5770 et
1909 5712 2351 5793 CSILCOUSQFT.

240 5779 348 5860 alibi
365 5779 728 5860 égrippi'num,
748 5779 1098 5853 decessorem
1125 5807 1305 5857 suum,
1320 5779 1563 5858 sequi—"se
1584 5788 1805 5860 proﬁte—

1989 5782 2197 5838 Novuti.
2227 5788 2375 5843 More
2401 5805 2497 5844 suo
2522 5784 2786 5843 Eusebius
2815 5786 2900 5842 hic
2930 5783 3151 5847 Novati,
3188 5786 3310 5840 loco
3341 5785 3521 5838 Nova-

243 5857 335 5905 tut.
363 5855 692 5922 Firmilianus
715 5855 898 5922 autem
928 5864 1250 5920 scntentiam
1267 5855 1296 5934 ,⁷
1315 5855 1473 5933 quam
1503 5855 1806 5931 Cyprianus

1913 5858 2038 5911 lirmi
2057 5900 2071 5925 ,
2104 5872 2301 5912 nomen
2333 5860 2630 5917 substituit.
2662 5856 2719 5915 lu
2752 5874 2815 5916 eo
2836 5901 2850 5928 ,
2884 5855 3030 5930 quod
3060 5857 3368 5925 antecedit,
3401 5858 3524 5914 viro
