3700 6276
317 284 447 343 ’1111

390 402 454 459 ll.
485 402 594 460 Nec
613 420 710 462 uos
726 400 922 467 movet.
946 407 1462 473 lratercharissime,
1481 406 1622 480 quod
1643 408 1694 462 in
1715 407 1909 463 litteris

319 499 427 553 tuis
441 501 758 571 complexus
769 514 850 564 es,
867 500 1292 557 Novatianeuses
1312 502 1648 573 rebaptizare
1661 517 1756 558 eos
1775 515 1909 572 quos

318 605 347 645 a
372 592 525 646 nobis
549 591 874 661 sollicitant,
926 594 1143 663 quando
1164 594 1230 649 ad
1270 609 1367 650 nos
1408 596 1628 651 omnino
1654 610 1758 649 non
1788 609 1909 666 per-

320 683 486 738 tineat
508 683 632 753 quid
659 684 842 739 hostes
871 685 1127 742 Ecclesim
1156 687 1374 753 iaciant,
1405 688 1698 743 dummodo
1723 699 1906 744 tenea-

317 792 435 832 mus
466 777 565 847 ipsi
597 781 875 848 potestatis
907 790 1108 836 nostrxe
1151 782 1410 837 honorem
1460 794 1514 839 et
1543 783 1770 838 rationis
1791 792 1817 819 ι
1843 797 1907 838 ac

317 870 560 923 veritatis
591 871 916 925 lirmitutem.
942 871 1072 927 Nam
1101 873 1457 942 Novatianus,
1494 874 1768 930 simiarum
1793 890 1908 930 mo-

318 980 412 1027 re,
454 979 575 1034 qua:
626 979 747 1019 cum
779 966 1025 1023 homines
1080 985 1183 1022 nou
1214 969 1351 1035 sint,
1390 969 1621 1024 humana
1647 969 1675 1008 ι)
1728 983 1905 1025 tamen

328 1055 629 1123 imitantur,
668 1058 782 1112 vult
820 1058 1078 1115 Ecclesia:
1100 1061 1381 1117 catholicae
1411 1064 1781 1118 auctoritatem
1803 1064 1905 1120 sibi

315 1160 371 1205 et
409 1150 687 1204 veritatem
713 1152 989 1207 vindicare
1012 1196 1026 1220 ,
1057 1155 1273 1224 quatnlo
1313 1155 1427 1226 ipse
1451 1156 1503 1210 in
1536 1155 1775 1211 Ecclesia
1799 1172 1904 1211 non

313 1244 404 1308 sit,
436 1243 601 1299 immo
640 1242 817 1299 adhuc
859 1246 1078 1316 insuper
1119 1257 1306 1301 contra
1353 1247 1650 1302 Ecclesium
1691 1248 1906 1305 rebellis

312 1346 366 1389 et
390 1336 557 1390 hostis
580 1336 844 1392 extiterit.
872 1337 1062 1394 Sciens
1078 1340 1275 1393 ctenim
1293 1355 1455 1393 unum
1475 1354 1595 1395 esse
1618 1340 1903 1411 baptisma,

310 1429 417 1485 hoc
444 1446 604 1485 unum
629 1431 728 1485 sibi
763 1432 999 1487 vindicat
1039 1443 1094 1486 ut
1135 1432 1275 1504 apud
1308 1448 1367 1489 se
1419 1448 1540 1489 esse
1605 1434 1902 1491 Ecclesium

313 1522 457 1576 dicat
484 1532 537 1575 ct
570 1539 667 1575 nos
699 1521 983 1580 hmreticos
1008 1525 1184 1579 faciat.
1216 1525 1325 1579 Nos
1354 1536 1558 1590 autem,
1591 1527 1683 1597 qui
1714 1527 1903 1584 Eccle-

313 1617 405 1672 siae
428 1616 584 1671 unius
615 1627 774 1686 caput
803 1627 857 1673 et
887 1616 1122 1673 radicem
1153 1628 1428 1687 tenemus,
1480 1635 1574 1690 pro
1601 1631 1749 1676 certo
1794 1622 1904 1677 sci-

312 1727 431 1767 mus
456 1724 511 1768 et
536 1712 748 1767 lidimus
773 1713 905 1769 nihil
937 1715 1012 1770 illi
1037 1725 1187 1770 extra
1245 1715 1542 1772 Ecclesium
1591 1718 1790 1786 licere,
1849 1730 1905 1774 et

311 1806 582 1876 Baptisma
628 1814 652 1845 ε
697 1807 839 1877 quod
872 1817 955 1863 est
985 1824 1182 1876 unum,
1215 1809 1354 1879 apud
1390 1826 1489 1866 nos
1516 1825 1671 1877 esse,
1718 1812 1805 1866 ubi
1851 1823 1906 1867 et

312 1900 429 1970 ipse
457 1902 756 1971 baptizatus
785 1904 933 1972 prius
959 1903 1132 1958 fuerat
1151 1947 1166 1970 ,
1215 1905 1431 1975 quando
1457 1906 1654 1960 divina:
1685 1906 1905 1963 unitatis

311 2007 366 2053 et
392 1997 655 2053 rationem
678 2008 731 2053 et
755 1999 1035 2054 veritatem
1062 1999 1299 2055 tenebat.
1328 2000 1480 2070 Quod
1507 2001 1552 2056 si
1578 2001 1630 2055 in
1667 2001 1905 2056 Ecclesia

306 2090 607 2160 baptizatos
634 2090 1042 2162 rebuptizandos
1072 2092 1203 2148 furis
1230 2105 1377 2148 extra
1412 2093 1705 2149 Ecclesium
1729 2093 1907 2149 Nova-

312 2184 488 2239 tiauus
531 2185 836 2249 existimat,
867 2202 895 2238 τι
940 2200 1001 2241 se
1031 2186 1271 2257 incipere
1315 2186 1609 2251 debuerat,
1662 2198 1720 2243 ut
1759 2188 1906 2259 prior

310 2289 572 2333 extraneo
616 2287 672 2333 et
718 2280 971 2334 lueretico
1017 2278 1281 2349 baptismo
1309 2282 1771 2349 rebaptizaretur,
1813 2281 1907 2352 qui

309 2378 434 2439 post
479 2370 774 2426 Ecclesium
807 2371 973 2426 immo
1006 2382 1061 2427 et
1081 2379 1269 2426 contra
1300 2370 1600 2427 Ecclesium
1632 2371 1906 2443 baptizan-

309 2466 409 2518 dos
430 2464 564 2520 foris
592 2464 861 2536 opinatur.
909 2464 1077 2533 Quale
1121 2477 1202 2522 est
1248 2478 1426 2522 autem
1483 2477 1543 2521 ut
1570 2510 1584 2533 ,
1627 2469 1752 2539 quia
1804 2468 1907 2522 hoc

314 2559 645 2615 Novatiauus
671 2561 850 2616 facere
873 2561 1073 2628 audet,
1124 2576 1225 2616 nos
1255 2569 1506 2631 putemus
1536 2576 1640 2617 nou
1681 2576 1802 2617 esse
1831 2562 1906 2614 l’a-

308 2655 598 2712 ciendum?
644 2654 780 2722 Quid
835 2655 1010 2725 ergo?
1073 2656 1197 2724 quia
1238 2667 1291 2710 et
1346 2655 1607 2710 honorem
1634 2654 1907 2710 cathedra:

308 2748 662 2806 sacerdOtalis
692 2749 1049 2806 ‘Novatiunus
1080 2759 1334 2819 usurpat.
1389 2766 1517 2806 num
1550 2749 1753 2806 idcirco
1805 2763 1906 2803 uos

306 2846 582 2902 cathedrae
614 2847 928 2902 renuntiare
964 2846 1264 2902 debemus?
1293 2846 1402 2903 Aut
1426 2847 1549 2918 quia
1574 2847 1907 2904 Novatiauus

312 2942 487 2997 altare
509 2941 778 2997 collocare
806 2950 861 2997 et
882 2941 1142 2996 sacrilicia
1167 2940 1362 2998 offerre
1381 2950 1570 2997 contra
1599 2942 1678 2996 fas
1699 2942 1904 3010 nititur,

307 3034 377 3087 ab
405 3034 559 3088 altari
586 3041 640 3088 et
665 3033 945 3089 saeriﬁciis
976 3049 1190 3092 cessare
1233 3049 1330 3089 nos
1367 3042 1616 3106 oportet,
1657 3050 1724 3088 ne
1753 3035 1906 3106 paria

313 3135 369 3182 et
392 3127 584 3181 similia
607 3142 727 3181 cum
757 3126 852 3182 illo
871 3125 1149 3182 celebrare
1172 3125 1485 3181 videamur?
1510 3125 1718 3182 Vanum
1750 3143 1904 3197 pror-

315 3237 408 3277 sus
438 3232 492 3278 et
524 3222 748 3277 stultum
780 3232 863 3278 est
894 3232 952 3277 ut
972 3262 986 3283 .
1037 3223 1160 3292 quia
1190 3221 1520 3277 Novatiunus
1540 3231 1692 3278 extra
1726 3222 1911 3307 Ecclef

314 3316 450 3369 siam
485 3316 721 3371 vindicat
751 3315 851 3369 sibi
883 3314 1124 3370 veritatis
1152 3315 1476 3386 imaginem,
1540 3317 1908 3387 relinquamus

303 3409 567 3466 Ecclesim
593 3409 620 3447 ιι
648 3409 955 3465 veritatem.

380 3504 463 3558 Ill.
510 3503 666 3573 Apud
699 3518 799 3557 nos
845 3514 1025 3559 autem
1057 3520 1163 3559 nou
1195 3520 1329 3560 nova
1380 3515 1475 3561 attt
1502 3508 1783 3576 repentina
1814 3523 1905 3565 res
1982 3566 1983 3571 η

305 3608 420 3664 est,
475 3608 533 3651 ut
586 3596 936 3667 baptizandus
978 3612 1297 3653 censeamus
1338 3615 1432 3654 eos
1488 3601 1575 3671 qui
1609 3600 1677 3655 ab
1728 3602 1901 3656 haere-

1514 3735 1893 3796 LECTIONES

368 3879 394 3906 ³
428 3874 685 3926 Rationem
713 3876 847 3925 Lam.
874 3870 1018 3924 Ebor.
1056 3872 1165 3927 ΝΟ.
1196 3873 1245 3924 1.

365 3939 395 3975 τι
428 3937 516 3990 Sic
540 3942 672 3991 Lam.
711 3937 857 3990 Ebor.
892 3935 1019 3988 Bod.
1047 3938 1096 3993 1.
1129 3939 1179 3986 2.
1214 3936 1319 3988 Liu.
1346 3939 1452 3990 NG.
1493 3939 1547 3997 t,
1576 3939 1624 3990 2.
1663 3936 1902 3989 Homines

304 4007 514 4118 οίξωὲὼ
540 4068 675 4117 Lam.
700 4063 848 4116 Ebor.
873 4062 1000 4116 Bod.
1034 4066 1074 4124 ι,
1098 4065 1149 4115 2.
1192 4067 1239 4117 Ν
1247 4064 1304 4115 C.
1331 4065 1377 4124 l,
1403 4062 1451 4114 2.
1477 4063 1541 4114 Et
1578 4064 1898 4126 baptismatis,

303 4131 433 4194 quod
460 4138 538 4181 est
560 4142 713 4179 unum
738 4128 898 4181 Oxon.
1836 4186 1847 4197 .

352 4195 393 4256 id
428 4192 693 4256 Relinquat
714 4191 951 4243 Ecclesia:
985 4191 1117 4242 Lam.
1146 4192 1274 4244 Bod.
1318 4191 1363 4252 1,
1387 4190 1436 4241 2.
1463 4191 1571 4244 ΝΕ.
1620 4191 1663 4253 l,
1705 4190 1754 4241 9..
1793 4190 1897 4243 Lm.

298 4255 781 4371 Rbngonversorum
807 4319 938 4369 Lam.
968 4318 1091 4369 Bod.
1128 4317 1173 4367 2.
1200 4317 1340 4370 Ebor.
1368 4317 1478 4369 ΝΟ.
1505 4317 1553 4366 1.

366 4380 387 4420 f
425 4380 511 4433 Sic
534 4384 664 4433 Lam.
694 4383 816 4431 Bod.
842 4382 891 4443 l,
913 4380 963 4431 2.
989 4381 1135 4433 Ebur.
1166 4379 1405 4445 Lin._NC.
1434 4381 1480 4431 1.
1504 4379 1657 4430 2.Els
1674 4381 1832 4433 Oxon.
1852 4386 1899 4431 et

1334 286 1663 345 EPIS'I‘OLA
1705 289 1763 345 S.
1802 287 2125 344 CYPBIANI
2152 285 2671 355 ADJUBAIANUBI,

3357 306 3457 363 iiii

1934 414 1984 473 Α
2014 407 2137 463 ticis
2164 406 2232 461 ad
2273 406 2567 462 Ecclesium
2597 406 2851 470 veniunt,
2876 409 3075 478 quando
3115 413 3244 467 multi
3265 415 3349 483 tam
3373 427 3459 479 mi

2012 500 2123 554 siut
2148 509 2204 554 et
2250 500 2409 570 longa
2435 508 2568 553 actas
2595 514 2661 553 ex
2691 514 2799 569 quo
2828 499 2925 554 sub
2952 502 3219 572 Agrippino
3242 505 3361 562 bona
3393 527 3467 569 rae.

2012 593 2204 648 moria:
2234 592 2353 647 viro
2382 593 2770 648 convenientes
2816 594 2869 647 in
2898 609 3053 649 unum
3077 595 3282 667 episcopi
3320 603 3474 670 plurimi

2010 682 2115 739 hoc
2146 686 2471 751 statuerint,
2494 695 2658 754 atque
2678 683 2877 739 exinde
2904 685 2956 739 in
2982 683 3265 743 hodiernum
3284 700 3348 745 tot
3363 695 3480 754 millia

2012 776 2391 833 ha'reticorum
2424 779 2476 831 in
2508 776 2803 848 provinciis
2845 778 3011 833 uestri
3037 778 3098 833 ad
3127 780 3372 838 Ecclesium
3395 802 3485 844 con.

2013 871 2179 935 versi,
2213 880 2237 907 ο
2265 886 2374 925 non
2407 869 2682 939 aspernati
2713 868 2824 924 sint
2862 883 3033 940 neque
3058 874 3285 938 cunctati,
3307 876 3489 936 inuncet

2011 963 2408 1019 ratitmabiliter
2421 975 2473 1017 et
2495 962 2729 1018 libenter
2742 963 2973 1033 amplexi
2989 964 3092 1018 sint
3115 974 3168 1019 ut
3182 966 3350 1022 1.:vacri
3368 970 3491 1029 vitalis

2009 1064 2065 1109 et
2093 1055 2342 1111 salutaris
2363 1053 2628 1124 Baptismi
2653 1055 2880 1125 gratiam
2909 1068 3346 1124 consequerentur.
3365 1059 3493 1132 Neque

2008 1148 2151 1203 enim
2177 1145 2397 1203 dil‘licile
2418 1155 2503 1201 est
2526 1144 2735 1200 doctori
2767 1162 2891 1201 vera
2920 1154 2976 1201 et
3000 1146 3218 1217 legitima
3243 1149 3489 1209 insinuaret

2008 1242 2056 1297 ei
2079 1242 2167 1311 qui
2200 1239 2451 1295 haeretica
2497 1240 2763 1310 pravitate
2803 1240 3090 1307 damnata,
3126 1251 3178 1297 et
3220 1243 3493 1305 eccles'astica

2011 1336 2236 1389 veritate
2262 1342 2540 1403 comperta
2558 1374 2574 1396 ,
2602 1333 2669 1387 ad
2702 1332 2806 1387 hoc
2834 1334 2981 1389 venit
3005 1342 3030 1381 ε
3061 1342 3117 1387 ιιι
3143 1332 3401 1401 di~cut,atl
3425 1339 3495 1396 hoc

2009 1427 2170 1483 discit
2199 1437 2257 1482 ut
2278 1428 2443 1482 vivat.
2476 1426 2585 1481 Nos
2616 1441 2722 1482 non
2753 1426 3017 1483 debemus
3055 1437 3309 1498 stuporem
3336 1428 3359 1465 ¹ι
3382 1434 3501 1487 bare-

2011 1521 2129 1576 ticis
2159 1519 2458 1589 patrocinio
2472 1533 2773 1575 consensus
2798 1520 2970 1575 nostri
2989 1534 3198 1590 augere,
3218 1535 3325 1576 cum
3337 1521 3504 1582 libenter

2007 1628 2072 1668 ac
2100 1621 2349 1684 prompte
2371 1611 2754 1683 obtemperant
2781 1612 3015 1669 veritati.

2080 1722 2171 1791 IV,
2210 1723 2396 1790 Plane,
2417 1722 2669 1794 quoniam
2692 1723 2872 1778 iuveni
2904 1724 2958 1777 iu
2983 1722 3203 1793 epistola
3219 1723 3354 1794 cujus
3368 1740 3499 1783 exon.

1935 1818 1982 1879 B
2010 1818 2159 1888 plum
2180 1816 2247 1871 ad
2281 1832 2367 1871 me
2392 1816 2772 1880 transmisisti,
2814 1815 3077 1887 scriptum
3121 1831 3233 1872 esse
3256 1819 3378 1888 quod
3411 1836 3509 1888 quc-

2017 1908 2239 1966 reudum
2267 1924 2374 1963 non
2407 1909 2476 1962 sit
2503 1908 2624 1978 quis
2647 1907 2999 1978 baptizaverit
3019 1950 3035 1975 ,
3063 1909 3264 1976 quando
3287 1910 3327 1964 is
3340 1911 3412 1980 qui
3428 1911 3513 1982 lup
3614 1914 3623 1982 ξ

2015 2004 2209 2059 tizatus
2261 2004 2330 2058 sit
2376 2001 2628 2071 accipere
2651 2015 2935 2057 remissam
2982 2013 3299 2070 peccatorum
3351 2006 3517 2072 potuerit

2013 2094 2311 2150 secundum
2339 2091 2484 2163 quod
2509 2091 2766 2155 credidit,
2788 2093 3216 2163 praetereundum
3245 2091 3367 2149 hunc
3397 2093 3518 2150 locum

2013 2203 2122 2247 non
2155 2187 2337 2257 putavi
2356 2228 2371 2252 ,
2403 2186 2636 2242 maxime
2661 2200 2783 2240 cum
2815 2187 2868 2240 in
2893 2186 3085 2242 eadem
3111 2188 3318 2255 epistola
3342 2189 3519 2244 animad-

2010 2283 2267 2337 verterim
2290 2282 2452 2336 etiam
2480 2279 2766 2335 Marcionis
2797 2278 2918 2335 ﬁeri
2953 2282 3269 2336 mentionem
3287 2325 3299 2348 ,
3324 2293 3373 2336 ut
3389 2299 3465 2338 nec
3480 2283 3523 2337 ab

2012 2375 2138 2445 ipso
2183 2375 2467 2430 venientes
2496 2374 2642 2428 dicat
2686 2373 2955 2443 baptizari
2986 2384 3258 2443 oportere.
3298 2374 3416 2447 quod
3450 2375 3524 2445 jam

2011 2469 2067 2523 in
2123 2468 2345 2523 nomine
2400 2467 2527 2524 Jesu
2576 2470 2780 2527 Christi
2826 2467 3086 2537 baptizati
3136 2483 3249 2522 esse
3293 2468 3524 2524 videantur.

2010 2558 2374 2617 Considerare
2403 2562 2584 2634 itaque
2607 2563 2871 2618 debemus
2904 2562 3070 2617 tidem
3107 2574 3280 2616 eorum
3321 2562 3398 2631 qui
3437 2561 3527 2615 loris

2016 2654 2276 2719 credunt,
2304 2670 2372 2709 an
2399 2657 2693 2710 secundum
2716 2655 2971 2711 eumdem
2991 2653 3147 2709 fidem
3179 2654 3362 2725 possint
3383 2655 3526 2729 aliquid

2011 2749 2199 2819 gratiae
2226 2750 2504 2821 consequi.
2560 2749 2691 2805 Nam
2732 2752 2777 2805 si
2810 2749 2948 2805 ﬁdes
2973 2764 3078 2804 una
3107 2758 3188 2804 est
3226 2750 3363 2803 nobis
3384 2760 3429 2805 et
3449 2749 3525 2805 ha-

2014 2841 2218 2905 reticis,
2245 2852 2424 2912 potest
2448 2858 2567 2899 esse
2593 2853 2648 2898 et
2673 2844 2844 2915 gratia
2872 2858 3002 2898 una.
3027 2842 3082 2899 Si
3105 2843 3333 2898 eumdem
3356 2855 3525 2913 palma,

2010 2932 2259 2988 eumdem
2284 2934 2472 2997 lilium.
2504 2937 2755 2991 eumdem
2794 2935 3060 3006 Spiritum
3081 2944 3325 2999 sanctum,
3348 2936 3526 2990 eamdem

2014 3025 2311 3081 Ecclesium
2360 3028 2688 3083 conﬁtentur
2714 3030 3002 3085 nobiscum
3044 3012 3423 3098 Patripassiani,
3449 3026 3523 3087 Διι-

2013 3116 2320 3187 thrOpiani,
2363 3118 2748 3187 Valentiniani,
2777 3122 3172 3193 Appelletiani,
3198 3121 3524 3192 0pbits:.ilsr-
3584 3150 3599 3161 α

1938 3218 1983 3281 C
2016 3214 2267 3280 cionitae,
2314 3224 2370 3270 et
2415 3225 2627 3271 extera:
2659 3216 3044 3272 haereticorum
3078 3226 3251 3288 pestes
3275 3225 3323 3272 et
3363 3216 3520 3287 gladiii

2014 3320 2080 3359 ac
2103 3319 2306 3360 venena
2336 3306 2711 3363 subvertenda:
2738 3309 2991 3364 veritatis
3012 3352 3027 3375 ,
3062 3320 3229 3380 potest
3253 3309 3345 3364 illic
3361 3320 3402 3365 et
3427 3309 3523 3379 Bap-

2007 3399 2162 3454 tismu
2186 3415 2348 3455 unum
2379 3413 2533 3467 esse,
2555 3400 2600 3456 si
2627 3411 2710 3457 est
2742 3412 2796 3458 et
2816 3401 2957 3458 ﬁdes
2987 3418 3114 3458 una.

2089 3513 2149 3565 V.
2182 3514 2289 3579 Ac,
2332 3528 2400 3569 ne
2445 3514 2659 3585 longum
2681 3516 2751 3570 sit
2786 3529 2882 3585 per
2916 3516 3157 3570 hatreses
3184 3515 3417 3570 universas
3447 3514 3512 3569 tir-

2012 3612 2233 3661 ‘currere
2290 3616 2344 3662 et
2388 3607 2715 3677 singularum
2777 3607 2864 3663 vel
2901 3608 2916 3658 i
2961 3608 3191 3679 ineptias
3239 3606 3311 3663 vel
3350 3606 3520 3663 insanias

1930 3742 2341 3803 VARIANTES.

2003 3876 2109 3929 alii.

2070 3944 2098 3983 ⁸
2134 3941 2221 3995 Sic
2244 3943 2376 3995 Lam.
2402 3943 2548 3996 Ebor.
2580 3944 2703 3996 Bod.
2732 3944 2778 4006 1,
2807 3943 2852 3996 2.
2882 3945 2990 3996 Litt.
3022 3946 3130 3997 ΝΟ.
3158 3946 3202 4005 1,
3227 3945 3270 3993 2.
3291 3936 3505 4004 Veniuutlut

2004 4003 2202 4057 discant
2225 4020 2290 4056 an
2314 4009 2473 4060 0m.

2067 4065 2100 4106 ιι
2128 4068 2230 4121 Nos
2250 4082 2347 4119 non
2383 4072 2565 4135 demus
2596 4077 2851 4135 stuporem
2882 4071 3146 4122 hareticis
3182 4070 3401 4135 psmn
3424 4077 3511 4115 m-

2000 4143 2186 4201 set35tt_s_
2204 4135 2383 4201 nostri,
2398 4146 2519 4201 cum
2537 4129 3071 4201 Lrtqn.'El:or._Bod._l,
3089 4129 3427 4201 Δ2.-Ιῐίξερηίέιεη

2071 4188 2089 4232 ί
2127 4194 2214 4246 Sic
2238 4187 2538 4259 Lant.Ebor.
2568 4194 2673 4247 Litt.
2702 4197 2811 4248 ΝΟ.
2840 4198 2887 4257 ι,
2912 4196 2963 4246 2.
2987 4187 3117 4248 add.
3139 4198 3184 4259 ι,
3205 4196 3247 4246 2.
3271 4187 3516 4244 mactatis

2005 4268 2062 4305 ac
2083 4258 2293 4307 venenis
2316 4260 2473 4311 Oxon.

2075 4319 2089 4369 i
2131 4320 2217 4369 Sic
2239 4319 2383 4372 Ebor.
2407 4319 2532 4371 Bod.
2556 4322 2599 4386 1,
2626 4321 2676 4372 2.
2700 4320 2805 4374 Litt.
2828 4325 2878 4375 Ν
2883 4321 2937 4372 C.
2968 4324 3015 4382 1,
3042 4323 3087 4374 Ξ.
3112 4318 3386 4387 Singulontm
3402 4316 3513 4368 Om.

1483 4510 1761 4581 lsrsptt.
1803 4511 2080 4572 BALUZII
2116 4514 2346 4573 NOTAE.

294 4664 502 4725 septem
531 4652 965 4725 Aoglicanorum.
980 4652 1159 4725 Antea
1172 4648 1447 4718 legebatur
1466 4648 1715 4725 baptizari
1746 4666 1779 4703 a
1797 4666 1892 4704 no.

300 4720 397 4784 bis.
430 4720 745 4800 Quicumque
785 4740 904 4794 ergo
940 4721 1003 4775 ab
1033 4720 1359 4800 adulter-oft
1383 4723 1604 4800 profana
1631 4736 1891 4800 aqua”.

302 4790 710 4853 uiuut'abluendi
732 4790 859 4852 sunt
876 4804 926 4848 et
946 4790 1318 4858 sanctiﬁcondi.
1338 4790 1414 4844 Ita
1438 4790 1601 4845 etiam
1631 4790 1890 4850 incodice

302 4870 475 4925 sancti
495 4867 783 4936 Arnulpbi,
818 4866 920 4920 nisi
942 4861 1088 4936 quod
1112 4861 1182 4915 ibi
1215 4861 1407 4936 legitur
1434 4861 1702 4917 venientes.

377 4932 784 4998 ll.-—-Humana.
798 4936 947 4992 Hanc
971 4932 1251 4988 lectionem
1272 4932 1468 4988 habent
1482 4934 1888 5003 quatuordecim

302 5013 626 5082 exemplaria
644 5017 825 5082 nostra
841 5016 895 5060 et
907 5015 1112 5082 septem
1126 5003 1679 5082 QnglicaNoxautem
1693 5016 1884 5082 tamen,

301 5101 422 5156 qua:
463 5075 726 5156 sequitur.
750 5079 906 5156 deest
938 5077 989 5130 in
1018 5075 1256 5156 pluribus
1273 5075 1588 5156 earumdem
1611 5077 1888 5156 exempla-

298 5146 458 5235 rium.
482 5146 881 5235 ln'Corbeiettsi
907 5148 1253 5235 pro‘ltum'aqa.
1278 5146 1474 5235 legitur
1500 5146 1881 5205 humanitatem.

371 5228 657 5284 Extranco.
688 5220 870 5275 Codex
906 5217 964 5275 Β.
995 5217 1256 5288 Arnulphi
1281 5217 1527 5274 extrario.

378 5299 744 5368 Relinquamus
765 5288 1191 5347 Ecclesithdem
1217 5290 1409 5359 codex,
1443 5291 1698 5362 relinquat
1724 5293 1890 5350 eccle-

295 5391 391 5432 aa.

369 5444 462 5503 111.
490 5468 564 5482 --
599 5435 777 5508 longe
801 5445 945 5491 tetas.
972 5433 1108 5508 Vide
1148 5434 1551 5508 observationes
1580 5435 1798 5508 Rigaltii
1818 5436 1888 5494 ad

296 5518 442 5574 hunc
498 5514 693 5566 locum.
713 5505 859 5564 'Vide
886 5507 1048 5564 etiam
1075 5505 1345 5563 Sirmde
1376 5515 1534 5565 notas
1576 5507 1645 5563 ad
1690 5507 1885 5565 librum

297 5606 344 5646 χ’
365 5582 621 5645 Facundi.

367 5656 450 5713 Ad
477 5654 572 5709 hoc
594 5654 723 5711 venit
739 5662 792 5708 ut
812 5652 994 5709 discat.
1024 5650 1099 5705 Ita
1126 5666 1236 5706 xm
1263 5648 1384 5706 libri
1414 5652 1581 5706 nostri
1606 5660 1814 5708 veteres
1829 5661 1883 5708 et

295 5742 500 5801 septem
530 5725 827 5797 Anglicani.
847 5725 1034 5796 Neque
1058 5721 1294 5778 dubitari
1318 5730 1493 5792 potest
1506 5722 1635 5793 quin
1662 5722 1777 5779 haec
1804 5724 1881 5779 te—

292 5805 403 5859 ctio
420 5801 492 5855 sit
514 5801 732 5871 optima.

358 5863 608 5930 Debemus
633 5882 910 5943 stuporem.
955 5866 1072 5921 Duo
1100 5863 1222 5918 libri
1255 5872 1484 5930 veteres,
1516 5864 1753 5919 debemus
1777 5874 1878 5921 stu-

1994 4669 2119 4724 pore
2146 4655 2399 4710 hareticis
2428 4658 2735 4724 patrocincri
2760 4656 3024 4712 horruit-os
3044 4664 3090 4709 et
3108 4650 3510 4724 consensusinostti.

1993 4723 2099 4780 etc.
2113 4726 2218 4782 Sex
2246 4727 2544 4798 Anglicani,
2564 4745 2666 4783 non
2686 4730 2924 4784 deocuius
2938 4737 3196 4792 stuporem
3219 4723 3432 4779 heretici:
3443 4734 3509 4791 pl-

1993 4798 2207 4853 trocinio
2235 4816 2509 4854 consensus
2534 4802 2716 4865 nostri,
2735 4817 2869 4865 cum,
2890 4811 2998 4854 etc.
3023 4798 3098 4853 Ita
3126 4798 3276 4852 ctiam
3298 4798 3342 4848 in
3361 4808 3447 4847 uno
3463 4802 3508 4865 ex

1911 4858 1967 4919 Ῑ)
1995 4872 2213 4945 gistris.
2246 4869 2522 4945 Stuporem
2543 4858 2841 4945 gentilitatis
2857 4858 2990 4927 dixit
3004 4869 3221 4925 Pontius
3240 4866 3455 4921 diaconus
3470 4861 3509 4917 in

1995 4939 2115 4996 Vita
2143 4939 2418 5015 Cypriani.

2060 5032 2358 5091 Patrocinio
2377 5052 2672 5093 consensus.
2695 5035 2883 5093 Codex
2910 5034 2970 5095 S.
2990 5033 3260 5105 Arnulphi,
3286 5026 3505 5102 patrocinii

1932 5158 1941 5163 -
1995 5113 2042 5159 et
2069 5122 2365 5164 consensus.

2064 5177 2242 5235 lV.-—-
2258 5180 2601 5248 Qumrendum
2621 5184 2723 5236 non
2746 5181 2830 5236 sit.
2858 5177 2991 5236 Vide
3023 5178 3209 5235 librum
3228 5170 3439 5245 anonymi
3456 5168 3504 5223 de

1993 5247 2394 5321 Rebaptismate,
2425 5253 2559 5308 infra
2592 5268 2644 5324 p.
2676 5253 2804 5309 555.

2064 5344 2429 5416 Anthropiani.
2447 5347 2581 5404 Vide
2607 5344 2899 5413 doctissimi
2924 5345 3025 5402 viri
3068 5342 3275 5416 Joannis
3292 5336 3495 5408 BIptists

1991 5413 2246 5474 Cotelerii
2268 5413 2426 5475 notas
2441 5418 2507 5474 ad
2526 5421 2720 5475 librum
2745 5426 2959 5475 sextum
2990 5413 3377 5472 Constitutiouult
3390 5419 3490 5478 Ψ·

1991 5487 2308 5558 stolicaram,
2335 5505 2455 5559 cap.
2480 5493 2567 5548 10.
3450 5516 3453 5523 ·

2008 5614 2013 5617 -
2064 5579 2241 5659 Clodii
2260 5598 2560 5659 caementi.
2590 5583 2668 5640 Ita
2693 5582 3055 5659 reponendum

1971 5653 2112 5722 quia
2143 5654 2212 5707 ita
2234 5654 2495 5722 scriptum
2528 5648 2892 5710 invenimusi‘n
2912 5652 3156 5709 tredecim
3180 5648 3307 5704 libris
3323 5648 3478 5723 nostris

1985 5712 2258 5781 veteribus
2283 5712 2422 5779 ct'in
2448 5735 2657 5796 septem
2686 5723 3184 5794 AnglicanisJiladii
3201 5730 3349 5775 autem

1981 5809 2188 5851 venena
2220 5794 2525 5852 referuntur
2551 5797 2645 5853 'ad
2686 5795 2965 5853 haereticos
2994 5797 3107 5851 illos
3147 5798 3367 5861 tamquam
3386 5794 3472 5850 φ’·

1978 5865 2151 5935 theta,
2179 5877 2238 5922 ut
2271 5883 2417 5938 saepe
2442 5869 2583 5940 apud
2610 5880 2850 5925 oratores
2876 5879 2926 5924 et
2951 5866 3227 5923 historicos.
