3736 6286
83 337 204 389 1115

1195 339 1279 394 DE
1322 340 1716 398 HtEllE'l‘lCIS
1747 344 2213 402 BAPTIZANIHS.

3188 351 3325 404 1114

70 463 356 515 recensere,
390 450 513 519 quia
545 465 642 505 nec
669 451 900 506 delectat
931 452 982 506 id
1003 454 1184 508 dicere
1210 456 1350 524 quod
1382 465 1474 508 aut
1503 456 1630 510 hor-
1664 459 1712 518 A
1740 459 1968 514 cuni-lum
1999 460 2242 515 eamdem
2266 460 2422 514 fidem
2448 461 2703 532 consequi
2728 470 2777 515 et
2801 460 3056 532 Spiritum
3082 470 3327 516 sanctum

66 551 148 596 ret
170 553 246 595 aut
270 543 427 614 pudet
459 559 649 612 nosse,
683 547 749 600 de
775 546 1046 602 Marciane
1077 550 1286 604 interim
1320 554 1458 619 solo,
1483 554 1636 624 cujus

41 637 248 692 mentio
295 639 345 689 in
377 639 600 707 epistola
632 654 658 690 a
695 647 745 693 te
769 639 834 692 ad
869 655 966 694 nos
996 641 1305 696 transmissa
1341 643 1475 697 facta
1530 656 1631 712 est,

23 748 111 787 exn
154 730 416 782 mittemus
440 744 507 783 an
536 733 701 799 possit
724 732 1057 801 baptismatis
1079 734 1196 806 ejus
1211 735 1346 789 ratio
1365 747 1626 795 constare.

25 822 303 880 Dorninus
345 824 488 876 cuim
522 835 640 893 post
689 827 1143 881 resurrectionem
1186 827 1479 899 discipulos
1508 848 1633 886 suos

37 921 296 982 mittens,
331 917 782 984 quemadmodum
815 919 1085 988 baptizare
1131 921 1391 976 deberent
1434 924 1632 977 instru-

46 1013 127 1066 xit
159 1019 208 1064 et
232 1011 404 1065 dueuit
440 1021 464 1048 ο
489 1013 709 1068 dicens:
746 1013 878 1068 Data
909 1024 980 1069 est
1000 1016 1122 1068 milii
1154 1018 1316 1071 omnis
1345 1028 1564 1088 potestas
1581 1020 1632 1073 in

61 1107 184 1158 ctela
212 1115 251 1158 et
279 1106 331 1158 in
361 1116 514 1168 terra,
549 1106 628 1160 Ite
652 1124 772 1178 ergo
803 1120 848 1162 et
872 1109 1046 1163 docete
1072 1122 1244 1182 gentes
1271 1131 1442 1167 omnes
1465 1116 1630 1184 bapti-

58 1208 216 1251 zantes
238 1196 263 1234 ι’
300 1215 386 1252 eos
417 1200 466 1252 in
491 1201 696 1253 nomine
726 1199 897 1256 Patris
919 1213 964 1256 et
995 1201 1119 1257 Filii
1135 1215 1180 1257 et
1213 1203 1439 1272 Spiritus
1469 1209 1632 1262 sancti

62 1289 257 1361 (Matth.
292 1307 481 1358 xxvm,
527 1291 763 1362 18,19).
804 1294 1037 1350 lnsinuat
1075 1298 1422 1364 Trinitatem,
1475 1317 1631 1370 cuius

58 1393 380 1437 sacramento
430 1383 632 1440 Gentes
689 1387 1111 1458 baptizarentur.
1172 1391 1440 1462 Numquid
1495 1394 1630 1449 hanc

55 1475 355 1531 Trinitatem
380 1479 613 1533 Marcion
643 1481 1086 1555 tenet?ntunquid
1110 1486 1358 1540 eumdem
1388 1490 1580 1545 asserit
1602 1503 1622 1527 ιτ

54 1585 194 1638 quem
225 1581 279 1625 ct
306 1589 405 1625 nos
436 1584 644 1644 patrem
677 1578 1026 1632 creatorem?
1056 1577 1322 1647 Numquid
1379 1583 1627 1638 eumdem

54 1666 184 1718 novit
216 1665 382 1720 ﬁlium
406 1665 434 1704 ει
465 1667 735 1724 Christum
783 1669 851 1726 de
878 1671 1041 1727 Maria
1071 1675 1275 1744 virgine
1305 1685 1510 1743 natum,
1539 1679 1627 1748 qui

54 1775 215 1813 sermo
237 1775 370 1815 caro
399 1761 570 1817 factus
601 1764 689 1828 sit,
709 1765 797 1834 qui
832 1775 1048 1836 peccata
1083 1778 1265 1823 nostra
1292 1773 1624 1840 portaverit,

1740 556 1943 624 potuit,
1974 565 2028 610 et
2075 572 2178 611 non
2213 566 2294 611 cst
2323 571 2542 611 necesse
2569 556 2616 610 ei
2643 556 2876 612 venienti
2907 571 3122 610 manum
3152 556 3328 625 impo-

1740 649 1790 702 ni
1819 658 1876 702 ut
1897 649 2154 718 Spiritum
2181 661 2428 703 sanctum
2452 659 2826 720 consequatur
2851 659 2903 703 et
2934 649 3196 719 signetur.
3222 649 3330 704 Aut

1739 752 2023 811 utrumque
2076 742 2215 796 enim
2268 742 2368 796 fide
2441 757 2534 796 sua
2593 741 2780 796 forisﬁ
2812 742 3066 808 consequi
3117 741 3322 810 potuit,

1736 841 1829 887 aut
1859 843 2104 888 neutrum
2137 849 2324 888 eorum
2353 835 2440 904 qui
2474 833 2608 888 foris
2647 834 2818 888 fuerat
2847 835 3074 902 accepit.

1810 925 1900 980 VII
1965 926 2300 981 Manifestum
2348 936 2630 980 estautcm
2662 927 2751 981 ubi
2797 935 2850 982 et
2900 941 2995 996 per
3049 941 3184 997 quos
3235 942 3323 982 re-

1738 1033 1895 1072 mt~sa
1927 1029 2267 1087 peccatorum
2295 1018 2405 1072 dari
2432 1020 2635 1089 possit,
2665 1035 2782 1087 qua:
2827 1018 2878 1072 in
2907 1017 3182 1087 Baptismo
3223 1019 3328 1074 sci-

1735 1110 1860 1164 licet
1913 1111 2090 1165 datttr.
2135 1111 2264 1164 Nam
2315 1112 2471 1166 Petro
2525 1115 2753 1182 primum
2823 1111 3118 1178 Dominus,
3163 1128 3328 1182 super

1734 1219 1891 1273 quem
1921 1203 2202 1259 ait‘lificavit
2233 1205 2548 1270 Ecclesiam,
2583 1213 2636 1258 et
2660 1204 2800 1259 unde
2823 1206 3039 1258 unitatis
3065 1205 3325 1275 originem

1736 1297 1962 1349 instituit
1987 1307 2041 1350 et
2067 1297 2324 1362 OStendit,
2347 1305 2664 1366 potestatem
2696 1297 2848 1350 istam
2878 1295 3023 1350 dedit
3051 1305 3107 1350 ut
3133 1296 3184 1350 id
3212 1296 3326 1351 sol-

1734 1397 1944 1444 veretur
1969 1389 2021 1444 in
2048 1390 2199 1444 coelis
2247 1391 2388 1459 quod
2421 1390 2507 1443 ille
2536 1389 2782 1444 solvisset
2811 1390 2862 1442 in
2893 1389 3066 1443 terris.
3102 1387 3169 1442 Et
3207 1396 3328 1458 pOSt

1733 1486 2182 1538 resurrectionmu
2207 1499 2421 1554 quoque
2441 1482 2507 1536 ad
2537 1483 2822 1552 Apo~tolos
2842 1483 3078 1549 loquitur
3097 1481 3284 1536 dicens
3309 1497 3323 1536 :

1734 1575 1882 1630 Sicut
1910 1576 2041 1630 misit
2069 1592 2148 1628 me
2172 1574 2346 1639 Pater,
2371 1585 2417 1628 et
2448 1592 2539 1645 ego
2570 1576 2711 1628 mitto
2734 1590 2842 1628 vos.
2880 1570 2989 1626 Hoc
3018 1589 3134 1626 cum
3161 1571 3325 1626 dixis—

1731 1677 1823 1734 set,
1868 1668 2164 1739 inspiravit,
2188 1678 2236 1721 et
2257 1668 2326 1720 ait
2358 1667 2463 1721 illis
2489 1684 2507 1721 :
2527 1666 2753 1734 Accipite
2783 1665 3039 1734 Spiritum
3068 1675 3323 1720 sanctunt.

1734 1760 1794 1815 Si
1824 1767 1971 1832 cujus
2001 1763 2295 1816 remiseritis
2323 1772 2530 1830 peccata
2549 1805 2562 1827 ,
2597 1762 2915 1815 remittemur
2943 1760 3055 1826 illi;
3105 1761 3151 1813 si
3177 1761 3327 1829 cujus

53 1854 125 1922 qui
169 1864 394 1908 mortem
443 1857 724 1912 moriendo
773 1859 998 1927 vicerit,
1051 1863 1138 1930 qui
1171 1865 1620 1921 resurrectionem
1650 1860 1699 1920 B
1727 1857 2019 1922 ιεηιιενὶιὶδ,
2055 1854 2079 1891 ¹¹
2112 1857 2410 1910 tenebuntur
2438 1855 2578 1925 (Joa.
2613 1873 2704 1921 xx,
2731 1853 2846 1926 ‘21).
2882 1853 3039 1911 Unde
3069 1853 3325 1924 intelligi-

51 1951 212 2002 carnis
237 1965 335 2017 per
365 1954 717 2022 semetipsum
744 1955 948 2024 primus
977 1958 1288 2025 inittaverit,
1319 1972 1371 2015 et
1397 1963 1630 2033 discipu-

49 2041 103 2094 lis
125 2046 234 2097 suis
254 2044 400 2113 quod
422 2045 471 2098 in
496 2047 684 2100 eadem
708 2064 870 2103 carne
891 2054 1273 2107 resurrexissct
1298 2057 1629 2110 ostenderit?

56 2135 212 2206 Longe
240 2137 348 2190 alia
379 2150 463 2192 est
493 2140 633 2209 apud
657 2141 1002 2211 .‘llarcionem,
1032 2147 1125 2200 sed
1158 2159 1212 2201 ct
1240 2151 1376 2212 apud
1403 2163 1627 2206 cancros

50 2229 314 2285 hzerelicus
349 2231 502 2287 fides.
541 2234 709 2288 Immo
750 2235 880 2290 nihil
913 2250 993 2293 est
1043 2240 1182 2310 apud
1210 2241 1328 2296 illos
1373 2244 1471 2297 nisi
1505 2260 1627 2313 per-

55 2322 157 2375 tidia
186 2333 240 2377 et
270 2323 612 2394 blasphemia
655 2337 708 2381 et
737 2333 1012 2386 contentio
1041 2335 1340 2388 sanctitatis
1374 2345 1396 2371 ο
1427 2347 1480 2390 et
1531 2353 1626 2393 ve—

52 2417 199 2470 ritatis
227 2416 466 2472 inimica.
501 2421 782 2484 Quomodo
813 2439 940 2493 ergo
965 2434 1141 2495 potest
1166 2428 1332 2481 videri
1364 2432 1451 2499 qui
1481 2432 1623 2500 apud

54 2507 152 2560 illos
188 2510 492 2578 baptizatur
535 2523 859 2569 Consecutus
901 2531 1021 2571 esse
1054 2532 1394 2587 peccatorum
1429 2524 1620 2577 remis-

58 2614 167 2667 satu,
188 2613 238 2657 et
265 2604 463 2658 divina:
496 2607 838 2676 indulgentire
866 2615 1090 2681 gratiam
1136 2630 1228 2683 per
1256 2633 1405 2670 suam
1437 2617 1619 2686 fidem,

64 2694 138 2760 qui
157 2696 304 2764 ipsius
353 2697 480 2752 ﬁdei
510 2716 615 2752 non
677 2702 923 2758 habuerit
968 2706 1295 2760 veritatem?
1343 2711 1395 2764 Si
1436 2712 1619 2780 enim,

71 2786 188 2840 sicut
204 2790 510 2858 quibusdam
542 2794 751 2848 videtur
773 2839 786 2858 ,
817 2798 1109 2854 secundum
1143 2801 1301 2857 fidem
1327 2818 1474 2857 suam
1501 2807 1622 2875 quis

82 2879 494 2954 acciperealiquid
529 2885 660 2941 foris
699 2898 849 2943 extra
901 2890 1196 2947 Ecclesiam
1247 2898 1455 2965 potuit,
1519 2899 1620 2953 uti-

75 2986 160 3039 que
181 2974 445 3048 idaccepit
476 2980 618 3048 quod
650 2981 900 3036 credidit.
943 2984 1156 3039 Falsum
1181 3000 1362 3043 autem
1391 2992 1619 3047 credens

65 3077 213 3120 rerum
237 3070 482 3137 accipere
511 3087 617 3124 non
649 3074 857 3142 potuit,
906 3076 997 3130 sed
1047 3089 1219 3147 potius
1275 3083 1515 3139 adultera
1564 3096 1620 3142 et

53 3158 277 3227 prolata,
331 3165 632 3220 secundum
674 3170 816 3238 quod
843 3173 1139 3240 credebat,
1169 3179 1400 3246 accepit.

1738 1965 1859 2003 mus
1892 1965 1997 2002 non
2031 1950 2130 2003 nisi
2171 1951 2222 2002 in
2254 1951 2489 2005 Ecclesia
2523 1949 2824 2019 praepositis
2854 1960 2908 2002 et
2939 1953 2990 2002 in
3017 1947 3327 2017 evangelica

1734 2045 1848 2114 lege
1895 2060 1956 2100 ac
1986 2045 2253 2099 dominica
2285 2045 2624 2100 ordinatione
2665 2043 2900 2099 fundatis
2963 2044 3125 2097 licere
3155 2041 3329 2111 bapti-

1732 2153 1853 2192 zare
1881 2148 1933 2192 et
1962 2141 2244 2193 remissum
2277 2147 2614 2208 peccatorum
2644 2137 2773 2192 dare
2794 2181 2807 2202 ,
2843 2136 2973 2192 foris
3003 2150 3181 2192 autem
3225 2151 3327 2192 nec

1732 2231 1885 2300 ligari
1931 2231 2129 2302 aliquid
2162 2248 2318 2301 posse
2351 2247 2448 2288 nec
2493 2232 2664 2299 solvi,
2698 2232 2786 2288 ubi
2837 2247 2943 2285 non
2973 2232 3043 2286 sit
3092 2231 3182 2301 qui
3234 2239 3328 2285 aut

1730 2326 1898 2396 ligare
1928 2328 2097 2394 possit
2127 2326 2325 2396 alzqttid
2358 2326 2372 2363 ί
2409 2338 2496 2380 aut
2520 2326 2751 2381 solvere.

1802 2419 1939 2475 Vill.
1980 2420 2089 2474 Nec
2135 2421 2263 2483 hoc,
2299 2420 2464 2474 frater
2491 2419 2831 2482 charissimc,
2865 2425 2982 2474 sine
3029 2419 3324 2489 Scriptura:

1725 2515 1922 2570 divinae
1951 2515 2270 2568 auctoritate
2289 2515 2663 2583 proponimus,
2697 2513 3012 2567 utdicamus
3041 2521 3186 2568 certa
3205 2512 3324 2584 lege

1727 2623 1788 2661 ac
1815 2609 2027 2678 propria
2048 2607 2384 2661 ordinatione
2407 2606 2662 2662 divinitus
2686 2615 2877 2660 cuncta
2901 2621 3019 2660 esse
3037 2605 3318 2674 disposita,

1728 2717 1826 2756 nec
1855 2717 2011 2770 posse
2034 2716 2354 2772 quemquam
2407 2712 2592 2756 contra
2619 2702 2903 2771 episcopos
2933 2700 2946 2748 i
2990 2708 3042 2753 et
3072 2698 3324 2754 sacerdo-

1722 2803 1806 2849 tes
1839 2810 2097 2864 usurpare
2127 2793 2228 2848 sibi
2266 2793 2466 2862 aliquid
2515 2795 2657 2864 quod
2691 2809 2794 2847 non
2835 2793 2904 2846 sit
2952 2793 3031 2845 sui
3079 2791 3214 2862 juris
3265 2800 3321 2845 et

1725 2889 2024 2958 potestatis.
2057 2886 2189 2942 Nam
2218 2896 2270 2941 et
2293 2885 2470 2940 Cbore
2501 2894 2554 2940 et
2583 2886 2785 2940 Dathan
2814 2894 2868 2939 et
2897 2884 3096 2938 Abirou
3127 2891 3314 2938 eontra

1723 2985 1939 3055 Moysen
1984 2992 2038 3037 et
2091 2986 2260 3037 Aaron
2290 2982 2624 3037 sacerdotem
2653 2979 2988 3036 sacrificandi
3018 2979 3117 3034 sibi
3153 2978 3319 3032 licen-

1725 3081 1849 3134 tiam
1893 3095 2159 3150 usurpare
2195 3078 2374 3132 conati
2399 3087 2557 3142 sunt;
2599 3091 2698 3131 nec
2723 3085 2898 3130 tamen
2947 3073 3089 3143 quod
3133 3072 3317 3128 illicite

1722 3173 1838 3228 ausi
1870 3183 1996 3226 sunt
2025 3174 2242 3242 impune
2275 3169 2536 3225 fecerunt.
2571 3170 2633 3224 Et
2663 3168 2752 3222 ﬁlii
2788 3169 2966 3222 Aaron
2989 3207 3003 3228 ,
3036 3167 3125 3235 qui
3183 3163 3316 3222 alie-

112 3254 186 3307 Vl.
226 3256 392 3325 Quem
430 3262 607 3314 locum
637 3261 843 3330 profani
874 3273 928 3318 et
957 3266 1183 3321 adulteri
1216 3269 1462 3338 baptismi
1493 3273 1608 3327 sub:
1643 3257 1687 3320 C
1723 3282 1849 3319 num
1884 3267 2061 3336 ignem
2089 3265 2242 3319 altari
2276 3266 2680 3332 imposuerunt,
2712 3262 2763 3315 in
2808 3268 3099 3328 conspectu
3131 3258 3313 3312 Statim

46 3346 501 3407 tiliterllietemias
526 3353 785 3423 propheta
808 3358 1120 3429 perstringit
1146 3360 1361 3417 dicens:
1401 3364 1467 3418 Ut
1491 3366 1615 3436 quid

41 3443 114 3508 qui
142 3444 431 3497 contristant
463 3462 540 3498 me
583 3450 902 3516 praevalent?
949 3449 1117 3519 Plaga
1147 3471 1260 3508 mea
1308 3456 1476 3510 solida
1505 3469 1578 3513 est
1597 3500 1611 3523 ,

40 3535 158 3586 unde
191 3537 445 3592 sanabor?
495 3536 632 3592 Dum
667 3540 757 3608 ﬁt,
816 3541 956 3609 [acta
1003 3555 1073 3596 est
1125 3546 1247 3599 milii
1277 3551 1423 3617 quasi
1481 3568 1614 3615 aqua

39 3628 239 3681 mendax
266 3646 365 3683 non
392 3630 584 3685 habens
615 3633 768 3701 fidem
801 3633 974 3706 (Hier.
1021 3654 1114 3702 xv,
1143 3640 1255 3709 18).
1289 3641 1610 3701 Mentionem

35 3719 147 3774 facit
173 3738 267 3792 per
297 3723 622 3794 Prophelam
652 3728 873 3799 spiritus
902 3731 1132 3786 Sanctus
1158 3751 1310 3805 aqua:
1338 3739 1614 3797 mendacis

40 3827 87 3867 ct
115 3817 265 3873 fidem
303 3835 410 3874 non
445 3819 711 3876 habentis.
744 3823 873 3893 Quae
904 3836 986 3882 est
1021 3828 1135 3884 haec
1185 3846 1323 3901 aqua
1377 3837 1609 3892 mendax

33 3918 79 3960 et
99 3909 336 3977 perﬁda?
366 3910 562 3982 Utique
585 3930 648 3968 ea
679 3931 796 3984 qua:
825 3917 1071 3987 baptismi
1098 3922 1380 3992 imaginem
1415 3928 1611 3982 tuenti-

33 4011 104 4055 tur
131 4013 178 4056 et
205 4007 432 4074 gratiam
467 4005 590 4060 ﬁdei
619 4007 934 4065 adumbrata
967 4009 986 4047 ί
1011 4014 1351 4070 simulatione
1381 4018 1608 4074 frustra-

26 4103 118 4146 tur.
141 4096 290 4162 Quod
317 4099 360 4152 si
383 4099 681 4154 secundum
703 4116 918 4170 pravam
950 4103 1106 4160 ﬁdem
1130 4106 1386 4178 baptizari
1416 4113 1611 4182 aliquis

23 4185 139 4243 luris
167 4200 216 4244 et
263 4192 542 4247 remissam
592 4203 934 4261 peccatorum
965 4201 1222 4270 consequi
1274 4205 1478 4271 potuit,
1513 4221 1601 4261 se-

1721 3359 1930 3414 Domini
1963 3357 2290 3428 indignantis
2316 3356 2342 3394 κ
2375 3357 2600 3412 extincti
2639 3363 2780 3410 sunt.
2808 3355 2960 3424 Quod
2990 3351 3312 3424 supplicium

1719 3466 1898 3508 manet
1926 3468 2022 3508 eos
2053 3453 2141 3520 qui
2174 3453 2401 3505 alienam
2425 3467 2618 3520 aquam
2645 3450 2913 3518 baptismo
2944 3447 3180 3530 inferunt
3210 3445 3311 3500 fal-

1714 3565 1809 3611 so,
1839 3547 1854 3585 1
1897 3556 1954 3603 ut
1977 3546 2157 3602 divina
2189 3562 2416 3602 censura
2450 3545 2737 3600 ulciscatur
2765 3554 2819 3597 et
2851 3542 3086 3596 vindicet
3120 3539 3172 3595 id
3201 3539 3314 3594 lia-.-

1718 3645 1914 3698 reticos
1943 3651 2128 3697 contra
2161 3639 2458 3695 Ecclesium
2504 3655 2691 3710 gerere
2722 3636 2864 3709 quod
2919 3651 3025 3691 non
3060 3633 3161 3689 nisi
3211 3635 3312 3690 soli

1722 3736 1884 3790 liceat
1907 3734 2184 3792 Ecclesiae.

1789 3828 1881 3883 IX.
1905 3829 2056 3897 Quod
2085 3837 2263 3883 autem
2287 3827 2469 3883 dicunt
2489 3827 2704 3898 quidam
2734 3825 2801 3881 de
2827 3824 2906 3880 eis
2934 3823 3024 3894 qui
3052 3822 3102 3876 in
3125 3820 3311 3877 Sama-

1718 3921 1794 3974 ria
1836 3921 2082 3991 baptizati
2113 3921 2351 3986 fuerant,
2397 3918 2806 3973 advenientibus
2833 3915 3093 3987 apostolis
3141 3913 3310 3969 Petro

1717 4026 1768 4070 et
1793 4015 2016 4080 Joanne,
2045 4023 2249 4069 tantum
2269 4029 2430 4082 super
2461 4027 2554 4066 eos
2584 4027 2798 4067 manum
2820 4011 3122 4082 impositam
3149 4023 3305 4074 esse,

1716 4115 2096 4181 utacciperent
2122 4112 2378 4181 Spiritum
2427 4117 2669 4163 sanctum
2695 4150 2708 4170 ,
2737 4107 3097 4176 rebaptizatos
3125 4111 3305 4156 tamen

1715 4224 1821 4263 ιιοιι
1871 4223 2020 4272 esse,
2077 4207 2252 4262 locum
2303 4207 2462 4260 istum
2492 4215 2566 4272 πη,
2611 4202 2777 4259 frater
2825 4201 3180 4264 charissitue,
3237 4198 3303 4254 ad

1208 4360 1591 4422 LECTIONES
1624 4368 2043 4426 VARIAN'I‘ES.

66 4499 100 4567 3‘
125 4495 325 4567 Instruit
351 4505 402 4567 et
425 4499 598 4567 docet,
626 4497 798 4548 dicens
823 4498 952 4551 Lam.
995 4499 1139 4552 Ebor.
1167 4505 1276 4554 NC.
1320 4505 1366 4567 1,
1389 4505 1439 4556 2.
1469 4508 1592 4560 Bod.

23 4562 50 4614 ι,
72 4560 121 4609 2.
152 4560 252 4609 Lin.
283 4560 497 4610 Instituit.
525 4561 681 4610 Oxon.

24 4685 28 4733 Ι
64 4624 316 4720 :Gentes
335 4636 512 4673 omnes
555 4625 806 4686 tingentes
840 4625 970 4676 Lam.
1014 4625 1158 4677 Ebor.
1186 4628 1312 4679 Bod.
1341 4631 1384 4693 1,
1411 4631 1458 4680 1’.
1486 4633 1595 4684 ΝΟ.

35 4719 622 4820 ἰεῗῃιέφρυξει-θυιιιιξθπι
638 4763 789 4812 quem
813 4756 865 4799 et
892 4749 980 4798 nos
1004 4755 1134 4802 novit
1154 4755 1282 4803 Lam.
1312 4753 1436 4806 Bod.
1474 4758 1515 4817 1,
1544 4758 1592 4807 ‘2.

24 4811 150 4861 Ebor.
178 4811 279 4862 Litt.
305 4815 414 4864 ΝΟ.
446 4815 492 4868 1,
519 4812 568 4859 ‘2.

24 4935 38 4946 η
65 4873 92 4910 ἀ
124 4874 366 4946 Euanleur
395 4876 557 4946 Deum
596 4873 746 4946 filium
789 4874 916 4926 Bod.
1034 4874 1134 4926 Lin.
1166 4878 1270 4928 NG.
1300 4881 1348 4936 1,
1373 4880 1418 4928 ἓ.
1443 4881 1587 4932 Ebor.

24 4936 236 4986 inuidiam
259 4940 392 4988 novit
416 4936 570 4984 lilium
598 4937 715 4986 Fab.
1066 4954 1072 4964 ε

66 5005 88 5030 ε
125 4999 376 5052 Contentio
403 5000 631 5049 vanitatis
655 4999 778 5050 Bod.
807 5001 850 5049 1.

1769 4508 1790 4546 ί
1830 4511 2176 4564 Adumbratam
2199 4510 2511 4562 simulatione
2535 4510 2658 4560 Bod.
2685 4510 2733 4559 2.

1767 4576 1794 4637 ξ
1831 4575 1967 4625 Foris
1985 4577 2219 4637 consequi
2249 4572 2370 4637 Bod.
2398 4573 2444 4632 1,
2481 4572 2527 4621 9..
2559 4572 2689 4620 Lam.
2719 4569 2860 4619 Ebor.
2888 4573 2935 4621 Ν
2943 4570 2997 4619 C.
3023 4572 3070 4630 1,
3092 4571 3142 4620 ἓ.

1768 4635 1796 4674 lt
1835 4635 2166 4688 Detinueritis
2189 4636 2314 4686 Bod.
2338 4636 2386 4684 1.

1768 4699 1792 4764 ᾗ
1826 4700 2005 4764 Ligure
2033 4702 2180 4762 possit.
2202 4708 2284 4749 aut
2305 4697 2500 4750 solvere
2539 4698 2672 4748 Lam.
2718 4693 2842 4745 Bod.
2869 4695 2914 4752 1,
2939 4693 2987 4743 2.
3016 4694 3158 4744 Ebor.
3192 4693 3296 4747 Litt.

1702 4763 1968 4822 NC.1,'2.

1766 4825 1780 4876 i
1825 4821 1999 4890 contra
2023 4826 2315 4887 Ecclesiam,
2341 4825 2604 4890 EpiscOpos
2626 4821 2728 4874 Lin.

1763 4891 1791 4928 ιε
1826 4888 2137 4954 indignantis
2159 4891 2376 4954 percussi
2387 4887 2396 4890 ’
2407 4887 2511 4954 Litt.

1762 4954 1789 5017 lg
1822 4950 1876 5017 l_n
1901 4950 2388 5017 Baptisttio'oderttnt
2409 4953 2554 5017 Ebor.
2577 4950 2693 5017 ANC,
2723 4950 2766 5017 1.
2797 5009 2821 5017 ⁸
2894 5007 2936 5017 Η

1757 5015 1796 5042 πη
1831 5007 2013 5062 Locum
2036 5016 2202 5073 istum,
2232 5015 2382 5067 frater
2412 5016 2540 5066 Lam.
2571 5011 2694 5064 Bod.
2722 5012 2768 5070 1,
2794 5009 2841 5060 2.
2885 5007 2987 5060 Lin.
3018 5007 3123 5059 XC.
3152 5008 3198 5066 Ἰ,
3223 5007 3269 5057 ‘2.

1245 5110 1487 5167 STEPH.
1533 5115 1802 5174 BALUle
1850 5118 2079 5176 NOTIE.

76 5228 135 5284 ν.
156 5259 224 5269 -
248 5228 665 5300 Baptizarentur.
697 5226 875 5282 Codex
901 5230 1070 5283 sancti
1096 5228 1356 5298 Arnulphi
1388 5229 1593 5300 tingue-

23 5315 58 5351 ’ἒ
61 5318 88 5352 11
93 5311 140 5352 ιιι
145 5319 186 5355 ν.

75 5372 335 5456 (ξοηιιηιιὶιι
359 5371 670 5454 sanctitatis.
688 5370 832 5426 Idem
851 5371 1041 5434 codex,
1074 5372 1326 5426 contentio
1353 5375 1593 5430 vanitatis

24 5459 158 5498 antica
174 5458 218 5500 et
232 5456 466 5502 veritatis
481 5459 711 5498 tntmtcu.

79 5516 362 5572 \‘l.—-I"ide
376 5533 474 5570 sua
497 5515 624 5585 {oris
657 5516 723 5566 ita
741 5514 1142 5570 emendavitnus
1157 5523 1208 5568 et
1223 5515 1591 5584 supplevimus

24 5590 176 5642 rxlide
215 5586 628 5659 quatuortlccim
670 5597 906 5642 veterum
952 5586 1334 5659 exemplarium
1377 5597 1588 5641 uestro-

24 5674 103 5783 'll’l'lt
129 5672 180 5715 el.
209 5657 300 5717 sex
332 5657 776 5730 Anglicanorum,
803 5669 911 5712 tum
943 5659 1102 5713 etiam
1129 5673 1190 5711 ex
1216 5658 1450 5712 editione
1480 5660 1590 5712 Mo—

24 5745 60 5777 fl'
93 5753 141 5783 ll.

24 5753 141 5786 tl'llll.

65 5805 163 5860 Vlf.
191 5836 259 5846 ——
303 5799 540 5872 Unitatis
596 5801 860 5872 originem.
882 5801 1152 5858 Unitatem
1181 5801 1438 5858 Ecclesia:
1478 5800 1584 5858 fre-

25 5885 204 5936 inniter
222 5871 577 5934 commendat
596 5871 916 5944 Cyprianus,
938 5877 1237 5946 praesertim
1269 5878 1322 5932 in
1354 5875 1492 5931 libro
1521 5875 1584 5928 de

1704 5235 1749 5291 U
1756 5236 1916 5289 nitate
1940 5234 2203 5289 Ecclesite.

1778 5307 2255 5374 Vill.—-Usurpare
2276 5309 2466 5360 conati.
2481 5309 2553 5362 ita
2579 5310 2744 5364 editio
2759 5307 2984 5363 Manutia
2995 5320 3056 5358 na
3072 5315 3122 5358 et
3149 5302 3286 5359 duo-

1696 5376 1868 5434 decim
1917 5379 2037 5433 lihri
2071 5392 2299 5432 veteres.
2336 5381 2398 5430 At
2425 5377 2682 5433 Erasmus
2713 5389 2765 5432 ct
2795 5377 3066 5432 Morellius
3094 5387 3143 5429 ct
3176 5385 3286 5428 tres

1698 5450 1817 5504 libri
1847 5462 2054 5506 veteres
2080 5449 2274 5504 habent
2304 5449 2583 5513 vindicare,
2600 5450 2788 5503 eodem
2811 5465 2992 5503 sensu.
3023 5447 3075 5500 lu
3100 5447 3286 5501 codice

1695 5525 1862 5576 sancti
1893 5522 2171 5590 Arnulphi,
2193 5520 2278 5572 ubi
2305 5520 2893 5588 legiturusm'patisunt,
2921 5519 3131 5572 additur
3154 5536 3283 5572 ansa

1695 5598 1958 5664 sacrilego.

1769 5658 2130 5719 lx.."_.Locum
2155 5665 2326 5716 istum,
2359 5659 2572 5714 Dc‘vero
2603 5673 2761 5710 sensu
2783 5658 3056 5722 ltttjusloci
3083 5663 3283 5723 prolixe

1688 5735 2154 5863 (ἰιεδυῖξὲιυθιιέιὲἓ
2176 5725 2441 5796 υυιιωωζ
2457 5732 2544 5788 lib.
2565 5747 2623 5798 tl,
2643 5731 2702 5783 dc
2716 5727 2942 5784 Collibus
2959 5730 3278 5801 l.attttortmt,

1688 5823 1806 5863 ttat).
1915 5853 1926 5863 .
1963 5825 2014 5863 ι).
2162 5847 2175 5860 .

1688 5823 1806 5878 cap.
1841 5823 1926 5877 1‘2,
1962 5825 2014 5880 p.
2048 5823 2175 5862 τοο.
