3700 6276
56 384 176 442 1117

1138 381 1227 441 BE
1259 383 1648 440 HERETICIS
1689 384 2134 443 BAPTlZANDlS

3180 395 3318 450 1118

53 502 129 556 sic
146 493 311 548 lidelis
336 501 390 548 et
415 494 666 548 salutaris
684 505 735 548 et
757 505 942 552 sancta
967 499 1240 568 corrumpi
1263 509 1316 554 et
1334 499 1623 555 adulterari
1653 502 1699 562 Α
1730 503 1799 556 sit
1825 505 2176 559 constitutum
2199 546 2213 571 ,
2245 515 2298 560 et
2351 506 2622 561 nemiuem
2671 506 3009 562 inveniamus
3063 508 3130 564 ab
3173 510 3319 580 Apo-

54 607 141 650 non
165 582 373 660 petest,
405 590 543 643 sicut
571 601 626 646 et
653 591 764 660 ipsa
792 591 1026 646 Ecclesia
1061 593 1368 662 incorrUpta
1393 605 1444 648 et
1473 605 1620 650 casta

52 695 99 742 et
119 683 292 752 pudica
317 693 420 738 est.
454 684 510 738 Si
547 684 800 739 Ecclesiae
829 685 1006 742 devoti
1029 697 1082 742 et
1109 689 1158 741 iu
1185 689 1421 743 Ecclesia
1459 706 1622 745 cous-

53 777 171 834 tituti
220 781 346 830 sdnt
398 776 670 841 lucretici,
728 789 950 848 possunt
997 788 1051 833 et
1099 780 1365 850 baptismo
1422 782 1538 850 ejus
1568 792 1623 837 et

50 868 240 927 cieteris
287 870 611 926 salutaribus
657 872 812 927 bonis
840 878 934 928 uti.
965 874 1015 927 Si
1067 885 1243 929 autem
1289 878 1339 929 in
1385 878 1621 932 Ecclesia

52 980 143 1020 non
169 973 307 1028 sunt,
357 964 523 1017 immo
557 975 612 1018 et
641 977 828 1021 contra
883 969 1173 1024 Ecclesium
1208 969 1440 1036 faciunt,
1491 987 1623 1042 quo-

48 1059 194 1114 modo
222 1057 491 1126 baptizare
522 1058 790 1128 baptismo
837 1061 1090 1118 Ecclesia:
1124 1065 1387 1132 possunt?

113 1148 217 1203 ΧΗ.
261 1147 446 1218 Neque
475 1150 619 1203 enim
675 1168 834 1220 parva
867 1169 953 1206 res
1004 1154 1268 1210 lizeretiris
1313 1165 1366 1209 et
1415 1156 1622 1211 modica

39 1241 358 1303 conceditur,
394 1237 610 1312 quando
652 1259 678 1296 a
723 1245 876 1299 nobis
904 1247 1166 1316 baptisma
1206 1264 1391 1302 eorum
1445 1249 1496 1302 iu
1536 1265 1625 1306 ac-

44 1346 252 1404 ceptum
279 1338 537 1403 refertur,
576 1353 695 1392 cum
721 1339 844 1393 inde
870 1342 1086 1410 incipiat
1107 1344 1282 1395 omnis
1308 1343 1424 1398 fidei
1451 1345 1619 1414 origo,

41 1441 88 1485 ct
113 1431 176 1484 ad
209 1446 360 1500 Spem
386 1432 509 1485 vitae
532 1445 748 1487 aeternae
777 1435 1030 1490 salutaris
1059 1437 1342 1507 ingressio,
1369 1447 1420 1492 et
1441 1437 1624 1508 purifi-

40 1525 218 1580 candis
236 1540 298 1577 ac
324 1525 662 1581 viviticaudis
685 1529 776 1582 Dei
806 1530 978 1585 servis
1001 1531 1177 1585 divina
1205 1533 1462 1602 dignatio.
1491 1533 1622 1589 Nam

40 1621 78 1674 si
135 1620 394 1688 baptizari
449 1622 568 1688 quis
616 1623 756 1691 apud
786 1622 1071 1679 htereticos
1118 1627 1318 1695 potuit,
1362 1627 1545 1697 utique
1571 1637 1626 1682 et

38 1713 315 1768 remissam
372 1723 711 1782 peccatorum
753 1718 1011 1787 consequi
1055 1719 1246 1787 potuit.
1287 1720 1342 1775 Si
1381 1729 1626 1789 peccato-

37 1825 145 1864 rum
193 1809 481 1865 remissam
509 1821 830 1868 consecutus
862 1822 974 1880 est,
1007 1824 1059 1870 et
1087 1815 1450 1872 sanctilicatus
1504 1826 1587 1872 est
1607 1860 1620 1882 ,

1728 599 1890 653 stolis
1912 641 1925 662 ,
1959 614 2079 654 cum
2111 599 2251 670 apud
2281 599 2567 654 haereticos
2598 600 2896 670 baptizatus
2919 609 3081 667 esset,
3114 603 3167 656 in
3223 617 3318 655 eo-

1727 693 1847 748 dem
1876 693 2146 763 baptismo
2179 693 2474 747 admissum
2510 709 2628 748 esse
2657 703 2708 748 et
2738 696 3170 750 communicasse
3190 738 3204 762 ,
3262 706 3323 752 ut

1728 785 2005 839 videantur
2033 786 2272 854 Apostoli
2304 787 2564 855 baptisma
2595 786 2974 842 lucreticorum
3026 789 3314 858 probasse.

1798 877 1937 932 XIV.
1981 877 2133 944 Quod
2165 879 2306 931 enim
2338 879 2554 948 quidam
2582 879 2797 940 dicunt.
2831 880 2984 949 quasi
3011 877 3037 916 ἀ
3061 880 3126 935 ad
3154 879 3324 936 haere-

1731 974 1956 1026 ticorum
1990 971 2297 1042 Suffragium
2333 974 2596 1042 pertineat
2645 973 2784 1043 quod
2817 974 3012 1029 diterit
3045 974 3323 1044 apostolus

1730 1065 1944 1125 Paulus,
1984 1063 2345 1117 Verumtamrn
2365 1065 2503 1117 omni
2531 1065 2705 1125 modo,
2739 1065 2842 1119 sine
2871 1083 2960 1135 per
2981 1065 3319 1132 occasionem,

1728 1155 1831 1208 sive
1856 1173 1945 1223 per
1972 1157 2230 1208 veritatem
2250 1155 2482 1210 Christus
2508 1157 2837 1210 annuntietur
2864 1156 3089 1229 (Philip.
3140 1175 3178 1223 1,
3207 1159 3316 1227 18);

1730 1252 2028 1304 invenimus
2054 1250 2154 1304 hoc
2177 1267 2390 1322 [μιυίιυθ
2417 1252 2481 1305 ad
2503 1265 2686 1306 eorum
2714 1254 3067 1321 patrocinium
3093 1255 3180 1324 qui
3208 1255 3318 1308 ha:-

1730 1347 1916 1400 reticis
1943 1346 2307 1418 suffragantur
2335 1358 2385 1401 et
2418 1347 2668 1415 plaudunt
2695 1345 2827 1402 nihil
2856 1363 3013 1417 posse
3036 1351 3320 1418 proiicere.

1729 1437 1915 1508 Neque
1946 1439 2090 1492 enim
2132 1439 2200 1494 de
2229 1439 2500 1494 ha-reticis
2526 1449 2610 1492 aut
2640 1441 2705 1494 de
2737 1456 2922 1494 eorum
2953 1442 3218 1510 baptismo
3248 1443 3324 1496 lo-

1729 1533 1996 1603 quebatur
2028 1534 2078 1587 in
2112 1533 2349 1602 Epistoia
2382 1550 2473 1588 sua
2507 1535 2700 1588 Paulus
2721 1577 2736 1600 ,
2769 1545 2822 1587 ut
2849 1535 3048 1604 aliquid
3081 1536 3220 1605 qttod
3252 1537 3318 1590 ad

1734 1625 1873 1680 hanc
1903 1634 2016 1680 rem
2047 1628 2312 1696 pertineat
2344 1628 2585 1696 posuisse
2613 1628 2945 1682 ostendatur.
2982 1628 3324 1698 Loquebatur

1729 1719 1796 1775 de
1825 1719 2078 1776 fratribus
2107 1723 2219 1775 sive
2247 1723 2548 1777 inordinate
2577 1733 2630 1776 et
2659 1734 2846 1777 contra
2897 1723 3319 1781 ecclesiasticam

1731 1815 2068 1884 disciplinam
2101 1816 2534 1882 ambulantibus,
2570 1817 2684 1871 sive
2723 1818 3088 1887 evangelicum
3120 1819 3321 1874 verita-

37 1916 80 1959 et
131 1904 389 1974 templum
442 1905 533 1960 Dei
596 1907 766 1963 iactus
810 1918 928 1973 est,
983 1909 1028 1965 si
1083 1908 1448 1965 sanctificatus
1489 1919 1572 1964 est
1599 1919 1624 1946 δ
1655 1908 1702 1968 Β
1733 1921 1836 1964 tem
1870 1911 1938 1965 de
1972 1911 2064 1964 Dei
2105 1911 2298 1965 timore
2339 1911 2699 1965 servantibus.
2730 1911 2799 1965 Et
2843 1913 3104 1981 quosdam
3134 1927 3198 1967 ex
3245 1916 3324 1968 eis

32 1998 69 2050 si
97 1996 356 2067 templum
392 1999 484 2053 Dei
517 1999 687 2054 factus
713 2010 816 2066 est,
835 2017 1019 2071 quaero
1039 2001 1190 2071 cujus
1222 2001 1355 2056 Dei?
1382 2000 1441 2057 Si
1471 2017 1620 2057 crea-

29 2092 192 2154 toris,
245 2105 354 2145 non
413 2093 616 2160 putuit,
672 2095 794 2164 quia
848 2095 899 2147 in
943 2109 1062 2148 eum
1115 2109 1219 2148 non
1281 2094 1524 2150 credidit.
1566 2094 1620 2150 Si

24 2184 216 2241 Christi
241 2228 255 2248 ,
307 2203 404 2240 nec
439 2187 597 2257 hujus
624 2187 738 2243 fieri
774 2191 944 2258 potuit
978 2189 1260 2259 templum,
1311 2189 1401 2260 qui
1463 2200 1621 2260 negat

23 2280 188 2333 Deum
210 2279 510 2335 Christum.
550 2281 605 2335 Si
634 2281 867 2351 Spiritus
915 2284 1120 2347 sancti,
1169 2299 1288 2336 cum
1317 2292 1424 2337 tres
1454 2300 1617 2338 unum

15 2374 158 2437 sint,
203 2373 478 2442 quomodo
518 2374 748 2443 Spiritus
779 2385 997 2430 sanctus
1024 2376 1268 2444 placatus
1296 2391 1416 2431 esse
1441 2379 1489 2432 ei
1529 2394 1620 2447 po-

17 2476 121 2520 test
149 2467 239 2535 qui
270 2477 363 2522 aut
403 2468 520 2522 Filii
545 2478 636 2523 aut
664 2470 839 2525 Patris
881 2471 1128 2524 inimicus
1155 2471 1279 2526 est?

87 2555 235 2611 XIII.
267 2558 504 2615 Proinde
531 2559 728 2615 frustra
750 2562 960 2630 quidem
984 2564 1074 2632 qui
1098 2563 1306 2618 ratione
1330 2564 1620 2620 vincuntur

20 2651 472 2707 consuetudinem
527 2654 681 2709 nobis
724 2665 1041 2724 opponunt;
1084 2656 1235 2725 quasi
1285 2657 1618 2712 consuetudo

20 2746 190 2816 major
219 2747 289 2800 sit
315 2748 580 2814 veritate,
611 2759 700 2804 aut
740 2766 847 2804 non
892 2751 941 2804 id
987 2751 1058 2806 sit
1083 2751 1134 2804 in
1175 2751 1507 2818 spiritalibus
1532 2767 1617 2806 se-

17 2841 287 2911 quendum
316 2844 456 2911 quod
489 2844 541 2898 iu
594 2844 784 2899 melius
815 2845 975 2900 fuerit
1008 2862 1037 2900 a
1070 2855 1260 2900 sant-to
1293 2847 1495 2916 Spiritu
1529 2864 1614 2902 re-

20 2935 278 2990 relatum.
329 2935 536 3005 Ignosci
582 2939 724 2991 enim
779 2946 956 3006 potest
1010 2939 1327 3008 simpliciter
1379 2942 1610 3007 erranti,

16 3031 149 3085 sicut
187 3030 260 3085 de
305 3046 366 3086 se
425 3033 542 3102 ipso
591 3033 721 3087 dicit
771 3035 959 3088 beatus
983 3034 1259 3102 apostolus
1308 3034 1505 3088 Paulus
1533 3034 1610 3091 δε

21 3124 120 3188 Qui
173 3125 375 3193 primo,
432 3125 636 3194 inquit,
691 3128 769 3197 fui
798 3127 1122 3196 blasphemus
1152 3138 1198 3181 et
1229 3139 1523 3198 persecutor
1566 3138 1612 3182 et

18 3219 340 3280 iniuriosus;
385 3217 476 3270 sed
529 3219 930 3272 miscricordiam
978 3222 1164 3284 merui,
1194 3222 1312 3290 quia
1366 3221 1610 3291 ignorans

1729 2003 1907 2073 posuit
1938 2003 2161 2057 verbum
2195 2003 2404 2056 Domini
2433 2013 2746 2057 constanter
2767 2013 2927 2074 atque
2947 2004 3215 2074 intrepide
3245 2005 3324 2058 lo-

1727 2105 1910 2161 cutos,
1969 2096 2231 2166 quosdam
2282 2111 2414 2150 vero
2461 2097 2512 2150 in
2565 2095 2766 2150 invidia
2818 2106 2840 2133 ι’
2874 2107 2929 2151 et
2981 2097 3322 2155 dissensione

1725 2199 1988 2256 versatos,
2020 2189 2282 2259 quosdam
2308 2205 2557 2244 servasse
2585 2189 2726 2243 circa
2755 2205 2814 2243 se
2845 2190 3160 2245 benevolum
3190 2193 3320 2245 cha-

1724 2284 1938 2339 ritatem
1959 2326 1972 2348 ,
2000 2283 2208 2352 aliquos
2241 2298 2367 2338 vero
2399 2283 2651 2337 habuisse
2679 2283 2999 2338 malevolam
3027 2284 3319 2340 dissensio-

1725 2391 1869 2442 nem,
1895 2391 1952 2430 se
1981 2385 2158 2429 tamen
2191 2375 2451 2445 patienter
2481 2377 2656 2430 omnia
2690 2377 2956 2431 sustinere
2979 2419 2994 2443 ,
3029 2377 3321 2434 dummodo

1722 2475 1835 2529 sive
1865 2473 1914 2526 in
1951 2472 2177 2527 veritate
2210 2472 2322 2525 sive
2357 2488 2451 2541 per
2481 2470 2820 2526 occasiuhem
2855 2477 3051 2527 nonnon
3081 2471 3316 2540 Christi,

1722 2565 1862 2636 quod
1913 2566 2110 2619 Paulus
2149 2564 2518 2634 praedicabat,
2569 2564 2634 2618 ad
2682 2564 3032 2633 plurin'ioruu'i
3077 2566 3319 2620 notitiam

1724 2660 2070 2729 perveniret,
2129 2667 2181 2712 et
2262 2673 2398 2712 nova
2465 2656 2641 2711 adimo
2704 2672 2766 2710 ac
2846 2657 2995 2710 rudis
3051 2661 3320 2712 sermonis

1721 2753 2009 2806 seminatio
2076 2751 2412 2821 lothntium
2472 2751 2851 2821 praedicatione
2925 2750 3314 2806 crebresceret.

1721 2845 1889 2899 Porro
1936 2844 2078 2898 aliud
2124 2853 2208 2898 est
2263 2859 2356 2899 eos
2427 2845 2518 2914 qui
2577 2845 2719 2897 intus
2792 2843 3028 2898 Ecclesia
3081 2853 3202 2898 sunt
3249 2843 3317 2899 de

1718 2938 1938 2992 nomine
1963 2936 2164 2992 Christi
2198 2939 2373 3008 loqui,
2407 2937 2551 2991 aliud
2597 2949 2680 2991 est
2720 2952 2814 2992 eos
2863 2939 2952 3008 qui
3007 2937 3138 2992 foris
3193 2951 3317 2993 sunt

1717 3042 1772 3087 et
1819 3041 2009 3086 contra
2073 3031 2372 3086 Ecclesiam
2448 3029 2652 3084 faciunt
2701 3031 2753 3083 in
2820 3031 3038 3085 nomine
3116 3029 3315 3085 Christi

1719 3126 2008 3195 baptizare.
2049 3125 2226 3193 Quare
2271 3125 2361 3195 qui
2413 3125 2680 3178 haereticis
2729 3122 3173 3193 patrocinanturf
3204 3140 3311 3178 non

1718 3219 1770 3272 id
1810 3219 2091 3288 proferant
2130 3219 2269 3288 quod
2327 3217 2526 3271 Paulus
2578 3217 2646 3270 de
2687 3217 2941 3270 fratribus
2972 3218 3170 3286 posuit,
3218 3217 3314 3271 sed

20 3312 115 3376 feci
158 3309 202 3380 (Ι
231 3308 370 3362 Tim.
397 3326 457 3377 ιι,
490 3309 600 3384 15).
664 3312 789 3366 l’ost
840 3313 1240 3382 inspirationeiu
1273 3330 1397 3366 vero
1429 3323 1482 3367 et
1524 3329 1591 3366 rc-

1771 3311 2001 3366 .teudant
2020 3321 2043 3357 ὅ
2067 3312 2110 3365 si
2129 3310 2379 3364 liznretico
2404 3310 2597 3378 aliquid
2619 3309 3020 3362 concedendum
3039 3311 3243 3376 putavit
3258 3305 3308 3372 ιι,

19 3406 342 3459 relationem
384 3404 615 3470 factam,
669 3408 759 3474 qui
804 3406 855 3459 in
885 3422 949 3459 eo
979 3407 1118 3475 quod
1159 3416 1431 3461 erraverat
1485 3424 1608 3476 per-

15 3507 222 3552 severat
265 3497 504 3566 prudens
530 3510 584 3552 et
631 3487 841 3565 Sciens,
877 3501 993 3553 sine
1034 3499 1187 3552 venia
1220 3511 1242 3538 ε
1294 3500 1609 3568 ignorantia:

17 3601 215 3659 peccat.
252 3592 684 3661 l‘rmsumptioue
716 3594 860 3648 enim
885 3602 1046 3662 atque
1073 3592 1435 3648 obstinatione
1481 3611 1612 3665 qua-

17 3686 132 3739 dam
182 3686 411 3749 nititur,
467 3703 589 3740 cum
649 3689 858 3740 ratione
888 3695 1187 3756 superetur.
1231 3687 1340 3742 Nec
1367 3688 1608 3759 quisqam

23 3780 175 3842 dicit,
208 3779 358 3848 quod
391 3781 700 3850 accepimus
731 3779 798 3833 ab
824 3781 1098 3847 Apostolis
1138 3782 1238 3834 hoc
1291 3783 1604 3851 sequimur,

24 3873 218 3938 quando
247 3873 286 3924 Α
299 3872 496 3940 postoii
521 3888 625 3925 non
649 3871 748 3926 nisi
770 3887 930 3925 uuam
957 3873 1192 3926 Ecclesia
1203 3889 1250 3926 tu
1272 3873 1611 3927 tradiderunt

17 3974 60 4015 et
85 3964 367 4035 Baptisma
398 3981 561 4018 unum
584 4004 598 4029 ,
633 3962 776 4033 quod
807 3978 911 4016 nou
942 3962 1042 4016 nisi
1068 3964 1118 4016 iu
1149 3963 1336 4018 eadem
1367 3964 1609 4018 Ecclesia

1718 3413 1810 3456 aut
1851 3405 1892 3457 si
1923 3404 2082 3458 [idem
2107 3414 2159 3458 et
2190 3403 2461 3472 Biiplixllla
2487 3418 2675 3456 eorum
2709 3403 2976 3471 probavit,
3007 3406 3098 3456 aut
3119 3404 3160 3455 si
3191 3409 3312 3470 pcr-

1723 3497 1859 3552 fidos
1885 3507 1938 3552 et
1963 3497 2305 3566 blasphemos
2333 3497 2704 3550 remissionem
2731 3503 3072 3564 peccatorum
3096 3498 3311 3564 accipe-

1714 3605 1774 3644 re
1804 3598 1954 3643 extra
1994 3588 2007 3624 ί
2048 3589 2340 3644 Ecclesium
2375 3603 2532 3658 posse
2559 3589 2860 3644 constituit.

1787 3687 1903 3744 XV.
1935 3687 1989 3742 Si
2021 3698 2196 3742 autem
2229 3687 2352 3757 quid
2377 3685 2615 3755 Apostoli
2645 3685 2710 3740 de
2739 3685 3009 3740 hzt-reticis
3034 3687 3308 3740 senserint

1715 3760 2136 3845 consideremus,
2168 3780 2502 3834 inveniemus
2532 3795 2626 3834 eos
2679 3780 2728 3832 in
2779 3781 3026 3833 omnibus
3054 3781 3296 3847 epistolis

1716 3878 1830 3931 suis
1867 3877 2108 3930 execrari
2157 3884 2210 3928 et
2249 3875 2504 3929 detestari
2558 3874 2932 3926 luercticorum
2979 3873 3297 3941 sacrilegam

1718 3968 2053 4037 pravitatem.
2107 3965 2235 4020 Nam
2267 3981 2387 4020 cum
2433 3967 2612 4020 dicant
2667 3979 2971 4019 sermonem
3019 3980 3203 4018 eorum
3251 3976 3308 4021 ut

1253 4079 1631 4138 LECTIUNES
1670 4083 2084 4139 VARIANTES.

60 4198 80 4226 ⁸
107 4196 172 4246 Et
193 4194 532 4245 sanctiﬁcatus
552 4201 647 4253 est,
673 4196 710 4243 si
737 4196 1060 4243 sanctiﬁcatus
1085 4200 1162 4243 est
1187 4194 1312 4242 Bod.
1343 4195 1387 4253 1,
1417 4196 1464 4244 2.
1495 4195 1602 4244 Liu.

7 4260 135 4309 Ebor.
167 4260 283 4308 NG.
313 4259 362 4317 1,
391 4262 437 4308 2.
464 4259 523 4308 Et
545 4257 869 4307 Sanctiﬁcatus
893 4263 970 4304 est
997 4259 1153 4306 Oxon.

57 4320 82 4357 δ
119 4323 321 4372 Beatus
343 4320 608 4381 Apostolus
635 4322 762 4371 Lam.
792 4319 918 4370 Bod.
946 4321 989 4379 'l,
1022 4323 1068 4369 2.
1094 4320 1241 4368 Ebor.
1270 4320 1379 4369 NG.
1409 4321 1454 4380 1,
1482 4321 1524 4370 2.

61 4389 78 4414 ε
117 4385 235 4432 .laui
257 4398 360 4435 non
389 4386 434 4432 in
467 4386 606 4432 venia
633 4381 734 4432 Lin.

57 4448 80 4486 ά
121 4448 312 4514 Dicunt.
336 4447 463 4514 quod
489 4449 624 4514 quasi
823 4443 928 4496 ΝΟ.
957 4445 1000 4495 1.

57 4515 79 4541 ε’
119 4511 341 4560 invidiae
362 4510 673 4558 dissensione
700 4510 802 4557 Litt.

1773 4195 1794 4232 τ
1833 4199 2190 4261 Patrocinatur,
2227 4211 2325 4246 non
2363 4199 2406 4247 id
2433 4199 2646 4261 proferat
2672 4200 2803 4249 Lam.
2856 4199 2979 4250 Bod.
3009 4202 3054 4257 1,
3081 4202 3126 4250 2.
3158 4201 3304 4254 Ebur.

1713 4260 1818 4311 CN.
1848 4262 1893 4316 1.
1922 4265 1967 4310 2.
2003 4259 2126 4310 Thu.
2433 4259 2444 4261 ⁷

1773 4325 1802 4384 β
1837 4324 2076 4373 Ostendat
2101 4325 2234 4371 Lam.
2269 4322 2392 4375 Bod.
2420 4325 2466 4384 1,
2493 4327 2539 4375 2.
2568 4324 2711 4372 Ebor.
2742 4325 2848 4376 ΝΟ.
2880 4327 2924 4384 1,
2953 4329 3000 4375 2.
3034 4325 3160 4376 Tlm.

1769 4381 1800 4422 h
1839 4387 2046 4451 lfutavit,
2071 4395 2152 4434 aut
2173 4387 2217 4451 si
2242 4381 2461 4451 [hiemet
2484 4388 2720 4447 baptisma
2737 4381 3143 4451 t-orumprobavit
3171 4391 3309 4443 Lam.

1713 4447 1818 4498 Lin.
1847 4447 1970 4497 Bod.
2001 4450 2045 4507 1,
2076 4451 2118 4497 2.
2149 4446 2289 4498 Ebor.
2322 4449 2426 4498 NG.
2461 4451 2503 4508 1,
2526 4446 2569 4499 2.

1776 4511 1791 4549 i
1832 4511 2075 4574 Accipere
2100 4519 2266 4560 contra
2283 4510 2550 4562 Ecclesium
2577 4513 2686 4564 NG.
2718 4514 2760 4562 1.
2786 4511 2891 4561 Lin.

1269 4617 1512 4673 STEPH.
1556 4617 1830 4676 BALUZII
1867 4621 2100 4677 NUTIE.
2133 4659 2142 4670 .

56 4736 375 4790 Adulter-uri
403 4751 502 4788 non
545 4744 720 4803 potest.
753 4731 889 4790 Vide
919 4744 1072 4788 notas
1101 4745 1311 4789 nostras
1349 4734 1416 4788 ad
1450 4739 1598 4806 Ago-

8 4811 261 4874 hardum,
291 4825 414 4878 pag.
446 4809 537 4868 45,
587 4818 641 4861 ct
692 4824 812 4876 qua:
869 4824 964 4859 nos
993 4808 1218 4878 dicimus
1244 4808 1310 4862 de
1339 4824 1402 4860 eo
1442 4822 1603 4878 argu-

15 4894 181 4934 iu-ntn
222 4883 276 4932 in
316 4880 456 4932 nolis
483 4880 544 4932 ad
578 4880 768 4932 librum
793 4880 855 4931 de
885 4878 1091 4932 Unitute
1123 4877 1380 4931 Ecclesiae.

60 4957 122 5007 Si
159 4952 416 5005 Ecclesia!
444 4951 630 5003 devoti.
657 4950 824 5004 Vetus
864 4951 1205 5019 Reinigiauus
1231 4967 1244 5004 :
1279 4949 1417 5003 Nam
1439 4952 1483 5004 si
1504 4952 1600 5005 ista
1626 4944 1679 5003 D

8 5025 201 5077 ti-rotio
240 5023 486 5076 Ecclesia:
514 5031 585 5075 est
611 5033 657 5074 ct
688 5023 737 5073 in
768 5021 1011 5084 Ecclesia,
1043 5032 1144 5075 etc.

59 5097 275 5150 XlI.—-
305 5094 406 5146 Aut
443 5093 566 5146 Filii
588 5104 673 5146 aut
700 5091 891 5146 Patris.
926 5093 1030 5146 ista
1061 5094 1110 5146 in
1139 5093 1256 5146 aliis
1278 5091 1600 5148 editionibus

7 5166 335 5236 trans-posita
369 5177 542 5231 erant,
580 5165 715 5217 haud
745 5164 907 5219 dubie
928 5181 989 5218 ex
1017 5165 1390 5219 emendatione
1421 5165 1602 5233 cujus-

8 5239 116 5291 dum
147 5237 331 5292 critici
359 5250 580 5304 propter
599 5237 840 5290 ordinem
864 5252 1212 5304 personarum
1245 5237 1600 5290 sanctissimae

8 5310 318 5364 Trinitatis.
353 5307 612 5362 lndeceus
656 5309 796 5360 enim
846 5308 1126 5360 videbatur
1159 5307 1282 5359 huic
1306 5307 1492 5359 critico
1516 5306 1601 5359 Fi-

8 5380 128 5444 lium
163 5381 442 5435 nominari
469 5388 593 5432 ante
627 5382 857 5432 Patrem.
890 5376 1086 5433 Omnes
1117 5379 1236 5432 libri
1271 5388 1476 5432 veteres
1507 5378 1603 5432 ltav

9 5452 125 5506 bent
155 5453 238 5506 uti
259 5467 360 5504 nos
389 5452 745 5519 reposuimus.

69 5522 468 5588 Xlll.—Quasi
499 5519 826 5575 consuetudo.
848 5519 1009 5574 Multa
1031 5520 1147 5573 istic
1166 5535 1229 5573 ex
1245 5520 1598 5586 Tcrluiliano,

14 5595 253 5649 Arnohio
304 5605 355 5645 et
389 5591 510 5645 aliis
546 5593 650 5647 dici
683 5604 898 5659 possent
927 5593 993 5646 de
1026 5593 1339 5644 auctoritate
1365 5603 1599 5647 Consue-

15 5670 227 5721 tudinis.
267 5665 502 5719 Ail'eram
547 5673 747 5716 tantum
798 5665 969 5715 locum
1002 5665 1170 5716 sancti
1210 5663 1517 5731 Hieronymi
1553 5667 1601 5719 iu

13 5742 148 5793 enim:
187 5737 400 5804 Dialogi
430 5735 668 5788 adversus
719 5733 1095 5802 Luciferianos,
1124 5735 1209 5787 tibi
1266 5735 1342 5787 sic
1370 5736 1561 5804 legitur
1587 5756 1599 5789 :

15 5806 164 5879 Luqat
201 5807 459 5879 Cypriani
501 5805 762 5874 epistolas,
795 5807 844 5879 in
876 5806 1053 5876 quibus
1098 5805 1236 5873 apud
1287 5806 1601 5876 Stephanum

14 5874 448 5939 temnamus
477 5879 789 5946 episcopum,
809 5874 1097 5932 inueterata:
1122 5874 1498 5932 consuetudinis
1526 5880 1602 5932 la-

1706 4770 1843 4813 cerat
1866 4777 2103 4835 errorem.
2124 4761 2359 4830 Respicit
2384 4763 2448 4818 ad
2476 4763 2769 4833 Epistulam
2796 4780 2939 4818 Lxxu
2963 4781 3079 4834 quae
3103 4767 3305 4835 scripta

1706 4843 1784 4886 est
1829 4833 1895 4886 ad
1941 4833 2293 4900 Stephanum.
2331 4835 2466 4889 Puto
2496 4846 2676 4889 autem
2711 4833 3016 4902 respexisse
3045 4833 3304 4892 etiamad

1706 4904 1984 4992 cpistotl‘am
2004 4922 2167 4992 'quam
2194 4903 2458 4989 Crcsccns
2481 4907 2767 4992 cpiscopus
2796 4907 3059 4961 Cirtensis
3091 4908 3140 4961 iu
3175 4927 3305 4962 cou-

1707 4978 1833 5049 Ciiio
1873 4976 2301 5049 Carthaginensi,
2332 4995 2448 5047 pag.
2475 4976 2597 5041 ιΞΞΙ,
2633 4991 3019 5033 commemorat
3047 4982 3304 5049 scriptam

1705 5047 1774 5120 ad
1795 5047 2145 5115 Stephanum,
2171 5064 2288 5116 quae
2314 5067 2452 5101 nunc
2487 5067 2590 5102 non
2616 5059 2780 5104 extat.
2816 5053 2871 5103 in
2900 5067 2998 5120 qua
3027 5047 3171 5104 varia
3200 5069 3298 5105 ex-

1707 5117 1888 5172 tabant
1929 5121 2228 5174 testimonia
2262 5135 2325 5174 ex
2350 5119 2645 5186 Sct'iplllt'is
2677 5122 2883 5176 dciticis
2914 5117 3301 5179 descendentia

1705 5189 1963 5264 adversus
2005 5192 2324 5246 sententiam
2380 5191 2636 5260 Stephani
2669 5194 2733 5246 de
2766 5193 3038 5262 Biptismo
3073 5197 3292 5249 lucreti-

1705 5275 1890 5314 COI'IIIH
1903 5303 1913 5314 .

1776 5354 2035 5424 Ignorans
2090 5355 2206 5426 feci.
2270 5356 2327 5410 In
2375 5355 2510 5408 libro
2537 5353 2770 5409 Fuxc'nsi
2825 5357 3040 5410 additur
3089 5360 3304 5412 credens

1708 5427 1953 5478 nondum.
1984 5426 2090 5479 Sed
2122 5426 2250 5479 illud
2295 5428 2422 5480 alibi
2455 5441 2557 5480 non
2593 5429 2792 5481 inveni.
2821 5429 3129 5494 Respondet
3154 5432 3297 5484 istud

1709 5499 1756 5570 ei
1803 5496 1942 5567 quod
1983 5497 2211 5570 refertur
2261 5513 2328 5551 ex
2361 5499 2633 5564 lipistolai
2669 5499 2732 5552 ad
2761 5498 3133 5566 Timotheum,
3163 5503 3299 5570 quod

1706 5569 1950 5639 ignorans
1981 5571 2079 5638 feci
2100 5569 2150 5621 in
2174 5569 2555 5622 incredulitate.

1782 5659 2418 5714 XIV.——Patrocimmtur.
2442 5660 2496 5713 lu
2515 5661 2762 5714 undecim
2789 5660 2938 5714 libris
2967 5663 3164 5715 nostris
3179 5665 3304 5720 etin

1709 5747 1802 5785 sex
1842 5734 2149 5802 Anglicanis
2168 5734 2427 5803 scriptum
2458 5746 2536 5786 cst
2568 5752 2579 5785 :
2615 5733 2785 5804 Quare
2815 5737 2900 5800 qui
2929 5735 3181 5787 lia-reticis
3201 5754 3296 5804 pa-

1707 5805 2013 5870 trocinatur,
2035 5821 2134 5856 non
2156 5805 2207 5857 id
2233 5805 2612 5876 proferatquod
2634 5803 2831 5857 Paulus
2858 5803 2919 5855 de
2940 5803 3290 5875 fratribuspo-

1705 5877 1806 5928 suit
1822 5916 1836 5939 ,
1864 5877 1950 5930 sed
1981 5877 2231 5931 ostendat.
