3736 6286
372 381 509 440 “19

1295 387 1628 446 EPISTULA
1670 389 1726 445 S.
1769 386 2094 443 CYPRIANI
2142 387 2234 442 AD
2273 386 2683 459 JUBAIANUM,

3496 400 3606 455 lli’il

368 513 568 556 cancer
594 514 811 572 serpere
848 500 916 576 (ll
944 502 1103 568 Tint.,
1136 518 1195 572 Il,
1230 504 1340 577 17),
1383 506 1655 576 quomodo
1686 514 1865 578 potest
1910 508 1955 561 is
1984 516 2029 569 Α
2059 513 2237 562 Iesum
2263 507 2520 563 Christum
2550 509 2760 584 (Jama,
2791 526 2916 578 xvn,
2944 512 3022 584 5).
3055 511 3191 568 Cum
3221 527 3351 584 ergo
3392 531 3449 571 ex
3473 518 3610 588 ipsius

367 608 548 650 sermo
574 594 704 651 dare
733 595 1015 653 remissam
1045 608 1385 668 peccatorum
1416 601 1504 671 qui
1544 613 1600 654 ut
1625 616 1820 655 cancer
1849 617 1962 656 scr-

374 689 452 759 pit
481 686 548 743 ad
571 703 731 743 aures
762 689 1132 747 audientium?
1164 691 1233 747 Et
1260 707 1380 748 cum
1409 694 1590 748 dicant
1613 694 1817 749 nullam
1848 710 1964 765 par-

369 782 740 854 ticipationem
768 799 891 841 esse
912 786 1133 856 justitizc
1157 799 1210 842 et
1240 789 1504 855 iniqttitati
1525 830 1540 855 ,
1575 790 1774 843 nullam
1802 804 1958 845 eum-

370 878 686 933 munionem
715 879 903 934 lumini
931 889 986 934 et
1010 881 1245 936 tenebris
1274 881 1340 953 (ll
1366 880 1484 935 Cor.
1520 898 1594 949 vr,
1646 883 1761 952 lli),
1820 899 1958 954 quo-

373 970 540 1026 modo
570 985 792 1041 possunt
818 984 909 1028 aut
936 977 1172 1030 tenebra:
1200 976 1503 1031 illuminare
1533 988 1623 1031 aut
1652 986 1677 1014 ⁸
1708 978 1962 1048 iniquitas

364 1066 703 1137 justiﬁeare?
754 1066 821 1123 Et
865 1082 986 1123 cum
1015 1068 1198 1123 dicant
1223 1067 1291 1125 de
1321 1069 1431 1124 Deo
1451 1084 1545 1125 eos
1571 1086 1676 1124 non
1700 1086 1839 1137 esse,
1867 1072 1961 1127 sed

372 1173 496 1215 esse
523 1160 591 1215 tle
619 1160 921 1215 antichristi
976 1161 1166 1232 Spiritu
1198 1161 1242 1236 (Ι
1269 1161 1427 1218 Joan.
1474 1179 1548 1229 tv,
1582 1164 1663 1235 5),
1693 1165 1962 1233 quomodo

367 1262 563 1322 gerunt
590 1252 849 1323 spiritalia
875 1252 905 1293 ιι
931 1264 987 1310 et
1013 1254 1194 1309 divina
1217 1257 1304 1325 qtti
1334 1266 1458 1311 sunt
1487 1254 1671 1311 hostes
1728 1258 1853 1325 Dei,
1908 1269 1965 1314 et

369 1363 597 1419 quorum
627 1362 842 1419 pectora
870 1350 1143 1405 obsederit
1169 1340 1389 1421 spiritus
1415 1352 1757 1408 antichristi?
1785 1352 1963 1423 Quare

370 1444 414 1498 si
445 1444 660 1514 rejectis
689 1456 711 1484 ο
745 1444 993 1500 humanm
1025 1447 1385 1501 contentionis
1405 1447 1681 1501 erroribus
1709 1446 1776 1501 ad
1803 1463 1966 1502 evan-

373 1537 598 1608 gelicam
636 1543 1009 1596 auctoritatem
1040 1550 1201 1611 atque
1230 1540 1296 1595 ad
1328 1541 1680 1611 apostolicam
1712 1540 1962 1598 traditio-

374 1647 496 1688 nem
545 1635 759 1690 siucera
785 1642 841 1689 et
869 1634 1122 1705 religiosa
1164 1633 1268 1689 ﬁde
1294 1643 1629 1689 revertamur
1648 1676 1664 1703 ,
1698 1633 1965 1705 intellige-

372 1744 493 1784 mus
522 1727 656 1784 nihil
686 1731 764 1785 eis
785 1730 851 1784 ad
884 1730 1113 1800 gratiam
1142 1729 1563 1785 ecclesiasticam
1591 1739 1646 1784 et
1673 1731 1962 1785 salutarem

374 1818 549 1876 licere
570 1820 660 1890 qui
711 1831 1025 1891 spargentes
1053 1831 1212 1892 atque
1240 1822 1614 1892 impugnantes
1670 1821 1961 1877 Ecclesiam

2065 602 2266 657 Christi
2302 605 2685 673 prmdicationc
2711 617 2765 662 ct
2808 610 3204 665 contestatione
3230 608 3388 665 Pater
3414 621 3523 669 ante
3539 631 3612 671 co-

2065 697 2401 765 gnoscendus
2442 698 2546 765 sit,
2598 701 2686 769 qui
2720 701 2897 769 misit,
2950 711 3075 758 tunc
3135 702 3332 760 deinde
3378 705 3613 778 Christus,

2066 792 2154 861 qui
2197 792 2388 847 missus
2420 802 2503 849 est
2526 836 2542 861 ,
2568 811 2669 851 nec
2696 799 2863 866 possit
2886 812 3005 854 es<e
3029 812 3157 870 spes
3184 799 3375 856 salutis
3396 801 3490 856 nisi
3516 805 3617 860 duo-

2067 881 2166 937 bus
2210 882 2364 938 simul
2420 886 2648 957 Cognitis
2668 930 2682 953 ,
2712 888 2982 957 quomodo
3009 905 3116 944 ttun
3157 892 3374 961 cognito
3405 892 3554 949 immo
3582 909 3617 950 et

2067 974 2438 1045 blaspltemato
2478 980 2587 1036 Deo
2619 981 2809 1048 Patre,
2832 983 2920 1053 qui
2948 983 3089 1052 apttd
3124 982 3409 1039 haereticos
3458 986 3619 1043 Christi

2065 1071 2283 1126 nomine
2309 1071 2557 1140 ltaptizati
2581 1074 2851 1142 dicuntur,
2871 1086 3218 1146 peccaturum
3235 1081 3502 1135 remissam
3524 1098 3624 1136 con-

2066 1162 2237 1218 secuti
2260 1163 2614 1234 judicantur?
2637 1168 2757 1222 Alia
2782 1170 2923 1224 enim
2953 1170 3050 1224 luit
3078 1170 3391 1226 Judmorutn
3431 1174 3524 1227 sub
3567 1177 3628 1230 A-

2074 1260 2305 1327 postolis
2351 1262 2520 1325 ratio,
2553 1262 2657 1317 alia
2697 1272 2777 1317 est
2805 1264 3084 1334 gentilium
3117 1266 3377 1325 conditio.
3402 1268 3490 1333 Illi,
3520 1272 3633 1340 quia

2062 1351 2173 1422 jam
2200 1353 2332 1425 legis
2375 1366 2429 1410 et
2455 1355 2622 1428 Moysi
2666 1357 3097 1428 antiquissimum
3140 1359 3400 1430 baptisma
3438 1361 3635 1418 fuerant

2068 1445 2282 1516 adepti,
2334 1450 2388 1502 in
2438 1451 2658 1505 nomine
2686 1464 2901 1520 quoque
2944 1450 3072 1506 Jesn
3099 1450 3305 1508 Christi
3360 1466 3501 1508 erant
3524 1458 3638 1524 lup.

2071 1538 2300 1606 tizandi,
2332 1543 2629 1597 sccundum
2654 1543 2797 1613 quod
2829 1545 2884 1598 in
2926 1544 3076 1600 Actis
3125 1544 3505 1617 Apostolorum
3544 1548 3634 1603 Pc~

2072 1641 2185 1687 trus
2208 1634 2274 1688 ad
2301 1650 2397 1689 eos
2426 1636 2663 1707 loquitur
2682 1647 2739 1695 et
2755 1639 2916 1694 dicit:
2940 1638 3293 1709 Paenitemini,
3313 1652 3362 1697 et
3387 1643 3638 1713 baptisuur

2072 1731 2421 1800 unusquisque
2448 1741 2666 1787 vestrum
2702 1734 2756 1787 in
2784 1736 2990 1789 nomine
3018 1734 3234 1789 Domini
3256 1735 3384 1790 Iesu
3406 1733 3633 1792 Christiin

2069 1825 2409 1878 remissionem
2461 1835 2803 1894 peccatorum,
2834 1836 2883 1880 et
2911 1828 3173 1897 accipietis
3202 1828 3395 1882 donum
3441 1828 3633 1899 Spiritus

374 1912 607 1982 Christi,
638 1930 666 1967 a
688 1914 905 1970 Christo
936 1916 1055 1986 ipso
1085 1915 1411 1983 adversarii,
1439 1917 1508 1972 ab
1544 1916 1812 1987 Apostolis
1837 1932 1964 1973 vero
1993 1915 2041 1977 B
2068 1915 2254 1969 εαηειὶ-
2290 1913 2442 1969 Vobis
2472 1918 2603 1971 enim
2635 1927 2707 1973 eu
2732 1919 2839 1972 Ιιωσ
2878 1920 3151 1990 promissio
3177 1930 3225 1973 et
3254 1921 3381 1989 ﬁliis
3418 1924 3572 1976 vestris
3592 1934 3632 1976 et

372 2007 492 2077 ejus
517 2008 823 2064 antichristi
856 2009 1201 2065 nominantur
1226 2007 1279 2064 ἀ.

445 2100 587 2157 XVI.
628 2100 745 2155 Non
769 2111 851 2157 est
872 2113 1052 2158 autem
1073 2103 1213 2173 quod
1234 2103 1430 2173 aliquis
1449 2102 1516 2157 ad
1539 2103 1967 2159 circumvenien-

370 2195 494 2251 dam
517 2196 867 2252 christianum
893 2198 1173 2254 veritatem
1201 2198 1397 2254 Christi
1428 2214 1621 2255 nomen
1645 2210 1883 2271 opponat
1910 2213 1968 2256 ιιι

372 2286 552 2354 dicat,
582 2286 638 2343 In
670 2290 888 2345 nomine
913 2288 1040 2346 Jesu
1072 2290 1268 2346 Christi
1301 2290 1620 2363 ubicumque
1647 2302 1702 2348 et
1739 2309 1969 2361 quomo-

371 2379 677 2453 documque
730 2382 980 2453 baptizati
1023 2386 1251 2454 gratiam
1293 2383 1552 2454 Baptismi
1599 2396 1724 2440 sunt
1770 2400 1966 2443 conse-

371 2475 517 2542 cuti,
549 2476 766 2547 quando
795 2478 910 2547 ipse
939 2476 1189 2534 Christus
1242 2479 1491 2550 loquatur
1539 2489 1594 2536 et
1616 2479 1790 2544 dicat,
1846 2480 1969 2536 Non

373 2568 539 2625 omnis
563 2570 652 2641 qui
689 2570 813 2625 dicit
860 2572 1020 2637 mihi,
1058 2570 1307 2639 Domine,
1367 2571 1618 2640 Domine,
1668 2574 1878 2628 intrabit
1916 2576 1971 2629 in

373 2678 589 2735 regnum
610 2665 851 2719 caelorum
873 2665 1050 2733 (Matt.
1083 2681 1171 2729 vn.
1201 2665 1317 2735 21).
1350 2668 1614 2722 etiterum
1643 2678 1971 2736 prazmoneat

372 2764 535 2829 atque
562 2756 794 2813 instruat
833 2773 902 2813 ne
947 2758 1067 2828 quis
1092 2774 1121 2813 a
1146 2759 1636 2830 pseudoprophetis
1661 2769 1716 2816 et
1746 2761 1971 2832 pseudo-

371 2849 592 2907 christis
619 2852 671 2906 in
704 2851 921 2906 nomine
951 2868 1050 2908 suo
1096 2853 1255 2909 facile
1284 2853 1535 2921 fallatur,
1563 2853 1737 2913 Multi.
1764 2855 1964 2925 inquit,

370 2947 570 3000 uenient
620 2948 673 3002 in
703 2948 908 3003 nomine
938 2965 1047 3002 meo
1074 2950 1318 3006 dicentes.
1344 2949 1458 3023 Ego
1482 2968 1595 3004 sum
1627 2951 1882 3020 Christus,
1924 2964 1971 3008 el

372 3039 561 3095 multos
597 3042 798 3110 fallent,
843 3052 897 3097 et
927 3053 1113 3111 postea
1167 3042 1375 3098 addidit
1402 3045 1590 3101 dicens
1623 3064 1636 3099 :
1681 3045 1780 3100 Vos
1800 3057 1970 3102 autent

372 3142 561 3187 cavete.
593 3131 722 3190 Ecce
741 3135 959 3206 ιιι-ωαξπὶ
984 3136 1122 3190 vobis
1147 3137 1319 3191 omnia
1340 3136 1534 3207 (Marc.
1581 3154 1696 3203 xm,
1720 3137 1796 3210 6).
1818 3138 1972 3195 Unde

372 3234 600 3296 apparet
628 3241 734 3283 ιιοιι
760 3243 823 3283 ea
850 3228 1031 3283 statim
1064 3228 1407 3298 suscipienda
1431 3238 1486 3285 et
1504 3231 1828 3286 assumenda
1852 3248 1972 3302 quae

2070 2008 2305 2062 omnibus
2363 2009 2601 2080 deinceps
2645 2027 2991 2082 quoscumque
3042 2012 3367 2066 advocaverit
3416 2012 3637 2068 Dominus

2072 2098 2209 2154 Deus
2238 2110 2406 2155 noster
2432 2101 2567 2172 (Act.
2604 2119 2659 2163 ιι.
2691 2102 2806 2174 38).
2854 2103 2983 2160 Jesu
3012 2104 3217 2160 Christi
3242 2107 3562 2161 mentionem
3581 2108 3641 2161 ta-

2069 2193 2143 2250 cit
2162 2194 2382 2259 Petrus,
2419 2211 2523 2250 non
2550 2197 2704 2267 quasi
2729 2196 2885 2252 Pater
2910 2199 3289 2265 omitteretur,
3322 2201 3415 2255 sed
3441 2210 3496 2255 ut
3519 2201 3651 2256 Patri

2070 2304 2285 2360 quoque
2312 2288 2484 2345 Filius
2512 2290 2915 2362 adjungeretur.

2143 2382 2329 2438 XVIII.
2358 2383 2600 2453 Denique
2626 2385 2714 2439 ubi
2745 2396 2871 2457 post
2896 2387 3347 2442 resurrectionem
3368 2398 3396 2440 a
3423 2387 3651 2443 Domino

2072 2477 2314 2547 APOSlltli
2339 2475 2407 2531 ad
2449 2485 2639 2547 gentes
2667 2477 2986 2545 mittuntur,
3019 2478 3072 2533 in
3124 2479 3341 2534 nomine
3377 2479 3545 2534 Patris
3594 2492 3651 2534 et

2073 2568 2195 2625 Filii
2233 2579 2286 2624 et
2326 2570 2561 2639 Spiritus
2599 2571 2769 2626 sancti
2803 2571 3075 2642 baptizare
3124 2573 3357 2643 gentiles
3392 2572 3658 2642 iubentur.

2071 2662 2358 2728 Quomodo
2383 2677 2516 2733 ergo
2552 2662 2772 2734 quidam
2798 2664 2988 2719 dicunt
3013 2665 3143 2719 luris
3186 2673 3339 2720 extra
3378 2666 3658 2721 Ecclesiam

2075 2757 2241 2811 inuno
2281 2766 2338 2811 et
2374 2767 2563 2812 contra
2612 2758 2945 2825 Ecclesium,
2977 2759 3141 2814 modo
3188 2762 3241 2814 in
3289 2763 3509 2817 nomine
3544 2762 3660 2817 Iesu

2074 2848 2313 2915 Christi,
2370 2851 2697 2920 ubicumque
2742 2862 2798 2906 et
2865 2851 3376 2924 quomodocumque
3421 2857 3656 2926 gentilem

2071 2944 2397 3013 baptizatum
2433 2946 2808 3000 remissionem
2836 2955 3178 3016 peccatorum
3206 2947 3471 3019 consequi
3498 2962 3656 3018 posse.

2072 3043 2289 3110 quando
2317 3039 2435 3109 ipse
2454 3040 2701 3095 Christus
2726 3053 2918 3107 gentes
2943 3041 3197 3110 baptizari
3226 3043 3417 3110 jubeat
3436 3044 3496 3097 in
3524 3043 3645 3113 plent

2074 3143 2130 3187 et
2170 3132 2403 3186 adunata
2436 3133 2716 3188 'l‘riuitate.
2748 3133 2860 3188 Nisi
2888 3135 2931 3187 si
2956 3133 3046 3202 qui
3082 3132 3363 3189 Christum
3395 3146 3563 3206 negat
3580 3150 3645 3188 se-

2074 3234 2233 3295 gatttr
2270 3244 2298 3277 a
2340 3225 2576 3287 Christo.
2629 3228 2717 3297 qui
2752 3227 2963 3281 Patrem
3023 3225 3139 3294 ejus
3170 3235 3355 3297 negat,
3382 3242 3549 3298 quem
3574 3230 3662 3296 ipse
3734 3244 3736 3261 ι

372 3319 651 3390 jactamur
700 3323 753 3376 in
801 3323 1022 3378 nomine
1065 3322 1265 3379 Christi
1291 3365 1307 3391 ,
1369 3324 1465 3380 sed
1535 3340 1656 3396 qua:
1709 3337 1972 3397 geruntur
1998 3320 2043 3382 C
2076 3316 2321 3373 Christus
2369 3316 2656 3374 confessus
2687 3320 2788 3382 sit,
2826 3335 2935 3374 non
2967 3328 3216 3389 negatur,
3246 3329 3306 3374 et
3332 3321 3427 3389 qui
3467 3322 3521 3375 in
3561 3336 3661 3375 eam
3734 3306 3736 3323 ¹

377 3412 431 3467 in
474 3412 675 3469 Christi
706 3415 959 3471 veritate.

448 3507 613 3564 XVII.
656 3509 809 3576 Quod
834 3512 978 3566 enim
1008 3513 1061 3567 in
1090 3514 1385 3583 evangeliis
1416 3523 1471 3568 ct
1500 3515 1552 3569 in
1582 3517 1967 3585 Apostolorum

377 3602 620 3671 epistolis
641 3601 768 3659 Jesu
796 3604 994 3661 Christi
1023 3621 1219 3663 nomen
1251 3608 1557 3663 insinuatur
1581 3610 1648 3664 ad
1690 3612 1970 3666 remissio-

376 3709 500 3749 nem
525 3704 890 3763 peccatorum,
916 3713 1022 3753 non
1051 3700 1121 3753 ita
1143 3711 1224 3755 eat
1250 3701 1402 3770 quasi
1428 3711 1522 3755 aut
1549 3702 1666 3757 sine
1689 3702 1849 3758 Patre
1880 3714 1971 3760 aut

374 3796 561 3843 contra
616 3790 829 3844 Patrem
859 3791 1119 3860 prodesse
1145 3793 1394 3864 cuiquam
1423 3794 1575 3850 solus
1606 3796 1748 3850 filius
1776 3801 1967 3868 possit,

375 3882 469 3938 sed
498 3882 806 3950 utJudtcis,
835 3886 927 3955 qui
946 3885 1266 3953 iactitabant
1291 3901 1349 3941 se
1375 3896 1580 3958 patrem
1611 3888 1827 3959 habere,
1877 3905 1971 3946 os-

376 3978 688 4034 tenderetur
716 3980 860 4048 quod
890 3979 1022 4034 nihil
1045 3979 1124 4035 eis
1153 3979 1313 4035 Pater
1335 3980 1651 4051 profuturus
1678 3992 1843 4047 esset,
1866 3984 1973 4039 nisi

378 4070 432 4124 in
489 4069 680 4125 Filium
738 4071 1060 4139 crederent,
1107 4089 1265 4144 quem
1318 4073 1405 4128 ille
1432 4075 1686 4129 misisset.
1722 4073 1852 4129 Nam
1882 4076 1974 4147 qtti

376 4163 543 4219 Deum
598 4163 813 4221 Patrem
859 4177 1159 4222 creatorem
1189 4166 1468 4232 sciebant,
1521 4166 1716 4222 Filium
1758 4183 1973 4239 quoque

372 4254 646 4312 Christum
689 4255 828 4311 scire
884 4255 1188 4319 debebant.
1242 4273 1310 4313 ne
1340 4259 1440 4313 sibi
1484 4259 1857 4315 blandirentur
1917 4271 1974 4315 et

376 4348 693 4420 plauderent
718 4350 786 4405 tle
816 4351 933 4406 solo
956 4350 1115 4406 Patre
1141 4353 1258 4407 sine
1280 4351 1399 4407 Filii
1427 4353 1543 4423 ejus
1571 4355 1862 4424 agnitione,
1882 4356 1973 4427 qui

373 4451 429 4499 et
455 4441 669 4498 dicebat
694 4461 707 4497 :
733 4441 902 4498 Nemo
931 4446 1063 4499 venit
1084 4444 1153 4500 ad
1182 4445 1390 4502 Patrem
1419 4449 1521 4503 nisi
1551 4466 1641 4517 per
1682 4467 1761 4504 me
1787 4449 1969 4520 (Joan.

372 4554 483 4603 xiv,
511 4538 545 4594 6
554 4557 593 4607 ).
625 4539 858 4594 Duorum
887 4549 1066 4595 autem
1110 4541 1472 4611 cognitionem
1504 4558 1626 4601 esse
1654 4560 1774 4614 quae
1801 4547 1975 4603 salvat

375 4629 515 4686 idem
532 4630 647 4700 ipse
676 4632 985 4688 manifestat
1010 4633 1196 4689 dicens
1222 4651 1236 4687 :
1268 4633 1395 4688 Ha’c
1418 4645 1490 4689 est
1508 4647 1675 4691 autem
1698 4639 1801 4692 vita
1828 4650 1975 4694 tuter-

371 4740 441 4779 na
461 4732 518 4779 ut
537 4736 845 4796 cognoscant
862 4735 910 4780 te
933 4726 1099 4782 solum
1115 4736 1344 4781 etverum
1365 4726 1549 4796 Deum,
1566 4740 1613 4784 et
1625 4747 1770 4799 quem
1790 4732 1970 4788 misisti

2080 3412 2419 3480 blasphemat
2452 3427 2611 3481 quem
2638 3410 2892 3467 Christus
2920 3412 3206 3466 Dominum
3236 3426 3293 3467 et
3327 3414 3503 3468 Deum
3528 3428 3662 3466 suum

2075 3504 2294 3569 dixerit,
2320 3515 2698 3559 remuneratus
2720 3521 2748 3557 a
2775 3504 2994 3559 Christo
3021 3505 3403 3559 remissionem
3439 3517 3659 3575 peccato-
3734 3544 3736 3577 λ

2077 3612 2194 3652 rum
2216 3607 2268 3651 ct
2282 3596 2537 3668 Baptismi
2564 3598 3046 3652 sanctiticationetn
3063 3598 3441 3668 consequitur.
3458 3597 3561 3666 Qua
3580 3612 3665 3648 au-

2078 3699 2187 3744 tem
2220 3701 2488 3761 potestate
2513 3695 2766 3763 consequi
2793 3694 2845 3746 in
2872 3691 3140 3762 baptismo
3159 3692 3539 3746 remissionem
3562 3704 3672 3759 per-

2077 3796 2317 3841 catorutn
2334 3797 2510 3856 potest
2523 3802 2724 3858 negans
2733 3787 2902 3844 Deum
2918 3796 3220 3841 creaturam
3238 3783 3675 3855 mthbristi,

2077 3879 2293 3950 quando
2322 3880 2491 3950 ipsam
2543 3889 2866 3951 potestatem
2895 3895 2999 3950 qua
3027 3879 3357 3950 baptizamur
3377 3888 3428 3931 et
3466 3877 3677 3930 sancti-

2080 3974 2307 4029 ticamur
2350 3975 2419 4029 ab
2449 3974 2640 4030 eodem
2673 3975 2831 4031 Patre
2860 3975 3113 4029 Christus
3156 3973 3452 4041 acceperit;
3509 3985 3677 4040 quem

2080 4071 2341 4137 majorem
2373 4068 2592 4129 dixerit.
2616 4083 2645 4122 a
2674 4082 2783 4138 quo
2811 4066 3099 4122 clariﬁcari
3141 4065 3370 4138 petierit,
3399 4064 3565 4133 cujus
3588 4080 3676 4116 vu—

2079 4164 2337 4219 luntateut
2382 4178 2549 4234 usque
2592 4164 2657 4217 ad
2711 4163 3026 4233 obsequium
3059 4161 3274 4218 bibendi
3296 4160 3485 4215 calicis
3515 4170 3570 4215 et
3595 4174 3677 4215 su-

2079 4255 2306 4311 beunda:
2365 4257 2555 4310 mortis
2609 4255 2953 4323 impleverit?
3010 4255 3151 4320 Quid
3207 4262 3293 4310 est
3334 4255 3501 4324 igitur
3543 4249 3675 4306 aliud

2078 4366 2237 4422 quam
2271 4351 2582 4421 participem
2612 4350 2875 4406 hmreticis
2899 4349 3402 4419 blaspltctnantibus
3430 4346 3671 4425 ﬁeri,deo

2077 4445 2300 4501 laudere
2328 4445 2468 4499 Velle
2494 4454 2547 4499 et
2575 4458 2826 4499 asserere
2855 4442 2996 4514 quod
3024 4443 3315 4497 remissam
3344 4450 3669 4512 peccatorum

2078 4541 2325 4610 accipere
2354 4540 2406 4595 in
2430 4538 2628 4595 Christi
2659 4540 2878 4593 nomine
2918 4537 3088 4606 possit
3135 4534 3534 4607 blasphemans
3567 4547 3668 4603 gn-

2078 4632 2216 4687 viter
2256 4643 2311 4689 et
2358 4647 2589 4702 peccans
2634 4632 2685 4686 in
2729 4631 2939 4686 Patrem
2983 4639 3039 4684 et
3084 4628 3381 4683 Dominum
3423 4639 3482 4683 et
3529 4627 3668 4681 Deum

2075 4727 2310 4785 Christi?
2330 4726 2466 4793 Quid
2495 4723 2693 4781 deinde
2718 4723 2849 4780 illud
2872 4724 3026 4795 quale
3042 4731 3128 4779 est
3156 4730 3216 4777 ut
3245 4720 3343 4791 qui
3378 4720 3572 4779 Filium
3592 4716 3668 4773 Dei

1582 4867 1877 4924 LECTION
1884 4868 1966 4926 ES
2002 4865 2418 4927 VARIANTES.

434 4979 461 5043 ξ
496 4980 596 5030 Aut
619 4981 901 5043 iniquitates
922 4978 1048 5031 Bod.
1073 4981 1120 5030 1.
1136 4968 1279 5030 ΤΙιιι.

438 5040 465 5078 ιι
498 5044 586 5093 Sic
612 5040 747 5094 Lam.
794 5042 902 5095 ΝΟ.
931 5043 976 5094 1.
1004 5043 1128 5094 Bod.
1158 5043 1202 5105 1,
1229 5045 1274 5093 2.
1312 5043 1456 5095 Ebor.
1485 5043 1588 5096 Lin.
1629 5045 1725 5105 Qui
1767 5052 1978 5097 tractant

373 5106 531 5159 Oxon.

2136 4983 2161 5012 °
2198 4979 2250 5029 Si
2276 4979 2462 5029 relictis
2488 4980 2621 5039 Lam,
2650 4978 2792 5029 Ebor.
2824 4976 2925 5027 Litt.
2954 4978 3059 5029 NG.
3088 4977 3134 5025 l.
3164 4975 3292 5025 Bod.
3328 4978 3379 5037 1,
3410 4979 3457 5029 2.

2148 5042 2176 5083 (ἱ
2209 5042 2536 5094 Nominentur
2565 5044 2690 5093 Bod.
2718 5045 2766 5102 1,
2791 5044 2837 5092 2.

1575 5219 1818 5278 STEPH.
1866 5218 2135 5279 BALUZII
2172 5218 2403 5277 NOTAE.

446 5359 561 5416 XV.
578 5390 649 5400 —
680 5358 747 5415 Et
770 5360 960 5416 diuina.
990 5358 1046 5415 In
1064 5359 1300 5416 editione
1319 5360 1546 5426 Erasmi,
1576 5375 1698 5431 qum
1717 5360 1957 5415 omnium

2071 5359 2286 5415 relictis.

372 5436 542 5502 prima
568 5443 670 5527 lest,
697 5432 887 5527 legimr
914 5450 926 5485 :
962 5431 1228 5515 Quomodo
1258 5432 1547 5515 spiritualia
1571 5425 1619 5486 et
1646 5431 1959 5514 divinatra-
1987 5468 2040 5527 D
2141 5428 2354 5487 Sincera
2369 5442 2424 5517 oet
2452 5433 2709 5503 religiosa.
2738 5432 3265 5527 Editierllorclliana
3309 5445 3369 5490 ct
3416 5444 3530 5489 tres
3556 5425 3665 5487 libri

372 5514 527 5558 rtant.
568 5504 755 5560 Postea
787 5504 1073 5567 Manutius,
1103 5519 1261 5573 quem
1286 5504 1453 5559 secuti
1477 5515 1601 5557 sunt
1628 5505 1961 5572 posteriores

372 5576 626 5637 editores,
665 5577 838 5644 posuit
870 5575 1138 5643 Quomodo
1186 5586 1362 5642 gerunt
1389 5574 1647 5641 spiritalia
1672 5584 1758 5626 aut
1788 5574 1964 5628 divina

373 5646 633 5701 tractant?
654 5646 986 5701 Manifestum
1010 5659 1089 5701 est
1117 5647 1397 5704 delendam
1425 5661 1545 5701 esse
1573 5660 1757 5700 vocent
1783 5655 1965 5714 gerunt

373 5726 467 5772 aut
493 5733 676 5789 vocent
708 5728 944 5770 tractant.
977 5717 1160 5789 Itaque
1203 5736 1323 5772 cum
1378 5715 1784 5787 quatttordccitu
1842 5716 1963 5771 libri

376 5788 544 5839 nostri
572 5796 627 5840 et
649 5802 744 5860 sex
764 5789 1041 5857 Anglicani
1064 5788 1170 5843 non
1191 5799 1481 5860 agnoscant
1505 5804 1689 5843 vocem
1718 5795 1959 5855 tractant,

378 5869 493 5908 eam
527 5857 857 5908 sustulimus.

426 5922 693 5987 _Rejct'tis.
722 5924 854 5978 Tres
881 5926 999 5981 libri
1040 5929 1208 5982 nostri
1240 5938 1293 5983 ct
1318 5944 1412 5986 sex
1443 5927 1721 5998 Anglicani
1763 5928 1964 5988 habent

2066 5516 2299 5574 veteres,
2335 5504 2534 5559 sincera
2557 5516 2603 5558 et
2630 5522 2746 5559 vero
2776 5515 2821 5559 et
2848 5506 3107 5574 religiosa.

2141 5573 2357 5651 XVI.—
2382 5574 2697 5647 Ubicumque
2715 5586 2762 5633 et
2791 5576 3275 5651 quomodocumque.
3300 5576 3429 5632 "me
3452 5585 3535 5632 est
3557 5586 3663 5651 verit

2068 5646 2249 5701 lec1io.
2287 5663 2405 5718 qua:
2448 5646 2658 5701 rursum
2693 5652 2957 5717 reperitur
2982 5646 3115 5701 infra
3170 5655 3222 5703 in
3252 5650 3356 5703 hac
3387 5650 3507 5717 ipsa
3532 5646 3662 5718 epis-

2070 5718 2194 5772 tula.
2220 5718 2477 5774 Putarttut
2506 5730 2680 5773 autem
2715 5720 2865 5783 Angli
2894 5720 3005 5771 haec.
3037 5719 3198 5774 verba
3227 5735 3349 5775 esst.-
3384 5720 3439 5777 St
3452 5717 3658 5787 cultam.

2066 5794 2189 5859 quia
2214 5790 2373 5852 intra.
2408 5802 2466 5845 ιιι
2487 5790 2563 5845 illi
2596 5793 2769 5858 aiunt,
2800 5782 3151 5846 traducuntur
3179 5808 3207 5843 a
3236 5782 3535 5859 Cypriani».
3564 5782 3657 5859 P9-

2071 5851 2477 5934 iet'antadderc
2503 5877 2569 5934 ea
2594 5877 2719 5919 vere
2756 5851 3009 5933 imputari
3032 5851 3400 5934 Stephanum
3426 5851 3652 5928 8115510"

2067 5931 2387 6003 Firmiliani,
2408 5950 2528 6006 pag.
2555 5933 2679 5989 MS.
