3736 6286
45 337 158 397 1125
1135 329 1220 390 DE
1263 327 1656 392 llEﬂETlCIS
1696 329 2164 392 BAPTIZANDIS.
3135 331 3271 387 11°26

42 462 197 510 tentent
223 449 448 516 loquitur
467 453 523 503 et
551 447 693 517 quod
717 462 898 503 secum
930 449 1140 505 futurus
1170 452 1239 506 sit
1264 452 1313 506 iu
1334 451 1580 522 paradiso
1609 451 1655 510 Α
1686 451 1963 504 veritatem
1989 471 1999 502 :
2026 466 2124 506 nec
2150 449 2473 504 recusahuut
2491 449 2748 519 baptizari
2774 447 2913 518 apud
2936 462 3033 501 nos
3061 446 3278 501 haereti—

45 546 288 615 pollieelur.
313 541 654 609 Quapropter
685 542 772 608 qui
797 540 919 595 fidei
943 552 997 596 et
1018 544 1226 597 veritati
1260 559 1578 614 praesumus,
1687 547 1732 597 ci
1792 545 2029 614 legitimo
2059 553 2111 598 et
2148 560 2273 598 vero
2306 543 2564 598 Ecclesia:
2619 544 2907 613 baptismo,
2949 541 3161 612 quando
3207 556 3272 592 ex

45 653 108 692 eos
135 634 210 704 qtti
253 633 313 687 ad
343 633 500 687 fidem
551 643 604 688 et
643 633 924 687 veritatem
975 639 1212 701 veniunt,
1263 646 1318 691 et
1362 647 1582 707 agentes
1687 637 1844 690 nobis
1877 637 2162 691 didicerim
2211 637 2506 708 baptizatos
2554 651 2767 706 quoque
2796 652 2824 689 τι
2857 635 3022 689 Paulo
3048 649 3142 688 eos
3189 633 3280 702 qui

47 727 354 800 penitentiam
389 727 590 781 remitti
618 726 721 780 sibi
744 739 960 796 peccata
980 728 1295 798 deposcunt.
1329 729 1582 798 decipere
1680 728 1788 800 jam
1822 730 2088 799 baptismo
2130 729 2351 784 Joannis
2384 731 2632 801 baptizati
2665 730 2922 795 luisvent,
2955 730 3092 783 sicut
3143 727 3280 797 legi-

46 839 114 875 non
135 819 375 875 debemus
401 829 455 874 et
484 819 690 886 fallere,
724 819 819 875 sed
849 833 1126 876 correctos
1153 838 1182 876 a
1207 821 1364 877 nobis
1406 838 1469 876 ac
1498 839 1580 878 rc-
1685 839 1803 876 inus
1836 823 1886 875 in
1925 821 2148 878 Actibus
2173 823 2554 894 Apostolorum
2585 821 2725 890 (Act.
2762 823 2901 890 χιιι).

46 914 237 966 formatos
282 912 349 966 ad
401 928 624 983 regnum
653 913 915 970 caalorum
947 915 1244 984 disciplinis
1274 915 1582 971 cmlestibus
1746 913 1915 968 XXV.
1938 915 2000 968 Et
2019 929 2160 968 nunc
2176 916 2313 983 apud
2331 915 2592 984 quosdam
2607 915 2674 970 de
2693 915 2892 969 nostris
2907 915 3282 970 haereticorum

46 1005 224 1059 erudire.
1685 1008 1946 1076 baptisma
1995 1017 2312 1078 occupatum
2361 1009 2658 1075 asseritur,
2710 1017 2764 1063 ct
2814 1009 3012 1063 invidia
3054 1009 3287 1080 quadam

93 1095 243 1152 Xlilll.
273 1095 382 1152 Sed
409 1097 752 1170 dicitaliquls
778 1119 791 1153 :
820 1099 958 1167 Quid
989 1115 1117 1172 ergo
1150 1102 1240 1157 ﬂet
1271 1101 1339 1156 de
1379 1101 1461 1155 his
1488 1102 1581 1173 qui
1685 1103 1838 1172 quasi
1877 1103 2240 1171 rebaptizandi
2281 1103 2552 1171 baptizare
2601 1111 2717 1172 post
2765 1103 2948 1158 hostes
2998 1101 3089 1157 Dei
3139 1102 3289 1158 nefas

38 1191 74 1246 in
98 1191 396 1262 prmterltum
421 1194 491 1248 de
516 1194 707 1247 haeresi
741 1193 807 1248 ad
840 1195 1135 1250 Ecclesium
1159 1197 1436 1250 venientes
1467 1197 1582 1249 sine
1687 1194 1924 1260 ducitur,
1968 1209 2088 1249 cum
2139 1195 2438 1264 baptizatos
2483 1195 2819 1249 inveniamus
2861 1211 2998 1265 quos
3050 1195 3290 1250 Joannes

39 1285 257 1354 Baptismo
284 1284 507 1338 admissi
530 1287 695 1339 sunt?
719 1285 924 1340 Potens
953 1295 1038 1340 est
1069 1288 1327 1342 Dominus
1359 1289 1574 1341 miseri-
1689 1287 2073 1356 baptizaverat,
2104 1288 2196 1342 ille
2241 1287 2474 1341 Joannes
2516 1287 2687 1357 major
2715 1289 2854 1342 inter
2877 1287 3162 1357 prophetas
3195 1285 3289 1343 ha-

38 1377 167 1432 cortlia
188 1393 278 1430 sua
304 1377 693 1447 indulgentiam
717 1379 849 1433 dare
869 1391 922 1434 et
943 1393 1038 1434 eos
1066 1381 1156 1450 qui
1184 1381 1251 1435 ad
1277 1381 1578 1436 Ecclesiam
1689 1379 1855 1441 bitus,
1890 1380 1980 1434 ille
2002 1380 2178 1433 divina
2209 1381 2380 1450 gratia
2412 1380 2588 1435 adhuc
2614 1382 2665 1435 in
2693 1390 2848 1435 utero
2883 1381 3070 1436 matris
3096 1382 3288 1447 imple-

39 1471 298 1539 simpliciter
319 1470 634 1536 admissi,in
666 1471 905 1527 Ecclesia
939 1474 1294 1541 dormierunt,
1315 1474 1381 1527 ab
1399 1474 1581 1529 Eccle-
1689 1482 1800 1536 tus,
1841 1473 1933 1527 ille
1988 1473 2153 1527 Heliae
2181 1473 2371 1542 spiritu
2415 1483 2466 1530 et
2505 1473 2702 1530 virtute
2747 1475 3026 1541 subnixus,
3064 1476 3152 1545 qui
3186 1490 3294 1530 non

37 1563 94 1616 sine
129 1580 235 1618 sua:
287 1565 601 1618 muneribus
644 1582 748 1620 non
781 1581 1055 1636 separare.
1086 1566 1202 1621 Non
1232 1576 1409 1622 tamen
1461 1569 1583 1638 quia
1685 1565 2031 1619 adversarius
2075 1565 2304 1628 Domini,
2353 1566 2447 1626 sed
2499 1582 2805 1640 prtecursor
2847 1584 2909 1623 ac
2971 1568 3296 1640 praedicator

37 1655 268 1724 aliquando
297 1667 532 1710 erratum
576 1669 656 1711 est
679 1699 693 1724 ,
727 1658 846 1712 ideo
878 1673 1094 1729 semper
1121 1659 1411 1713 errandum
1458 1669 1542 1713 est
1568 1701 1582 1723 ,
1685 1654 1805 1720 fuit,
1838 1658 1926 1726 qui
1953 1657 2235 1710 Dominum
2270 1667 2512 1712 nostrum
2553 1675 2657 1714 nou
2707 1669 2910 1717 tantum
2945 1643 3124 1714 verbis
3158 1675 3293 1728 pra:-

34 1763 109 1801 (’Itlll
138 1749 306 1820 magis
337 1749 675 1820 sapientibus
704 1760 755 1804 et
786 1751 950 1804 Deum
989 1751 1297 1805 timentibus
1328 1761 1588 1821 congruat
1688 1749 1976 1816 nuntiavit,
2005 1749 2098 1803 sed
2122 1758 2174 1804 et
2196 1749 2364 1808 oculis
2392 1749 2652 1816 ostendit,
2670 1752 2761 1819 qui
2790 1752 2965 1822 ipsum
2989 1751 3284 1819 Christum,

35 1841 260 1910 patefacta:
287 1852 342 1895 et
369 1855 662 1913 perspecta!
689 1845 898 1898 veritati
924 1844 1156 1900 libenter
1184 1845 1580 1915 atqueincnne-
1694 1859 1789 1909 per
1840 1859 1998 1913 quem
2043 1843 2384 1911 baptiZantur
2428 1844 2631 1910 caeteri,
2675 1843 2986 1914 baptizavit.
3041 1845 3196 1912 Quod
3250 1844 3298 1898 si

35 1944 156 1989 untur
176 1936 581 2006 obsequiquam
614 1939 1138 2008 pertinaciteratquc
1166 1938 1584 1992 obstinatcecn-
1621 1921 1664 1980 Β
1694 1935 1895 1990 ideirco
1938 1935 2227 1992 ltttat'etieus
2268 1937 2355 2006 jus
2405 1935 2653 2006 baptismi
2687 1937 2936 1992 obtinere
2967 1940 3143 2007 potuit
3173 1939 3296 2007 quia

35 2037 76 2080 tn
117 2028 315 2084 fratres
343 2040 396 2083 et
427 2030 843 2086 consacerdotes
871 2046 966 2099 pro
998 2029 1269 2085 hzrreticis
1314 2030 1588 2086 reluctari.
1695 2031 1841 2098 prior
1872 2028 2182 2098 baptizavit,
2221 2044 2329 2082 non
2367 2028 2694 2098 possidentis
2725 2030 2829 2083 erit
2865 2029 2977 2099 jam
3006 2028 3296 2098 baptisma,

73 2121 374 2178 XXIV.Nec
395 2125 677 2196 quisquam
707 2123 980 2179 existimet
1008 2123 1318 2191 haereticos,
1351 2139 1416 2178 eo
1447 2122 1592 2194 quod
1695 2122 1788 2176 sed
1820 2123 2132 2192 occupantis
2158 2139 2171 2184 ;
2207 2132 2259 2175 et
2289 2138 2410 2175 cum
2441 2121 2677 2192 separari
2708 2140 2736 2176 a
2765 2137 2824 2177 se
2853 2133 2906 2176 et
2937 2121 3300 2176 dividiomni—

33 2214 94 2268 illis
115 2215 381 2287 baptisma
406 2216 716 2285 (inponitur,
747 2217 898 2285 quasi
955 2217 1177 2272 secundi
1209 2216 1458 2290 baptismi
1489 2231 1584 2270 vo-
1697 2234 1767 2273 no
1799 2233 1904 2272 non
1935 2219 2145 2288 possint
2189 2217 2452 2288 baptisma
2503 2228 2557 2272 et
2601 2219 2874 2288 Ecclesia,
2906 2220 2999 2290 qui
3032 2233 3301 2288 occupare

33 2309 174 2365 cabulo
202 2310 606 2365 scandalizatos
633 2323 692 2364 ut
719 2310 785 2363 ad
820 2309 1119 2365 Ecclesiam
1168 2313 1391 2366 veniant
1424 2321 1593 2366 retar-
1696 2309 1965 2378 baptisma
2010 2310 2158 2379 prior
2199 2311 2389 2376 putuit,
2423 2320 2478 2364 et
2507 2310 2801 2370 Ecclesiam
2831 2314 3033 2383 pariter
3064 2327 3317 2382 occupa-'

35 2401 119 2455 dari.
147 2403 317 2457 Immo
343 2420 470 2458 vero
505 2403 607 2458 hoc
640 2404 754 2473 ipso
785 2403 955 2473 magis
986 2403 1052 2456 ad
1088 2405 1464 2460 necessitatem
1493 2421 1590 2460 ve-

38 2495 164 2548 luendi
221 2497 536 2551 testimonio
581 2506 816 2552 ostensa:
847 2497 948 2550 sibi
979 2506 1032 2551 et
1065 2496 1304 2566 probatae
1345 2497 1589 2552 veritatis

41 2590 274 2658 adiguntur
302 2609 316 2644 :
348 2607 472 2646 nam
509 2592 552 2646 si
581 2591 817 2645 viderint
839 2591 1045 2661 judicio
1071 2607 1134 2646 ac
1173 2592 1436 2646 sententia
1473 2607 1597 2646 nos—

47 2687 98 2732 tia
115 2682 159 2734 id
188 2682 410 2736 decerni
440 2694 488 2736 et
525 2684 685 2737 statui
716 2695 771 2737 ut
805 2684 1066 2752 baptisma
1090 2685 1292 2754 justum
1343 2693 1396 2738 et
1427 2684 1600 2756 legiti-

57 2789 162 2828 mam
187 2787 523 2846 computetur
554 2793 660 2846 quo
701 2779 811 2832 illic
843 2778 1220 2845 baptizantur,
1253 2779 1517 2849 putabunt
1543 2795 1601 2834 se

63 2861 289 2921 Ecclesiae)
327 2884 544 2938 quoque
575 2877 630 2921 et
650 2880 843 2923 cz'ctera
888 2869 1144 2923 Ecclesia:
1198 2885 1419 2924 munera
1457 2868 1602 2939 juste

63 2965 309 3032 etlegitime
330 2967 651 3038 possidere;
683 2983 783 3022 nec
807 2969 1083 3022 eritcausa
1113 2966 1358 3022 veniendi
1391 2965 1456 3021 ad
1483 2981 1600 3029 nos,

53 3061 243 3128 quando,
272 3063 538 3118 habentes
570 3063 854 3132 baptisma,
894 3061 1094 3116 habere
1123 3061 1406 3116 videantur
1428 3071 1480 3117 et
1501 3078 1607 3116 ca:-

1700 2402 1776 2455 vit
1803 2442 1818 2466 ,
1850 2410 1904 2455 et
1935 2401 2125 2472 incipis
2165 2411 2216 2454 tu
2250 2401 2323 2456 illi
2353 2400 2642 2458 haereticus
2674 2404 2842 2460 videri
2872 2406 2964 2474 qui
2995 2414 3303 2477 przeventus

1702 2494 1973 2563 posterior
2003 2508 2123 2550 esse
2149 2493 2384 2562 coepisti,
2410 2495 2500 2566 qui
2531 2493 2776 2550 cedendo
2807 2510 2870 2550 ac
2901 2512 3090 2552 manus
3117 2496 3300 2552 dando

1698 2587 1787 2655 jus
1816 2585 1955 2655 quod
1994 2600 2280 2654 acceperas
2309 2585 2594 2654 reliquisti.
2638 2587 2811 2654 Quam
2845 2588 3206 2658 periculosum
3234 2591 3306 2644 sit

1703 2691 1882 2734 autem
1911 2679 1962 2732 in
1993 2678 2186 2732 divinis
2219 2679 2378 2734 rebus
2408 2691 2463 2738 ut
2493 2681 2611 2750 quis
2641 2682 2796 2738 cedat
2816 2681 2938 2754 jure
2975 2697 3074 2736 suo
3122 2691 3177 2762 et
3207 2697 3305 2752 po-

1707 2781 1899 2828 testate
1949 2772 2225 2846 Scriptura
2278 2783 2460 2828 sancta
2515 2773 2777 2840 declarat,
2832 2791 2952 2830 eum
3010 2775 3063 2830 in
3108 2774 3306 2832 Genesi

1709 2866 1850 2921 Esau
1886 2871 2148 2939 primatus
2179 2882 2306 2921 suos
2350 2866 2472 2920 inde
2502 2868 2836 2936 perdiderit,
2867 2885 2966 2924 nec
2994 2872 3232 2940 recipere
3255 2870 3310 2925 id

1710 2962 2054 3033 postmodum
2091 2961 2324 3032 potuerit
2371 2962 2512 3032 quod
2554 2963 2722 3016 semel
2761 2964 2925 3018 cessit
2969 2963 3124 3038 (Gen.
3169 2982 3307 3036 xxv;

1717 3057 1901 3123 Hebr.,
1938 3072 2046 3122 xu,
2081 3055 2192 3126 16).

46 3161 141 3208 tera.
165 3154 332 3211 Porro
364 3165 566 3224 autem,
597 3172 717 3209 cum
750 3165 1083 3226 cognoscunt
1107 3157 1366 3226 baptisma
1400 3158 1604 3214 nullum
1634 3146 1678 3208 C
1783 3149 1972 3206 ΧΧἯ-
2004 3149 2129 3205 Ηωο
2162 3150 2253 3206 tibi
2277 3149 2529 3216 breVitct‘,
2566 3165 2663 3221 pro
2701 3161 2879 3208 nostra
2908 3151 3308 3223 mediocritate,

42 3246 133 3302 loris
165 3265 284 3305 esse
313 3266 416 3308 nec
447 3251 728 3304 remissam
760 3258 1101 3319 peccatorum
1131 3257 1280 3304 extra
1312 3249 1602 3306 Ecclesiam

40 3341 120 3396 dari
147 3358 329 3412 posse,
362 3341 574 3396 avidius
597 3342 663 3396 ad
696 3357 792 3396 nos
819 3353 873 3396 et
898 3343 1201 3414 promptius
1231 3353 1523 3413 properant
1553 3351 1608 3394 et

39 3449 224 3490 munera
269 3452 336 3490 ac
386 3435 526 3488 dona
574 3435 827 3490 Ecclesia!
861 3436 1048 3489 matris
1098 3435 1409 3503 implorant,
1468 3437 1607 3488 certi

37 3532 290 3594 pervenire
319 3545 380 3585 se
405 3532 628 3586 omnino
650 3545 756 3584 non
786 3544 944 3599 posse
973 3528 1038 3584 ad
1066 3543 1248 3582 veram
1270 3523 1464 3584 divinae
1491 3543 1609 3597 gra-

36 3621 97 3678 lie
142 3624 600 3694 pollicitationem
651 3622 752 3678 nisi
785 3624 932 3692 prius
982 3622 1231 3677 venerint
1251 3621 1318 3676 ad
1351 3620 1610 3675 Ecclesia:

1711 3246 2107 3314 rescripsimus,
2119 3245 2282 3302 frater
2297 3254 2321 3280 ει
2336 3245 2672 3312 charissime,
2688 3247 2890 3302 nemini
2903 3249 3315 3317 praascribcntes

1709 3348 1800 3392 aut
1821 3337 2233 3408 prmjudieantes
2251 3339 2538 3408 quominus
2558 3341 3312 3414 unusquisqueepiscoporum

1710 3433 1852 3504 quod
1874 3439 2019 3500 putat
2043 3431 2218 3497 faciat,
2251 3433 2454 3490 habens
2481 3433 2688 3490 arbitrii
2711 3435 2790 3488 sui
2814 3435 3038 3496 liberam
3069 3447 3311 3508 potesta-

1713 3535 1844 3580 tein.
1877 3523 2010 3592 Nos,
2040 3534 2294 3594 quantum
2324 3525 2375 3580 in
2427 3525 2580 3582 nobis
2616 3536 2720 3594 est,
2767 3537 2986 3599 propter
3030 3529 3316 3588 haereticos

1710 3634 1832 3673 cum
1863 3618 2086 3688 collegis
2113 3629 2167 3674 et
2188 3619 2520 3689 coepiscopis
2546 3621 2744 3676 nostris
2771 3637 2877 3677 non
2902 3624 3312 3694 contendimus,

1269 3758 1513 3816 STEPH.
1559 3756 1832 3816 BALUZII
1869 3754 2099 3811 NOTAE.

87 3900 225 3956 Fidei
268 3911 314 3954 et
359 3899 554 3969 veritati
585 3913 884 3969 premamus.
918 3895 1069 3952 Hanc
1098 3894 1604 3969 lectionem-praefe-

33 3986 124 4026 runt
159 3972 442 4028 editiones
475 3966 693 4026 timum
727 3977 779 4024 et
805 3968 1028 4030 Morellii
1059 3977 1111 4022 et
1142 3983 1333 4020 novem
1365 3966 1482 4020 libri
1514 3983 1601 4018 Vu—

32 4051 162 4101 teres.
202 4047 472 4100 Erasmus
500 4051 555 4096 et
585 4041 672 4094 alii
701 4042 936 4109 quinque
968 4040 1084 4096 libri
1114 4049 1354 4092 veteres:
1385 4037 1471 4109 qui
1505 4036 1606 4109 [ide

27 4127 60 4164 ει
81 4119 294 4170 rei-imre
325 4115 703 4183 pr'wsuminttts.
736 4108 883 4170 Unus
913 4127 1092 4170 meus:
1122 4110 1209 4178 qui
1239 4109 1300 4164 de
1325 4108 1449 4176 ﬁdei
1477 4108 1607 4166 tier-i-

23 4193 98 4242 tala
127 4187 516 4242 praesumimus.

75 4252 273 4314 XXIV.
297 4257 654 4324 ——Baptistna
675 4254 965 4324 opponitur.
1003 4253 1078 4307 Ita
1111 4252 1368 4308 Erasmus
1395 4259 1448 4306 et
1477 4265 1609 4316 qua-

24 4331 308 4386 [Uurtlt'CJlH
343 4329 464 4383 libri
496 4339 730 4382 veteres.
766 4326 1032 4384 Manutius
1074 4327 1248 4393 posuit
1289 4336 1612 4382 Btr'usm'ra

23 4401 194 4472 litteris
233 4398 576 4468 majuscnlis.
607 4404 724 4472 Quo
755 4400 914 4472 etiam
949 4396 1114 4472 modo
1136 4396 1406 4472 scriptum
1423 4393 1611 4472 vidi'itt

23 4469 271 4530 Fuscum.
322 4462 644 4527 Editioneni
677 4462 893 4528 Manutii
925 4470 1035 4524 scio
1070 4469 1333 4530 placuisse
1364 4463 1489 4518 viris
1518 4462 1614 4520 do—

1712 3893 1852 3968 dicta
1895 3902 2018 3948 sunt
2060 3893 2324 3968 in_sim_ili_
2365 3908 2547 3968 causa.
2583 3894 2789 3968 Contra
2816 3896 2956 3968 apud
2988 3897 3178 3955 Jonam
3211 3903 3320 3957 Au-

1712 3966 2071 4037 relianensem
2113 3965 2184 4037 de
2232 3963 2391 4019 Cultu
2433 3965 2757 4031 imaginum,
2809 3963 2925 4037 pag.
2957 3968 3027 4024 24
3067 3971 3321 4030 editionis

1714 4035 2106 4100 Plantinianze;
2138 4036 2424 4109 legendum
2473 4051 2596 4090 esse
2642 4035 2889 4094 unitatem
2941 4057 3036 4109 pro
3062 4045 3322 4099 ueritatem

1714 4109 1908 4176 prohat
1929 4110 2103 4178 code;
2138 4107 2545 4178 antiquissimus
2575 4118 2629 4178 et
2658 4112 2920 4178 optimus.

1791 4177 1958 4232 XXV.
1981 4207 2047 4253 -_-_-
2069 4175 2212 4230 Inter
2241 4175 2553 4253 Prophetas.
2590 4175 2736 4253 Unus
2763 4182 2930 4237 codex
2961 4185 3162 4253 regius,
3195 4189 3324 4243 inter

1718 4259 1862 4325 natos
1895 4248 2162 4325 mulierum
2189 4247 2674 4325 et_Pt'opltetus._A_t
2706 4264 2924 4309 sanctus
2957 4247 3285 4325 Aiigustinus
3307 4303 3320 4322 ,

1715 4321 1806 4395 qui
1839 4321 2012 4395 locum
2042 4319 2199 4395 istum
2229 4318 2484 4395 describit
2511 4322 2562 4374 in
2593 4322 2726 4375 libro
2750 4335 2960 4392 quarto,
2991 4318 3110 4395 ca'p.
3139 4330 3230 4393 t2,
3258 4318 3325 4387 de

1717 4391 1992 4455 Baptisnio
2030 4390 2289 4443 adversus
2320 4392 2651 4456 Donatistas,
2685 4390 2788 4447 non
2824 4397 2983 4450 habet
3020 4390 3168 4452 uiuos
3210 4390 3325 4455 niu~

1716 4464 1900 4519 liernm
1937 4472 2014 4524 et,
2059 4477 2178 4530 qua:
2217 4461 2414 4517 desunt
2442 4465 2603 4518 etiam
2637 4467 2690 4518 in
2722 4467 2972 4522 munibus
3002 4470 3123 4524 aliis
3165 4485 3319 4528 vetc-

23 4547 115 4600 ttis.
165 4548 244 4601 Et
279 4543 636 4598 nihilominus
666 4557 766 4611 ego
798 4549 925 4608 puto
956 4539 1142 4596 falsam
1181 4553 1322 4611 esse.
1365 4535 1614 4611 NuSpiant
1645 4550 1696 4608 D
1723 4536 1871 4590 ribus
1903 4533 2072 4591 libris.

23 4620 139 4674 enim
189 4617 346 4686 apud
392 4608 756 4685 Cyprianum,
787 4611 890 4686 qui
923 4611 1100 4664 multis
1132 4610 1342 4686 inloeis
1368 4608 1621 4686 ndisputat

24 4679 280 4744 tdversus
309 4679 578 4754 baptisma
614 4679 1020 4746 ltmrcticurum,
1057 4685 1332 4754 nuspiam,
1367 4679 1621 4748 inquam,

24 4759 241 4815 inveniri
288 4761 344 4813 in
389 4753 454 4811 eo
493 4772 655 4811 sensu
703 4770 885 4808 vocem
934 4753 1238 4822 baptismate
1278 4759 1482 4804 eertum
1521 4755 1617 4802 est.

23 4827 57 4882 [ιι
83 4832 332 4899 epistola
370 4844 522 4882 Lxxt:
561 4826 732 4890 Nunt,
768 4824 1018 4899 eumduo
1051 4824 1356 4899 baptismate
1387 4839 1492 4899 esse
1523 4837 1624 4899 non

23 4893 226 4957 possunt
247 4944 262 4967 ,
298 4902 346 4955 si
377 4900 601 4953 haeretici
632 4915 743 4951 vere
771 4897 1064 4963 baptizant,
1095 4896 1198 4967 ipsi
1225 4897 1405 4946 turbent
1437 4893 1628 4959 baptis-

24 4989 100 5029 na.
152 4963 333 5030 Et'in
377 4972 606 5040 epistola
652 4983 818 5022 Lxxw
848 4967 1093 5021 scribens
1134 4963 1396 5020 adversus
1436 4979 1624 5040 papam

23 5037 540 5118 Stepttamtntpqtti
593 5042 858 5118 baptisma
915 5039 1286 5118 lnercticurutn
1333 5037 1621 5118 probabat,

24 5108 108 5172 Iit:-
147 5118 416 5171 Omnium
450 5108 804 5168 litareticttrnm
838 5111 1140 5179 baptismate
1161 5113 1302 5178 justo
1330 5119 1373 5160 et
1405 5108 1628 5176 legitima

23 5187 292 5250 indicat-it.
349 5187 711 5256 Hieronymus
741 5183 792 5234 in
825 5193 979 5250 caput
1010 5189 1259 5256 quartum
1291 5181 1532 5256 epistola:
1561 5179 1627 5256 ad

23 5257 296 5328 Ephesius
323 5279 338 5314 :
375 5251 822 5324 butum—baptisma
845 5263 889 5306 et
919 5264 1095 5328 contra
1129 5251 1450 5304 Valentinum
1480 5251 1626 5328 facit,

23 5322 84 5394 alii
110 5336 233 5388 duo
261 5332 577 5400 baptismate
602 5322 711 5379 esse
735 5326 1016 5400 contendit,
1048 5334 1095 5378 et
1123 5333 1299 5400 contra
1322 5337 1494 5374 omnes
1524 5322 1632 5400 lue-

23 5393 198 5460 iam
221 5447 238 5466 ,
291 5393 354 5457 ut
401 5402 564 5456 sciant
605 5415 706 5450 non
750 5397 930 5449 habere
967 5411 1019 5449 se
1061 5395 1400 5463 omniin-nata,
1446 5393 1533 5446 sed
1578 5393 1628 5444 in

23 5487 103 5532 tum
138 5475 351 5534 Chriin
379 5472 608 5529 Ecclesia
635 5472 824 5538 fontem
850 5484 953 5520 esse
976 5466 1193 5538 vitulum.

74 5548 335 5606 Avidius.
377 5547 452 5602 Ita
483 5536 754 5598 editidnes
795 5539 1008 5594 Mauutii
1035 5548 1088 5594 et
1117 5537 1336 5590 Murellii
1367 5546 1414 5588 et
1446 5536 1631 5606 decem

23 5605 128 5678 libri
168 5634 418 5678 veteres.
452 5618 717 5672 Erasmus
756 5623 810 5666 et
844 5611 1014 5684 codex
1056 5608 1398 5684 tjorheiensis
1440 5605 1638 5684 habent

24 5675 435 5754 αιιάξιεὶιιιξίρτο
462 5707 533 5746 eo
559 5695 742 5740 autem
772 5683 913 5752 quod
942 5682 1206 5756 editiones
1232 5688 1284 5756 et
1324 5675 1636 5756 iidemdihri

23 5748 236 5826 igggiég
247 5748 552 5839 ῥτωῖει-μηι
566 5748 1014 5839 promptiusnmus
1032 5769 1180 5839 meus
1195 5749 1352 5807 habet
1365 5748 1634 5839 pernicies:

85 5825 403 5896 νενίιξιιειιι.
459 5833 538 5888 Ita
566 5825 996 5898 'quatuordccim
1026 5825 1155 5898 libri
1194 5834 1404 5880 veteres
1439 5836 1541 5898 pro
1570 5833 1638 5874 θο

24 5893 154 5976 χιιρά
168 5893 468 5969 editiones
498 5893 706 5959 habent
732 5899 994 5986 unitatem.
1026 5894 1159 5951 Vide
1184 5911 1301 5966 qua:
1329 5893 1490 5964 paulo
1515 5902 1637 5946 ante

1802 4627 1881 4681 Tu
1907 4629 1983 4681 illi
2014 4629 2296 4702 haereticus.
2327 4627 2606 4702 Salvianus
2635 4629 2727 4684 lib.
2759 4647 2810 4689 v.
2846 4647 2963 4702 cap.
2994 4634 3048 4689 2.
3086 4633 3326 4692 Hier-elici

1727 4718 1846 4771 ergo
1873 4709 2017 4763 sunt,
2046 4701 2132 4752 sed
2159 4717 2258 4752 non
2285 4701 2515 4754 scientes.
2542 4700 2772 4770 Denique
2793 4700 2934 4772 apud
2958 4722 3049 4758 nos
3075 4719 3190 4760 sunt
3218 4711 3326 4761 Im:—

1726 4773 1866 4826 retici
1891 4815 1902 4830 ,
1934 4776 2072 4839 apud
2099 4789 2150 4824 se
2178 4789 2278 4824 non
2307 4783 2444 4826 sunt.
2483 4773 2622 4826 Nam
2652 4775 2704 4826 in
2736 4785 2929 4828 tantum
2960 4793 3011 4829 se
3043 4779 3326 4834 catholicos

1729 4861 1834 4984 es?!
1855 4845 2095 4914 judicent
2123 4852 2174 4896 ut
2207 4859 2297 4896 nos
2330 4846 2466 4913 ipsas
2497 4845 2644 4900 titulo
2684 4846 2937 4900 hwreticw
2966 4851 3329 4918 appellationis

1729 4932 1779 4968 tu
1809 4927 1995 4968 autent.

1729 4927 1975 4968 tttlument
1986 4956 1995 4967 .

1802 5007 1991 5064 XXVI.
2018 5040 2083 5048 -—
2112 5006 2233 5062 Ilwc
2263 5007 2603 5083 tibibreviter.
2634 5012 2802 5081 Supra
2836 5013 2885 5066 in
2914 5014 3060 5069 calce
3086 5015 3329 5083 epistola:

1732 5081 1797 5134 ad
1828 5083 2114 5152 ϋιῐιίιιιηιι,Δ
2139 5095 2257 5150 pag.
2281 5082 2310 5133 7
2359 5079 2481 5135 Haec
2504 5083 2702 5136 interim
2716 5079 2971 5152 brevibus,
2999 5079 3195 5140 Donulc
3210 5091 3334 5142 cltu-

1733 5154 1951 5206 rissime.
1996 5151 2064 5206 Ita
2100 5149 2355 5205 Erasmus
2385 5162 2439 5204 ct.
2471 5153 2741 5209 Morcllius
2772 5166 2825 5210 et
2856 5149 3042 5213 decem
3078 5158 3198 5212 libri
3233 5174 3328 5214 ve-

1735 5233 1897 5280 teres.
1940 5223 2044 5302 Alii
2075 5224 2307 5302 quinque
2338 5223 2552 5275 brevius.
2605 5227 2757 5302 apud
2801 5242 3044 5283 sanetum
3080 5231 3331 5302 Augusti-

1737 5313 1895 5360 num,
1927 5299 2013 5365 ιμιί
2045 5296 2175 5348 satis
2210 5296 2520 5373 frequenter
2551 5297 2711 5373 refert
2742 5298 2888 5373 hunc
2923 5302 3093 5358 locum
3119 5347 3134 5365 ,
3161 5296 3332 5373 Serip-

1738 5361 1971 5453 tum_cs_t
2009 5381 2222 5434 semper
2259 5361 2511 5453 btieuiter._
2534 5361 2753 5453 Antiqui
2794 5368 3042 5453 dic-ebant
3075 5361 3206 5430 brevi
3241 5361 3337 5444 pro

1737 5440 1965 5500 breviter,
2013 5447 2067 5490 ut
2113 5447 2262 5492 notat
2307 5436 2611 5508 Charisius.
2653 5436 2818 5508 Cujus
2869 5443 3010 5497 modi
3061 5436 3332 5502 scribendi

1739 5512 1888 5576 plura
1921 5520 2103 5562 extant
2135 5512 2380 5577 exempla
2413 5511 2548 5579 apud
2581 5507 2897 5563 Ciceronem
2930 5521 2984 5568 et
3019 5517 3162 5572 alibi.
3203 5518 3336 5575 Vide

1738 5580 1984 5705 Ennium
2037 5583 2409 5636 annotatiuttcs
2461 5583 2510 5637 itt
2554 5582 2853 5640 orationem
2893 5583 3170 5643 Ciceronis
3230 5605 3328 5659 pro

1805 5667 1977 5705 illlCIO.

1805 5667 1977 5708 ullClO.

1814 5743 2092 5820 Nemini...
2124 5747 2534 5820 prtejudicantea.
2572 5747 2947 5820 Hieronymus.
2971 5749 3062 5806 lib.
3089 5767 3126 5812 ι,
3152 5751 3340 5808 adver-

1742 5832 1835 5872 sus
1864 5815 2150 5894 Ruﬁnum;
2188 5815 2397 5870 Nemini
2437 5815 2828 5890 praejudicantes
2857 5826 2993 5889 sequi
3023 5825 3158 5892 quod
3189 5824 3302 5876 velit
3324 5865 3339 5894 ,

1745 5904 1831 5942 nec
1863 5885 2071 5941 ulterius
2102 5887 2357 5942 decretum
2388 5885 2558 5943 nestru
2587 5896 2834 5948 sententia
2864 5885 3226 5952 subvertant“.
