3700 6276
146 265 281 320 1129

689 263 962 322 CONTRA
997 259 1382 323 EPISTOLAM
1421 263 1758 326 STEPHANI
1802 269 1888 327 DE
1929 268 2318 331 HERETICIS
2357 267 2864 330 BAPTIZANDIS.’

3267 274 3402 330 “50

139 389 354 448 ponatur
376 381 431 434 in
456 378 820 449 paenitentiam,
845 395 959 434 cum
975 379 1076 450 ipsi
1088 380 1310 436 haeretici
1331 383 1537 454 proprie
1555 383 1712 438 alter-
1741 389 1793 450 Α
1819 386 2030 454 debeat,
2059 389 2207 460 quasi
2251 387 2325 446 illi
2369 387 2741 444 haereticorum
2783 384 3100 456 baptismata
3139 384 3401 457 probave-

136 485 308 529 utrum
336 474 403 529 ad
445 491 498 531 se
523 475 768 531 venientes
792 492 894 530 non
923 476 1196 546 baptizent,
1226 479 1315 533 sed
1359 481 1720 536 communicent

136 573 353 621 tantum.

205 658 272 715 ll.
298 660 344 716 Α
388 675 720 733 quacumque
759 662 954 718 breresi
1000 664 1302 722 venientem
1357 666 1614 736 baptizari
1666 669 1722 724 in

135 751 377 809 Ecclesia
405 754 592 819 vetuit,
640 753 694 809 id
718 763 823 819 est,
851 756 1090 811 omnium
1132 757 1507 814 haereticorum
1555 761 1724 830 bapti-

135 857 306 902 smate
331 846 474 918 justa
501 862 622 903 esse
645 857 702 904 et
727 847 962 919 legitima
985 848 1263 918 judicavit.
1281 850 1474 905 Etcum
1503 851 1724 923 singulas

137 942 374 998 bzercscs
420 940 630 1013 singula
684 942 1002 1012 baptismata
1047 951 1102 998 et
1147 943 1361 999 diversa
1391 953 1606 1012 peccata
1633 944 1726 999 ha-

139 1032 333 1103 beant,
362 1034 448 1089 hic
476 1050 598 1090 cum
621 1035 858 1091 omnium
887 1035 1148 1106 baptismo
1176 1037 1578 1093 communicans
1605 1037 1726 1092 uni-

140 1142 420 1184 versorum
449 1128 644 1184 delicta
670 1129 723 1184 in
765 1128 940 1185 sinum
964 1144 1118 1184 suum
1162 1137 1473 1185 coacervata
1501 1144 1728 1201 conges-

136 1220 222 1274 sit.
253 1220 321 1276 Et
355 1220 612 1292 prrecepit
651 1221 784 1275 nihil
813 1221 956 1278 aliud
987 1223 1228 1278 innovari
1261 1222 1362 1277 nisi
1389 1223 1529 1293 quod
1563 1223 1728 1278 tradi-

140 1326 254 1370 tum
283 1324 398 1383 est;
421 1317 572 1388 quasi
601 1317 646 1371 is
675 1317 892 1372 innovet
916 1318 1006 1389 qui
1037 1318 1295 1373 unitatem
1323 1326 1531 1383 tenens,
1560 1332 1726 1372 unum

136 1411 402 1482 baptisma
433 1410 523 1466 nui
544 1409 803 1466 Ecclesia;
818 1410 1076 1478 vindicat,
1115 1420 1168 1467 et
1195 1426 1299 1467 non
1327 1411 1417 1467 ille
1437 1412 1619 1481 utique
1639 1409 1732 1481 qui

137 1505 356 1560 unitatis
385 1503 584 1560 oblitus
636 1503 912 1559 mendacia
957 1514 1012 1558 et
1069 1503 1314 1576 contagia
1355 1505 1592 1573 profana:
1629 1504 1732 1559 tin—

1824 481 1950 549 rint,
1972 491 2064 538 aut
2088 484 2167 540 eis
2216 483 2333 539 sine
2380 482 2635 539 Ecclesiae
2677 481 2944 552 baptismo
2979 482 3405 538 communicave-

1823 576 1950 642 rint,
1978 575 2190 647 quando
2217 576 2340 630 talia
2371 576 2437 631 de
2473 574 2739 630 haereticis
2788 573 3029 642 Apostoli
3069 574 3403 645 scripserint,

1824 677 1877 724 et
1907 667 2008 724 hoc
2027 683 2146 724 cum
2174 668 2409 725 nondum
2435 667 2698 724 haeretica:
2737 674 2911 735 pestes
2938 667 3170 722 acriores
3214 682 3408 738 proru-

1826 760 2053 831 pissent,
2077 760 2302 815 necdum
2335 775 2549 830 quoque
2577 758 2814 815 Marcion
2861 759 3115 814 Ponticus
3140 758 3209 813 de
3241 759 3414 815 Ponto

1827 853 2157 918 emersisset,
2205 852 2356 922 cujus
2385 853 2640 924 magister
2670 851 2884 906 Cerdon
2913 852 3014 907 sub
3043 851 3251 923 llygiuo
3278 863 3408 908 tunc

1829 943 2102 1014 episcopo,
2162 944 2252 1014 qui
2305 943 2357 997 iu
2404 945 2538 1000 urbe
2584 959 2757 998 nonus
2796 943 2915 1007 fuit.
2965 944 3190 999 Romam
3237 945 3416 1011 venit;

1830 1051 1989 1105 quem
2021 1035 2255 1092 Marcion
2282 1047 2519 1103 secutus,
2549 1036 2746 1091 additis
2773 1036 2841 1091 ad
2864 1038 3068 1093 crimen
3093 1038 3420 1108 augmentis,

1832 1126 2198 1196 impudentius
2251 1128 2462 1184 caneris
2502 1139 2555 1184 et
2597 1128 2878 1200 abruptius
2907 1129 2959 1184 in
3004 1131 3167 1186 Deum
3212 1141 3420 1200 patrem

1831 1231 2130 1279 creatorem
2163 1223 2536 1293 blasphemare
2567 1224 2818 1291 instituit,
2849 1234 2903 1278 et
2926 1223 3237 1280 luereticum
3266 1223 3418 1280 furo-

1833 1335 1946 1376 rem
1975 1319 2254 1390 sacrilegis
2294 1318 2460 1373 armis
2504 1328 2690 1374 contra
2723 1318 3021 1375 Ecclesiam
3067 1320 3419 1378 rebellantem

1832 1412 2147 1469 sceleratius
2191 1422 2247 1468 et
2282 1411 2496 1483 gravius
2517 1412 2771 1466 armavit.
3139 1405 3146 1412 ο
3232 1396 3408 1415 ικ-ιω...

1904 1505 1993 1562 Ill.
2034 1506 2186 1576 Quod
2209 1508 2252 1563 si
2275 1506 2510 1563 hzereses
2539 1515 2755 1562 constat
2784 1506 3124 1576 postmodum
3154 1507 3336 1578 plures
3357 1522 3423 1564 ac

135 1598 332 1655 ctionis
382 1608 624 1670 usurpat.
670 1597 822 1652 Nihil
874 1599 1157 1664 innoretur,
1223 1598 1414 1669 inquit,
1463 1599 1562 1653 nisi
1598 1597 1734 1669 quod
1836 1600 2044 1672 pejores
2071 1601 2339 1666 extitisse,
2371 1601 2492 1657 etsi
2521 1610 2670 1656 retro
2692 1615 2955 1673 nusquam
2985 1604 3208 1657 omnino
3225 1618 3428 1673 pra'ce-

143 1693 391 1747 traditum
415 1702 506 1748 est.
543 1690 694 1748 Unde
728 1699 810 1746 est
840 1691 940 1746 ista
965 1691 1216 1747 traditio?
1254 1690 1512 1747 Utrumne
1538 1690 1606 1747 de
1632 1691 1731 1747 do-

1835 1702 1985 1763 ptum
2038 1703 2125 1748 est
2169 1709 2344 1764 neque
2390 1694 2752 1764 conscriptum
2813 1705 2870 1751 ut
2915 1697 3172 1751 hmretico
3219 1707 3427 1754 tantum

94 1781 108 1800 '
133 1784 335 1840 minica
366 1793 423 1840 et
461 1783 768 1855 evangelica
807 1785 1126 1840 auctoritate
1169 1783 1535 1848 descendens,
1566 1799 1632 1838 an
1662 1782 1732 1839 de
1759 1787 1808 1848 B
1836 1802 2026 1843 manus
2055 1788 2108 1844 in
2127 1788 2496 1859 paenitentiam
2521 1789 2847 1858 imponatur,
2871 1798 2925 1844 et
2948 1790 3028 1845 sic
3049 1791 3096 1844 ei
3128 1793 3430 1846 communi-

133 1879 520 1950 Apostolorum
549 1876 816 1933 mandatis
860 1887 1022 1948 atque
1071 1877 1312 1948 epistolis
1348 1875 1608 1933 veniens?
1652 1877 1729 1932 Ea

133 1971 282 2026 enim
315 1970 557 2027 facienda
586 1985 708 2026 esse
734 1984 853 2041 quae
882 1969 1078 2039 scripta
1102 1980 1223 2024 sunt
1257 1969 1395 2025 Deus
1424 1977 1652 2024 testatur
1677 1977 1732 2024 et

131 2073 437 2137 praemonet
462 2063 526 2119 ad
565 2064 746 2120 Jesum
786 2062 932 2119 Nave
957 2063 1142 2119 dicens
1174 2081 1188 2116 :
1218 2062 1340 2118 Non
1379 2064 1580 2118 recedet
1605 2063 1732 2117 liber

126 2160 260 2232 legis
311 2161 464 2227 huius
492 2176 554 2214 ex
586 2175 672 2214 ore
703 2170 810 2224 tuo,
850 2158 939 2213 sed
989 2158 1309 2213 meditaberis
1352 2158 1405 2212 in
1442 2174 1499 2212 eo
1536 2157 1619 2211 die
1671 2174 1732 2212 ac

126 2267 308 2322 nocte,
340 2267 396 2311 ut
419 2256 648 2311 observes
678 2255 844 2322 facere
874 2254 1048 2309 omnia
1085 2267 1199 2324 quw
1224 2253 1419 2322 scripta
1447 2262 1561 2307 sunt
1596 2257 1650 2306 in
1675 2269 1733 2307 eo

123 2350 324 2422 (Josue
358 2368 399 2418 ι,
433 2352 465 2409 8
495 2351 514 2423 )
567 2351 700 2407 Item
735 2350 992 2406 Dominus
1030 2349 1320 2420 Apostolos
1346 2363 1474 2404 suos
1517 2349 1734 2404 mittens

121 2445 358 2501 mandat
384 2445 640 2515 baptizari
662 2445 864 2500 Gentes
886 2451 942 2498 et
954 2442 1134 2498 doceri
1159 2452 1214 2497 ιιι
1235 2442 1529 2496 observent
1550 2440 1732 2496 omnia

121 2555 493 2612 quaecumque
525 2539 615 2594 ille
645 2539 897 2608 praecepit
933 2536 1149 2609 (Matth.
1182 2551 1381 2598 xxvnt.
1416 2534 1508 2599 l9,
1532 2534 1648 2605 20).
1679 2534 1735 2589 Si

122 2649 265 2705 ergo
295 2642 390 2688 aut
419 2633 471 2687 in
493 2632 784 2703 Evangelia
820 2631 1127 2702 praecipitur
1159 2638 1252 2684 aut
1274 2629 1328 2683 in
1351 2627 1734 2697 Apostolorum

121 2725 383 2797 epistolis
412 2723 497 2779 vel
527 2723 732 2779 actibus
761 2723 1066 2778 continetur
1095 2729 1152 2775 ut
1191 2735 1221 2774 a
1259 2733 1592 2790 quacumque
1619 2719 1732 2773 hae-

119 2820 239 2875 resi
283 2818 568 2875 venientes
611 2833 716 2873 non
763 2817 1120 2886 baptizeutur,
1165 2814 1258 2870 sed
1309 2822 1512 2869 tantum
1541 2828 1732 2870 manus

122 2915 238 2970 illis
288 2914 598 2982 imponatur
644 2912 698 2966 in
738 2910 1143 2983 paenitentiam,
1190 2909 1507 2965 observetur
1551 2907 1731 2962 divina

121 3007 248 3063 tunc
275 3017 336 3063 et
364 3016 546 3062 sancta
575 3003 813 3060 traditio.
861 3004 918 3060 Si
946 3017 1075 3059 vero
1105 3001 1301 3072 ubique
1332 2999 1569 3056 haeretici
1597 2999 1730 3054 nihil

1831 1893 2003 1949 cetnr,
2027 1893 2081 1938 et
2106 1884 2151 1938 si
2195 1884 2463 1952 Baptisma
2511 1899 2616 1937 non
2651 1883 2753 1938 nisi
2785 1899 2950 1938 unum
2984 1895 3086 1949 est,
3115 1884 3256 1954 quod
3284 1885 3430 1955 apud

1832 1992 1932 2031 nos
1961 1986 2063 2041 est,
2093 1985 2148 2032 et
2190 1976 2336 2030 intus
2371 1985 2475 2039 est,
2505 1985 2560 2030 et
2604 1975 2706 2029 soli
2752 1974 3012 2030 Ecclesiae
3040 1975 3109 2030 de
3139 1975 3319 2032 divina
3349 1976 3437 2032 di-

1833 2068 2088 2138 gnatione
2137 2081 2457 2123 concessum
2487 2077 2607 2129 est,
2653 2082 2772 2136 qua:
2824 2067 2926 2121 ista
2984 2067 3276 2124 obstinatio
3321 2078 3427 2136 est,

1836 2176 2028 2230 quaeve
2074 2161 2441 2230 praesumptio,
2493 2159 2781 2215 humanam
2838 2159 3179 2217 traditionem
3230 2162 3427 2220 divinas

1833 2252 2174 2323 dispositioni
2233 2262 2584 2323 anteponere,
2636 2268 2736 2308 nec
2789 2253 3228 2312 animadvertere
3282 2255 3424 2312 indi-

1837 2349 1988 2418 gnari
2015 2355 2070 2401 et
2117 2347 2273 2401 irasci
2305 2347 2471 2401 Deum
2503 2347 2714 2417 quoties
2743 2347 2923 2402 divina
2958 2359 3226 2419 pramepta
3250 2338 3439 2408 solvit

1837 2453 1890 2498 et
1923 2441 2162 2510 praeterit
2201 2440 2429 2496 humana
2461 2441 2703 2504 traditio.
2733 2443 2868 2498 sicut
2907 2458 3005 2518 per
3047 2445 3261 2502 Esaiam
3308 2462 3434 2517 pro-

1840 2535 2055 2606 phetam
2086 2534 2284 2588 clamat
2314 2542 2370 2588 et
2407 2533 2538 2589 dicit
2567 2551 2580 2586 :
2632 2533 2867 2604 Populus
2913 2537 3007 2590 iste
3036 2536 3186 2593 labiis
3225 2540 3435 2595 honori-

1841 2628 1962 2696 ﬁcat
1992 2641 2101 2690 me,
2133 2641 2222 2679 cor
2251 2640 2367 2679 vero
2409 2641 2588 2679 eorum
2631 2624 2781 2696 longe
2809 2636 3102 2696 separatum
3152 2639 3225 2684 est
3254 2647 3286 2684 a
3333 2648 3432 2687 me.

1839 2718 1964 2774 Sine
2010 2734 2166 2772 causa
2207 2726 2374 2771 autem
2408 2718 2583 2771 colunt
2633 2734 2743 2781 me,
2797 2718 3044 2774 mandata
3080 2730 3126 2775 et
3173 2721 3435 2778 doctrinas

1836 2812 2100 2866 hominum
2153 2811 2387 2864 docentes
2433 2807 2582 2880 (Isa.
2631 2826 2778 2877 xxix,
2835 2810 2947 2882 15).
3005 2811 3133 2867 Item
3179 2814 3436 2871 Dominus

1834 2906 1888 2961 in
1931 2905 2227 2976 Evangelio
2268 2904 2555 2974 increpans
2601 2904 2849 2960 similiter
2877 2914 2932 2960 et
2960 2905 3250 2978 objurgaus
3285 2910 3438 2980 ponit

1834 3008 1889 3055 et
1918 2998 2087 3054 dicit:
2123 2997 2357 3066 Rejicitis
2387 2997 2686 3051 mandatum
2718 2996 2816 3051 Dei
2863 3009 2920 3052 ut
2951 2999 3281 3055 traditionem
3319 3019 3432 3058 ves-

125 3101 278 3157 aliud
323 3117 486 3174 quam
515 3098 811 3155 adversarii
842 3107 897 3154 et
939 3095 1232 3152 antichristi
1274 3095 1637 3160 nominantur,
1680 3093 1726 3148 si
1757 3135 1803 3198 Ο
1835 3101 1966 3147 tram
1992 3091 2229 3146 statuatis
2255 3090 2454 3158 (Marc.
2487 3105 2578 3156 vn,
2612 3087 2723 3162 15).
2749 3087 2914 3159 Cujus
2943 3094 3192 3162 prtecepti
3223 3108 3433 3161 memo,

127 3197 342 3252 vitandi
368 3205 426 3252 et
456 3195 690 3264 perversi
718 3203 774 3249 et
821 3207 850 3246 a
881 3190 1184 3262 semetipsis
1223 3188 1459 3243 damnati
1498 3202 1732 3257 pronun-

134 3291 370 3353 tiantur,
394 3289 550 3361 quale
578 3295 661 3343 est
684 3295 742 3342 ut
767 3285 1048 3340 videantur
1075 3281 1360 3338 damnandi
1383 3297 1413 3335 a
1443 3280 1596 3336 nobis
1620 3294 1725 3334 non

130 3400 264 3442 esse
290 3399 428 3455 quos
461 3389 674 3438 constat
706 3379 998 3451 apostolica
1028 3375 1420 3433 contestatione
1457 3390 1486 3428 a
1517 3374 1735 3429 semeti-

145 3481 260 3552 psis
306 3480 588 3536 damnatos
624 3477 779 3534 esse?
825 3473 896 3531 Ut
941 3489 1101 3531 nemo
1146 3471 1402 3528 infamare
1446 3467 1735 3540 Apostolus

1839 3189 2030 3244 beatus
2062 3185 2353 3256 Apostolus
2388 3195 2691 3239 commonet
2735 3184 2850 3254 ipse
2887 3199 3100 3256 quoque
3128 3196 3182 3241 et
3212 3186 3432 3243 instruit

1839 3281 2025 3337 dicens
2055 3298 2068 3333 :
2102 3280 2162 3336 Si
2189 3279 2302 3350 quis
2358 3277 2506 3331 aliter
2534 3277 2698 3343 docet,
2750 3286 2796 3331 et
2832 3294 2933 3332 non
2978 3278 3248 3348 acquiescit
3289 3282 3430 3336 sanis

1840 3375 2003 3432 uerbis
2048 3372 2261 3428 Domini
2313 3371 2475 3427 nostri
2507 3369 2635 3426 Jesu
2680 3369 2868 3427 Christi
2916 3382 2963 3428 et
3010 3373 3259 3430 doctrina:
3287 3376 3432 3447 ejus,

1380 3604 1621 3661 STEPH.
1663 3599 1938 3659 BALUZII
1974 3594 2201 3656 NOTAE.

211 3754 265 3812 Ν
269 3774 340 3812 an
368 3755 640 3824 baptizent.
670 3749 854 3826 Codex
882 3746 1124 3826 Lamonii
1153 3744 1301 3800 addit
1329 3744 1384 3798 in
1414 3741 1728 3826 paenitentia,

149 3839 198 3883 et
235 3845 364 3885 mox
402 3821 679 3882 uenientem
717 3821 965 3896 baptizari
1003 3821 1058 3896 in
1099 3821 1650 3896 manunupaznitent-ite
1677 3821 1732 3896 in

151 3901 378 3956 Ecclesia
418 3899 591 3954 uetuit.
638 3886 980 3967 Snnt'tnulta
1028 3888 1331 3967 hujusmotli
1380 3886 1626 3954 exempla
1675 3886 1729 3967 in

144 3972 330 4028 codice
377 3967 650 4031 Laumnii,
707 3965 775 4021 de
824 3965 1020 4035 quibus
1068 3960 1419 4035 disseruimus
1467 3972 1625 4026 supra
1678 3960 1733 4011 in

145 4047 286 4101 netis
316 4043 382 4099 ad
413 4038 707 4112 Epistolam
739 4031 908 4112 Lxx'nt
934 4077 949 4102 ,
980 4051 1100 4112 pag:
1145 4031 1271 4088 502.
1413 4098 1427 4112 θ
1456 4097 1516 4112 ψ

213 4097 280 4170 Il;
307 4097 378 4155 -έ-
401 4097 642 4169 Ornnium
659 4097 1026 4181 hatreticorum.
1048 4097 1428 4171 Exsmutapud
1456 4097 1731 4181 Nicolaum

141 4167 488 4258 Ey—merici'in
523 4181 812 4258 directorio
837 4177 1206 4258 inquisitorum
1235 4167 1732 4258 rCSilCliSiolithAlfie:

143 4244 342 4328 “edicti
371 4259 528 4328 Papze
553 4252 681 4318 XII,
714 4261 822 4328 tum
863 4244 1180 4328 cardinalis,
1227 4244 1483 4328 adversus
1520 4254 1735 4328 equm-es

151 4309 602 4392 fratri—cellarum,
623 4309 680 4377 in
698 4323 888 4390 quibus
903 4321 978 4392 ait
992 4317 1320 4388 Stephanum
1345 4327 1530 4381 papam
1557 4309 1736 4392 deter-

591 4381 774 4470 'Itullt:t_s
801 4381 1104 4470 baptizatus
1123 4404 1224 4470 per.
1240 4397 1605 4470 quoscumque

149 4455 343 4526 retices
359 4455 587 4526 veniens
615 4465 681 4520 ad
713 4455 1003 4538 Ecclesiatn
1033 4455 1733 4538 catholicatti_rebajuizare-

151 4552 228 4597 tut
254 4560 267 4604 ;
294 4553 530 4598 sanctum
553 4547 729 4592 autem
750 4535 1096 4611 Cypriautnn,
1118 4546 1240 4611 cum
1265 4529 1445 4611 turritis
1470 4529 1734 4611 episcopis

151 4615 207 4668 in
235 4601 403 4671 Africa
431 4601 1129 4683 celebratitemtcOIIciliunt,
1155 4601 1540 4683 determinasse
1561 4610 1733 4683 oppo-

154 4668 314 4743 situm
327 4668 616 4751 [videlicet
638 4680 776 4748 quod
800 4677 1048 4751 baptizati
1069 4691 1098 4729 a
1117 4673 1538 4751 quibuscumque
1551 4668 1730 4751 luere-

329 4738 461 4812 siad
495 4738 785 4811 Ecclesium
827 4738 1150 4824 catholicam
1171 4745 1417 4824 veniant.
1445 4747 1568 4794 sunt
1593 4738 1728 4824 b.in

159 4815 376 4893 tizaudi,
404 4840 456 4883 et
485 4825 803 4894 reprobasse
833 4823 884 4875 in
904 4819 1017 4894 hoc
1042 4815 1368 4894 Stephanum
1401 4819 1726 4894 papatnzhut

155 4882 308 4969 patet
335 4882 390 4955 ti.
416 4882 687 4969 Cypriani
727 4890 968 4969 epistolis
1005 4882 1424 4969 adlubaianum
1441 4882 1562 4969 ,“ad
1603 4882 1724 4969 Ste-

161 4953 388 5038 phanum
431 4953 872 5036 etuPompeium,
907 4961 1405 5038 concilitttnautem
1443 4953 1718 5038 literarium.

159 5025 782 5114 {atramqueopinionem
834 5025 1004 5114 sancti
1057 5031 1308 5114 Cypriani
1353 5037 1416 5114 ἐι
1460 5025 1718 5114 Stephani

228 5095 656 5183 pzeijco'rrexisse
705 5095 1122 5183 determiuando'
1142 5095 1296 5183 'thod
1316 5171 1328 5183 _
1353 5097 1621 5181 baptizati.
1654 5095 1722 5149 ab

228 5133 306 5183 pa:
355 5125 656 5170 correxisse
705 5125 1106 5162 uetcrtmltanuu
1157 5125 1296 5170 quuu
1354 5125 1621 5181 uapumu.
1654 5125 1720 5149 συ

157 5125 419 5242 ﬁreticis
448 5201 553 5239 nou
591 5178 921 5236 servantibus
950 5171 1472 5250 l'ormam‘Ecclesue
1504 5183 1720 5250 vemen-

156 5239 649 5313 tesadiEcclesiam
681 5247 1126 5322 baptizentu:-,_ab
1150 5243 1268 5322 aliis
1297 5239 1726 5322 ve_ro__h:nreticis

148 5323 402 5399 baptizati
437 5343 540 5382 non
573 5313 984 5399 rebapt‘izentur.
1019 5313 1478 5399 ﬂane‘Beuedicti
1494 5313 1723 5399 solutio-

146 5388 277 5456 nem
307 5416 430 5457 esse
457 5400 642 5454 f.uls.im
683 5388 756 5448 ait
795 5388 1414 5464 Franciscus_Pegtia__in
1454 5395 1728 5464 commen—

135 5455 421 5529 ‘ariisad
445 5470 752 5530 Nicolaum,
794 5478 1018 5533 eamque
1058 5455 1271 5533 refellit:
1319 5455 1510 5533 Nescio
1548 5466 1615 5506 an
1647 5465 1731 5505 re-

119 5525 528 5601 clc'."Eﬁteuim
565 5525 970 5610 Cyprianusait
1011 5547 1195 5603 papam
1234 5525 1733 5610 Stephani-umecti-

107 5596 726 5676 Ξειῖεεθ-Ιινιὲινιειὶοοὶιιιιι
753 5596 1214 5676 baptisma-messe
1231 5596 1372 5671 justa
1388 5607 1452 5676 et
1479 5596 1731 5676 legitima.

91 5665 325 5746 P636
351 5665 651 5743 —B-:nedicti
693 5665 1070 5748 responsiones
1095 5665 1358 5748 adversus
1388 5665 1735 5748 F‘ratrieellos

79 5737 319 5820 ⁷
357 5737 543 5815 etiam
564 5737 898 5807 Abrahainus
926 5747 1149 5820 Rzovius
1178 5745 1238 5820 in
1271 5743 1379 5798 suis
1403 5737 1735 5820 _At_uiali_bus,

64 5809 643 5896 'sgdvn'tu'tatverba
671 5819 963 5878 directorii.
996 5817 1124 5874 Nam
1154 5815 1240 5873 ubi
1281 5810 1420 5886 apud
1460 5809 1736 5866 Nicolaum

425 5923 701 5986 ΡΑτιιοι..
749 5913 862 5977 lll.

1833 3738 2093 3805 scriptum
2118 3743 2241 3809 est:
2275 3732 2357 3809 Ad
2377 3732 2516 3809 istud
2542 3733 2812 3809 respondet
2842 3732 3076 3809 doluique
3097 3735 3420 3809 Benedictus,

1833 3802 2061 3865 Bzovins
2093 3806 2242 3874 ponit
2271 3822 2284 3859 :
2312 3805 2391 3858 Ad
2417 3802 2555 3858 istud
2585 3805 2854 3870 respondet
2888 3803 2952 3857 [τ’.
2986 3805 3208 3863 Iacobus
3233 3802 3428 3868 Farne;

1833 3883 1944 3936 rius
1973 3878 2283 3939 cardinatis,
2310 3877 2432 3947 quia
2459 3875 2663 3932 sciebat
2687 3874 2760 3928 ita
2800 3874 3037 3931 locutum
3077 3877 3238 3934 fuisse
3274 3893 3426 3941 aute-

1835 3969 1995 4025 quaim
2033 3962 2179 4025 esset
2207 3963 2366 4025 pa‘pa.

1906 4015 2225 4078 Tinctionis.‘
2249 4017 2431 4074 Codex
2468 4015 3024 4086 Gratianopolitanus,
3071 4019 3330 4080 tinctionis
3376 4038 3425 4082 et

1834 4096 2110 4152 unctionis.

1908 4165 2176 4220 Ponticus.
2226 4160 2375 4216 Hane
2417 4173 2602 4213 vocem
2649 4156 2950 4231 addidimus
2996 4175 3063 4215 ex
3105 4167 3422 4226 auctoritate

1835 4237 2112 4292 duodecim
2154 4232 2540 4305 exetnplarium
2587 4240 2892 4305 nostrorum
2919 4240 2988 4305 et
3031 4247 3123 4287 sex
3167 4235 3417 4305 Anglica-

1836 4323 2044 4362 norum.
2077 4307 2148 4362 Ea
2187 4299 2859 4374 qmc'illatnnonﬁbabent
2882 4300 3129 4374 videntur
3167 4299 3288 4362 esse
3324 4310 3419 4366 de-

1835 4387 2038 4434 curtata
2078 4379 2146 4431 ab
2170 4371 2432 4445 imperitis
2469 4373 2701 4445 librariis
2737 4371 3076 4445 credentibus
3117 4375 3258 4430 illam
3299 4395 3418 4438 esse

1837 4465 1998 4518 super
2046 4444 2363 4510 vacaneam,
2411 4445 2529 4518 quia
2578 4444 2777 4518 statim
2806 4444 3045 4513 sequitur
3096 4445 3417 4518 Marcionem

1758 4494 1812 4557 D
1836 4494 2122 4576 etnrersisse
2159 4534 2190 4572 e
2219 4494 2405 4589 Ponto.
2429 4494 2690 4589 'lreuzeus,
2726 4514 2817 4568 lib.
2852 4494 2898 4579 ιζ
2931 4517 3170 4589 εεψκὲι,
3205 4494 3420 4589 εωίᾷέῆ

1837 4590 2070 4646 Marcion
2096 4587 2354 4643 Ponticus.
2378 4586 2650 4640 l’outicum
2672 4585 2856 4655 luputn
2881 4596 3031 4641 vocat
3054 4588 3295 4652 Ruﬁnus.
3316 4585 3410 4648 lib.

1832 4679 1883 4724 ν,
1910 4679 2026 4730 cap.
2051 4663 2137 4724 15,
2165 4669 2280 4730 post
2304 4657 2608 4712 Eusebium.
2636 4657 2767 4730 Illud
2797 4657 2975 4713 dicere
3005 4660 3172 4713 voluit
3198 4672 3414 4720 sanctus

1828 4727 2177 4807 Cyprianus,
2201 4731 2554 4807 Marciane-tn,
2587 4727 2676 4798 qui
2717 4736 2835 4807 erat
2875 4730 3086 4807 natione
3126 4730 3410 4807 Ponticus,

1827 4799 2122 4877 e'regioue
2159 4813 2335 4858 ortum
2377 4801 2660 4877 longinqua
2706 4811 2760 4877 et
2800 4799 3055 4877 barbara,
3099 4803 3344 4877 videlicet
3380 4799 3413 4862 ὁ

1825 4871 1997 4932 Ponto
2029 4877 2268 4937 Euxino,
2299 4872 2509 4926 tandem
2550 4873 2832 4925 emersisse
2860 4887 2891 4926 e
2919 4871 3112 4932 Ponto.
3149 4875 3234 4929 ubi
3279 4874 3414 4932 late-

1824 4950 1944 5016 bat,
1977 4948 2208 5002 nondum
2238 4943 2449 5016 venisse
2479 4941 2719 5016 Romam.
2756 4941 3213 5016 Erasnuts_lameu
3258 4945 3416 5004 habet

1819 5012 2006 5076 Vocem
2045 5017 2316 5080 Ponticus,
2345 5014 2437 5068 sed
2471 5028 2572 5066 non
2605 5012 2875 5082 subjnnxit
2901 5014 2963 5068 de
2987 5013 3177 5071 Ponto.
3207 5018 3416 5074 1‘ertul--

1824 5093 2026 5156 liauus,
2071 5091 2162 5144 lib.
2198 5105 2213 5141 ι
2257 5087 2512 5140 adversus
2551 5082 2903 5138 Marcionem:
2952 5083 3165 5160 Pontus,
3205 5106 3289 5160 qm
3327 5090 3412 5144 di-

1823 5164 1954 5218 citur
1975 5162 2229 5226 Euxinus,
2252 5168 2433 5212 natura
2462 5163 2694 5226 negatur,
2725 5160 2923 5208 nomine
2945 5157 3199 5215 illutlitur.
3217 5157 3411 5215 Enno-

1825 5235 1968 5302 dius,
1993 5235 2082 5288 lib.
2109 5248 2184 5287 xu
2202 5225 2223 5297 ,ν
2245 5232 2400 5298 epist.
2403 5243 2466 5302 _1:
2501 5225 2609 5279 Etsi
2637 5235 2682 5278 te
2701 5226 3043 5302 immemorem
3074 5233 3183 5302 mei
3201 5230 3413 5286 Pontica

1827 5295 1964 5378 facit,
1989 5295 2354 5378 inhumanitas.
2399 5299 2659 5378 _Famosns
2701 5295 3049 5378 locusnexilin
3094 5300 3287 5378 Ovidii.
3342 5305 3414 5359 De

1830 5365 2073 5448 iempore
2109 5389 2215 5448 quo
2257 5370 2483 5448 Marcion
2509 5368 2660 5431 vixit,
2695 5365 2828 5448 vide
2848 5367 3048 5448 Petavii
3074 5375 3417 5431 :mimadver-

1833 5436 2016 5504 sion'cs
2044 5447 2106 5501 ad
2129 5436 2380 5500 'ha-resim
2413 5454 2569 5496 XLVI.
2612 5438 2749 5506 apud
2788 5436 3167 5506 Epiphanium.

1904 5519 2100 5576 Cerdon
2137 5515 2226 5570 sub
2270 5509 2674 5584 Hyginolvitle
2712 5507 2967 5564 Massueti
3006 5510 3416 5574 dissertationes

1835 5591 1900 5646 ad
1921 5592 2196 5650 Irenaeum,
2225 5580 2340 5655 pag:
2363 5583 2431 5638 68
2450 5624 2464 5646 ,
2499 5580 2526 5654 §
2555 5580 2676 5635 L55.

1913 5662 2093 5718 Nonus
2122 5651 2239 5731 fuit.
2273 5651 2412 5731 Idem
2442 5651 2668 5731 tes-tatur
2697 5651 3204 5731 sanctusjrenzens,
3241 5656 3349 5731 lib_._
3369 5677 3384 5711 ι
3406 5701 3422 5722 ,

1839 5748 1955 5804 cap.
2001 5734 2072 5788 28
2094 5723 2300 5802 {aiens
2337 5727 2632 5784 Cerdonem
2680 5723 2891 5780 venisse
2925 5723 3149 5779 Romam
3179 5725 3278 5784 sub
3311 5728 3420 5799 Hy-

1840 5820 1984 5876 guto.

2958 5889 3034 5958 36
