4198 6304
153 427 3344 484 W

901 620 2571 804 PROLEGOMENA.

1282 1091 2215 1204 DISSERTATIO

515 1327 667 1416 DE
742 1326 1335 1420 OPEBIBUS
1407 1328 1503 1416 S.
1581 1324 2135 1417 DIONYSII
2195 1326 3016 1428 AREOPAGITAE.

638 1517 722 1587 (D.
754 1517 829 1572 Ls
860 1517 1098 1583 Nounnv,
1130 1517 1426 1585 Apparatus
1463 1516 1530 1568 ad
1557 1513 1697 1568 Bibl.
1728 1530 1874 1569 max.
1903 1514 2344 1582 Parisiis,“l705,
2379 1517 2584 1583 in-lol.,
2608 1534 2660 1588 p.
2693 1520 2836 1587 169.)

657 1828 878 1886 CAPUT
910 1826 1194 1883 PRIMUM.

321 1926 571 1995 Analysis
596 1923 826 1976 omnium
854 1920 914 1975 S.
952 1920 1190 1988 Dionysii
1231 1917 1481 1986 Operam.

200 2018 229 2091 ς
275 2018 314 2072 I.
357 2015 513 2069 Liber
546 2014 620 2068 de.
644 2000 832 2066 calari
867 2010 1179 2064 hierarchia.
1213 2039 1281 2049 -
1311 2010 1523 2064 Primus
1547 2009 1685 2064 liber

137 2110 365 2182 Dionysii
398 2106 730 2176 Areopagitae
766 2103 980 2158 nomine
1020 2104 1326 2171 inscriptus,
1369 2103 1579 2157 titulum
1611 2102 1686 2158 De

137 2205 317 2260 cavlesti
352 2200 651 2256 hierarchia
692 2197 926 2270 prefert,
964 2198 1137 2265 isque,
1171 2197 1311 2251 sicut
1347 2207 1401 2251 et
1431 2196 1519 2251 alii
1562 2198 1686 2250 sub-

139 2303 420 2366 sequentes
445 2291 730 2345 Timotheo
754 2288 1186 2360 sympresbytero
1211 2297 1573 2353 nuncupatur.
1604 2288 1684 2340 Ab

136 2387 243 2454 ipso
289 2394 474 2439 autem
533 2381 692 2450 hujus
743 2379 863 2433 libri
923 2379 1145 2433 exordio
1195 2380 1340 2448 (cap.
1387 2379 1439 2433 11
1497 2387 1685 2431 auctor

133 2492 338 2530 onmem
397 2475 568 2528 lucem
615 2489 644 2526 a
675 2471 784 2527 Deo
820 2471 978 2525 Patre
1025 2468 1091 2522 ad
1137 2483 1233 2522 nos
1275 2469 1507 2523 derivari
1556 2483 1682 2538 pro-

137 2569 321 2630 fessus,
367 2566 435 2621 ad
466 2581 624 2620 suunt
658 2567 724 2619 de
757 2559 917 2620 rebus
963 2562 1292 2627 coelestibus,
1335 2561 1507 2629 iisque
1548 2559 1683 2614 dim-

133 2659 365 2723 cillimis,
397 2658 490 2712 sed
519 2672 640 2727 qua
682 2654 1053 2710 materialibus
1091 2664 1144 2706 et
1187 2653 1462 2722 corporeis
1490 2653 1681 2706 adum-

134 2750 285 2803 brata:
319 2756 501 2813 erant,
532 2756 904 2816 argumentum
938 2759 1057 2798 cum
1087 2760 1151 2798 ex
1189 2741 1465 2812 Scriptura
1501 2757 1680 2809 sacra,

134 2849 235 2893 tum
278 2855 346 2895 ex
393 2839 666 2903 Patribus,
715 2838 998 2907 implorata
1042 2838 1190 2906 prius
1226 2836 1424 2891 Christi
1468 2837 1681 2890 Domini

134 2947 240 3001 ope,
283 2931 631 2987 tractandum
672 2927 1002 2999 aggreditur.
1051 2927 1386 2996 QuaprOpter
1432 2927 1573 2998 (cap.
1624 2927 1680 2996 2)

135 3021 232 3089 ille,
264 3022 410 3076 facta
451 3020 630 3090 operis
669 3021 753 3075 sui
799 3019 1199 3079 distributione.
1250 3019 1477 3088 primum
1511 3019 1684 3087 aperit

134 3129 220 3170 cur
261 3114 549 3184 Scriptura
586 3114 765 3165 divina
813 3111 1032 3180 angelos
1077 3110 1263 3180 ﬁguris
1309 3111 1444 3165 adeo
1476 3109 1680 3180 ignobi-

135 3207 281 3270 libus,
314 3217 485 3274 atque
530 3205 596 3257 ab
637 3218 821 3258 eorum
865 3213 1057 3257 natura
1099 3211 1204 3256 tam
1235 3201 1444 3268 alienis,
1476 3203 1675 3271 ubique

137 3298 281 3352 nobis
320 3303 688 3365 repraesentet.
737 3291 872 3347 Tum
917 3295 1070 3362 (cap.
1106 3293 1170 3362 5)
1212 3307 1422 3348 omnem
1462 3294 1680 3348 univer-

133 3387 229 3442 sim
278 3386 641 3440 bierarchiam
686 3384 874 3438 deﬁnit
920 3383 1251 3451 dividitque;
1303 3398 1364 3437 ac
1405 3385 1530 3454 quis
1568 3385 1684 3453 ejus

1717 1698 1784 1712 να

1719 1828 1760 1884 Α
1788 1823 1921 1878 chia:
1965 1822 2142 1878 ordini
2186 1824 2456 1891 peculiare
2507 1832 2609 1887 est,
2657 1823 2960 1892 promiscue
3011 1827 3332 1886 vocitentur.

1787 1913 2079 1970 Nonnullas
2107 1922 2316 1982 postea,
2345 1929 2464 1982 quae
2495 1915 2560 1968 ad
2591 1926 2959 1984 argumentum
2990 1932 3146 1971 suum
3220 1935 3340 1988 spc-

1776 2003 2347 2069 ctabant,diliicultates
2370 2007 2566 2060 enodat
2588 2014 2636 2059 et
2668 2006 2826 2060 solvit
2848 2008 2990 2078 (cap.
3027 2009 3136 2079 l2),
3167 2012 3330 2068 nimi-

1789 2112 1907 2152 rum
1954 2111 2051 2153 cur
2093 2097 2375 2168 episcopus
2417 2099 2624 2152 dicatur
2654 2101 2873 2170 angelus
2905 2101 3114 2157 Domini
3161 2106 3335 2159 omni-

1784 2189 2051 2258 potentis,
2102 2204 2198 2242 cur
2222 2204 2287 2243 ex
2341 2189 2762 2258 Seraphinorum
2823 2194 3012 2248 ordine
3069 2209 3207 2251 unus
3261 2198 3327 2251 ad

1786 2279 1979 2334 Isaiam
2028 2279 2222 2332 missus
2274 2279 2457 2343 fuerit,
2499 2291 2838 2352 quantusque
2883 2285 2955 2338 sit
3002 2285 3325 2355 Attgcloruut

1785 2386 2042 2428 numerus
2101 2371 2244 2449 (cap.
2281 2370 2391 2438 15).
2460 2371 2695 2439 Denique
2746 2374 2884 2441 (cap.
2923 2375 3009 2444 11)
3060 2379 3333 2443 corporeis

1787 2461 2128 2547 imaginibus,
2175 2460 2372 2530 quibus
2400 2461 2572 2530 angeli
2621 2461 2673 2515 in
2707 2461 2981 2531 Scriptura
3013 2466 3335 2535 ﬁgurantur,

1787 2548 2095 2624 singillatim
2121 2553 2420 2621 explicatis,
2449 2552 2645 2606 librum
2685 2554 2932 2609 absolvit.

1859 2647 1888 2718 ᾗ
1924 2644 1984 2700 Il.
2012 2643 2166 2698 Liber
2203 2647 2267 2698 de
2305 2643 2658 2698 ecclesiastica
2701 2645 3020 2700 hierarchia.
3060 2678 3126 2686 —-
3157 2649 3211 2702 In
3241 2651 3334 2706 illo

1784 2737 1964 2806 priore
1994 2735 2129 2790 libro
2161 2733 2401 2797 alterius,
2432 2747 2592 2804 quem
2643 2733 2715 2787 De
2745 2736 3091 2790 ecclesiastica
3126 2740 3333 2793 hierar-

1785 2828 1901 2880 chia
1925 2826 2236 2895 inscriptum
2263 2825 2452 2890 voluit,
2485 2824 2829 2880 fundamenta
2853 2827 3066 2895 quidem
3094 2831 3296 2895 iecerat
3319 2849 3335 2897 ;

1785 2916 1876 2971 sed
1914 2916 2027 2986 ipse
2073 2914 2177 2969 nisi
2214 2906 2481 2968 Timothei
2517 2915 2768 2982 precibus
2811 2916 3001 2982 victus,
3031 2932 3244 2972 manum
3286 2922 3340 2974 ei

1783 3023 1841 3063 se
1872 3022 1978 3062 non
2025 3008 2332 3062 admovisse
2377 3006 2721 3062 testiﬁcatur.
2768 3005 2902 3061 Huic
2935 3017 3114 3061 autem
3146 3009 3334 3064 Timo-

1788 3100 1934 3164 theo,
1970 3115 2036 3152 ne
2062 3100 2315 3168 mysteria
2349 3108 2537 3151 nostra
2563 3111 2667 3150 non
2692 3097 2919 3152 initiatis
2951 3099 3176 3167 aperiat,
3214 3115 3336 3154 cum

1789 3203 1819 3242 a
1863 3187 1985 3242 libri
2037 3188 2120 3242 sui
2165 3188 2428 3257 principio
2478 3187 2660 3242 sedulo
2700 3189 3043 3256 praecepisset
3085 3190 3225 3257 (cap.
3260 3189 3341 3258 1),

1784 3282 2021 3336 ostendit
2052 3297 2159 3350 quo
2189 3296 2252 3335 ex
2280 3279 2422 3335 fonte
2463 3278 2764 3332 hierarchia
2793 3279 3159 3334 ecclesiastica
3207 3281 3332 3334 illu-

1783 3375 2070 3432 strationes
2115 3388 2240 3427 suas
2262 3372 2494 3434 hauriat,
2540 3371 2592 3423 in
2645 3385 2752 3436 quo
2799 3385 2922 3423 cum
2964 3373 3170 3427 cmlesti
3207 3387 3336 3429 con-

135 3478 246 3531 linis
293 3487 348 3531 et
405 3491 632 3545 SCOptls,
686 3491 912 3547 quasque
973 3477 1079 3531 sint
1127 3473 1244 3541 ejus
1295 3475 1596 3529 functiones
1633 3483 1685 3529 et
1764 3466 1989 3528 ‘Veniul.
2029 3464 2114 3517 vel
2146 3464 2213 3517 ab
2247 3475 2308 3516 ea
2336 3460 2627 3530 discrepet.
2662 3475 2782 3528 quae
2817 3461 2887 3514 Sil
2922 3461 3036 3529 eius
3074 3460 3337 3531 deﬁnitio,

133 3572 299 3624 mutiia
373 3571 656 3624 enucleate
710 3572 1062 3622 demonstrat.
1127 3567 1264 3622 ilinc
1321 3570 1463 3637 (cap.
1510 3569 1566 3634 4)
1617 3569 1682 3621 ad

131 3664 292 3733 ipsius
313 3663 576 3732 angelicae
605 3661 917 3715 hierarchite
945 3660 1353 3728 explicationem
1387 3660 1598 3721 transit,
1627 3668 1683 3712 et

128 3757 357 3809 ostendit
401 3753 570 3806 Deum
596 3767 626 3805 a
656 3752 800 3805 nulla
838 3760 1079 3804 creatura
1122 3748 1472 3802 excellentius
1508 3751 1678 3818 parti-

129 3847 292 3916 cipari
328 3860 492 3914 quam
530 3843 600 3897 ab
630 3843 870 3912 angelis;
914 3841 1007 3911 qui
1048 3839 1262 3907 quidem
1307 3841 1433 3908 quia
1466 3838 1596 3893 alios
1629 3839 1680 3892 in

130 3938 428 3993 divinitatis
460 3937 819 4007 cognitionem
863 3934 1154 3999 adducunt,
1183 3933 1305 3986 ideo
1341 3933 1430 3987 illo
1460 3931 1680 4000 angelo-

134 4044 240 4081 rum
267 4027 493 4084 nomine
514 4037 640 4081 sunt
666 4025 874 4080 donati.
905 4025 1079 4092 Atque
1101 4024 1200 4077 hac
1221 4024 1339 4077 data
1370 4023 1678 4083 occasione,

131 4125 281 4174 docet
338 4133 531 4175 eorum
587 4107 891 4171 ministerio
953 4130 1059 4168 non
1120 4114 1290 4170 solum
1356 4113 1568 4168 divinas
1627 4114 1679 4167 in

131 4210 302 4266 Veteri
350 4211 699 4266 Testamento
752 4209 988 4262 visiones
1035 4207 1302 4261 exhibitas
1345 4205 1532 4269 fuisse,
1584 4204 1677 4258 sed

129 4306 321 4359 Christi
351 4305 516 4357 etiam
547 4300 974 4356 lncarnationem
1008 4301 1063 4353 in
1098 4299 1243 4354 Novo
1271 4296 1494 4351 Fmdere
1526 4296 1679 4350 nobis

131 4398 523 4451 annuntiatatn.
550 4393 782 4462 Exponit
811 4394 1030 4459 insuper
1067 4391 1207 4457 (cap.
1241 4389 1296 4456 5)
1327 4405 1426 4443 cur
1469 4387 1679 4456 angelo-

1788 3557 2109 3625 principium
2153 3562 2207 3607 ct
2253 3551 2399 3615 linis,
2440 3565 2503 3606 ac
2545 3551 2760 3605 tandem
2804 3565 2906 3605 cur
2951 3551 3039 3604 illa
3079 3553 3338 3622 symbolis

1788 3646 2079 3716 ﬁgurisque
2127 3639 2401 3709 corporeis
2431 3637 2602 3692 velata
2659 3639 2812 3692 nobis
2869 3639 3128 3694 tradatur.
3182 3640 3342 3698 Post-

1784 3740 1896 3792 hinc
1919 3736 1984 3790 ad
2016 3733 2222 3803 singula
2265 3743 2384 3802 qua:
2423 3730 2488 3783 ad
2524 3743 2642 3783 eam
2684 3737 2948 3798 spectant,
2992 3733 3213 3801 propius
3240 3749 3332 3788 ac-

1782 3828 1998 3892 cedens,
2029 3826 2094 3878 de
2123 3822 2478 3879 sacramentis
2493 3819 2746 3888 baptismi
2777 3821 2921 3890 (cap.
2952 3822 3009 3889 2)
3034 3831 3087 3876 et
3123 3823 3333 3882 Eucha-

1784 3919 1951 3973 ristiae
2005 3916 2145 3982 (cap.
2181 3913 2260 3982 ὅ),
2290 3913 2356 3966 de
2395 3909 2538 3965 sacri
2581 3911 2837 3980 unguenti
2865 3925 2961 3965 seu
2997 3911 3331 3976 chrismatis,

1784 4007 1877 4060 τοῦ
1915 4005 2086 4077 μύρου
2107 4043 2122 4067 ,
2150 4002 2558 4058 consecratione
2597 4002 2737 4071 (cap.
2779 4000 2836 4069 4)
2859 4040 2874 4065 ,
2900 4002 2964 4055 de
2988 4003 3332 4060 ordinatione

1785 4111 2059 4155 sacrorum
2091 4094 2343 4150 Ecclesia:
2384 4094 2754 4147 ministrorum
2805 4094 2948 4162 (cap.
2981 4093 3058 4164 5),
3095 4094 3333 4166 episcopi

1740 4197 1745 4203 '
1782 4193 2008 4256 scilicet,
2040 4189 2339 4261 presbyteri
2367 4196 2421 4242 et
2444 4187 2680 4251 diaconi,
2705 4201 2770 4239 ac
2796 4186 2860 4242 de
2883 4187 3110 4242 solemni
3140 4204 3330 4244 mona-

1785 4286 2011 4338 chorum
2054 4280 2390 4350 prolessione
2436 4278 2577 4346 (cap.
2612 4276 2668 4346 6)
2699 4277 3026 4332 articulatim
3072 4279 3331 4348 disputat.

1786 4376 1882 4429 llis
1936 4381 2242 4428 accuratam
2293 4368 2572 4437 subjuttgit
2623 4367 3088 4433 caeremoniarum,
3141 4370 3335 4438 quibus

133 4504 240 4541 rum
302 4500 524 4551 nomen,
584 4459 730 4553 quod
779 4481 970 4536 ultimo
1033 4478 1332 4533 ctelestium
1389 4478 1671 4546 spirituum
1704 4499 1745 4554 ρ
1783 4475 2115 4522 mortuorum
2170 4476 2396 4530 corpora
2446 4460 2860 4528 sepeliebantur,
2911 4459 3326 4530 descriptionem

127 4560 294 4631 ordini
325 4575 610 4646 speciatim
641 4573 912 4635 convenit,
953 4569 1162 4625 caneris
1200 4565 1668 4622 indiscriminatim

128 4668 196 4722 ita
213 4671 508 4740 tribuatur,
535 4678 593 4720 ut
619 4666 720 4736 ipsi
747 4674 922 4720 tamen
946 4661 1172 4716 aliorum
1196 4659 1435 4712 vicissim
1457 4658 1676 4710 nomine

127 4774 399 4829 nunquam
450 4757 804 4827 appellentur.
868 4752 946 4808 Ad
996 4750 1307 4821 angelorum
1358 4746 1672 4802 divisionem

129 4853 244 4907 inde
283 4856 433 4921 (cap.
466 4852 539 4918 6)
568 4847 937 4918 progreditur,
977 4854 1138 4914 atque
1179 4841 1413 4897 ostendit
1459 4852 1554 4893 eos
1619 4838 1672 4890 in

128 4955 229 5000 tres
270 4944 630 5006 hierarcliias,
675 4948 729 4993 et
777 4937 1021 5007 singulas
1052 4949 1296 5006 quasque
1339 4930 1676 4986 hierarchias

130 5036 178 5092 in
225 5046 339 5091 tres
389 5035 606 5089 ordines
659 5032 739 5089 sic
763 5028 1051 5090 distribui;
1104 5033 1161 5079 ut
1204 5023 1375 5093 prima
1419 5021 1674 5089 Seraphi-

127 5145 308 5185 norunt
367 5128 528 5194 (cap.
586 5124 692 5192 7),
726 5119 1223 5191 (Cherubinorum,
1287 5114 1670 5177 Thronorutn;

124 5219 358 5274 secunda
414 5229 541 5269 vero
595 5212 1032 5267 Dominationum
1080 5209 1219 5278 (cap.
1258 5205 1357 5271 8),
1385 5201 1671 5264 Virtutum,

128 5309 453 5367 Potestatum
479 5328 493 5375 ;
521 5308 678 5363 tertia
709 5305 940 5372 denique
981 5300 1389 5368 Principatuum
1425 5298 1563 5364 (cap.
1592 5292 1671 5362 9),

134 5404 586 5470 lrchangelorum
633 5408 687 5454 et
727 5397 1052 5468 Angelorum
1093 5393 1308 5446 ordines
1351 5388 1671 5457 complecta-

134 5501 228 5548 tur.
265 5493 472 5547 Deinde
495 5492 637 5558 (cap.
665 5487 751 5557 10)
783 5486 1053 5555 quomodo
1087 5482 1338 5552 quaslibet
1368 5479 1672 5533 hierarchia

131 5591 400 5652 purgetur,
433 5581 750 5637 illustretur,
779 5588 842 5630 ac
878 5573 1206 5651 perﬁciatur,
1253 5570 1534 5631 enucleat;
1561 5566 1675 5636 pla-

1779 4556 2300 4626 expositionemque;
2324 4561 2374 4605 et
2387 4550 2612 4604 subinde
2627 4551 2695 4605 de
2713 4549 2996 4603 infantium
3013 4550 3329 4618 baptismate

1779 4649 2012 4705 disserit.
2038 4646 2172 4701 Tum
2204 4644 2433 4714 denique
2455 4641 2815 4706 Timotheum,
2843 4640 2886 4696 si
2915 4654 3049 4710 quas
3070 4642 3329 4699 clariores

1780 4743 1971 4794 borum
2002 4735 2380 4806 mysteriorum
2412 4732 2749 4803 cognitiones
2776 4733 2987 4797 habeat,
3013 4733 3096 4786 vel
3132 4733 3329 4790 habere

1777 4827 1966 4898 possit,
2012 4835 2069 4881 ut
2098 4840 2189 4878 eas
2225 4838 2410 4879 secum
2455 4821 2715 4878 benevole
2763 4823 3145 4888 communicet,
3182 4825 3330 4880 obte-

1777 4931 1950 4977 statur
1990 4929 2151 4988 atque
2193 4918 2458 4972 obsecrat.

1848 5011 1875 5082 §
1909 5009 1994 5064 111.
2017 5007 2170 5062 Liber
2183 5008 2246 5060 de
2268 5005 2457 5058 diuinis
2481 5001 2795 5058 nominibus.
2811 5031 2884 5045 --
2906 5001 2963 5056 In
2995 5003 3152 5057 tertio
3172 5003 3327 5068 libro,

1778 5118 1936 5172 quem
2005 5111 2192 5155 auctor
2262 5106 2444 5152 noster
2499 5105 2619 5165 post
2668 5096 2867 5150 editum
2929 5093 3329 5164 Hypotyposeon

1775 5194 2179 5262 theologicarum
2203 5191 2452 5244 volumen
2495 5204 2554 5244 se
2598 5188 2990 5254 conscripsisse
3025 5188 3239 5247 asserit,
3265 5185 3329 5239 de

1776 5288 2068 5343 nominibus
2113 5286 2303 5340 divinis
2345 5283 2581 5351 disputat
2630 5283 2772 5349 (cap.
2819 5281 2891 5349 1).
2937 5276 3028 5332 llle
3058 5288 3236 5333 autem
3261 5293 3329 5352 ex

1778 5379 2076 5447 Scripturis
2105 5377 2296 5440 sacris,
2334 5375 2424 5429 ubi
2455 5375 2639 5430 omnia
2687 5371 2803 5439 Dei,
2829 5371 2923 5442 qui
2965 5371 3246 5440 ἀνώνυμος
3274 5381 3330 5423 et

1776 5469 2122 5540 πολυώνυμος
2164 5478 2269 5531 est,
2304 5467 2521 5522 nomina
2556 5464 2898 5540 exhibentur,
2949 5469 3328 5529 argumentum

1776 5577 1933 5616 suum
1978 5569 2333 5615 tractaturutn
2380 5572 2440 5612 se
2493 5571 2615 5611 esse
2667 5557 2970 5624 proﬁtetur.
3006 5552 3088 5605 -Et
3110 5553 3323 5620 quidem

132 5641 360 5743 namque
388 5641 515 5725 iacit
543 5670 685 5739 (cap.
721 5667 809 5737 ll)
841 5641 1152 5721 cur'otnnes
1196 5661 1382 5731 Angeli
1417 5660 1668 5714 virtutum
1774 5653 2000 5722 duplicis
2034 5652 2250 5720 generis
2270 5665 2390 5705 esse
2417 5647 2548 5701 dicit
2571 5647 2712 5717 (cap.
2740 5645 2798 5714 2)
2830 5659 2892 5698 ea
2925 5643 3017 5697 Dci
3061 5641 3278 5694 nomina
3312 5657 3325 5691 :

133 5737 433 5820 cmlestium
461 5737 703 5818 nomine,
737 5756 874 5824 quod
901 5755 1139 5816 secundo
1169 5751 1416 5808 secundae
1458 5749 1666 5804 hierar-
1774 5748 1898 5811 alia,
1925 5747 1997 5799 uti
2029 5753 2242 5809 vocant,
2266 5740 2513 5798 absolttta
2541 5749 2592 5793 ct
2623 5737 2957 5800 essentialia,
2982 5749 3100 5802 qute
3123 5741 3332 5786 natura

402 5854 658 5912 Parnm.
694 5851 811 5909 Gn.
870 5839 972 5899 ΙΗ-
3031 5824 3062 5886 1
