4198 6304
847 372 904 422 Η
1962 369 2020 426 5ο
2057 368 2423 426 DlONYSlU-S
2459 371 2917 429 AREOPAGITA.

4002 387 4061 441 12

845 483 1042 537 divina:
1091 483 1372 552 tribusque
1433 484 1792 539 sanctissimae
1841 483 2125 538 Trinitatis
2171 486 2413 552 personis
2445 487 2486 543 Α
2519 486 2681 549 ditur,
2715 502 2775 539 ac
2809 487 3184 555 negationibus
3223 487 3390 556 magis
3432 506 3594 558 quam
3626 493 4058 550 aflirmationihns

844 575 1043 644 absque
1075 575 1337 628 divisione
1368 576 1474 629 ulla
1507 577 1837 630 conveniunt
1869 594 1881 640 ;
1916 577 2041 640 alia,
2075 578 2149 628 ttti
2177 577 2407 642 loquun-

843 677 952 730 tur,
989 667 1232 728 relativa,
1283 683 1403 736 qua:
1453 668 1751 736 unicuique
1799 683 2044 736 persona:
2091 666 2405 735 singillatim

843 758 914 811 ita
953 769 1286 826 competunt,
1323 768 1382 811 ut
1425 759 1579 812 alteri
1637 775 1741 812 non
1789 761 1997 826 possint
2033 759 2276 813 attribui.
2325 758 2405 811 Ad

842 866 898 906 ea
933 865 1095 920 porro
1141 850 1460 920 explicanda
1511 849 1786 904 Hicrothei
1828 851 2111 920 cujusdam
2163 853 2402 920 magistri

838 944 919 996 sui
978 941 1114 996 libro
1144 942 1333 1007 utitur,
1364 942 1546 1011 ibique
1583 944 1725 1010 (cap.
1768 944 1822 1010 5)
1851 960 1947 997 cur
1977 954 2093 1012 post
2147 945 2402 998 eximium

840 1031 989 1083 illtnn
1036 1033 1236 1094 virum,
1265 1046 1423 1100 quem
1477 1033 1728 1086 maximis
1777 1032 2030 1088 laudibus
2079 1043 2324 1094 exornat,
2353 1043 2406 1086 et

837 1136 1068 1190 quocum
1118 1122 1425 1175 dortnitioni
1490 1122 1579 1174 Dei
1633 1122 1923 1176 Genitricis
1982 1139 2040 1177 se
2093 1123 2403 1176 interfuisse

838 1215 988 1279 dicit,
1015 1216 1079 1267 ad
1102 1214 1491 1268 conficiendam
1519 1215 1946 1270 Iucubrationem
1978 1233 2131 1271 suam
2160 1217 2400 1270 animum

839 1306 1122 1375 appulerit.
1170 1305 1361 1374 paucis
1413 1305 1501 1358 ille
1547 1305 1803 1359 declarat.
1840 1307 1971 1361 Post
2016 1310 2126 1361 ltiBC
2160 1307 2300 1377 (cap.
2341 1311 2396 1375 lt)

837 1395 1047 1465 singula
1082 1394 1172 1447 Dei
1205 1394 1421 1448 nomina
1455 1393 1728 1457 edisserit,
1758 1407 1919 1463 atque
1949 1414 1976 1449 a
2009 1398 2132 1451 boni
2161 1408 2214 1452 et
2250 1398 2400 1452 boui-

839 1489 982 1553 tatis,
1015 1487 1222 1556 pulchri
1250 1496 1303 1540 et
1332 1486 1772 1556 pulchritudinis,
1804 1489 2026 1551 amoris,
2063 1491 2395 1552 dilectionis.

837 1583 1079 1638 amabilis
1104 1583 1392 1650 dilectique
1423 1582 1760 1650 expositione
1783 1583 2014 1636 orditur.
2043 1580 2181 1636 Hinc
2220 1594 2396 1637 autem

839 1683 1053 1742 arrepta
1103 1673 1411 1738 occasione,
1445 1673 1707 1741 quasdam
1752 1673 1816 1725 de
1870 1681 2057 1725 natura
2111 1683 2162 1726 et
2193 1675 2397 1742 origine

839 1765 961 1818 mali
1009 1764 1329 1832 qttmstioncs
1377 1762 1642 1825 enucleat,
1682 1771 1735 1816 et
1772 1763 2040 1830 quomqu
2075 1763 2124 1816 in
2174 1764 2393 1826 angelos

2515 582 2760 649 cognosci
2808 592 3010 648 potest,
3057 584 3340 650 mysticam
3391 588 3902 654 contemplationem
3947 605 4058 658 pcr-

2513 665 2694 720 veniat
2731 670 2871 737 (cap.
2905 669 2986 736 2),
3027 685 3189 738 super
3223 686 3308 725 res
3337 687 3526 726 omnes
3574 677 3860 731 sensibiles
3902 690 3951 732 et
3983 683 4057 732 iu-

2512 761 2842 816 tellectuales
2878 777 2996 817 esse
3039 766 3420 832 assttrgertdum
3457 767 3596 835 (cap.
3623 770 3698 834 Ξ).
3733 770 4055 827 Manifestum

2509 851 2700 904 deinde
2749 852 2878 905 facit
2921 870 3040 920 qua:
3099 865 3275 906 essent
3309 855 3412 909 illa:
3445 860 3780 938 negationes,
3829 878 3920 918 seu
3942 879 4055 933 per-

2511 942 2774 997 fectiones
2818 943 2908 998 Dei
2945 949 3229 1014 negativtc,
3273 963 3474 1017 easque
3511 966 3684 1004 rerum
3719 968 3837 1008 cum
3867 971 4052 1025 corpo-

2508 1051 2722 1089 rearunt
2770 1046 2821 1090 et
2863 1038 3221 1100 sensibilium,
3273 1050 3383 1092 tum
3432 1043 3792 1108 spiritualium
3821 1057 3874 1100 et
3904 1049 4054 1102 intel-

2506 1125 2812 1180 lectualium
2861 1128 3002 1197 (cap.
3049 1130 3126 1198 4),
3171 1145 3288 1198 quae
3344 1133 3394 1184 in
3449 1133 3557 1187 Deo
3607 1150 3727 1190 esse
3769 1150 4053 1206 nequeunt,

2505 1217 2645 1272 nuda
2673 1228 2727 1271 et
2755 1218 2985 1287 simplici
3016 1223 3363 1276 enarratione
3384 1225 3638 1293 explicat.

2577 1305 2603 1376 ᾗ
2637 1306 2695 1358 V.
2725 1307 2993 1374 Epistoltr.
3018 1339 3084 1349 —-
3109 1311 3299 1365 Decem
3325 1329 3537 1381 quoque
3564 1317 3804 1383 epistola
3829 1319 4050 1391 Dionysii

2502 1397 2837 1465 Areopagitae
2855 1412 3046 1452 nomen
3073 1401 3440 1468 prmferentes,
3468 1404 3549 1458 his
3573 1416 3802 1473 quat-uer
3828 1415 4054 1465 auctoris

2504 1490 2674 1540 nostri
2704 1489 2852 1542 libris
2881 1490 3293 1546 subnectuntur.
3339 1491 3540 1548 llarum
3568 1509 3800 1566 quatuor
3823 1505 4047 1569 priores.

2500 1581 2568 1631 ad
2593 1578 2781 1633 Caium
2807 1583 3338 1649 Oeparret'iznrdatae,
3365 1585 3694 1642 brevissimae
3715 1602 3856 1655 sunt,
3880 1608 4053 1660 emque

2500 1669 2845 1736 epistularum
2885 1671 3062 1738 potius
3094 1670 3418 1740 fragmenta,
3453 1689 3613 1743 quam
3647 1679 3886 1746 epistolae
3917 1685 4051 1736 inte-

2500 1774 2609 1826 grae
2650 1760 2917 1815 videntur.
2953 1761 3006 1814 lu
3039 1777 3223 1815 earum
3266 1755 3433 1831 prima
3476 1768 3931 1834 perfectissimam
3963 1773 4050 1827 Dei

834 1830 1039 1909 cadere
1089 1854 1340 1922 potuerit,
1417 1853 1713 1907 luculenter
1787 1855 1982 1920 aperit.
2043 1852 2392 1921 Prosequitur
2424 1830 2465 1883 Β
2501 1852 2888 1918 cognitionem,
2917 1868 3033 1920 quae
3063 1869 3091 1906 a
3127 1854 3279 1907 nobis
3308 1857 3476 1925 accipi
3506 1860 3690 1926 possit,
3722 1876 3840 1915 eam
3868 1875 4051 1918 auctor

834 1947 1024 2000 deinde
1055 1947 1194 2014 (cap.
1231 1943 1283 2015 5)
1319 1944 1622 1998 inchoatam
1672 1945 1947 1997 nominum
1997 1944 2087 1999 Dei
2140 1945 2395 2012 explana-

835 2041 1054 2103 tionem,
1084 2047 1138 2091 et
1176 2052 1368 2091 nomen
1409 2035 1573 2100 emis,
1611 2036 1754 2105 quod
1791 2037 1896 2090 Deo
1933 2038 2001 2089 ita
2035 2036 2304 2099 tribuitur,
2337 2048 2395 2091 ut

831 2140 1143 2183 czeterorum
1176 2128 1414 2182 omnium
1442 2128 1618 2195 ipsum
1651 2127 1724 2181 sit
1755 2128 2079 2196 principium
2112 2138 2163 2182 et
2208 2143 2390 2191 causa,

830 2222 896 2274 ad
933 2235 1053 2274 eum
1110 2230 1304 2275 tractat
1335 2219 1549 2273 modum
1603 2222 1743 2290 (cap.
1795 2218 1869 2286 6),
1905 2230 1981 2286 nt,
2036 2223 2304 2289 quomodo
2337 2224 2392 2274 in

829 2309 936 2362 Deo
992 2326 1162 2362 rerum
1209 2310 1438 2362 omnium
1468 2309 1784 2376 exemplaria
1811 2313 2217 2377 prwexstiteriut
2246 2350 2263 2376 ,
2317 2312 2388 2366 ibi

829 2415 1042 2469 quoque
1112 2400 1421 2470 patefaciat.
1510 2399 1749 2470 Explicat
1806 2412 2063 2469 prieterea
2125 2407 2392 2470 quomodo

830 2492 968 2546 Deus
995 2494 1098 2545 vita
1125 2495 1212 2555 sit,
1240 2508 1268 2545 a
1293 2507 1401 2561 quo
1423 2506 1572 2546 suam
1599 2502 1790 2546 uetera
1822 2493 2049 2546 viventia
2076 2495 2344 2564 accipiunt
2372 2514 2386 2549 :

827 2584 1096 2649 qutunodo
1150 2589 1290 2652 (cap.
1327 2585 1381 2652 7)
1435 2587 1500 2637 sit
1535 2583 1797 2653 sapientia
1823 2586 1958 2653 ipsa,
1992 2587 2156 2638 omnis
2180 2589 2385 2651 mentis,

829 2677 1070 2737 rationis,
1115 2677 1406 2742 sapientiaz,
1460 2676 1831 2744 intelligentia:
1872 2692 2070 2741 causa;
2120 2679 2389 2745 quomodo

837 2775 981 2837 (cap.
1022 2768 1076 2836 8)
1113 2770 1293 2822 omnia
1333 2778 1643 2838 cognoscat,
1712 2777 1766 2821 et
1819 2783 1847 2821 a
1884 2780 2148 2823 creaturis
2187 2784 2388 2839 cogno-

827 2868 1007 2913 sc:ttur
1043 2877 1054 2912 :
1094 2860 1358 2927 quomodo
1412 2857 1667 2921 Verbum,
1723 2859 1911 2926 Λόγος,
1965 2861 2034 2913 sit
2060 2861 2278 2928 veritas,
2327 2877 2388 2914 ac

827 2950 945 3004 fidei
984 2962 1179 3004 nostrze
1222 2949 1632 3004 fundamentum
1691 2971 1703 3005 :
1756 2955 2025 3020 quomodo
2064 2970 2130 3008 ex
2181 2956 2385 3009 infinita

821 3043 937 3109 ejus
964 3044 1205 3114 potentia
1226 3043 1342 3095 aliae
1366 3057 1552 3097 omnes
1576 3044 1890 3097 deriventur
1915 3065 1927 3110 ;
1956 3055 2114 3113 atque
2153 3047 2295 3116 (cap.
2325 3049 2380 3115 9)

2496 1956 2615 1998 esse
2639 1943 2788 2006 dicit,
2817 1960 2934 2013 qua:
2964 1959 3023 1998 ex
3060 1947 3336 2001 attributis
3371 1949 3485 2013 ejus
3537 1953 3804 2020 negativis
3838 1971 3931 2022 per
3961 1972 4050 2010 err-

2495 2053 2712 2098 ccssum,
2736 2045 2788 2091 et
2827 2053 2929 2090 non
2958 2037 3219 2106 privative
3252 2039 3498 2095 habetur.
3532 2039 3588 2093 ln
3616 2046 3850 2097 secunda
3884 2059 4050 2114 expo-

2496 2131 2570 2182 nit
2594 2130 2847 2198 quomodo
2871 2131 2960 2197 qui
2987 2141 3056 2182 est
3080 2147 3232 2198 super
3257 2135 3453 2194 omnia,
3477 2134 3542 2185 sit
3566 2149 3724 2199 supra
3750 2135 4051 2202 principium

2494 2221 2776 2274 divinitatis
2805 2233 2849 2273 et
2878 2222 3138 2276 bonitatis.
3172 2222 3225 2274 In
3255 2224 3415 2276 tertia
3444 2239 3572 2278 vero
3593 2226 3737 2293 quod
3767 2225 4054 2280 Malacltias

2497 2313 2754 2380 propheta
2827 2313 2893 2366 de
2954 2312 3173 2366 Christo
3242 2315 3692 2381 praenuntiaverat
3758 2341 3768 2371 ;
3840 2316 4053 2384 Repente

2493 2405 2650 2456 veniet
2672 2404 2738 2455 ad
2765 2404 3009 2472 templum
3036 2415 3274 2459 sanctum
3304 2423 3474 2470 suum,
3502 2409 3600 2463 hoc
3631 2409 3775 2463 brevi
3801 2410 4044 2478 explica-

2493 2495 2637 2549 tione
2687 2495 3093 2564 interpretatur.
3141 2496 3360 2550 Detnum
3419 2498 3468 2550 itt
3526 2511 3714 2566 quarta
3779 2501 4052 2555 Christum

2495 2581 2656 2636 Deum
2684 2582 2848 2638 fuisse
2877 2595 2929 2637 et
2953 2585 3242 2649 hominem,
3268 2595 3318 2638 et
3342 2584 3658 2658 Θεανδρικήν
3686 2592 4051 2659 operationem

2492 2673 2809 2727 exhibuisse
2851 2676 3204 2729 demonstrat.

2560 2764 2752 2831 Quinta
2784 2766 3010 2834 epistola
3043 2767 3229 2820 eodem
3257 2781 3317 2819 ac
3351 2769 3714 2837 prazcedentes
3752 2772 3889 2840 ston
3924 2788 4054 2827 esa-

2493 2868 2627 2919 rata,
2671 2867 2738 2911 ad
2784 2857 3100 2911 Dorotheum
3143 2861 3490 2930 λειτουργὸν
3527 2861 3730 2916 directa
3767 2873 3868 2918 est.
3903 2864 3955 2917 ln
3988 2883 4048 2918 ea

2491 2957 2812 3022 autemquze
2843 2950 2911 3003 sit
2950 2951 3116 3019 caligo
3158 2951 3551 3004 divina‘auctor
3575 2954 3772 3020 aperit,
3807 2954 4042 3023 planum-

2489 3055 2592 3108 que
2635 3039 2765 3094 facit
2803 3050 2929 3094 tunc
2963 3041 3127 3094 Deum
3167 3054 3291 3094 vere
3339 3043 3615 3110 cognosci,
3650 3059 3770 3097 cum
3822 3045 3912 3100 ille
3960 3064 4050 3101 su-

821 3138 936 3205 ejus
974 3139 1181 3205 justitia
1217 3139 1454 3191 omnium
1514 3153 1700 3191 norma
1736 3137 1831 3201 sit,
1864 3137 2008 3192 salus
2046 3147 2102 3193 et
2166 3142 2377 3195 redcm-
2413 3157 2452 3214 (ς
2490 3150 2584 3202 per
2624 3148 2838 3188 omnem
2876 3133 3155 3188 scientiam
3192 3142 3246 3187 el
3281 3134 3642 3204 cogllilionem
3696 3150 3814 3191 esse
3852 3153 4052 3209 cogno-

832 3230 1046 3296 ptio.Ad
1091 3230 1202 3282 haec
1233 3244 1356 3283 vero
1406 3232 1546 3297 (cap.
1606 3231 1694 3301 10)
1743 3248 1840 3287 cur
1906 3233 2041 3287 Deus
2071 3251 2285 3303 magnus
2331 3249 2378 3289 et

821 3338 1035 3386 parvus,
1069 3322 1205 3374 idem
1234 3331 1277 3374 et
1311 3322 1477 3384 aliud,
1508 3325 1693 3378 similis
1732 3337 1779 3379 et
1813 3327 2087 3379 dissimilis
2116 3329 2328 3382 dicatur
2364 3348 2377 3382 :

822 3427 939 3478 ιμιω
966 3413 1034 3464 sit
1065 3411 1178 3478 ejus
1208 3412 1380 3480 quies,
1415 3414 1570 3467 sedes
1604 3426 1652 3468 et
1690 3427 1887 3480 motus,
1939 3432 2036 3471 cur
2081 3421 2381 3473 nominetur

821 3503 1060 3569 a‘qualis,
1106 3502 1466 3569 omnitencns,
1520 3507 1933 3578 παντοκράτωρ,
1985 3512 2230 3578 antiquus
2264 3513 2378 3565 die—

823 3610 960 3655 rum,
995 3595 1238 3662 antiquus
1269 3605 1313 3646 et
1361 3611 1555 3659 novus;
1601 3597 1781 3667 ibique
1816 3603 2062 3666 temporis
2096 3611 2141 3655 et
2173 3605 2382 3656 (eterni-

822 3688 946 3738 tatis
977 3697 1221 3737 naturam
1255 3686 1545 3754 explanare
1573 3689 1867 3742 contendit.
1906 3691 2097 3745 Postea
2121 3693 2260 3761 (cap.
2291 3693 2380 3757 11)

823 3776 887 3829 de
932 3790 1059 3844 pace
1096 3775 1207 3840 Dci,
1237 3776 1325 3843 qui
1369 3778 1542 3830 omnis
1596 3780 1743 3845 pacis
1794 3791 1981 3834 auctor
2011 3791 2116 3846 est,
2147 3784 2380 3849 disserit,

821 3881 1044 3933 eamque
1071 3864 1137 3917 ab
1165 3865 1415 3918 omnibus
1458 3867 1756 3921 desiderari
1789 3869 2144 3924 demonstrat.
2180 3872 2382 3928 Dehinc

823 3964 964 4028 (cap.
1006 3960 1095 4027 12)
1136 3960 1199 4011 ad
1228 3973 1291 4013 ea
1327 3961 1609 4028 respondet
1642 3975 1759 4028 quae
1803 3959 2113 4016 Timotheus
2149 3964 2270 4017 data
2316 3968 2380 4017 ad

822 4066 940 4104 cum
977 4051 1203 4117 epistola
1253 4058 1588 4119 poposcerat,
1637 4052 1764 4118 quid
1814 4052 1999 4118 sitper
2040 4070 2092 4106 se
2120 4070 2249 4119 esse,
2294 4071 2383 4120 per

820 4158 870 4194 se
893 4143 1017 4205 vita,
1049 4159 1137 4209 per
1163 4159 1215 4196 se
1240 4143 1530 4209 sapientia.
1564 4140 1698 4195 Tum
1730 4143 1955 4197 subinde
1988 4145 2050 4197 ad
2080 4146 2379 4198 divinorum

822 4235 1093 4286 nominum
1171 4233 1602 4301 explanationem
1674 4241 1968 4296 reversus,
2040 4237 2380 4303 perspicuum

821 4324 947 4377 facit
1000 4326 1142 4392 (cap.
1175 4325 1264 4391 15)
1295 4340 1388 4377 cur
1433 4323 1573 4378 Deus.
1622 4334 1843 4377 vocetur
1900 4325 2128 4378 Sanctus
2168 4336 2380 4379 sancto-

821 4433 956 4479 rum,
1021 4417 1127 4469 Rea:
1181 4433 1395 4486 regum,
1456 4416 1708 4469 Dominus
1758 4418 2180 4483 dominantium,
2241 4418 2379 4473 Deus

2485 3229 2675 3286 scitur.

2553 3319 2630 3371 Ad
2665 3315 2994 3382 Sosipatrum
3025 3315 3373 3383 presbyterum
3406 3327 3558 3368 sexta
3595 3316 3754 3370 missa
3785 3327 3889 3379 est.
3927 3317 4016 3371 illa

2483 3424 2587 3477 que
2638 3407 2879 3460 omnium
2922 3405 3045 3458 licet
3081 3406 3419 3466 brevissima,
3466 3405 3688 3459 formam
3736 3416 3912 3463 tamen
3950 3411 4018 3462 ha

2485 3499 2572 3552 bet
2595 3497 2852 3565 cpistolze.
2889 3495 2999 3550 llac
3023 3509 3211 3550 auctor
3245 3507 3426 3552 noster
3462 3497 3798 3560 Sosipatrum
3829 3510 3886 3554 ut
3915 3517 4017 3569 Ope

2490 3603 2600 3640 ram
2631 3604 2780 3641 suam
2807 3604 2912 3641 non
2952 3598 3056 3641 tam
3094 3589 3143 3641 in
3176 3590 3460 3656 arguendis
3495 3591 3763 3646 haereticis
3793 3607 3951 3661 quam
3991 3596 4048 3649 in

2487 3683 2711 3737 veritate
2739 3681 3054 3736 stabilienda
3085 3692 3263 3749 ponat,
3297 3683 3466 3736 amice
3493 3694 3691 3738 monet.

2555 3774 2795 3841 Septima
2840 3773 2926 3826 ille
2970 3773 3267 3844 Polycarpo
3305 3776 3569 3844 episcopo,
3641 3777 3729 3844 qui
3778 3776 3951 3853 ipsum
3980 3779 4049 3831 ab

2484 3866 2852 3935 Apollophane
2910 3867 3188 3935 sophista,
3222 3869 3362 3936 quod
3417 3869 3697 3936 opiniones
3763 3873 4046 3940 gentilium

2486 3960 2829 4023 coufutando,
2885 3975 2978 4013 eas
3027 3961 3233 4013 sincere
3279 3976 3382 4015 non
3432 3963 3826 4035 proposuisset,
3863 3966 4047 4023 palam

2487 4053 2719 4103 incusari
2764 4051 3129 4114 nuntiaverat,
3175 4053 3501 4120 respondere
3541 4054 3776 4106 videtur.
3816 4057 3901 4108 Ait
3942 4059 4046 4108 ita-

2486 4160 2589 4211 que
2613 4159 2670 4198 se
2707 4160 2828 4197 cum
2863 4145 3124 4198 adversus
3153 4144 3381 4211 gentiles
3412 4144 3731 4211 disputaret,
3767 4161 3850 4200 res
3884 4159 4048 4214 prout

2486 4252 2543 4290 se
2573 4235 2852 4297 haberent,
2888 4249 3009 4287 vere
3039 4249 3247 4302 semper
3277 4235 3551 4301 retulisse;
3577 4233 4048 4304 Polycarputnque

2489 4334 2637 4395 rogat
2685 4333 2742 4376 ιιι
2792 4323 3144 4392 Apollophani
3199 4324 3463 4391 signiﬁcet
3515 4338 3635 4376 eum
3675 4324 3846 4390 ipsum
3894 4341 4045 4386 esse.

2485 4417 2574 4483 qui
2616 4415 2803 4468 divinis
2852 4415 3102 4467 adversus
3155 4415 3328 4467 divina
3373 4416 3631 4467 abutitur.
3678 4416 3886 4470 Etenim
3934 4435 4044 4471 non

818 4513 1053 4561 deorum.
1080 4508 1172 4563 llis
1207 4509 1277 4563 ita
1310 4507 1618 4576 explicatis,
1650 4519 1832 4562 monet
1861 4523 1917 4562 sc
1951 4510 2126 4561 divina
2156 4511 2371 4563 nomina
2407 4522 2448 4574 Ῑ)
2482 4509 2652 4562 solum
2706 4507 2771 4560 iis
2808 4521 2926 4573 quae
2971 4504 3144 4559 .Iosua:
3189 4514 3243 4557 et
3285 4505 3529 4559 Ezechiae
3577 4508 3908 4576 temporibus
3954 4525 4049 4562 ac-

740 4597 744 4602 ’
819 4615 916 4667 pro
942 4601 1055 4654 suis
1078 4600 1296 4662 viribus,
1332 4614 1434 4652 non
1463 4613 1556 4664 pro
1584 4613 1769 4652 eorum
1808 4600 2067 4667 dignitate
2101 4601 2177 4652 sic
2204 4598 2378 4667 expli-

820 4693 1029 4755 cuisse,
1059 4701 1136 4756 ut,
1167 4691 1207 4745 si
1239 4692 1364 4759 quid
1397 4701 1540 4744 recte
1572 4706 1598 4742 a
1626 4705 1682 4743 se
1707 4690 1901 4743 dictum
1934 4690 2110 4751 fuerit,
2138 4691 2186 4742 id
2210 4699 2376 4743 totum

821 4783 871 4833 in
911 4783 1074 4835 Deum
1106 4782 1276 4846 ipsum
1308 4779 1514 4834 refundi
1549 4781 1772 4841 debeat;
1811 4781 1852 4832 si
1886 4783 2010 4847 quid
2049 4795 2175 4832 vero
2203 4781 2378 4832 minus

821 4873 950 4926 recti
983 4882 1034 4925 et
1093 4871 1338 4941 perfecti,
1384 4871 1510 4924 illud
1543 4870 1810 4926 Timothei
1858 4873 2048 4938 peritia
2096 4872 2219 4923 velit
2261 4888 2376 4923 esse

818 4975 1145 5018 correctum.
1179 4966 1417 5032 Spondet
1461 4963 1689 5030 denique
1719 4978 1776 5016 se
1803 4962 1865 5015 de
1909 4964 2188 5030 symbolice
2233 4966 2376 5014 tltco-

818 5061 955 5126 tugiu
989 5067 1108 5122 post
1141 5057 1253 5110 haec
1289 5071 1404 5111 esse
1433 5057 1779 5121 scripturum,
1826 5064 1987 5123 atque
2019 5057 2090 5108 ita
2117 5039 2251 5109 libro
2281 5071 2375 5108 suo

816 5150 977 5201 linem
1013 5150 1252 5215 imponit.

886 5240 913 5309 ᾗ
965 5239 1050 5290 l\'.
1101 5239 1250 5291 Liber
1304 5240 1365 5290 de
1419 5241 1637 5306 mystica
1697 5239 1971 5305 theologia.
2015 5269 2082 5276 —
2113 5239 2371 5304 Quartum

815 5331 1037 5392 librum,
1091 5329 1164 5381 De
1219 5331 1436 5397 mystica
1502 5328 1761 5395 theologia
1822 5327 1978 5380 titulo
2022 5327 2369 5389 inscriptum,

814 5431 1002 5472 auctor
1056 5433 1238 5472 noster
1316 5420 1370 5470 ib
1425 5421 1780 5472 sanctiSsimm
1830 5418 2111 5471 Trinitatis
2160 5420 2374 5470 invoca-

815 5513 960 5563 tione
1013 5511 1226 5563 inchoat
1265 5510 1404 5577 (cap.
1455 5511 1528 5574 1),
1567 5511 2016 5578 Ttmotlteumque
2069 5525 2374 5563 commone-

816 5600 943 5652 facit
974 5601 1192 5667 mystica
1246 5616 1366 5652 cum
1399 5602 1527 5654 viris
1573 5600 1793 5667 paganis
1836 5615 1940 5653 non
1979 5615 2095 5653 esse
2135 5615 2374 5652 commu-

814 5692 1060 5742 nicanda.
1102 5688 1201 5759 Ipsi
1243 5691 1466 5745 subinde
1501 5692 1789 5761 significat,
1818 5699 1870 5742 ut
1905 5693 1969 5742 ad
2013 5690 2126 5752 Dei,
2159 5691 2246 5758 qui
2289 5692 2370 5741 in-

815 5783 956 5833 liuite
987 5798 1144 5848 supra
1181 5799 1277 5835 nos
1317 5781 1510 5842 elatus,
1557 5784 1815 5835 immensa
1858 5781 2086 5848 caligine
2127 5781 2359 5835 abscou.

2482 4599 2751 4659 ciderant,
2781 4594 3016 4649 insolitis
3047 4594 3301 4648 cmlorum
3338 4598 3592 4658 motibus,
3628 4602 3718 4650 sed
3757 4588 3810 4650 ῖιι
3846 4598 4047 4666 primis

2481 4686 2760 4754 stupenda,
2805 4699 2964 4752 quam
3017 4683 3305 4752 Heliopoli,
3351 4687 3475 4738 dntn
3520 4687 3766 4741 Christus
3815 4690 4044 4743 crucifi-

2481 4785 2720 4843 geretur,
2769 4775 2858 4828 ille
2908 4788 3089 4828 secum
3147 4773 3380 4836 viderat,
3434 4775 3562 4829 solis
3609 4777 3932 4845 defectione,
3975 4781 4047 4832 dc

2478 4867 2713 4934 ejusdem
2756 4865 2958 4920 Christi
3003 4865 3285 4918 divinitate
3325 4868 3501 4920 fuerat
3541 4868 3842 4922 convictus.
3883 4871 4046 4935 Quod

2479 4958 2573 5024 ipsi
2611 4959 2742 5009 utin
2793 4958 3106 5012 memoriam
3145 4967 3379 5022 revocet,
3412 4967 3574 5024 atque
3627 4959 3690 5011 ad
3728 4960 4048 5026 amplexan-

2477 5048 2599 5101 dam
2643 5047 3004 5101 Christianam
3057 5045 3368 5114 religionem
3411 5047 3740 5112 adhortetur,
3784 5051 4046 5102 obsecrat

2477 5148 2530 5190 et
2555 5139 2816 5205 prrecipit.

2545 5227 2906 5293 Demopln'lum
2979 5230 3327 5292 monachum,
3412 5230 3502 5296 qui
3578 5230 3928 5296 pcettitentem
4012 5249 4042 5286 α

2475 5319 2755 5371 sacerdote
2792 5318 3128 5384 absolutum,
3167 5320 3450 5385 ipsumque
3496 5317 3828 5372 sacerdotem
3860 5334 3886 5371 a
3925 5335 4041 5387 quo

2476 5408 2646 5462 fuerat
2672 5409 2970 5472 ahsolutu’s,
3001 5410 3187 5462 durius
3217 5420 3385 5462 tracta
3399 5421 3566 5473 verat,
3593 5410 3817 5478 epistola
3843 5420 4038 5463 octava

2473 5502 2716 5569 corripit.
2758 5501 3116 5566 Quamobrem
3151 5501 3493 5554 clementiam
3528 5501 4034 5556 mansuetudinem-

2473 5608 2574 5660 que
2615 5597 2974 5655 commendat,
3021 5609 3082 5645 ac
3123 5595 3286 5645 variis
3331 5591 3549 5662 Moysis,
3599 5595 3830 5656 Davidis,
3876 5594 4032 5649 Jose-

2474 5683 2586 5751 phi,
2660 5682 2997 5751 angelorum,
3070 5693 3124 5735 et
3192 5683 3390 5736 Christi
3473 5683 3682 5735 Domini
3768 5685 4039 5751 esetttplis

2475 5775 2664 5845 probat
2701 5775 3009 5829 sacerdotes
3040 5790 3068 5829 a
3099 5776 3374 5828 monachis
3416 5789 3518 5827 nan
3554 5789 3670 5828 esse
3704 5777 4041 5843 arguendOs,
