4196 6306
127 398 178 457 ιδ
1403 369 1922 429 ΡῐὶοιλΕϐυΜιςινιΑ.
3255 358 3320 411 tt

117 531 277 587 atque
303 522 428 570 ante
457 513 632 583 ipsum
663 510 753 578 qui
781 506 834 560 ἰῇ
867 512 1132 558 attentare
1164 513 1324 553 ausus
1363 497 1544 559 fuerit,
1579 496 1664 548 iu-
1694 496 1743 552 Α
1771 491 1892 542 duxi
1925 486 2144 556 pedibus
2165 484 2216 587 in
2243 498 2425 587 eorum
2452 481 2655 587 :tVel'littl
2692 471 3067 587 sententiam}.
3092 490 3316 578 eantque

121 617 332 664 rentum
361 620 481 661 esse
515 601 803 656 neminem.
848 595 1089 661 Denique
1118 599 1454 661 peccatorete
1499 587 1670 656 pteni-

120 708 318 753 tentem
342 697 410 751 ab
435 695 552 764 ipso
576 708 678 746 non
706 689 955 744 debuisse
983 686 1132 753 rejici
1164 685 1295 738 mira
1319 683 1486 738 sancti
1511 682 1668 750 Carpi

119 793 329 846 visione
348 790 701 843 demonstrat.

188 881 444 950 Epistolte
489 893 642 933 nonae
687 878 756 931 ad
799 877 969 931 Titum
1016 880 1312 945 episcopum
1344 877 1477 927 datm
1521 869 1673 923 initio

118 972 244 1040 quid
295 969 482 1036 ﬁgurae
521 967 827 1038 sytnholicaa
870 976 922 1021 et
960 981 1254 1035 corporeae,
1299 980 1420 1034 qum
1466 964 1572 1016 Deo
1621 959 1673 1010 in

119 1061 405 1130 Scriptura
447 1074 601 1114 sacra
632 1060 964 1124 tribuuntur,
992 1059 1318 1127 significem.
1357 1065 1543 1109 auctor
1575 1068 1674 1104 no-

120 1162 232 1206 ster
276 1152 542 1207 enncleat.
587 1152 786 1205 Deinde
829 1166 892 1204 ea
925 1147 1241 1219 qn:e_Titus
1288 1147 1674 1219 postulaverat,

119 1246 418 1312 explanare
459 1258 770 1312 aggressus.
822 1243 1058 1296 ostendit
1117 1240 1241 1308 quid
1300 1246 1364 1299 sit
1431 1238 1675 1298 ebrietas,

119 1337 445 1398 discubitus,
511 1352 722 1389 somnus
779 1346 826 1389 et
872 1337 1128 1404 evigilatio
1183 1337 1296 1390 Dei.
1359 1335 1438 1390 Ex
1486 1335 1680 1404 quibus

124 1428 280 1482 facile
325 1429 547 1497 colligas
587 1428 655 1481 ibi
697 1427 826 1482 nihil
872 1427 1012 1482 aliud
1049 1444 1207 1497 quam
1255 1429 1432 1498 priora
1482 1427 1677 1493 capitis

126 1523 249 1573 nunt
283 1518 559 1572 Malachite
592 1519 867 1588 prephetze
893 1519 1052 1571 verba
1084 1517 1359 1586 explicari.

191 1610 246 1664 ln
298 1609 524 1677 epistola
578 1609 808 1671 decima,
857 1610 925 1661 ad
968 1608 1231 1662 Joannem
1288 1604 1677 1674 evangelistam,

123 1700 173 1754 in
210 1699 388 1753 insula
408 1697 666 1753 Pathmos
690 1697 1020 1752 exsulantem
1045 1696 1272 1758 directa,
1293 1706 1481 1750 auctor
1503 1702 1684 1747 noster

122 1792 352 1844 celerem
393 1789 468 1843 illi
509 1791 574 1845 ab
611 1790 802 1845 exsilio
833 1790 886 1842 in
926 1788 1108 1842 Asiam
1141 1787 1396 1856 reditum,
1420 1785 1600 1854 ibique
1626 1799 1683 1838 se

121 1882 237 1950 ejus
259 1882 545 1950 praesentia
577 1881 865 1935 fruiturum
905 1889 1054 1935 certo
1077 1879 1429 1948 praenuntiat.

191 1972 419 2040 Adjecta
471 1981 557 2028 est
601 1975 654 2027 in
709 1973 977 2026 nonnullis
1019 1969 1341 2024 editionibus
1399 1966 1678 2020 undecima

124 2063 364 2118 auctoris
423 2065 590 2118 nostri
636 2064 704 2116 ad
743 2063 1145 2133 Apollophanem
1170 2060 1526 2129 philosOphum
1571 2058 1681 2125 epi-

125 2154 262 2208 stola
297 2170 311 2206 :
342 2155 433 2208 sed
465 2169 587 2209 cum
615 2168 676 2207 ea
702 2154 795 2207 vix
822 2152 890 2207 ab
921 2152 1028 2206 ullo
1060 2152 1291 2221 genuina
1317 2163 1436 2203 esse
1457 2163 1681 2203 censea-

128 2255 236 2307 tur,
275 2246 341 2300 de
375 2247 515 2301 illius
548 2246 797 2307 veritate,
835 2259 902 2298 ne
929 2257 1049 2298 cum
1093 2241 1213 2295 aliis
1239 2255 1466 2309 quarum
1514 2239 1682 2305 major

127 2350 211 2394 est
238 2335 538 2400 difficultas,
579 2336 1016 2399 confunderetur,
1054 2336 1104 2387 in
1151 2333 1256 2387 fine
1297 2331 1453 2401 hujus
1484 2330 1686 2385 Disser-

132 2431 350 2484 tationis
391 2429 803 2497 disputabimus.

747 2537 970 2593 CAPUT
1011 2538 1069 2592 ll.

135 2629 431 2700 Exponitttr
464 2640 635 2684 status
665 2633 984 2754 qumolfbonts,
1017 2645 1061 2684 et
1092 2647 1192 2700 qua
1222 2633 1462 2685 met/rode
1487 2641 1685 2685 tracta-

873 2714 999 2753 itur.

873 2714 999 2753 Nu".

201 2810 280 2866 De
326 2811 408 2865 his
454 2809 924 2864 lucubrationibus
975 2809 1019 2862 si
1050 2825 1114 2862 ex
1165 2809 1280 2876 ipso
1315 2821 1500 2862 earum
1531 2807 1688 2860 testi-

136 2905 313 2957 monio
372 2903 577 2957 feratur
631 2902 936 2967 sententia,
991 2910 1203 2954 certum
1262 2910 1346 2953 est
1404 2898 1524 2951 illas
1583 2913 1685 2950 non

136 2998 296 3049 alium
357 3009 515 3062 quam
575 2992 886 3062 Dionysium
948 2991 1365 3059 Areopagitam,
1419 3005 1449 3043 a
1513 2988 1683 3042 Paulo

137 3085 379 3155 apostolo
414 3086 480 3140 ad
515 3083 881 3139 Chr'stianam
935 3084 1092 3137 fidem
1122 3084 1433 3145 adductum,
1467 3081 1688 3150 ejusque

140 3192 319 3248 postea
375 3179 711 3248 discipulum,
768 3176 1018 3231 habuisse
1077 3185 1378 3230 attetorem.
1459 3173 1686 3226 Verutn-
1720 3213 1759 3268 Ο

142 3273 418 3324 enimvero
462 3285 580 3337 quae
607 3269 674 3322 de
713 3268 866 3328 solis,
913 3267 1123 3320 Christo
1165 3265 1441 3326 moriente,
1481 3264 1687 3332 eclipsi,

143 3361 207 3413 de
251 3375 480 3428 corpore
535 3357 773 3427 Deiparre
815 3356 1050 3424 Virginis
1095 3365 1211 3424 post
1246 3357 1360 3422 ejus
1412 3364 1636 3409 mortem
1664 3371 1692 3407 a

141 3467 198 3506 se
247 3463 298 3505 et
343 3452 408 3504 ab
464 3450 717 3519 apostolis
770 3451 906 3511 viso,
951 3449 1016 3502 de
1061 3445 1281 3500 Joannis
1351 3447 1693 3515 evangelista:

141 3544 207 3597 ab
249 3543 441 3596 exsilio
490 3557 736 3611 regressu
787 3540 1061 3598 dieuntur.
1113 3554 1257 3592 easa
1307 3541 1561 3609 Dionysio
1605 3540 1695 3592 illo

142 3633 373 3700 scriptas
393 3645 514 3685 esse
541 3632 778 3684 clamant
816 3640 874 3685 et
907 3630 1282 3684 testiﬁcantur.
1309 3629 1412 3684 Sed
1446 3629 1574 3684 illud
1605 3644 1698 3680 vo-

143 3735 296 3777 catur
323 3725 374 3777 itt
407 3725 838 3778 controversiam
870 3738 998 3777 num
1028 3722 1221 3776 horum
1251 3731 1440 3776 auctor
1467 3721 1695 3788 scripto-

151 3833 262 3870 rum
293 3819 339 3870 is
374 3831 500 3870 vere
534 3817 603 3870 sit
638 3815 982 3885 Are0pagita,
1033 3829 1194 3882 quem
1236 3829 1293 3867 se
1343 3813 1518 3881 prodit
1553 3828 1566 3864 :
1610 3811 1690 3864 vel

147 3908 402 3962 etnentito
433 3908 561 3960 tanti
596 3908 694 3959 viri
740 3908 958 3960 nomine
992 3905 1209 3972 scriptis
1257 3904 1368 3958 suis
1402 3902 1690 3956 auctorita-

145 4013 250 4056 tem
308 3999 536 4053 volnerit
589 3998 908 4052 attribuere.
966 3996 1090 4050 Haec
1134 4005 1310 4048 autem
1354 3994 1578 4063 qnmstio
1629 3995 1696 4048 ob

149 4090 382 4146 auctoris
409 4103 622 4150 nomen,
653 4098 708 4142 et
731 4102 938 4141 summa
969 4101 1087 4155 qua!
1115 4086 1164 4138 in
1199 4086 1280 4138 his
1315 4084 1564 4152 operibus
1593 4091 1701 4146 tra-

148 4193 364 4236 ctantur
387 4188 726 4248 argumenta,
757 4178 891 4252 tanti
922 4176 1172 4246 ponderis
1202 4183 1256 4229 et
1297 4174 1550 4227 momenti
1585 4173 1695 4225 visa

148 4281 245 4336 est,
285 4281 344 4325 ttt
373 4272 461 4323 vix
502 4270 606 4323 alia
651 4270 836 4331 fuerit,
876 4269 927 4320 in
967 4282 1072 4335 qua
1121 4265 1476 4319 examinanda
1523 4263 1696 4317 critici

151 4366 405 4434 majorem
441 4361 773 4431 diligentiam
813 4358 1121 4412 adhibuisse
1155 4357 1453 4409 videantur.

217 4456 386 4510 Porro
422 4462 602 4506 antem
634 4452 771 4504 duas
804 4447 877 4501 illi
911 4448 1236 4500 scinduntur
1275 4446 1325 4498 in
1359 4453 1560 4511 partes.
1595 4445 1693 4497 Alii

1773 577 1985 647 plurimi
2015 575 2177 629 variis
2203 570 2679 634 lucubrationibus,
2707 570 2760 622 in
2788 569 2958 621 lucem
2984 566 3163 629 editis,
3191 580 3319 634 pro-

1775 667 2110 738 pugnandam
2135 663 2502 733 susceperint.
2533 662 2732 716 Contra
2762 671 2941 714 tamen
2980 668 3124 713 stant
3152 659 3320 729 aliqui

1775 775 1870 830 pro
1917 757 2281 825 antiquiorum
2331 755 2603 824 opinione,
2657 766 2816 821 quam
2873 749 3098 825 prolixis
3146 751 3312 802 etiam

1778 848 2272 910 Dissertationihus,
2317 847 2368 901 in
2399 846 2588 914 vulgus
2617 857 2723 896 non
2749 844 2821 896 ita
2852 841 3062 911 pridem
3087 841 3324 904 emissis,

1777 941 2074 996 defendunt
2114 953 2176 993 ac
2207 947 2445 993 tuentur.

1847 1033 1970 1088 Hrec
2001 1033 2180 1101 itaque
2209 1033 2434 1100 quaestio
2460 1045 2579 1084 cum
2605 1043 2701 1098 pro
2724 1027 2897 1082 oﬂicio
2926 1036 3111 1081 nostro
3138 1041 3327 1081 rursus

1780 1126 1843 1176 ad
1889 1138 2115 1178 examen
2165 1122 2462 1176 revocanda
2510 1121 2600 1186 sit,
2639 1120 2784 1172 illam
2830 1120 2898 1172 ita
2950 1119 3323 1176 tractabimus.

1780 1221 1857 1274 ut,
1882 1214 2130 1268 omnibus
2160 1212 2434 1280 utriusque
2461 1211 2628 1280 partis
2662 1209 2964 1263 rationibus
2992 1223 3142 1275 aequa
3173 1207 3327 1260 lance

1781 1308 2106 1376 ponderatis,
2146 1320 2330 1361 carum
2365 1307 2466 1358 vim
2511 1315 2565 1358 et
2598 1305 2779 1370 robur,
2831 1313 2924 1357 aut
2970 1302 3240 1356 levitatem
3272 1307 3328 1356 et

1782 1398 1907 1451 vitia
1937 1399 2080 1452 clare
2108 1406 2159 1448 et
2191 1395 2496 1466 perspicue,
2533 1404 2792 1464 quantum
2839 1409 2931 1463 per
2961 1408 3057 1448 nos
3089 1393 3203 1447 fieri
3236 1408 3331 1463 po-

1783 1491 1924 1554 terit,
1972 1487 2381 1556 patefaciamus.
2432 1487 2524 1542 His
2575 1497 2752 1540 autem
2782 1501 2846 1540 ea
2878 1487 3058 1542 omnia
3103 1483 3327 1555 adjicieo

1783 1595 1899 1635 mus
1922 1594 2039 1649 quae
2082 1580 2146 1632 ad
2193 1579 2510 1633 eliciendam
2555 1577 3093 1645 confit'tnandamque
3138 1576 3332 1629 verita-

1784 1683 1887 1727 tem
1919 1681 1972 1727 et
1997 1687 2165 1725 vanas
2192 1672 2430 1740 argutias
2459 1670 2806 1739 depellendus
2832 1671 3002 1737 magis
3030 1669 3332 1722 conducere

1789 1762 1938 1815 nobis
1981 1759 2325 1813 videbuntur.
2371 1757 2612 1825 Denique
2663 1757 2802 1811 hanc
2845 1755 3195 1824 quaestionem
3235 1771 3331 1824 pro

1713 1837 1753 1891 Β
1784 1851 1921 1904 virili
1952 1858 2103 1920 parte
2132 1865 2190 1904 ea
2242 1850 2494 1902 metltodo
2518 1845 2801 1900 enucleare
2841 1857 3178 1916 satagemus,
3225 1863 3331 1916 qua

1781 1943 2027 1998 sincerus
2079 1943 2325 1996 veritatis
2377 1948 2587 1994 amator
2642 1934 2707 1993 de
2770 1937 2852 1993 his
2905 1941 3124 2010 scriptis
3174 1953 3331 1994 suum

1781 2035 1950 2102 possit
1990 2032 2197 2088 facilius
2221 2043 2274 2087 et
2309 2032 2512 2087 certius
2545 2027 2987 2096 ferrejudicittm.

2398 2142 2624 2197 CAPUT
2664 2145 2746 2198 ΙΙΙ.

1789 2253 1972 2308 Utrum
2029 2257 2240 2324 quidam
2293 2255 2566 2322 scriptores
2621 2263 2742 2306 ante
2795 2254 3140 2308 Collationem
3191 2255 3334 2310 (.on‘

1855 2325 2370 2393 stantinopolitanam
2439 2325 2546 2378 hwc
2623 2338 2780 2391 opera
2865 2324 3113 2393 Diom/sio
3190 2329 3338 2378 attri-

1855 2391 2055 2448 buerim
2082 2391 2106 2446 .9

1859 2507 2083 2561 Constat
2129 2507 2346 2575 quidem
2406 2506 2584 2559 omnia
2640 2507 2891 2561 Auctoris
2940 2507 3106 2561 nostri
3163 2506 3336 2576 Opera

1790 2608 1907 2667 post
1945 2596 2300 2652 Collationem
2346 2597 2812 2666 Constantinopoli
2858 2613 2997 2654 anno
3039 2598 3143 2652 555
3190 2597 3341 2652 babi-

1791 2699 1898 2742 tam
1944 2690 2194 2753 Dionysio
2237 2689 2579 2758 Areopagitae
2618 2704 2724 2742 uno
2765 2691 2875 2743 fere
2925 2691 3166 2743 omnium
3212 2705 3339 2744 con-

1790 2796 1946 2836 sensu
1984 2781 2149 2836 fuisse
2178 2781 2499 2846 adjttdicata.
2533 2775 2723 2834 Utrum
2753 2793 2932 2833 autem
2958 2781 3143 2834 eadem
3173 2780 3339 2834 fuerit

1791 2877 2150 2945 antiquiorum
2187 2876 2385 2942 opinio,
2432 2874 2574 2928 inter
2607 2875 2851 2928 eruditos
2890 2875 3188 2928 etiamnum
3227 2875 3339 2929 dis-

1790 2977 2050 3036 ceptatur.
2097 2966 2406 3037 Dionysiani
2459 2967 2603 3018 enim
2654 2965 2956 3020 testimonia
3006 2963 3254 3033 Origcnis
3302 2968 3338 3028 ’,

1792 3058 2092 3119 Athanasii,
2134 3056 2420 3110 Clementis
2460 3055 2801 3108 Alexandrini
2858 3063 2911 3108 et
2953 3056 3191 3126 Gregorii
3234 3056 3340 3109 Na-

1796 3149 2030 3203 zianzeni
2072 3150 2112 3213 ',
2140 3163 2167 3200 a
2207 3149 2398 3215 quibus
2446 3145 2556 3198 hare
2606 3146 2800 3214 scripta
2839 3146 2921 3198 vel
2970 3146 3216 3216 Dionysii
3247 3161 3344 3200 no—

1796 3241 1936 3295 mine
1983 3240 2170 3302 citata,
2213 3240 2289 3292 vel
2338 3239 2570 3292 indicnta
2604 3239 2918 3306 Opinantur.
2966 3240 3241 3307 proferunt
3290 3242 3342 3294 in

1797 3331 2050 3383 medium.
2108 3329 2321 3382 Addunt
2402 3328 2706 3395 Dionysium
2772 3327 3223 3392 Alexandrinum,
3288 3341 3344 3380 ut

1795 3422 2105 3476 Anastasius
2149 3421 2375 3482 Sinaita,
2423 3428 2639 3490 sanctus
2685 3417 2947 3471 Maximus
3025 3429 3080 3471 et
3126 3417 3345 3473 bicetas

1795 3513 2081 3568 Chouiates
2132 3521 2414 3573 testantur,
2477 3512 2528 3562 in
2582 3511 2764 3564 eadem
2833 3510 3068 3578 Dionysii
3122 3511 3345 3581 scripta,

1798 3605 2167 3660 adnotationcs
2195 3613 2248 3656 et
2279 3602 2480 3656 scholia
2509 3602 2762 3658 edidisse.

1870 3700 1974 3754 Sed
2019 3699 2350 3752 contendunt
2393 3711 2580 3750 eorutn
2625 3696 2917 3749 adversarii
2961 3711 3129 3764 neque
3161 3694 3345 3764 Ortge-

1803 3805 1941 3855 netn,
1995 3803 2166 3856 neque
2211 3786 2581 3850 Athanasium,
2624 3795 2681 3838 ut
2725 3800 2908 3838 omnes
2957 3783 3111 3840 facile
3150 3799 3345 3839 conce-

1799 3883 1950 3944 dunt,
2000 3881 2091 3933 sed
2134 3878 2460 3932 recentiores
2495 3877 2751 3944 quosdam
2791 3875 3004 3942 horunt,
3033 3891 3149 3944 qua:
3179 3876 3347 3929 citan-

1802 3980 1902 4030 tur,
1968 3985 2187 4038 operum
2261 3984 2379 4023 esse
2448 3979 2714 4022 auctores.
2773 3969 3041 4034 Quantum
3100 3981 3225 4020 vero
3279 3971 3344 4019 ad

1801 4063 2025 4124 scholia,
2053 4072 2255 4116 certum
2283 4062 2447 4114 videri
2477 4075 2538 4114 ea
2582 4059 2818 4130 Dionysii
2860 4061 3205 4113 Alexandrini
3241 4075 3344 4112 non

1799 4169 1915 4208 esse
1966 4153 2151 4209 fctmn.
2204 4154 2459 4206 Eusebius
2508 4152 2706 4205 etenim
2756 4161 2916 4220 atque
2969 4152 3345 4222 Hieronymus,

1798 4249 1887 4317 qui
1916 4245 2258 4300 Alexandrini
2289 4246 2443 4314 hujus
2471 4246 2789 4312 patriarchte
2842 4259 3004 4310 opera
3051 4245 3350 4313 diligentis-

1799 4341 1932 4394 sime
1962 4346 2361 4399 recensuerunt,
2395 4337 2593 4389 nullam
2631 4336 2851 4389 omnino
2882 4335 3070 4387 horum
3113 4335 3346 4390 scholic—

1801 4448 1916 4484 rum
1967 4431 2208 4483 fecerunt
2269 4430 2611 4482 mentionem.
2661 4425 2796 4492 Quid
2846 4428 2988 4494 quod
3033 4425 3347 4481 Anastasius

148 4550 413 4620 siquidem
457 4542 655 4612 scripta
699 4541 812 4594 haec
857 4539 1034 4592 omnia
1065 4554 1092 4590 a
1137 4538 1389 4606 Dionysio
1434 4538 1568 4604 ipso,
1603 4553 1694 4590 cu-
1733 4544 1772 4595 ι)
1803 4537 1863 4574 ac
1907 4530 2027 4590 post
2067 4536 2188 4574 eum
2233 4518 2495 4572 Maximus
2535 4519 2674 4570 hunc
2717 4516 3022 4585 Dionysium
3068 4531 3132 4568 ex
3165 4518 3344 4570 rheto-

146 4644 228 4709 jus
275 4638 489 4692 nomine
544 4633 931 4694 inscribuntur,
988 4629 1228 4697 profecta
1279 4643 1396 4682 esse
1451 4638 1696 4685 censent.

149 4737 276 4802 Qua:
331 4729 545 4799 quidem
597 4725 777 4795 Opinio
830 4724 897 4774 ab
950 4737 1013 4774 eo
1051 4730 1289 4788 tempore
1340 4735 1448 4787 quo
1496 4719 1595 4772 illa:
1644 4721 1695 4772 in

147 4827 336 4891 vulgus
358 4817 694 4891 prodierunt,
735 4822 906 4880 usque
940 4813 1005 4864 ad
1048 4811 1311 4863 decitnmn
1345 4817 1558 4860 sextum
1594 4809 1696 4862 Ec-

148 4916 329 4970 clesiae
378 4910 662 4972 saeculum,
714 4905 899 4974 paucis
950 4903 1307 4970 nequidquam
1358 4898 1696 4952 reclamanti-

147 5010 269 5067 bus,
332 5002 471 5072 apud
521 5011 704 5050 omnes
757 4994 867 5047 fere
911 4991 1153 5045 invaluit.
1203 4988 1304 5040 Alii
1345 5001 1375 5040 e
1423 4987 1696 5039 contrario

148 5098 336 5149 eadem
390 5105 548 5160 opera
606 5102 728 5140 cum
775 5085 937 5137 libros
984 5094 1094 5134 tntn
1134 5079 1391 5148 epistolas
1445 5077 1700 5146 Dionysio

144 5185 486 5253 Areopagitae
537 5185 694 5251 plane
745 5178 1062 5246 penitusque
1125 5173 1460 5242 ahjudicant,
1531 5184 1702 5236 eaque

147 5278 450 5334 adulterina
476 5284 529 5327 et
559 5281 706 5325 tanto
746 5269 858 5320 viro
891 5265 1162 5332 supposita
1195 5276 1316 5316 esse
1341 5261 1697 5314 arbitrantur.

144 5370 297 5426 Hanc
326 5382 454 5421 vero
496 5360 804 5432 opinionem
849 5374 969 5414 cum
1015 5355 1160 5408 Valla
1189 5364 1242 5409 et
1285 5354 1538 5406 Erasmus
1586 5368 1702 5403 am-

143 5463 346 5531 plexati
389 5458 634 5516 fuissent,
668 5452 960 5507 acerrimos
989 5449 1226 5502 omnium
1260 5446 1358 5499 sibi
1399 5446 1695 5496 adversano

148 5557 280 5609 tium
314 5553 546 5620 impetus
575 5550 929 5613 exceperunt.
971 5539 1075 5594 Sed
1107 5540 1141 5592 ii
1184 5538 1394 5590 demum
1427 5534 1496 5587 ita
1544 5533 1697 5586 fracti

147 5655 298 5706 sunt,
341 5653 400 5694 ut
447 5654 585 5710 pene
625 5649 815 5690 omnes
851 5642 959 5686 tam
985 5630 1238 5684 Catholici
1284 5642 1444 5698 quam
1483 5628 1696 5679 hetero-

221 5796 236 5826 '
277 5785 470 5846 llumil.
493 5786 547 5851 2,
581 5785 652 5839 De
679 5790 858 5844 diem.
969 5785 988 5816 ⁸
1021 5785 1220 5849 Ωκανει.
1264 5783 1331 5836 ad
1379 5780 1618 5833 Antioch.

1804 4628 1919 4664 rttnt
1950 4625 2173 4663 numero
2215 4610 2519 4676 episcppum
2555 4605 2751 4661 factum
2790 4605 2954 4660 fuisse
2991 4606 3140 4659 aiunt
3175 4605 3193 4636 ³
3224 4625 3238 4658 :
3282 4608 3347 4658 At

1801 4717 2018 4770 magnus
2059 4700 2333 4770 Dionysius
2380 4698 2559 4767 (verba
2604 4710 2729 4750 sunt
2776 4698 3067 4764 Anastasii)
3115 4713 3178 4749 ex
3230 4699 3348 4750 ritc-

1801 4806 1970 4845 torum
2020 4807 2228 4845 numero
2275 4791 2536 4856 episcopus
2594 4790 2790 4855 factus,
2844 4791 2898 4840 in
2947 4787 3188 4850 scholiis,
3243 4802 3347 4842 etc.

1801 4885 2062 4939 Maximus
2101 4900 2223 4939 vero
2260 4885 2365 4938 ἀπὸ
2408 4885 2666 4954 ρητόρων,
2698 4891 2801 4935 etc.
2853 4882 3007 4949 Atqui
3041 4881 3346 4948 DLonysius,
3387 4914 3400 4928 .

1801 4988 2091 5047 antequam
2117 4977 2168 5030 in
2201 4978 2504 5045 episcopum
2531 4974 2789 5027 Alexattdt
2807 4973 2951 5026 inum
2977 4983 3122 5026 esset
3144 4989 3349 5028 assum-

1800 5081 1947 5139 ptus,
1989 5086 2091 5124 non
2126 5071 2448 5124 rhetoricam
2485 5066 2855 5136 profitebatur,
2900 5079 2994 5119 sea
3043 5066 3350 5118 οειιθοΙιρενδ

1801 5165 1940 5234 apud
1991 5163 2237 5232 populum
2290 5160 2654 5218 Christianum
2714 5157 2959 5210 habebat.
3027 5156 3164 5222 Quid
3219 5169 3350 5224 ergo

1800 5255 1922 5309 inde
1970 5254 2110 5307 aliud
2150 5253 2384 5323 colligas,
2430 5266 2589 5319 quam
2646 5251 2758 5305 haec
2791 5247 2989 5302 scholia
3044 5247 3348 5315 conscripta

1805 5346 1967 5400 fuisse
2004 5362 2031 5397 a
2072 5344 2298 5412 quodam
2336 5343 2572 5406 rhetore,
2624 5336 2836 5390 nomine
2881 5335 3154 5405 Dionysio,
3188 5349 3346 5402 quem

1802 5437 2117 5494 Anastasius
2174 5448 2227 5490 et
2290 5433 2551 5489 Maximus
2608 5432 2967 5503 patriarcham
3025 5430 3345 5486 Alexandri-

1805 5549 1929 5586 num
1975 5546 2091 5585 esse
2133 5531 2266 5583 falso
2314 5527 2559 5582 arbitrati
2604 5523 2957 5592 sunt.,Neque
3000 5539 3127 5578 vero
3161 5525 3209 5576 in
3246 5522 3348 5576 hoc

1806 5631 2010 5675 tantum
2054 5620 2252 5674 erravit
2293 5619 2634 5682 Anastasius;
2685 5632 2807 5670 nam
2861 5627 2917 5668 ut
2944 5627 3136 5672 caetera
3173 5623 3318 5671 tacea

1697 5779 1715 5810 ³
1754 5776 1907 5831 Tom.
1961 5773 2021 5830 Vl
2071 5774 2203 5826 Bibl.
2241 5770 2484 5837 Patrum,
2526 5786 2646 5842 cap.
2683 5771 2768 5829 12.
