4198 6304
845 380 905 437 15
1974 381 2029 437 S.
2072 380 2443 442 DIONYSIUS
2480 381 2915 442 AREOPAGITA
4022 389 4091 443 18

843 516 990 564 ntus,
1054 499 1109 554 in
1132 501 1321 556 eodem
1378 516 1543 570 opere
1605 502 1966 569 Augustinum
2045 519 2145 573 pro
2198 502 2695 577 CbristoAOpera
2754 506 3015 576 Dionysio
3062 506 3403 577 Areopagitae
3446 506 3717 565 attribuit.
3769 507 3911 561 Ante
3962 522 4090 561 eutn

844 596 1156 663 sanguinem
1196 609 1354 648 suum
1389 593 1596 649 fudisse
1620 594 1851 650 afﬁrmat
1885 615 1898 650 :
1937 594 2205 661 Facessat,
2238 596 2411 667 inquit

851 690 988 755 lrap.
1023 687 1101 756 1),
1147 687 1496 757 Augustinus,
1535 689 1627 755 qui
1666 704 1762 742 suo
1789 680 2134 760 sanguiae'in
2177 691 2408 759 scriptis,

848 779 977 833 duas
1012 780 1067 831 in
1110 776 1320 830 Christo
1362 778 1584 831 naturas
1609 778 1953 847 consignavit.
2005 780 2175 835 Porro
2214 795 2275 835 ea
2317 796 2410 835 au-

847 880 1054 935 ctorum
1099 870 1191 940 qui
1222 870 1483 925 hactenus
1514 869 1666 925 citati
1692 881 1839 936 sunt,
1862 886 1968 941 pro
2004 873 2243 944 Dionysii
2267 872 2411 943 Ope-

846 961 994 1017 rilms
1042 961 1373 1028 testimonia,
1424 961 1545 1017 ﬁdei
1586 973 1708 1015 sunt
1751 963 1888 1017 adeo
1914 963 2186 1027 sublestaa,
2225 972 2283 1017 ut
2309 964 2405 1018 do-

841 1052 1047 1107 ctiores
1075 1052 1405 1123 scriptorum
1450 1052 1792 1123 Areopagitae
1820 1054 2135 1110 defensores
2176 1054 2265 1109 illa
2299 1068 2407 1108 non

842 1154 1052 1201 tantum
1098 1158 1317 1217 urgere,
1364 1145 1458 1200 sed
1518 1159 1620 1201 nec
1676 1158 1980 1215 proponere
2028 1159 2241 1216 equum
2288 1160 2408 1201 esse

839 1237 1180 1307 putaverint.

912 1329 1022 1386 Nec
1072 1330 1296 1398 majoris
1352 1331 1606 1401 ponderis
1664 1337 1746 1385 est
1791 1329 1938 1384 aliud
2000 1338 2405 1400 argumentum,

842 1424 967 1477 inde
1016 1424 1259 1486 ductum,
1318 1424 1462 1493 quod
1512 1420 1763 1477 Clemens
1807 1420 2217 1477 Alexandrinus
2253 1431 2309 1476 et
2352 1422 2405 1475 in

839 1518 907 1572 iis
948 1530 1069 1586 qua:
1107 1515 1175 1571 de
1204 1515 1313 1572 Deo
1337 1529 1434 1585 per
1462 1516 1778 1586 negationes
1808 1515 2187 1585 cognoscendo
2218 1514 2406 1579 tradit,

834 1619 890 1662 et
936 1607 987 1661 in
1020 1622 1086 1663 eo
1125 1606 1269 1677 quod
1311 1606 1560 1661 homines
1590 1606 1716 1660 vitae
1756 1606 2016 1675 gnosticte
2054 1603 2289 1668 deditos,
2338 1604 2405 1658 iis

836 1701 927 1771 qui
960 1700 1252 1754 anchoram
1284 1699 1458 1759 navis,
1493 1706 1552 1751 ut
1583 1696 1651 1751 ad
1678 1711 1798 1753 eam
1833 1697 2124 1761 accedant,
2160 1697 2400 1760 trahunt,

836 1794 1194 1863 comparavit,
1228 1791 1540 1863 Dionysium
1582 1800 1825 1848 nostrum
1859 1791 1931 1845 sit
1962 1790 2225 1845 imitatus.
2257 1787 2401 1845 Con-

2514 614 2647 655 vero
2672 598 2921 666 Ephraem
2956 598 3266 666 patriarcha
3299 598 3696 655 Antiochenus.

2582 688 2743 743 Circa
2790 688 2942 741 initia
2989 688 3170 741 steculi
3212 688 3432 756 septimi
3473 690 3663 745 eadem
3708 690 3811 746 fuit
3837 691 4089 764 Gregorii

2514 778 2688 849 Magni
2731 778 2995 832 sententia
3043 778 3231 833 homil.
3265 778 3335 832 54
3379 778 3432 832 in
3468 778 3729 850 Evangel.
3763 780 3941 841 Lucae.
3980 784 4093 839 Eo-

2514 871 2635 924 dem
2683 870 2880 925 sarculo
2921 880 2977 924 et
3024 868 3387 925 Monothelita:
3429 870 3690 935 haeretici,
3730 883 3785 928 et
3813 862 4087 930 Catholici

2512 980 2703 1019 omnes
2740 964 2855 1019 sive
2885 965 2936 1017 in
2962 964 3183 1033 synodis
3224 962 3582 1019 Lateranensi
3615 976 3670 1020 et
3696 965 4088 1023 Constantino-

2512 1056 2749 1123 politana
2774 1055 3036 1126 generali,
3064 1055 3179 1110 sive
3203 1055 3258 1111 in
3296 1056 3515 1120 scriptis
3541 1058 3655 1112 suis
3683 1060 3871 1113 eadem
3898 1060 4084 1132 Opera

2514 1147 2778 1217 Dionysio
2826 1146 3167 1217 Areopagitae
3233 1150 3489 1213 tribuunt:
3522 1157 3577 1202 et
3635 1148 3931 1206 vindicant.
4003 1152 4077 1208 Et

2511 1238 2729 1306 quidem
2756 1238 2997 1293 heretici
3025 1254 3040 1291 ε
3069 1238 3293 1309 Sergius
3322 1239 3486 1309 epist.
3516 1240 3583 1293 ad
3612 1239 3813 1311 Cyrum
3844 1242 4085 1309 patriar-

2512 1332 2667 1385 charn
2724 1330 3056 1397 Alexandr.;
3092 1329 3425 1386 Themistius
3460 1330 3619 1400 epist.
3673 1334 3738 1387 ad
3781 1333 4077 1391 Marcellini.

2512 1423 2781 1494 presbyt..
2809 1432 2864 1479 et
2900 1423 3090 1491 Steph.
3138 1421 3577 1485 diac.‘.Catbolici
3619 1438 3749 1479 vero
3783 1441 3797 1479 :
3836 1424 4083 1494 Sophro-

2512 1516 2636 1570 nins
2662 1515 2977 1585 patriarcha
3006 1515 3396 1585 Hierosolym.,
3431 1515 3592 1586 epist.
3620 1517 3686 1571 ad
3715 1516 3901 1587 Serg.;
3936 1518 4085 1589 Aga-

2512 1607 2608 1661 tho
2639 1621 2798 1677 papa,
2837 1609 2999 1678 epist.
3037 1606 3117 1662 ad
3146 1606 3431 1661 Constant.
3469 1605 3772 1675 Pegnnat.;
3808 1608 4084 1662 Maximus

2510 1698 2677 1754 abbas
2728 1694 2785 1754 et
2834 1709 3078 1770 martyr,
3135 1698 3189 1752 in
3247 1698 3491 1754 scholiis.
3543 1699 3675 1753 item
3732 1700 4011 1755 Adrianus
4061 1701 4082 1753 ι

2510 1803 2670 1859 papa,
2712 1790 2874 1858 epist.
2906 1789 2972 1844 ad
3001 1788 3185 1843 Caroi.
3234 1789 3413 1860 Magn.
3441 1804 3544 1860 pro
3569 1790 3799 1860 septima
3840 1792 4079 1861 synodo.

837 1894 918 1938 tra
946 1883 1088 1938 enim
1122 1881 1362 1938 nonnulli
1404 1881 1909 1953 AreOpagilicorum
1934 1881 2237 1937 adversarii
2267 1896 2399 1937 con-
2437 1878 2476 1937 Β
2506 1882 2602 1937 His
2637 1881 2857 1951 adjuugi
2890 1892 3065 1953 potest
3102 1882 3422 1939 Theodorus
3451 1886 3737 1953 presbyter
3764 1887 3903 1951 apud
3931 1883 4083 1938 Pho-

837 1977 1063 2031 tendunt
1118 1990 1225 2029 non
1274 1974 1610 2029 Clementem
1658 1988 1725 2028 ex
1788 1989 1923 2029 vero
1973 1972 2253 2046 Dionysio,
2302 1973 2399 2028 sed

834 2066 1379 2138 pseudo-Dionysium
1427 2078 1457 2120 a
1500 2065 1805 2131 Clemente,
1847 2066 1937 2135 qui
1988 2065 2083 2119 illo
2120 2065 2402 2134 antiquior

831 2166 971 2222 erat,
1002 2171 1064 2213 ea
1094 2171 1214 2227 qua:
1261 2155 1582 2210 referuntur
1624 2169 1750 2209 suos
1803 2157 2096 2210 adduxisse
2142 2156 2195 2209 in
2246 2170 2397 2209 usus.

832 2250 940 2304 Alii
968 2263 1100 2303 vero
1134 2257 1329 2318 putant
1376 2246 1493 2303 fieri
1539 2246 1698 2303 facile
1742 2247 1986 2316 potuisse
2033 2257 2093 2301 ut
2133 2254 2396 2316 uterque,

831 2342 933 2395 etsi
966 2341 1101 2395 alter
1129 2339 1290 2395 alteri
1320 2338 1542 2394 minime
1571 2348 1751 2403 notus,
1782 2338 1929 2393 illam
1960 2338 2219 2394 anchora:
2247 2338 2401 2392 navis

831 2443 1080 2489 attraette
1123 2432 1615 2502 comparationem,
1672 2446 1792 2501 qum
1837 2430 2060 2486 cuilibet
2102 2431 2261 2485 obvia
2295 2442 2396 2493 est,

831 2526 1156 2582 adhibuerit.
1202 2524 1270 2580 Et
1311 2540 1373 2581 re
1400 2526 1617 2595 quidem
1652 2525 1767 2593 ipsa
1808 2524 1877 2578 ab
1918 2534 2148 2593 utroque
2187 2523 2277 2597 illa
2318 2523 2402 2587 di-

830 2635 987 2676 verso
1046 2620 1202 2689 plane
1258 2618 1559 2674 instituitur
1617 2618 1815 2682 modo,
1864 2626 1920 2672 et
1966 2615 2131 2672 rebus
2177 2618 2398 2672 Omnino

829 2713 1060 2768 diversis
1096 2704 1554 2768 accommodatur.
1588 2708 1741 2776 Quod
1780 2723 1910 2764 vero
1938 2708 2005 2763 de
2035 2708 2146 2764 Deo
2180 2723 2278 2779 per
2296 2724 2397 2764 ne-

828 2807 1071 2877 gationes
1115 2806 1491 2875 cognoscendo
1536 2804 1789 2868 traditur,
1834 2802 1886 2856 id
1918 2816 2025 2856 non
2070 2802 2251 2855 minus
2280 2801 2398 2855 vnl-

827 2914 957 2969 gare
997 2908 1080 2955 est
1119 2906 1177 2953 et
1205 2898 1412 2964 tritum,
1458 2912 1520 2951 ac
1555 2894 1780 2966 proinde
1810 2893 1940 2951 illud
1967 2893 2132 2949 etiam
2161 2894 2331 2963 potuit
2365 2910 2395 2948 a

828 2986 1040 3040 duobus
1070 2985 1428 3054 scriptoribus
1451 2984 1554 3039 sibi
1592 2984 1826 3040 invicem
1874 2981 2170 3051 incognitis
2191 2985 2399 3048 pariter

818 3078 1208 3148 :qualiterqne
1251 3074 1455 3134 doceri.

900 3167 1265 3240 DeGregorio
1315 3176 1531 3225 demtum
1583 3167 1947 3232 Nazianzeno,
1982 3183 2141 3238 quem
2183 3185 2249 3224 ex
2299 3182 2397 3221 au-

2505 1974 2641 2029 tium
2666 1974 2717 2026 in
2743 1972 3160 2039 Biblioth.,cod.
3191 1990 3253 2029 ιι.
3282 1973 3543 2041 Quamvis
3567 1976 3713 2029 enim
3734 1975 4078 2044 incomperta

2502 2069 2573 2123 sit
2603 2064 2749 2122 illius
2776 2079 2934 2132 tetas,
2971 2069 3386 2138 antiquissimus
3418 2078 3603 2123 tamen
3644 2083 3766 2124 esse
3807 2069 4074 2123 creditur.

2572 2160 2783 2216 simulo
2827 2172 3039 2226 octavo,
3079 2158 3317 2215 Joannes
3354 2161 3720 2223 Damascenus
3765 2160 3906 2215 lib.t
3966 2159 4073 2213 0r-

2502 2252 2674 2307 tltom
2697 2252 2819 2321 βαι,
2851 2268 2974 2322 cap.
3010 2250 3100 2319 15,
3127 2263 3184 2308 et
3207 2252 3303 2307 lib.
3337 2267 3399 2316 ιι.
3433 2266 3555 2320 cap.
3584 2252 3647 2317 ὃς
3679 2251 3910 2307 Michael
3940 2251 4078 2322 Syn-

2501 2345 2670 2415 gellus
2688 2342 2935 2399 laudatus
2960 2359 2988 2397 a
3014 2343 3302 2401 Theodoro
3322 2343 3534 2398 Studita
3564 2344 3659 2398 lib.
3680 2360 3743 2409 tt,
3762 2344 3922 2409 epist.
3940 2343 4075 2398 ﬁlii;

2500 2439 2754 2494 Anastas.
2788 2436 3068 2501 Nissenus,
3099 2434 3303 2502 Quart.
3328 2437 3397 2490 '52
3420 2446 3476 2492 et
3496 2436 3583 2491 52.

2571 2529 2783 2584 Smculo
2827 2544 2993 2593 nono,
3034 2528 3290 2584 Nicolaus
3322 2529 3338 2583 Ι
3366 2545 3509 2583 sum.
3562 2529 3755 2598 pontii.
3793 2529 3956 2599 epist.
4001 2529 4072 2582 ad

2507 2621 2755 2679 Michael.
2798 2623 3085 2692 imperat.;
3140 2620 3364 2675 Photius
3403 2621 3711 2689 patriarcha
3758 2620 4076 2675 Constanti-

2503 2730 2627 2783 unp.
2686 2716 2741 2770 in
2781 2713 2947 2776 Bibl.,
2995 2714 3117 2769 cod.
3160 2712 3299 2779 23l;
3339 2712 3626 2767 Hilduinus
3673 2714 3843 2768 abbas
3878 2712 4069 2767 Sancti

2506 2807 2750 2884 Dionysii
2782 2807 2834 2861 in
2891 2807 3229 2874 Areopagrt.;
3261 2803 3583 2863 Hincmarus
3623 2805 3864 2881 archiep.
3888 2809 4027 2865 item

2499 2899 2655 2968 epist.
2684 2898 2752 2952 ad
2781 2897 2964 2954 Carol.
3002 2896 3192 2961 Calv.;
3223 2898 3544 2953 Anastasius
3586 2897 3868 2962 Biblioth.,
3901 2898 4066 2957 epist.

2497 2990 2565 3044 ad
2605 2989 2873 3045 eumdem.

2570 3079 2781 3135 Saeculo
2811 3079 3039 3143 decimo,
3086 3082 3304 3134 Simeou
3350 3079 3767 3149 Hetaphrastes,
3812 3090 3954 3137 orat.
3998 3088 4077 3140 De

2500 3170 2717 3228 dormit.
2775 3170 3037 3241 Deiparze.
3085 3169 3203 3226 Huc
3261 3184 3479 3240 quoque
3526 3170 3785 3227 advocari
3833 3172 4064 3228 forsitan

827 3261 994 3317 cteris
1044 3263 1214 3318 nostri
1258 3260 1527 3331 Operibus
1574 3260 1775 3330 aliquid
1817 3258 2113 3316 deuorasse
2154 3259 2392 3315 nonnulli
2422 3258 2467 3282 ν
2498 3269 2722 3330 possunt
2770 3260 2988 3331 quidam
3039 3261 3260 3316 incertat
3300 3262 3478 3318 aetatis
3517 3262 3813 3341 scriptores
3870 3282 3882 3316 :
3916 3263 4068 3319 Elius

824 3357 1199 3420 arbitrantur,
1258 3357 1429 3426 major
1482 3355 1671 3424 procul
1732 3354 1898 3410 dubio
1948 3363 2033 3409 est
2083 3354 2387 3411 difﬁcultas.

825 3450 1054 3518 Quidam
1080 3450 1359 3505 enimvero
1384 3448 1575 3505 eadem
1594 3446 1765 3517 Opera
1790 3444 2033 3520 Dionysii
2052 3446 2390 3516 Areopagitae

825 3542 992 3597 fetum
1034 3556 1155 3598 esse
1200 3553 1481 3614 negantes,
1525 3542 1762 3597 fatentur
1801 3555 1864 3595 ea
1911 3554 1941 3594 a
1978 3539 2242 3611 Gregorio
2280 3538 2386 3593 Na-

826 3641 1083 3691 zianzeno
1134 3635 1270 3691 lecta
1317 3633 1487 3691 fuisse
1525 3642 1580 3691 et
1614 3633 1979 3704 pervolutata,
2019 3645 2085 3688 ac
2122 3633 2242 3703 ipso
2270 3647 2391 3687 esse

826 3725 1149 3795 antiquiora.
1192 3722 1301 3779 Sed
1333 3724 1401 3779 de
1454 3725 1540 3780 bis
1584 3723 1727 3779 infra
1780 3723 2136 3793 opportunior
2175 3721 2390 3778 dabitur

827 3818 1127 3872 disserendi
1160 3816 1325 3873 locus.

1435 3952 1661 4009 CAPUT
1698 3951 1787 4010 IV.

827 4090 1154 4146 Palmurt’um
1194 4092 1687 4160 Areopagiticoruus
1729 4095 2117 4160 argumentum.
2146 4100 2212 4139 ea:
2256 4103 2383 4141 con-

892 4164 1056 4217 stanti
1093 4159 1339 4216 undecim
1371 4163 1687 4217 «sculorum
1706 4159 1992 4214 traditione
2007 4162 2383 4227 depromptum,

890 4234 1226 4301 proponitur.

893 4366 1221 4435 Palmarium
1258 4366 1440 4436 itaque
1482 4366 1922 4437 praecipuumque
1974 4366 2381 4437 Areopagitica-

822 4478 939 4515 rum
985 4470 1316 4518 momentum
1361 4464 1487 4519 inde
1534 4464 1754 4519 ducitur
1792 4461 1934 4531 quod
1986 4475 2130 4516 anno
2176 4459 2282 4516 535
2327 4460 2379 4515 in

2495 3353 2770 3409 Cretensis
2800 3353 2855 3408 in
2885 3362 3029 3408 orat.
3057 3354 3092 3407 2
3121 3353 3297 3409 sancti
3326 3352 3579 3424 Gregorii
3614 3343 3909 3420 Νειτῆτιιά
3952 3356 4064 3411 An-

2497 3446 2673 3500 tonius
2696 3445 2935 3512 Melissa,
2968 3446 3041 3502 lib
3072 3462 3109 3514 ι,
3134 3460 3299 3502 serm.
3344 3444 3433 3510 l9,
3460 3452 3520 3500 et
3541 3445 3632 3499 alii
3662 3446 3911 3501 nonnulli

2564 3536 2775 3593 Saeculo
2799 3538 3104 3598 undecimo.
3130 3538 3327 3593 Suidas
3353 3537 3406 3591 in
3447 3530 3814 3592 Collectaueis.

2560 3630 2771 3684 Saecqu
2810 3629 3152 3690 duodecimo,
3201 3628 3527 3698 Euthymius
3577 3626 3883 3697 Zigabenns
3940 3643 4063 3680 mo-

2491 3722 2696 3776 nachus
2722 3719 2971 3790 Panopl.,
2994 3720 3081 3774 tit.
3114 3734 3173 3785 ll;
3205 3717 3355 3787 [iugo
3385 3733 3416 3770 a
3447 3717 3647 3773 Sancto
3676 3716 3916 3783 Victore,
3954 3717 4064 3773 Pe-

2492 3822 2606 3865 trus
2626 3810 2965 3867 Lombardus
2991 3812 3048 3865 in
3074 3824 3115 3866 tt
3147 3808 3411 3873 Sentent.,
3434 3816 3490 3863 et
3522 3806 3615 3860 alii
3650 3816 3836 3876 postea
3881 3809 4059 3862 theo-

2491 3904 2596 3975 logi
2619 3904 2956 3959 scholastici.

2559 3998 2772 4053 Saecula
2814 3998 3025 4053 decimo
3054 3996 3249 4063 tertio,
3278 3992 3613 4063 Nicephorus
3644 3990 3920 4053 Callistus.
3957 3991 4050 4051 lib.

2488 4106 2527 4146 ιι
2560 4088 2766 4144 Hister.
2815 4090 3020 4155 σακία..
3062 4102 3185 4157 cap.
3212 4085 3282 4140 20
3311 4095 3360 4141 et
3386 4084 3495 4150 22;
3528 4083 3594 4138 ι).
3622 4082 3860 4138 Thomas
3888 4085 4055 4154 Aqui-

2486 4197 2584 4237 nas
2645 4183 2697 4236 in
2748 4180 3108 4243 11-8εηιεηι..
3152 4180 3277 4235 dist.
3332 4177 3418 4243 10,
3459 4184 3657 4244 quaest.
3700 4176 3753 4238 l,
3797 4186 3903 4229 art.
3951 4176 4049 4238 l2;

2484 4273 2752 4343 Georgius
2782 4271 3190 4343 Pacbymerius,
3232 4269 3563 4334 scriptorum
3606 4266 3848 4337 Dionysii
3892 4282 4043 4335 para-

2484 4366 2753 4433 phrastes.

2553 4459 2765 4515 Saecula
2795 4458 3007 4516 decimo
3035 4469 3249 4529 quarto,
3276 4460 3597 4516 Theodorus
3616 4456 3970 4513 Prodrornus.

820 4551 1122 4609 Collatione
1162 4552 1761 4624 Constantinopolitana
1799 4552 1914 4607 hac
1943 4550 2181 4605 auctoris
2212 4551 2380 4605 nostri
2416 4565 2458 4619 ο
2551 4552 2760 4610 saeculo
2786 4553 3001 4607 decimo
3028 4553 3243 4622 quinto,
3273 4551 3523 4607 Bessario
3559 4548 3849 4607 cardinai.,
3875 4548 3993 4609 .lib.
4026 4563 4043 4601 ι

818 4646 994 4718 Opera
1016 4649 1085 4703 ab
1102 4646 1393 4717 Acephalis
1420 4662 1518 4702 seu
1544 4644 1853 4703 Severianis
1883 4644 2156 4701 hareticis
2187 4643 2379 4699 adver-

818 4754 914 4797 sus
931 4738 1263 4795 orthodoxos
1279 4737 1520 4808 Dionysii
1548 4736 1889 4807 Areopagitae
1914 4734 2131 4790 nomine
2147 4735 2379 4805 primum

816 4834 1006 4892 citata,
1054 4827 1215 4899 paulo
1255 4838 1379 4898 post
1422 4828 1491 4881 ab
1540 4826 1672 4897 ipsis
1709 4824 2002 4880 Catholicis
2043 4839 2142 4895 pro
2176 4835 2304 4878 vero
2326 4832 2382 4876 et

816 4924 1049 4996 genuino
1092 4919 1333 4991 ejusdem
1384 4918 1622 4988 Dionysii
1673 4916 1784 4972 fetu
1830 4926 2082 4985 suscepta
2126 4922 2270 4981 sunt,
2315 4928 2378 4969 ac

815 5016 1035 5071 tandem
1086 5028 1116 5067 ι
1161 5012 1377 5067 caeteris
1424 5009 1679 5065 omnibus
1726 5007 2017 5076 cujuslibet
2064 5008 2281 5079 generis
2322 5016 2379 5061 et

812 5107 1139 5164 eruditionis
1159 5104 1516 5175 scriptoribus
1546 5102 1613 5156 ad
1642 5110 1882 5156 nostram
1914 5100 2027 5153 fere
2052 5112 2221 5167 usque
2245 5106 2377 5151 teta—

813 5213 921 5257 tetn
944 5201 1043 5273 ipsi
1076 5198 1365 5253 vindicata.
1399 5196 1613 5267 Longos
1636 5204 1812 5249 autem
1836 5195 2025 5247 horum
2052 5191 2375 5261 scriptorum

813 5303 1004 5351 texunt
1023 5292 1329 5362 catalogus;
1371 5288 1467 5344 sed
1518 5285 1857 5357 singulorum
1887 5281 2220 5343 testimonia,
2261 5290 2373 5333 tutu

808 5392 935 5461 quia
966 5385 1261 5458 prolixiora
1298 5391 1452 5446 sunt,
1481 5390 1595 5434 tum
1629 5378 1755 5448 quia
1800 5377 1865 5432 de
1900 5390 2087 5430 eorum
2134 5374 2371 5429 auctori—

811 5490 921 5535 tate
951 5479 1016 5533 lis
1050 5476 1195 5531 nulla
1230 5487 1496 5537 movetur,
1531 5472 1745 5538 integra
1772 5482 1881 5523 non
1919 5466 2231 5529 citabimus.
2263 5465 2373 5519 sin-

806 5574 1055 5644 gulorum
1087 5584 1282 5626 nomen
1312 5578 1367 5623 et
1400 5569 1601 5636 scripta
1630 5563 1903 5635 appellare
1928 5560 2191 5615 contenti.

879 5664 1009 5717 Ροςι
1052 5661 1413 5717 Collationem
1466 5660 1654 5729 itaque
1707 5654 2370 5725 ConstantinOpoiitanam

805 5763 949 5812 circa
982 5759 1117 5812 sexti
1158 5755 1339 5810 εκθλιιὶ
1372 5756 1530 5809 ﬁnem
1573 5751 1829 5807 Leontius
1856 5750 2164 5820 Byzantius,
2195 5746 2269 5801 lib
2305 5763 2369 5808 ll,

806 5863 983 5905 contra
1035 5848 1249 5903 Nestor.
1294 5859 1342 5903 et
1390 5847 1691 5911 Eutyche!”
1735 5854 1790 5899 ct
1837 5844 1927 5899 lib.
1966 5842 2041 5899 De
2079 5849 2201 5895 sect.
2250 5841 2365 5895 bmc

2481 4643 2693 4713 Defens.
2714 4642 2951 4707 Ριοιοηο,
2978 4656 3100 4712 cap.
3127 4644 3195 4708 ὃς
3225 4643 3508 4713 Dionysius
3531 4640 3873 4696 Carthusian.
3908 4654 4045 4708 prte-

2479 4736 2579 4790 fat.
2606 4737 2659 4790 in
2687 4736 2909 4805 Dionys.
2935 4734 3200 4805 Areopag.

2554 4827 2770 4884 Stccuio
2796 4829 3008 4883 decimo
3046 4825 3485 4893 sexto,Facultas
3526 4824 3834 4893 Theologit‘e
3874 4821 4034 4876 Pari-

2476 4918 2673 4973 siensis
2723 4923 2774 4973 in
2821 4916 3055 4973 comitiis
3089 4916 3405 4972 Sorbonicis
3445 4916 3742 4970 Lutherum
3782 4922 3844 4968 et
3908 4907 4047 4963 Era-

2477 5022 2672 5075 sutum,
2692 5009 2882 5066 eadem
2930 5010 3129 5077 scripta
3175 5022 3203 5060 a
3246 5004 3502 5075 Dionysio
3546 5002 3875 5074 Areopagita
3919 5017 4035 5071 pro-

2478 5100 2617 5155 fecta
2645 5114 2764 5157 esse
2791 5107 3067 5171 negantes.
3101 5099 3398 5162 damnavit,
3434 5096 3662 5150 alterum
3691 5109 3835 5148 anno
3875 5092 4033 5148 l-520.

2476 5192 2706 5246 alterum
2752 5190 2895 5246 anno
2926 5190 3084 5245 1527.
3131 5188 3405 5244 Posterius
3450 5189 3725 5243 decretum
3753 5188 3951 5257 smpius
3984 5186 4039 5240 in

2478 5283 2709 5347 Erasini,
2739 5281 2836 5351 qui
2866 5296 2931 5338 eo
2957 5281 3289 5349 percellitur,
3321 5278 3589 5350 Operibus
3621 5277 3871 5333 omnibus
3913 5291 4045 5345 per-

2475 5376 2751 5445 vulgatum
2781 5383 2889 5437 est,
2921 5383 2974 5428 et
3016 5372 3234 5427 cuilibet
3270 5371 3513 5425 obvium.
3558 5369 3717 5423 Prius
3748 5381 3894 5428 vero,
3928 5380 4040 5434 quo

2472 5466 2746 5520 Lutherus
2786 5464 3165 5535 proscribitur,
3199 5462 3460 5516 hactenus
3495 5459 3779 5523 ineditum,
3811 5456 3864 5511 in
3898 5456 4034 5511 Sor-

2476 5561 2628 5613 bonze
2676 5558 2851 5620 libris,
2901 5572 2967 5611 ex
3016 5555 3210 5624 quibus
3256 5553 3385 5606 illud
3438 5548 3906 5618 transcripsimus,
3951 5546 4034 5600 his

2474 5651 2650 5705 verbis
2677 5649 2985 5719 concipitur
3019 5670 3029 5702 :
3064 5647 3290 5700 Additur
3318 5653 3366 5698 et
3403 5644 3513 5698 ha’c
3545 5659 3609 5696 ea:
3637 5643 3771 5694 libro
3801 5641 3866 5693 de
3934 5637 4037 5692 Ca-

2472 5740 2901 5812 ptivit.Babylon.
2942 5759 2960 5791 (
3004 5739 3069 5793 In
3098 5739 3369 5808 Dionysio,
3399 5736 3488 5803 qui
3522 5725 3727 5804 scripsit
3750 5734 3815 5783 de
3841 5730 4031 5786 calesti

2472 5834 2791 5899 hierarcltia,
2838 5832 2966 5887 nihil
2992 5831 3153 5901 ferme
3198 5839 3271 5883 est
3320 5827 3503 5881 solida:
3564 5821 3873 5877 eruditionis
3921 5835 3939 5873 ε
3982 5830 4029 5871 et
