4196 6306
121 412 188 467 Π
1399 396 1922 459 PROLEGOMENA.
3284 388 3342 446 48

103 526 277 581 nenia
299 533 420 579 sunt
452 524 598 576 illius
624 520 884 575 meditata
913 520 968 573 in
994 519 1215 588 prtefata
1248 517 1402 583 libro,
1435 534 1497 571 an
1529 534 1669 571 som-
1700 521 1742 575 Α
1773 516 1996 583 poribus
2022 527 2121 569 nec
2151 512 2407 569 ineruditi
2441 525 2538 566 nee
2564 510 2827 579 ignobiles
2852 519 3180 567 exstiterunt
3210 511 3331 567 viri.

99 622 202 672 niis
246 632 406 685 prope
447 614 737 668 simillima.
783 612 851 666 In
897 611 1183 681 Theologia
1228 622 1401 665 autem
1450 610 1672 680 mystica

92 708 578 779 perniciosissimus
622 716 720 770 est,
751 704 1106 773 plntonizans,
1144 705 1312 771 magis
1347 721 1507 770 quam
1533 704 1675 756 chri-

100 802 418 857 stianisans.
446 796 513 850 In
534 797 887 852 ecclesiastica
912 812 1029 850 vero
1066 796 1363 851 hierarchia
1388 795 1521 847 ludit
1542 793 1675 846 alle-

100 894 286 962 goriis,
307 892 448 961 quod
484 900 559 947 est
587 891 879 944 otiosorum
908 887 1175 943 hominum
1203 887 1453 942 studium.
1497 905 1515 939 ι
1548 885 1675 938 "(re

98 985 393 1053 propositio
421 992 498 1038 est
531 983 689 1048 falsa,
723 985 997 1038 temerarie
1031 992 1079 1036 et
1107 989 1415 1049 arroganter
1448 988 1672 1042 asserta,

100 1092 160 1127 ac
188 1075 301 1129 viro
319 1085 522 1138 sancto,
551 1074 741 1143 insigni
768 1074 1061 1127 eruditione
1084 1071 1248 1135 claro,
1272 1069 1493 1138 injuria,
1518 1085 1672 1143 quem

102 1164 461 1219 Damascenus
492 1140 731 1218 divinum
774 1164 1181 1233 Areopagitam.
1228 1159 1390 1214 Pauli
1439 1140 1675 1227 discipu-

102 1255 207 1307 lum
231 1257 572 1321 acerrimum,
600 1266 649 1311 et
681 1256 775 1311 Dei
798 1256 1249 1325 loquentissimum
1279 1253 1531 1321 appellat.

171 1350 360 1419 Atqui,
423 1350 673 1419 inquiunt
726 1348 1128 1419 Areopagitici,
1182 1345 1483 1408 verisimile
1540 1344 1672 1398 nulli

105 1441 192 1494 ﬁet
226 1452 305 1495 tet
337 1450 624 1510 tantosque
655 1456 719 1495 ac
747 1449 825 1495 tot
854 1454 952 1508 per
973 1444 1171 1495 saecula
1200 1438 1544 1494 doctissimos
1581 1437 1677 1490 ho-

105 1534 299 1598 mines,
375 1532 633 1593 concilia,
704 1544 946 1586 summos
1005 1530 1322 1599 pontiﬁces,
1384 1530 1676 1596 scriptores

104 1624 367 1687 eruditos,
401 1632 507 1676 tam
530 1636 717 1691 parum
743 1623 985 1677 accurati
1012 1620 1037 1675 l'
1044 1623 1185 1678 uisse
1206 1619 1437 1683 criterii,
1458 1630 1511 1675 et
1527 1620 1669 1673 omni

104 1715 489 1771 ecclesiasticus
554 1716 796 1768 historia:
861 1714 1087 1769 scientia
1149 1714 1219 1767 ita
1288 1714 1550 1776 orbatos;
1620 1720 1675 1766 nt

104 1809 166 1862 de
217 1807 451 1861 aliorum
500 1808 689 1860 horum
736 1808 1065 1874 scriptorum
1118 1805 1409 1874 qumrendo
1453 1814 1673 1858 auctore

105 1918 170 1956 ne
195 1914 437 1970 unquam
485 1900 699 1967 quidem
748 1897 1140 1968 cogitaverim?
1166 1896 1296 1963 Quis
1331 1896 1381 1951 in
1425 1911 1519 1951 eos
1551 1907 1670 1951 latt-

106 2006 215 2048 tam
263 1993 635 2055 oscitantiam,
690 1992 1062 2060 supinitatem,
1120 1992 1420 2045 caecitatem
1479 1990 1674 2045 cadere

104 2084 350 2151 potuisse
398 2084 497 2138 sibi
532 2098 769 2152 unquam
798 2081 1168 2151 persuadeat?
1198 2080 1300 2134 Tot
1331 2097 1460 2150 ergo
1484 2092 1672 2135 aucto-

106 2180 261 2231 ribus
302 2176 549 2238 selentia,
590 2175 869 2245 dignitate,
914 2175 1234 2229 auctoritate
1276 2175 1673 2243 praestantissi-

107 2270 209 2323 mis
238 2268 379 2322 hanc
428 2268 561 2323 tanti
618 2268 821 2323 erroris
871 2276 1052 2321 notam
1103 2268 1318 2320 inurere
1364 2263 1514 2320 nefas
1556 2280 1675 2320 esse

108 2360 241 2415 nulli
266 2360 422 2430 plane
446 2378 552 2417 non
583 2362 879 2415 videbitur.

725 2476 950 2532 CAPUT
997 2477 1062 2532 V.

106 2595 480 2657 Responsiones
528 2591 1152 2663 AntiareOpagiticorum,
1203 2603 1248 2646 et
1279 2594 1541 2663 praecipua
1586 2611 1674 2647 eo-

172 2677 292 2743 rum
327 2664 574 2714 adversus
602 2664 737 2713 hanc
771 2661 1103 2716 traditionem
1148 2661 1457 2731 argumenta
1488 2665 1667 2718 discu-

175 2741 402 2782 tiuntur.

172 2820 275 2887 Qui
316 2821 431 2875 hac
474 2822 675 2891 scripta
710 2835 1029 2887 germanum
1062 2822 1302 2894 Dionysii
1332 2827 1672 2895 Areopagitae

109 2928 241 2979 Opus
270 2927 392 2966 esse
426 2920 646 2981 negant,
688 2913 839 2964 aiunt
882 2928 947 2967 ex
1002 2913 1368 2983 hujuscemodi
1418 2915 1671 2969 traditio-

110 3005 266 3058 nibus
310 3014 366 3057 ut
412 3003 615 3072 aliquid
646 3004 780 3058 certi
821 3004 1073 3058 concludi
1110 3006 1672 3072 possit,,constantes

107 3110 199 3148 eas
228 3108 349 3150 esse
397 3095 597 3149 debere
623 3104 676 3148 et
702 3096 927 3149 omnino
968 3105 1277 3163 perpetuas.
1318 3097 1385 3149 At
1418 3096 1558 3149 hanc
1605 3099 1670 3151 de

1776 608 1868 676 qui
1903 620 2025 661 eam
2064 618 2157 662 aut
2191 607 2409 662 dubiam
2441 619 2562 661 esse
2590 604 2863 670 dixerunt,
2889 615 2982 661 aut
3008 621 3197 663 verum
3223 620 3341 661 esse

1776 700 1989 769 penitus
2022 699 2247 755 iuﬁciati
2274 708 2416 755 sunt.

1848 794 2089 849 Tertium
2126 794 2358 864 denique
2390 805 2761 865 argumentum
2799 809 2864 849 ex
2891 809 2956 850 eo
2987 792 3338 863 depromitur,

1776 887 1919 956 quod
1951 902 2006 942 re
2039 887 2303 942 maturius
2330 886 2599 953 discussa,
2633 898 2687 943 et
2711 886 2777 943 ad
2804 888 3095 950 severioris
3124 885 3340 943 critiees

1778 995 2021 1036 normam
2062 980 2379 1048 diligentius
2406 980 2737 1048 examinata,
2762 980 2949 1051 opinio
2995 980 3082 1033 illa
3127 980 3195 1035 ab
3224 991 3325 1033 om-

1776 1072 1934 1127 nibus
1978 1073 2095 1126 lere
2136 1070 2359 1139 hujusce
2412 1074 2588 1129 astatis
2630 1073 3007 1144 scriptoribus,
3051 1074 3097 1128 si
3140 1085 3340 1142 paucos

1780 1174 1985 1219 tantum
2009 1166 2266 1235 excipias,
2295 1166 2490 1233 rejects
2518 1167 2731 1219 tandem
2756 1174 2811 1221 et
2834 1166 3052 1235 explosa
3080 1162 3262 1219 luerit.

1845 1257 2043 1313 Contra
2078 1267 2256 1312 tamen
2287 1259 2652 1329 Areopagitici
2685 1274 2783 1313 nec
2828 1258 3191 1315 recentiorum
3227 1257 3337 1312 eri-

1780 1349 2031 1417 ticorum,
2056 1362 2155 1404 nec
2180 1348 2413 1403 aliorum
2446 1352 2805 1419 quorumdam
2832 1350 3197 1420 antiquiorum
3218 1361 3341 1403 sen-

1780 1441 2022 1503 tentiam,
2054 1447 2131 1495 tot
2160 1439 2486 1508 scriptorum
2515 1458 2541 1494 a
2568 1457 2625 1495 se
2656 1441 2944 1495 citatorum
2966 1440 3339 1510 judicioprzc-

1778 1530 2057 1585 ferendam
2092 1544 2215 1587 esse
2246 1533 2499 1587 clamant.
2526 1531 2640 1587 Non
2662 1532 2969 1588 ‘dillitentur
3008 1541 3183 1586 tamen
3208 1531 3350 1585 θυι-ι

1778 1621 1884 1676 lam
1906 1621 2139 1693 Operurn
2175 1624 2409 1696 Dionysii
2450 1624 2588 1692 apud
2615 1624 3019 1695 antiquissimos
3046 1624 3336 1693 scriptores

1777 1714 1890 1768 ﬁeri
1920 1715 2244 1770 mentionem
2274 1736 2285 1769 :
2320 1714 2413 1770 sed
2440 1726 2817 1785 argumentum
2861 1714 2988 1768 illud
3030 1714 3335 1785 negativum

1776 1821 1894 1862 esse
1920 1808 2123 1875 dicunt,
2147 1823 2210 1861 ac
2235 1809 2458 1877 proinde
2482 1822 2547 1861 ex
2580 1807 2667 1862 illo
2698 1808 2829 1861 nihil
2851 1807 3149 1877 quidquam
3175 1820 3335 1875 posse

1779 1900 1992 1954 conﬁcL

1850 1993 2045 2047 Verum
2088 1993 2295 2048 instant
2338 1995 2657 2053 adversarii,
2703 2002 2864 2063 atque
2892 2007 2956 2045 ex
3000 1992 3100 2046 hac
3148 2005 3333 2046 eorum

1778 2084 2117 2140 confessione
2149 2094 2344 2154 urgent
2394 2086 2540 2141 illam
2588 2094 2666 2139 tot
2712 2084 3039 2153 scriptorum
3086 2082 3335 2136 traditio-

1779 2194 1921 2243 nem,
1950 2194 2069 2248 qua:
2102 2193 2197 2247 per
2241 2180 2341 2234 tria
2385 2181 2563 2245 priora
2600 2177 2857 2233 Ecclesia:
2891 2177 3088 2233 saecula
3123 2176 3335 2246 penitus

1776 2270 1979 2335 deﬁcit,
2022 2272 2289 2324 inﬁrmam
2320 2273 2538 2325 omnino
2577 2284 2715 2333 esse,
2745 2268 2965 2322 fractam
3008 2279 3061 2321 et
3088 2268 3337 2322 debilita-

1780 2370 1910 2417 tam.
1942 2360 2040 2414 Cui
2080 2375 2227 2423 vero,
2270 2361 2543 2430 inquiunt,
2586 2361 2864 2430 probabile
2902 2360 2991 2413 lict
3036 2360 3151 2411 hac
3198 2359 3333 2411 tanti

1778 2454 2034 2506 momenti
2074 2453 2317 2523 tantique
2341 2454 2576 2509 auctoris
2607 2453 2806 2521 scripta
2840 2454 2913 2508 ita
2943 2449 3112 2507 luisse
3148 2451 3338 2519 deper-

1776 2546 1911 2611 dita,
1941 2556 1998 2598 ut
2032 2554 2139 2599 tam
2177 2545 2334 2616 longo
2365 2546 2624 2614 temporis
2649 2545 2827 2614 spatio
2850 2557 3057 2597 summa
3091 2543 3331 2595 omnium

1775 2638 2042 2694 oblivione
2081 2637 2470 2707 sepelirentur?
2507 2635 2795 2691 Enimvero
2840 2634 2893 2687 hi
2943 2633 3066 2687 libri
3118 2631 3182 2685 ad
3229 2630 3326 2685 Ti-

1779 2732 2075 2796 motheum,
2121 2746 2226 2798 quo
2267 2744 2360 2785 eos
2409 2744 2529 2783 cum
2562 2729 2683 2783 aliis
2716 2728 2968 2783 omnibus
3010 2725 3337 2782 Christianae

1779 2826 1901 2879 ﬁdei
1946 2832 2291 2880 sacramento
2334 2822 2582 2886 initiatis,
2625 2822 3082 2883 communicaret,
3127 2820 3195 2873 ab
3242 2834 3338 2872 au-

1775 2926 1925 2971 ctore
1955 2915 2104 2970 missi
2136 2924 2280 2969 sunt.
2315 2914 2475 2983 Atqui
2508 2912 2552 2967 si
2588 2926 2673 2966 res
2708 2911 2778 2966 ita
2816 2924 2872 2965 se
2904 2909 3117 2974 habeat,
3151 2906 3335 2963 Timo-

1778 3012 1933 3065 theus
1964 3008 2149 3077 procul
2184 3007 2345 3063 dubio
2380 3016 2439 3060 ut
2472 3006 2506 3060 ii
2547 3020 2651 3059 non
2686 3002 2856 3061 solum
2892 3001 3139 3056 fidelibus
3183 3001 3339 3055 Chri-

1778 3103 1992 3164 stianis,
2036 3100 2128 3154 sed
2170 3100 2336 3153 etiam
2380 3097 2615 3161 clericis,
2650 3112 2713 3151 ac
2752 3096 3022 3164 pracipue
3064 3094 3336 3163 episc0pis

111 3186 321 3253 scriptis
354 3186 488 3251 illis,
538 3186 789 3253 Dionysio
820 3186 1163 3256 AreOpagitae
1215 3187 1517 3243 tribuendis
1561 3198 1671 3242 tra-
1702 3196 1743 3252 (ζ,

1702 3196 1743 3252 C
1780 3196 2120 3249 mitterentur
2154 3190 2610 3257 traderentnrque
2639 3202 2831 3243 curare
2866 3186 3074 3241 debuit.
3105 3186 3169 3239 lli
3209 3199 3336 3239 vero

108 3278 365 3333 ditionem
404 3294 501 3333 nee
552 3289 895 3334 constantem
954 3280 1121 3333 fuisse
1172 3294 1269 3335 nec
1320 3283 1666 3350 perpetuam.

110 3370 280 3424 tribus
324 3372 658 3439 potissimum
709 3373 1041 3438 argumentis
1090 3373 1453 3427 demonstrari
1505 3388 1665 3443 posse

111 3464 465 3517 contendunt.

180 3553 422 3610 Primum
464 3567 566 3621 est,
592 3559 731 3619 quod
762 3557 876 3612 haec
918 3559 1104 3613 eadem
1135 3562 1353 3629 scripta,
1397 3579 1517 3632 qua:
1546 3579 1671 3632 pro-

109 3656 228 3714 pter
251 3645 487 3701 auctoris
514 3661 729 3710 nmnen,
751 3657 805 3702 et
832 3662 919 3703 res
939 3664 1141 3715 sacras,
1167 3665 1230 3705 ac
1254 3652 1410 3721 plane
1435 3653 1668 3718 divinas,

110 3753 231 3806 qua:
271 3738 324 3791 in
370 3739 450 3791 eis
496 3748 920 3806 pertractantur,
954 3741 1305 3796 celeberrima
1349 3759 1465 3798 esse
1506 3747 1669 3800 debe-

110 3831 269 3893 bant,
312 3840 366 3885 et
410 3831 656 3885 onmibus
688 3830 1018 3887 Christianis
1072 3835 1386 3897 notissima,
1435 3850 1529 3905 per
1567 3838 1671 3890 tria

115 3930 289 3973 tamen
323 3923 502 3989 priora
536 3922 785 3977 Ecclesia:
819 3924 1015 3978 saecula
1051 3925 1179 3978 nulli
1210 3926 1431 3980 omnino
1457 3930 1667 3998 cognita

115 4012 362 4076 fuerunt,
403 4012 497 4067 sed
527 4014 792 4070 altissimo
840 4018 1207 4085 praetermissa
1250 4018 1493 4099 silentio,
1524 4031 1665 4077 tene-

113 4103 332 4172 brisque
355 4101 546 4156 obruta
578 4104 929 4160 densissimis.

180 4194 322 4259 Quid
372 4195 548 4261 quod,
580 4195 614 4247 ii
654 4195 746 4262 qui
784 4209 879 4263 per
907 4211 970 4249 ea
1022 4205 1263 4268 tempora
1293 4201 1362 4254 de
1410 4201 1671 4274 Dionysio

114 4287 435 4355 Areopagita
492 4285 691 4354 aliquid
731 4288 1005 4341 memoriae
1053 4291 1417 4357 mandarunt,
1454 4294 1535 4347 vel
1578 4299 1667 4364 qui

114 4376 553 4431 accuratissimos
591 4377 914 4447 scriptorum
958 4380 1451 4437 ecclesiasticarum
1487 4387 1669 4440 edide-

115 4478 239 4522 runt
282 4468 579 4535 eatalogos,
623 4478 750 4537 puta
794 4469 1081 4541 Dionysius
1123 4465 1460 4536 Corinthius,
1500 4476 1665 4531 Euse-

115 4565 253 4623 bius,
297 4561 681 4642 Hieronymus,
715 4563 914 4618 nullam
960 4565 1043 4619 vel
1091 4566 1443 4635 epistolarnm
1479 4571 1557 4624 vel
1607 4572 1669 4625 li-

117 4668 337 4709 ororum
362 4654 480 4721 ejus
508 4657 836 4709 mentionem
865 4672 1098 4724 unquam
1126 4658 1385 4713 fecerunt.

186 4746 433 4814 Denique
464 4747 497 4799 ii
535 4746 625 4814 qui
654 4761 868 4800 errores
903 4756 959 4801 et
990 4748 1220 4802 hazreses
1257 4750 1341 4803 bis
1368 4752 1419 4805 in
1450 4754 1667 4821 scriptis

115 4839 363 4907 explosas
389 4837 686 4903 conlutant,
715 4840 971 4892 nimirum
1000 4838 1253 4903 lrenseus,
1281 4840 1662 4910 Tertullianus,

115 4931 443 4999 Cyprianus,
490 4940 650 5000 atque
677 4932 798 4994 alii;
831 4930 915 4985 vel
946 4934 1033 5000 qui
1071 4935 1119 4986 in
1154 4935 1339 4990 iisdem
1379 4951 1443 4989 ac
1474 4948 1663 4993 auctor

118 5033 305 5077 noster
342 5024 673 5090 argumentis
710 5023 821 5077 sive
850 5025 991 5087 ﬁdei,
1017 5027 1128 5079 sive
1160 5027 1456 5097 disciplina:
1485 5032 1666 5085 eccle-

114 5115 348 5169 siastica:
383 5114 676 5167 tractandis
704 5116 1056 5181 desudarnnt,
1088 5118 1273 5173 nullibi
1321 5121 1522 5189 scripta
1551 5123 1666 5191 ejus

115 5206 181 5257 ad
213 5202 335 5257 lites
362 5215 492 5256 suas
532 5202 884 5265 dirimendas,
913 5205 980 5257 ad
1014 5204 1370 5262 confutandas
1410 5209 1663 5272 haereses,

119 5296 186 5347 ad
237 5292 521 5347 veritatem
584 5293 935 5347 astruendam
988 5293 1355 5351 etlicacissima
1406 5307 1461 5351 et
1509 5299 1663 5365 plane

121 5388 448 5452 necessaria,
474 5390 670 5442 cilasse
702 5405 936 5458 unquam
968 5390 1229 5460 leguntur.

192 5481 502 5534 Secundum
566 5492 753 5533 eorum
830 5489 1155 5536 momentum
1236 5485 1362 5541 inde
1433 5484 1660 5547 eruitur,

121 5573 267 5638 quod
299 5571 364 5623 iis
392 5571 553 5624 etiam
585 5571 793 5623 saeculis
814 5572 1009 5638 quibus
1036 5573 1217 5640 Opinio
1239 5575 1306 5627 de
1338 5577 1421 5627 his
1451 5576 1664 5644 scriptis

129 5658 385 5727 Dienysio
424 5658 791 5723 adjudicandis
834 5662 1081 5733 inualuit,
1126 5662 1288 5731 aliqui
1330 5665 1493 5717 variis
1532 5676 1662 5719 teut-

269 5837 285 5864 ⁸
329 5832 562 5887 Ptocm.
596 5852 645 5885 in
674 5832 907 5900 Dionysii
950 5834 1132 5900 Opera.

1777 3288 2068 3357 praecipere
2107 3286 2427 3347 debuerunt,
2462 3296 2519 3337 ut
2559 3282 2714 3349 juxta
2750 3282 3030 3349 antiquum
3083 3280 3337 3333 Ecclesiae

1780 3392 1985 3433 morem
2021 3377 2236 3433 eosdem
2265 3377 2349 3429 vel
2386 3376 2525 3443 apud
2559 3388 2639 3438 se,
2665 3374 2747 3427 vel
2782 3374 2837 3429 iu
2870 3375 3045 3429 sacris
3075 3372 3325 3429 Ecclesia-

1780 3485 1897 3523 rum
1948 3468 2163 3523 scriniis
2194 3466 2509 3522 asservandi
2559 3465 3080 3521 transcriberentur.
3113 3466 3333 3520 Certum

1777 3563 1996 3629 insuper
2026 3560 2237 3614 videtur
2260 3558 2477 3626 aliquod
2502 3571 2689 3625 eorum
2718 3558 2991 3625 exemplar
3019 3575 3045 3610 a
3079 3557 3335 3627 Dionysio

1776 3653 1891 3720 ipso
1917 3650 2172 3704 Ecclesia:
2201 3665 2311 3703 suae
2349 3647 2665 3702 Atheniensi
2700 3646 2867 3702 fuisse
2896 3648 3165 3702 relictum.
3197 3648 3329 3714 Quis

1772 3758 1902 3811 ergo
1946 3742 2276 3798 inﬁciabitur
2305 3756 2398 3794 eos
2427 3741 2609 3793 statim
2656 3749 2712 3793 ut
2761 3740 3049 3810 Dionysius
3087 3748 3334 3795 mortuus

1771 3840 1876 3894 est,
1908 3831 2290 3885 celeberrimos
2328 3842 2448 3883 esse
2478 3829 2751 3892 debuisse,
2795 3838 2847 3882 et
2879 3829 3130 3884 omnibus
3161 3830 3315 3883 notis-

1771 3926 1975 3978 shnos?

1845 4016 1951 4073 Sed
1994 4020 2107 4073 haec
2142 4032 2247 4071 non
2280 4025 2560 4072 morantur
2586 4015 2999 4085 Pachymerem.
3043 4012 3092 4067 ls
3129 4013 3327 4081 quippe

1773 4108 1952 4161 nullus
1978 4108 2183 4162 dubitat
2213 4108 2327 4160 hanc
2356 4106 2533 4176 Opera
2565 4106 2781 4175 cognita
2812 4105 2975 4158 fuisse
3022 4104 3242 4173 paganis
3274 4113 3330 4158 et

1774 4202 1841 4253 ab
1872 4201 1952 4254 eis
1974 4203 2267 4265 occultata,
2291 4207 2350 4253 ut
2375 4215 2472 4254 suo
2506 4207 2626 4267 post
2652 4199 2764 4253 hinc
2796 4199 3009 4251 nomine
3037 4196 3127 4250 illa
3155 4196 3329 4264 publi-

1772 4301 1980 4357 carent,
2013 4301 2067 4345 et
2097 4307 2286 4346 eorum
2327 4301 2508 4359 patres
2548 4292 2879 4347 viderentur.
2911 4288 3191 4344 Sciendum
3222 4300 3327 4351 est,

1772 4383 1948 4451 inquit
1999 4382 2045 4446 ⁸,
2088 4382 2293 4452 aliquos
2344 4391 2583 4435 externos
2627 4381 2979 4447 philosophos,
3034 4380 3327 4445 prresertim

1778 4474 2043 4539 Proetum,
2066 4473 2585 4541 contemplationibus
2610 4472 2745 4525 beati
2773 4470 3008 4539 Dionysii
3032 4470 3326 4535 frequenter

1774 4584 1927 4621 usum
1965 4568 2144 4635 fuisse,
2174 4576 2328 4635 atque
2370 4566 2499 4618 adeo
2543 4566 2699 4617 etiam
2732 4565 2884 4617 meris
2916 4562 3044 4627 ipsis
3080 4561 3325 4614 dictioni-

1776 4659 1890 4710 bus.
1917 4654 2048 4709 Inde
2068 4656 2185 4709 licet
2209 4656 2410 4721 apinari
2435 4665 2624 4707 veteres
2646 4654 2975 4721 philosophos
2992 4651 3324 4704 Atheuienses

1774 4751 1937 4816 ipsius
1964 4764 2117 4816 opera
2142 4749 2456 4801 vindicantes
2486 4745 2791 4808 occultasse,
2818 4756 2871 4797 ut
2902 4746 3004 4813 ipsi
3032 4745 3325 4796 divinorum

1774 4843 1885 4909 ejus
1914 4842 2164 4894 librorum
2196 4852 2369 4907 patres
2402 4842 2717 4893 viderentur.
2752 4838 2905 4893 Unde
2937 4837 3208 4891 concludit
3231 4852 3324 4889 eos

1777 4948 1868 5001 per
1896 4933 2051 4985 unius
2078 4944 2132 4985 et
2158 4932 2382 4985 alterius
2405 4930 2583 4983 szecnli
2613 4930 2843 4999 spatium
2878 4928 3034 4981 facile
3063 4928 3323 4979 abscondi

1774 5024 2014 5091 potuisse
2039 5032 2090 5077 et
2121 5024 2397 5078 occultari.

1842 5119 1908 5167 At
1939 5117 2147 5171 tametsi
2182 5116 2307 5168 illud
2340 5125 2545 5168 certum
2572 5123 2712 5167 esset
2742 5123 2793 5166 et
2826 5112 3189 5175 verissimum,
3217 5125 3323 5165 n0n

1774 5209 1893 5263 inde
1930 5224 2105 5262 tamen
2137 5208 2216 5262 vis
2259 5208 2556 5275 argumenti
2594 5206 2702 5259 ullo
2733 5205 2893 5273 plane
2942 5204 3098 5256 modo
3132 5202 3300 5255 minui

1775 5312 1881 5353 tur.
1913 5301 2170 5367 Quamvis
2196 5300 2338 5353 enim
2384 5309 2438 5352 et
2476 5297 2800 5366 philosophi,
2830 5304 2992 5362 atque
3022 5296 3184 5349 etiam
3221 5304 3298 5346 nr

1776 5393 1924 5448 retiei
1968 5405 2190 5455 omnes,
2240 5390 2379 5458 quod
2430 5392 2517 5441 vix
2564 5389 2775 5455 quidem
2825 5397 2907 5441 est
2950 5387 3228 5449 credibile,
3260 5387 3323 5441 de

1770 5482 2106 5537 occultandis
2152 5475 2391 5548 Dionysii
2424 5477 2686 5546 Operibns
2726 5476 3127 5543 conjnrassent,
3155 5474 3237 5526 vel
3272 5475 3321 5524 in

1770 5589 1953 5627 corum
1980 5576 2141 5629 etiam
2173 5573 2577 5639 conspirassent
2608 5570 3039 5628 cxstinctionem,
3075 5567 3123 5617 in
3168 5564 3313 5631 plura

1775 5678 1949 5721 tamen
2001 5683 2183 5721 eorum
2218 5663 2569 5731 exemplaria,
2610 5676 2725 5729 qua:
2758 5674 2919 5729 penes
2965 5657 3318 5717 Christianos,
