4198 6304
827 438 888 491 i9
1928 424 1981 478 S.
2030 418 2395 476 [ΜΟΝἵὸΙῶ
2437 413 2887 470 AREOPAGITA.
3986 404 4053 455 20

819 553 1055 607 maxime
1087 564 1217 605 vero
1247 550 1553 618 episcopos,
1597 548 1677 600 vel
1712 549 1763 600 in
1802 546 2156 615 quarumdam
2206 538 2384 594 Ecclc-
2417 556 2461 607 Α
2492 533 2727 588 secundo
2765 541 2819 585 et
2851 529 3009 585 tertio
3060 528 3253 582 saeculo
3280 518 3627 590 Christianis,
3659 538 3835 590 neque
3864 521 4051 576 eodem

818 647 1021 698 siarum
1054 643 1269 697 scriniis
1298 642 1503 696 servari
1535 639 1827 701 debebant,
1862 652 1961 691 nec
1999 634 2257 689 invadere
2289 646 2384 699 po-

822 744 1063 796 tnerunt,
1112 749 1207 788 nec
1249 748 1309 786 ea
1345 731 1452 786 illis
1480 734 1709 801 eripere.
1757 731 1895 797 Quid
1922 729 2086 799 quod,
2133 742 2255 781 cum
2290 724 2382 779 illa

820 828 1018 896 scripta
1052 825 1245 879 sarculo
1274 834 1426 878 sexto
1459 824 1723 892 producta
1756 830 1901 885 sunt,
1932 834 2121 874 omnes
2154 819 2384 872 incredi-

820 916 908 969 bili
937 916 1195 984 applausu
1230 930 1290 967 ea
1326 924 1673 983 exceperunt,
1706 913 1919 982 plurimi
1949 926 2141 981 magno
2164 911 2381 979 quidem

818 1006 1222 1074 descripserunt
1258 1005 1464 1069 labore,
1492 1020 1553 1057 ac
1580 1007 1803 1073 quidam
1830 1005 1995 1059 etiam
2036 1003 2125 1056 illa
2160 1011 2212 1056 et
2245 1001 2385 1055 notis

819 1096 1162 1151 illustrarunt
1196 1090 1249 1152 ei
1280 1097 1534 1151 scholits?
1569 1098 1677 1152 Cur
1708 1111 1837 1165 ergo
1868 1096 2119 1165 Dionysii
2144 1104 2385 1163 tempore

818 1187 1068 1240 eumdem
1100 1186 1412 1256 applausum
1447 1188 1786 1255 similemque
1817 1188 2234 1241 admirationem
2276 1198 2380 1237 non

818 1278 1228 1331 excitaverunt?
1258 1277 1367 1331 Cur
1396 1279 1577 1331 statim
1615 1290 1777 1347 atque
1808 1287 2139 1345 aspexerunt
2185 1276 2382 1335 lucem,

820 1365 965 1422 illico
997 1368 1048 1421 in
1089 1379 1271 1424 tantas
1302 1369 1653 1426 obscuritatis
1681 1371 1916 1425 latebras
1950 1369 2172 1423 fuerunt
2200 1383 2386 1422 aman-

818 1462 979 1515 data?

892 1554 1123 1619 Quidam
1169 1554 1531 1625 Areopagitici
1570 1555 1723 1609 aiunt
1757 1555 1847 1611 illa
1878 1555 2098 1624 quidem
2142 1555 2387 1625 aliquan-

819 1646 910 1700 diu
941 1661 1126 1716 sparsa
1155 1648 1324 1703 fuisse
1348 1649 1398 1701 in
1431 1649 1636 1715 vulgus,
1664 1650 1757 1703 sed
1790 1651 1970 1703 omnia
1994 1664 2183 1703 eorum
2211 1665 2387 1703 exem-

820 1740 991 1811 plaria
1025 1743 1092 1797 ab
1120 1742 1365 1805 Arionis,
1412 1744 1502 1810 qui
1540 1758 1670 1796 SUOS
1700 1742 1753 1795 in
1792 1743 1857 1796 iis
1891 1758 2106 1798 errores
2139 1744 2387 1797 damnari

822 1838 1110 1907 videbant,
1155 1841 1238 1895 vel
1289 1840 1593 1907 occultata,
1637 1841 1719 1897 vel
1757 1840 1965 1896 sublata
2006 1856 2036 1895 e
2081 1840 2275 1894 medio.
2322 1841 2389 1891 At

2490 642 2552 680 ac
2582 625 2706 678 aliis
2736 633 2919 692 postea
2951 621 3173 675 fuerunt
3202 620 3256 671 in
3286 619 3479 687 pretio,
3506 632 3679 687 neque
3706 618 3891 669 eadem
3923 629 4053 669 cura

2489 718 2713 788 perlecti
2744 724 2794 769 et
2831 713 3129 768 asservati?
3167 711 3421 780 Nunquid
3470 710 3553 763 his
3594 707 3908 762 hominibus
3936 715 4058 776 post

2488 820 2569 866 tot
2613 824 2876 863 annorum
2918 815 2971 861 et
3012 805 3248 875 plurium
3287 802 3609 857 saeculorum
3652 800 3886 869 spatium
3924 796 4054 852 facti

2488 911 2613 954 sunt
2638 900 2916 963 clariores,
2951 896 3277 965 majorisque
3312 894 3570 964 ponderis
3591 904 3643 945 ct
3677 888 4061 945 auctoritatis?

2487 1000 2645 1052 Certe
2674 997 2808 1050 liber
2835 996 2907 1049 De
2936 994 3228 1046 Itierarchia
3255 990 3627 1052 ecclesiastica,
3654 988 3741 1041 ubi
3771 986 4059 1040 disseritur

2490 1088 2554 1141 de
2586 1087 2943 1142 sacramentis
2973 1098 3268 1152 eorumque
3309 1080 3677 1142 caeremoniis,
3725 1092 3845 1146 quae
3875 1076 4057 1144 quoti-

2490 1180 2652 1233 diano
2698 1189 2854 1233 erant
2896 1178 2947 1230 in
3007 1192 3136 1239 usu,
3184 1188 3410 1243 qumque
3456 1170 3711 1226 omnibus
3759 1169 4059 1235 saepissime

2489 1271 2914 1340 explicahantur,
2948 1268 3076 1323 nulli
3110 1266 3394 1321 obscurior
3424 1277 3543 1316 esse
3590 1260 3853 1324 debebat,
3904 1268 4058 1326 pote-

2491 1372 2679 1430 ratque
2717 1360 2785 1413 ab
2810 1359 3060 1413 omnibus
3089 1358 3229 1410 haud
3262 1355 3549 1410 difficulter
3579 1350 3834 1420 intelligi.
3864 1348 4058 1405 Debuit

2490 1468 2617 1523 ergo
2656 1451 3048 1521 antiquissimis
3076 1446 3402 1503 Christianis
3445 1447 3650 1499 charus
3683 1457 3829 1503 esse,
3863 1449 3917 1493 et
3966 1454 4059 1492 eo-

2490 1564 2607 1602 rum
2640 1547 2738 1601 tcri
2777 1546 3057 1608 manibus;
3095 1551 3255 1611 atque
3296 1539 3442 1594 illius
3492 1538 3696 1593 idcirco
3730 1534 3914 1591 debuit
3946 1532 4056 1587 sal-

2490 1649 2596 1693 tem
2650 1637 2937 1707 aliquando
2986 1636 3127 1706 apud
3182 1634 3387 1700 primos
3440 1630 3697 1685 Ecclesia:
3759 1626 4059 1695 scriptores

2492 1730 2607 1785 fieri
2641 1731 2865 1784 mentio.

2562 1820 2687 1877 Haec
2732 1822 2945 1890 quidem
2991 1834 3112 1873 cum
3163 1818 3230 1872 ab
3278 1814 3612 1885 mquioribus
3660 1810 4062 1882 Areopagiticis

821 1930 906 1983 bis
942 1931 1143 1999 pariter
1188 1926 1478 2001 opponitur
1521 1904 1608 1985 illa
1657 1933 1846 1987 saltem
1885 1931 2213 2013 exemplaria
2268 1946 2385 1998 quas
2419 1931 2463 1990 B

2419 1931 2463 1990 Β
2495 1915 2675 1985 negari
2709 1929 2813 1969 non
2852 1913 3078 1982 possint,
3125 1912 3230 1965 alio
3274 1909 3683 1977 responsionem
3724 1921 3878 1961 suam
3912 1904 4055 1958 deri-

825 2022 964 2089 apud
996 2022 1329 2077 orthodoxos
1368 2032 1421 2075 et
1464 2023 1516 2077 in
1563 2039 1751 2077 eorum
1796 2023 2052 2079 Ecclesiis
2097 2022 2392 2077 servaban-

826 2123 931 2175 tur,
963 2114 1029 2166 ab
1058 2114 1275 2168 Arianis
1324 2130 1419 2169 nec
1464 2116 1701 2183 potuisse
1745 2116 2001 2171 abscondi
2036 2130 2133 2169 nec
2164 2113 2388 2168 auferri.

827 2207 892 2261 Et
918 2219 1069 2262 certe
1102 2224 1206 2263 non
1241 2211 1417 2264 minor
1443 2220 1561 2264 erat
1586 2210 2015 2273 Catholicorum,
2050 2210 2116 2263 ad
2162 2223 2225 2263 ea
2258 2210 2392 2263 scri-

830 2310 943 2367 pta,
991 2301 1173 2369 quibus
1202 2302 1513 2356 orthodoxa:
1544 2301 1789 2356 veritatis
1835 2301 2241 2363 astruebantur,
2280 2315 2392 2353 ma-

833 2392 1135 2446 nifestanda
1165 2394 1328 2447 ardor
1360 2404 1415 2449 et
1441 2396 1701 2460 studium,
1729 2410 1887 2462 quam
1920 2394 2299 2447 hmreticorum
2326 2393 2391 2446 ad

830 2483 1019 2537 eadem
1067 2484 1331 2538 abolenda
1383 2487 1689 2541 sollicitudo
1731 2495 1786 2539 et
1833 2484 2077 2538 audacia.
2126 2484 2295 2546 Adde,
2347 2483 2389 2537 si

831 2576 983 2639 velis,
1030 2577 1169 2644 quod
1210 2577 1397 2631 Ariani
1440 2578 1665 2643 hujusce
1705 2577 1928 2640 fraudis,
1960 2576 2041 2629 vel
2076 2577 2142 2630 ab
2187 2576 2253 2629 iis
2300 2575 2389 2643 qui

827 2678 1015 2716 eorum
1051 2666 1300 2719 lueresun
1333 2668 1639 2733 ejurabant,
1677 2671 1759 2721 vel
1787 2683 1813 2720 a
1843 2668 2164 2736 quibusdam
2202 2667 2393 2720 catho-

829 2757 948 2809 licis
994 2758 1359 2826 scriptoribus
1395 2758 1623 2813 fuissent
1661 2761 1949 2828 aliquando
1984 2759 2277 2815 insimulati
2312 2771 2393 2813 at-

828 2862 932 2914 que
960 2850 1121 2902 etiam
1154 2852 1411 2906 convicti.

900 2941 1238 3011 Quapropter
1275 2943 1363 2996 alii
1392 2944 1733 3014 Areopagitae
1765 2946 2076 3000 defensores
2110 2947 2205 2999 has
2242 2946 2392 2999 lucu-

831 3034 1127 3102 brationes,
1182 3045 1365 3107 utpote
1408 3039 1473 3090 de
1538 3038 1698 3094 rebus
1749 3039 2077 3094 difficillimis
2106 3049 2158 3093 et
2190 3040 2391 3093 obscu-

834 3127 1064 3183 rissitnis
1095 3138 1407 3197 tractantes,
1440 3148 1502 3187 ac
1531 3132 1673 3187 elato
1718 3132 2041 3201 turgidoque
2072 3142 2127 3185 et
2158 3131 2392 3185 obscuro

830 3230 1081 3276 exaratos
1131 3222 1290 3292 stylo,
1338 3240 1365 3274 a
1416 3234 1520 3277 tam
1562 3223 1753 3291 paucis
1798 3223 1967 3279 fuisse
2019 3222 2392 3293 pervolutatas

2494 2018 2648 2070 rant,
2696 2007 2957 2074 aiuntque
3010 2006 3061 2057 in
3110 2012 3351 2058 veterum
3408 2010 3689 2055 auctorum
3753 2012 3901 2051 more
3952 2011 4061 2050 nou

2496 2099 2661 2153 fuisse
2707 2108 2768 2152 ut
2816 2098 2881 2151 ad
2935 2110 3155 2151 suorum
3215 2096 3526 2162 dogmatum
3592 2089 4065 2145 confirmationem

2493 2192 2719 2246 aliorum
2773 2189 3083 2243 testimonia
3131 2188 3489 2248 adhiberent,
3524 2184 3626 2236 nisi
3674 2184 3729 2236 id
3783 2182 4058 2237 [imretico-

2493 2302 2609 2337 rum
2660 2284 2945 2353 pertinacia
2993 2282 3055 2334 ab
3094 2282 3217 2349 ipsis
3249 2287 3615 2345 extorqueret:
3660 2278 3762 2328 imo
3808 2276 4064 2327 adversus

2492 2376 2615 2443 ﬁdei
2646 2377 2828 2428 ‘Itostes
2872 2384 3133 2427 certamen
3163 2388 3226 2425 ea:
3257 2371 3384 2423 solis
3420 2370 3719 2423 divinarum
3766 2366 4063 2417 litterarum

2495 2467 2800 2520 testimoniis
2824 2464 3171 2517 instruebant.
3201 2462 3365 2515 Hinc.
3392 2502 3406 2517 .
3432 2500 3445 2512 .
3478 2478 3569 2513 nec
3597 2459 3922 2512 Athanasius
3953 2458 4068 2524 ipse

2499 2558 2718 2611 Patrum
2753 2556 3150 2611 auctoritatibus
3194 2555 3259 2606 ad
3296 2553 3611 2605 Arianorum
3662 2550 4069 2604 debellationen-

2496 2670 2621 2707 usus
2654 2660 2751 2714 est,
2784 2662 2891 2704 etc.

2567 2744 2620 2797 Si
2671 2759 2757 2798 res
2802 2744 2871 2796 ita
2921 2756 2977 2795 se
3010 2741 3231 2803 habeat,
3269 2746 3459 2808 urgent
3490 2752 3676 2791 eorum
3728 2734 4064 2794 adversarii,

2497 2837 2739 2908 profecto
2783 2834 3073 2902 Dionysius
3118 2830 3442 2899 Areopagita
3486 2828 3721 2899 Operum
3748 2868 3761 2891 ,
3812 2843 3931 2897 quae
3986 2826 4069 2880 illi

2497 2929 2820 2988 tribuuntur,
2871 2933 3063 2977 auctor
3111 2922 3217 2976 diei
3267 2935 3370 2975 non
3410 2930 3606 2989 potest.
3648 2921 3734 2973 llle
3783 2918 4063 2987 siquidem

2498 3037 2601 3075 non
2648 3017 2816 3073 solum
2852 3017 3003 3085 plura
3036 3013 3272 3083 magistri
3304 3012 3383 3066 sui
3417 3012 3715 3079 fragmenta
3748 3010 4061 3079 descripsit,

2499 3114 2591 3169 sed
2623 3112 2853 3166 aliorum
2883 3110 3043 3162 etiam
3074 3108 3204 3160 citat
3240 3104 3639 3166 auctoritatem,
3672 3102 3971 3157 sententias
4002 3110 4064 3156 et

2498 3205 2682 3267 verba,
2718 3212 2845 3273 puta
2890 3200 3098 3269 Ignatii,
3142 3195 3303 3263 Justi,
3334 3194 3735 3257 Bartholomtei,
3772 3194 4073 3248 Clementis

832 3310 1124 3376 :tfiirmant,
1162 3325 1218 3367 ut
1253 3316 1361 3367 cito
1408 3285 1621 3385 longam
1667 3316 1913 3371 venerint
1943 3317 1995 3371 in
2019 3285 2390 3372 '0blivionem.
2423 3292 2463 3347 Ο
2499 3296 2835 3368 Philosophi:
2881 3308 2978 3347 "0‘3
3022 3308 3127 3345 “0"
3160 3290 3319 3359 Carpi
3365 3291 3649 3342 'iSionem-
3693 3285 3829 3351 Qum
3877 3286 4079 3355 Plura?

834 3403 942 3457 Sed
973 3404 1058 3457 illa
1098 3407 1376 3474 rcSponsio
1410 3407 1539 3475 ipsis
1571 3409 1811 3462 auctoris
1846 3409 2014 3462 nostri
2057 3410 2239 3463 verbis
2277 3408 2399 3462 fun-

834 3498 978 3551 ditus
1021 3500 1188 3553 everti
1235 3501 1504 3569 arguitur.
1540 3501 1631 3555 Ille
1664 3518 1898 3571 namque
1930 3510 2118 3569 aperte
2150 3502 2395 3556 declarat

834 3606 893 3645 se
939 3607 1091 3644 suum
1137 3590 1213 3645 De
1248 3595 1439 3646 divinis
1482 3595 1775 3647 nominibus
1821 3595 2050 3659 librum,
2090 3595 2287 3663 inquo
2334 3596 2399 3649 de

836 3678 1000 3732 rebus
1028 3679 1432 3735 sublimioribus
1455 3693 1507 3736 et
1544 3682 1935 3739 difﬁcilioribus
1966 3685 2223 3753 disputat,
2258 3685 2398 3755 stylo

836 3770 1157 3840 simpliciori
1212 3772 1539 3841 clariorique
1587 3775 1979 3844 conscripsisse
2026 3786 2083 3831 ut
2126 3790 2190 3832 ea
2242 3775 2400 3832 Chri-

836 3862 1046 3919 stianos
1092 3863 1268 3917 minus
1304 3864 1574 3932 perfectos
1619 3868 1871 3931 doceret,
1918 3884 2037 3938 qua:
2083 3869 2402 3925 Timotheus

837 3954 1275 4020 perfectioribus,
1300 3968 1355 4010 et
1388 3957 1453 4011 iis
1486 3960 1577 4025 qui
1611 3960 1927 4015 sublimiora
1958 3965 2203 4033 capiunt,
2235 3965 2400 4018 tradi-

836 4046 989 4098 derat
1034 4064 1046 4098 :
1084 4045 1435 4115 Quapropter,
1481 4050 1657 4120 inquit
1708 4052 1796 4107 ille
1822 4054 1887 4119 δ’,
1939 4072 2031 4109 nos
2072 4073 2274 4127 quoque
2312 4072 2401 4109 seu

834 4138 1185 4205 perfectorum
1218 4142 1564 4211 seniliumque
1602 4160 1850 4199 sensuum
1884 4148 2228 4216 magistrum,
2271 4150 2401 4203 alte-

838 4245 1025 4297 rasque
1072 4232 1383 4299 scripturas,
1421 4249 1536 4299 qute
1577 4234 1828 4288 divinitus
1878 4237 2173 4307 amatorum
2205 4241 2402 4305 scripta

836 4322 1073 4389 proxime
1121 4326 1605 4391 assequuntur,iis
1649 4328 1737 4393 qui
1787 4326 2095 4381 sublimiora
2148 4330 2399 4397 capiunt,

836 4410 985 4464 illum
1033 4412 1362 4479 assignamus
1387 4426 1406 4465 :
1447 4428 1538 4467 nos
1567 4430 1685 4468 uero
1726 4417 1890 4469 nostri
1923 4417 2183 4470 similibus
2211 4419 2279 4472 ad
2315 4436 2400 4473 ca-

836 4509 982 4566 ptum
1032 4511 1268 4555 nostrum
1308 4518 1386 4556 res
1418 4504 1622 4557 divinas
1662 4507 2059 4573 explanavimus
2081 4548 2094 4563 .
2120 4550 2133 4561 .
2155 4549 2167 4563 .
2204 4526 2402 4564 sermo—

839 4608 964 4644 num
1020 4610 1137 4646 vero
1198 4594 1733 4661 introductoriorum,
1790 4616 1881 4653 seu
1939 4601 2206 4669 inferioris
2264 4615 2400 4657 nam:

836 4686 1110 4737 scientiam
1138 4702 1198 4738 ac
1233 4688 1569 4756 disciplinam
1608 4691 1961 4752 initiantibus.
1989 4703 2144 4763 atque
2174 4696 2400 4749 initiatis

837 4778 1129 4828 convenire.
1151 4814 1198 4828 ..
1228 4793 1289 4829 ne
1318 4794 1412 4845 pro
1454 4780 1663 4831 modulo
1699 4791 1871 4833 nostro
1904 4782 2052 4845 illos,
2080 4783 2267 4851 quibus
2315 4802 2403 4837 su-

838 4867 1079 4921 blimiora
1117 4869 1266 4923 nobis
1296 4872 1677 4939 contemplandi
1711 4872 1938 4939 facultas
1978 4877 2140 4940 deest,
2173 4877 2400 4930 admini-

838 4960 956 5012 culo
997 4961 1272 5013 destitutos
1318 4972 1635 5029 pateremur,
1668 4965 1737 5017 ad
1785 4967 2113 5019 scribendum
2166 4970 2401 5021 animum

837 5053 1155 5118 appulimus.
1195 5051 1378 5119 Longe
1408 5070 1536 5121 ergo
1580 5071 1608 5107 a
1653 5071 1816 5123 scopo
1850 5058 1941 5112 ille
1989 5059 2318 5125 aberrasset,
2354 5061 2399 5113 si

839 5148 1101 5198 cothurno
1150 5146 1377 5215 tragico,
1420 5157 1476 5199 ut
1515 5149 1805 5215 opinantur
1842 5150 2231 5219 Areopagitici,
2283 5168 2400 5205 am-

840 5238 1102 5307 pullisque
1152 5248 1204 5293 et
1256 5238 1434 5292 verbis
1481 5242 1543 5293 ad
1595 5255 1844 5309 pompam
1893 5242 2084 5298 effictis
2141 5244 2404 5312 turgidior

838 5331 955 5397 ejus
990 5330 1191 5391 oratio,
1234 5331 1488 5385 omnibus
1520 5332 1590 5384 ita
1623 5332 1851 5386 difiicilis
1884 5345 2030 5387 esset
2064 5344 2119 5389 et
2150 5336 2404 5403 obscura,

842 5433 897 5475 ut
932 5437 957 5473 a
1010 5421 1268 5475 librorum
1307 5422 1421 5489 ejus
1466 5424 1699 5478 lectione
1754 5425 1983 5479 fuissent
2035 5426 2267 5494 quilibet
2308 5429 2401 5482 de-

843 5515 1032 5567 territi.

908 5604 1173 5660 Cmterum
1225 5608 1575 5678 quantumvis
1623 5608 1761 5662 elata
1808 5618 1864 5664 et
1910 5608 2142 5665 difficilis
2186 5611 2258 5665 sit
2303 5625 2403 5664 au-

841 5696 1004 5751 eloris
1049 5698 1217 5753 nostri
1263 5698 1471 5764 oratio,
1518 5716 1616 5754 cur
1663 5701 1777 5769 ejus
1831 5701 1952 5755 libri
2004 5701 2403 5771 antiquioribus

934 5876 975 5905 ν
1009 5875 1076 5925 fle
1123 5875 1280 5927 divin.
1316 5877 1530 5943 nomiu.,
1588 5893 1701 5945 cap.
1732 5876 1779 5937 ὖ,
1820 5876 1845 5945 Ξ
1888 5878 1937 5929 9--

2500 3392 2741 3447 Aliorum
2775 3388 2941 3443 etiam
2988 3385 3269 3456 Opiniones
3318 3382 3522 3444 refert,
3569 3396 3632 3433 ac
3674 3395 3765 3434 eas
3807 3392 3943 3441 quas
3976 3394 4077 3432 ve-

2501 3488 2672 3541 riores
2702 3496 2823 3539 esse
2852 3488 3020 3547 putat,
3055 3479 3166 3547 ipse
3198 3476 3570 3544 amplectitur.

2569 3581 2833 3634 Praeterea
2873 3582 3076 3635 autem,
3102 3584 3199 3623 cur
3233 3567 3491 3634 frena‘us,
3524 3549 3913 3628 Tertullianus,
3948 3561 4073 3615 alii-

2502 3690 2604 3742 que
2650 3672 2837 3725 Patres
2887 3665 3056 3722 vai‘iis
3107 3662 3341 3731 Dionysii
3394 3659 3768 3728 Areopagitae,
3823 3658 3963 3711 sicut
4010 3668 4080 3711 et

2502 3766 2726 3818 aliorum
2775 3764 3115 3818 deccssorum
3164 3768 3383 3809 suorum
3422 3752 3745 3807 testimoniis
3792 3751 4071 3804 adversus

2503 3857 2584 3911 sui
2618 3856 2873 3924 temporis
2902 3853 3183 3909 haereticos
3215 3862 3330 3904 non
3376 3844 3643 3899 utuntur?
3670 3842 3926 3911 Nunquid
3956 3842 4081 3895 ha:-

2505 3950 2797 4003 reticorum
2836 3946 3141 4015 pervicacia
3186 3944 3300 3999 haec
3328 3936 3709 4012 xposteriorum
3758 3933 4077 3988 testimOuia

2504 4040 2674 4109 magis
2701 4054 2862 4107 quam
2890 4037 3219 4109 Dionysiana
3244 4036 3311 4090 ab
3340 4029 3471 4103 ipsis
3496 4025 3895 4096 extorquebat?
3922 4023 4081 4077 Nun-

2503 4133 2628 4201 quid
2663 4133 2728 4187 ad
2756 4146 2850 4186 eos
2882 4130 3237 4184 confutandos
3265 4128 3445 4181 minus
3485 4118 3745 4195 pondtﬂ'is
3770 4126 3863 4172 aut
3890 4116 4079 4172 emea-

2503 4224 2683 4279 citatis
2713 4223 2945 4277 habebat
2974 4222 3214 4293 Dionysii
3246 4219 3586 4289 Areopagitae
3629 4232 3793 4288 quam
3838 4210 4077 4271 alierum

2504 4314 2845 4371 auctoritas?

3113 4426 3339 4484 CAPUT
3380 4427 3466 4482 Vl.

2506 4524 2662 4578 Aliud
2694 4522 3296 4590 Antiareopagiticorum
3332 4531 3716 4588 argumentum,
3758 4535 3821 4573 ea:
3852 4517 4075 4573 Eusebii

2644 4606 2690 4648 et
2726 4592 3033 4660 Hieronymi
3063 4592 3267 4643 silentio
3298 4594 3541 4658 petitum,
3567 4592 3921 4676 examinatum

2575 4686 2682 4740 Sed
2747 4698 2878 4753 age,
2927 4693 3094 4747 atque
3150 4682 3659 4752 Areopagiticorum
3728 4682 4079 4737 adversarios

2506 4788 2693 4832 contra
2744 4776 3073 4845 propositam
3112 4788 3299 4827 eorum
3359 4774 3705 4828 traditionem
3741 4773 3921 4827 acrius
3967 4785 4075 4826 ur-

2505 4877 2692 4939 gentes
2731 4868 3038 4921 audiamus.
3073 4866 3268 4920 Dicunt
3312 4867 3493 4934 itaque
3542 4866 3744 4934 scripta
3792 4864 4075 4933 Dionysii,

2506 4960 2752 5029 quamvis
2787 4958 3037 5013 omnibus
3078 4959 3199 5011 aliis
3239 4958 3598 5026 scriptoribus
3646 4956 3876 5011 fuissent
3915 4956 4087 5009 inco-

2506 5054 2674 5120 gnita,
2723 5067 2828 5107 non
2863 5051 3104 5120 potuisse
3146 5060 3322 5103 tamen
3368 5063 3634 5103 summam
3682 5046 3932 5110 Eusebii,
3976 5050 4076 5116 qui

2508 5155 2587 5201 tot
2645 5145 3097 5199 bibliothecarum
3147 5149 3200 5195 et
3265 5140 3672 5204 Ecclesiarum,
3729 5140 4081 5207 maximeque

2509 5238 2881 5298 Atheniensis,
2922 5236 3012 5289 ubi
3044 5249 3255 5288 summa
3298 5248 3426 5286 cura
3462 5233 3733 5285 asservari
3776 5232 4076 5299 debebant,

2508 5331 2707 5385 scrinia
2744 5329 3201 5398 perlustraverat,
3240 5334 3294 5377 et
3321 5324 3410 5390 qui
3450 5322 3503 5375 in
3543 5322 3884 5389 inquirendis
3929 5322 4081 5373 anti-

2510 5425 2759 5493 quiornm
2808 5420 3076 5491 Operibus
3107 5419 3234 5473 nulli
3270 5425 3589 5486 pepercerat
3612 5414 3810 5475 labori,
3840 5413 4081 5482 diligen-

2510 5520 2637 5571 tiam
2677 5517 2890 5586 fugere.
2931 5515 3093 5582 Atqui
3139 5513 3323 5566 omnia
3357 5511 3599 5564 auctoris
3645 5509 3818 5562 nostri
3872 5508 4079 5576 scripta

2508 5611 2736 5663 Eusebio
2777 5618 2900 5662 nota
2948 5624 3055 5661 non
3104 5604 3270 5658 fuisse
3313 5604 3438 5657 inde
3478 5610 3652 5671 patet,
3694 5600 3837 5669 quod
3884 5614 4078 5653 eorum

2510 5701 2695 5754 nullibi
2730 5716 2963 5768 unquam
3001 5698 3329 5753 mentionem
3364 5695 3575 5750 fecerit.
