4198 6304
159 438 193 488 ll
1390 391 1919 457 PROLEGOMENA.
3288 356 3357 411 ‘22

220 549 500 604 Batonius.
531 554 586 598 et
616 537 838 594 scientia
868 542 921 589 et
951 539 1189 598 purpura
1215 523 1356 576 emin

155 654 319 707 aperte
349 647 512 706 negat
538 634 740 701 scripta
768 623 1005 695 Dionysii
1033 619 1266 675 Eusebio
1294 613 1456 667 fuisse
1482 607 1697 677 penitus

155 740 495 800 incomperta.
531 725 641 778 Cur
673 730 850 774 autem
881 716 947 768 de
985 714 1049 765 iis
1079 707 1342 762 Eusebius
1372 697 1623 756 tacuerit,
1653 692 1697 746 si

156 829 209 879 ait
245 838 306 877 eo
333 818 642 891 quassieris,
692 809 977 877 respondet
1017 802 1165 856 illum
1210 795 1345 848 vafri
1390 786 1698 852 versutique

159 912 304 966 .uiimi
337 909 695 976 scriptorem,
738 913 858 952 cum
906 894 1159 948 Arianam
1205 882 1472 944 haeresim,
1504 877 1588 932 cui
1622 875 1699 927 fa-

157 1003 320 1065 vebat,
362 968 632 1053 his-libris
675 987 877 1043 destrui
923 986 1152 1046 videret,
1198 992 1293 1031 eos
1335 973 1518 1028 doloso
1557 968 1700 1021 frau-

157 1092 467 1155 dulentoque
513 1081 726 1138 silentio
757 1073 1193 1148 praetermisisse.
1233 1066 1430 1120 Verum
1464 1062 1577 1114 haec
1604 1059 1701 1111 do-

156 1182 370 1237 etissimi
415 1178 514 1230 viri
554 1173 830 1242 responsio
880 1165 1148 1228 llaloixio,
1196 1155 1700 1227 Areopagiticorum

156 1275 414 1328 acerrimo
440 1265 736 1330 defensori,
777 1264 847 1315 ita
881 1257 1177 1327 displicuit,
1215 1263 1272 1305 ut
1302 1263 1420 1305 eam
1450 1262 1555 1300 non
1586 1245 1703 1298 sine

156 1365 358 1419 fastidio
414 1362 497 1415 his
551 1359 730 1413 verbis
779 1350 1113 1421 explodat‘:
1163 1344 1302 1399 Nam
1347 1343 1485 1410 quod
1536 1335 1701 1405 aliqui

155 1461 318 1510 dicunt
350 1471 468 1507 eum
499 1453 551 1506 id
590 1449 776 1519 fraude
823 1446 1026 1515 fecisse,
1059 1437 1345 1494 convicium
1388 1441 1532 1502 puto.
1564 1425 1702 1492 Quid

155 1552 276 1602 enim
303 1549 376 1600 ibi
415 1557 521 1598 tam
566 1542 765 1595 clarum
794 1554 887 1606 pro
933 1545 1127 1588 wterna
1168 1527 1364 1584 Christi
1409 1522 1702 1582 divinitate,

156 1641 280 1691 quod
313 1652 416 1688 non
452 1632 611 1685 multo
644 1629 840 1682 clarius
885 1626 936 1677 in
975 1618 1261 1687 Scripturis
1294 1616 1459 1669 sacris
1496 1619 1704 1664 conten-

154 1740 252 1780 tum
285 1728 382 1778 sit.
407 1762 422 1777 .
444 1762 458 1777 .
482 1766 496 1780 .
520 1761 531 1774 .
563 1738 651 1774 nec
684 1721 889 1772 beatum
941 1713 1198 1766 Irenaeum
1234 1707 1368 1760 Filii
1397 1719 1514 1756 cum
1549 1699 1707 1753 Patre

153 1834 397 1872 uernam
445 1811 831 1869 coexistentiam
864 1805 1150 1861 clarissime
1192 1799 1482 1870 professum
1517 1794 1707 1846 citave-

155 1922 286 1964 runt.
316 1910 411 1963 His
440 1917 620 1961 autem
651 1903 770 1957 addi
805 1907 985 1970 potest
1013 1891 1363 1949 honorificam
1396 1902 1501 1941 non
1531 1882 1707 1938 solum
1742 1869 1784 1923 Β
1813 1882 2079 1928 asserunt.
2151 1870 2490 1937 Quapropter
2557 1863 2672 1914 haec
2701 1898 2716 1923 ,

155 2002 352 2067 Irena'i,
383 1999 474 2054 sed
507 1997 668 2052 etiam
711 1989 1006 2046 Clementis
1039 1980 1416 2043 Alexandrini,
1453 1977 1709 2030 aliorum.

155 2111 252 2164 que
285 2093 664 2162 plurimorum,
690 2100 824 2154 quos
849 2082 1059 2136 Ariona:
1091 2074 1280 2131 haeresi
1312 2072 1468 2140 plane
1497 2076 1711 2123 contra-

157 2186 257 2238 rios
278 2196 400 2237 esse
421 2195 522 2234 suo
557 2178 675 2232 loco
695 2174 1062 2232 ostendemus,
1093 2163 1233 2232 apud
1265 2157 1561 2214 Eusebium
1597 2155 1712 2206 tieri

161 2273 509 2327 molitionem.

219 2365 558 2431 Quapropter
611 2353 945 2411 contendunt
994 2348 1078 2401 alii
1134 2360 1196 2399 ex
1242 2341 1336 2395 illo
1381 2335 1600 2392 Eusebii
1649 2334 1715 2388 de

158 2456 391 2526 DiOnysii
421 2451 687 2521 Operibus
711 2445 925 2501 silentio
959 2439 1093 2495 nihil
1140 2437 1274 2491 certi
1302 2431 1482 2499 colligi
1532 2444 1715 2498 posse,

156 2545 587 2618 quandoquidem
629 2539 720 2596 ille
759 2538 938 2606 plures
971 2534 1107 2587 alios
1136 2528 1458 2596 scriptorcs.
1491 2530 1545 2574 et
1583 2519 1716 2574 scri-

157 2639 254 2706 ptis
279 2646 334 2690 et
367 2611 610 2688 doctrina
638 2614 1048 2687 celeberrimos,
1076 2632 1235 2688 atque
1262 2618 1318 2670 in
1345 2613 1533 2683 primis
1557 2611 1715 2663 Athe.

158 2744 435 2800 uagoram,
469 2727 558 2795 qui
602 2721 856 2776 eximiam
893 2713 1222 2770 Christiana:
1270 2704 1546 2775 religionis
1575 2705 1714 2770 Apo-

156 2824 368 2890 logiam,
399 2829 454 2872 et
488 2817 559 2868 De
590 2822 914 2866 mortuorum
955 2805 1329 2860 resurrectione
1370 2800 1567 2852 librum
1602 2795 1717 2850 edi-

159 2888 324 2974 derat,
368 2908 567 2963 tacitus
595 2900 959 2969 praetermisit.
991 2895 1141 2963 Quod
1179 2894 1222 2946 si
1257 2890 1464 2945 dixeris
1512 2888 1714 2956 scripta

161 3002 396 3073 Dionysii
445 3008 497 3054 et
539 2994 783 3051 auctoris
831 2990 1080 3052 nomine,
1127 2997 1182 3041 et
1221 3001 1320 3041 suo
1365 2997 1611 3047 numero,
1654 2997 1718 3036 ac

161 3098 282 3166 ipsis
307 3109 431 3165 qua:
465 3099 766 3146 tractantur
797 3084 1135 3156 argumentis
1167 3081 1323 3149 longe
1356 3077 1569 3132 caeteris
1602 3090 1718 3128 om-

164 3191 310 3244 nibus
340 3188 540 3256 szepius
569 3179 852 3240 transcribi
878 3178 1151 3237 debuisse,
1190 3172 1459 3240 variisque
1491 3173 1542 3221 iu
1581 3166 1714 3222 locis
1744 3209 1786 3270 ο

163 3276 532 3351 inultiplicari,
556 3288 868 3344 responsura
899 3268 1182 3325 confestim
1209 3263 1440 3332 aecipies
1470 3261 1713 3316 Athena-

164 3389 302 3442 gora:
329 3373 524 3433 libros,
559 3367 768 3422 tametsi
799 3363 1026 3418 forsitan
1057 3359 1356 3423 breviores,
1384 3355 1474 3422 qui
1509 3370 1536 3406 a
1560 3352 1718 3407 Chri-

164 3468 348 3522 stianis
400 3475 579 3518 tamen
632 3458 1076 3516 describerentur
1122 3462 1175 3506 et
1223 3449 1720 3517 multiplicarentur

165 3575 263 3614 non
310 3558 496 3611 minus
531 3555 721 3623 dignos
770 3550 959 3604 videri.
1013 3545 1206 3600 Verum
1245 3551 1526 3612 opponunt
1561 3539 1720 3593 Anti-

165 3649 515 3720 areopagitici
546 3646 786 3715 quietiam
813 3642 866 3695 in
901 3640 1116 3710 scriptis
1143 3636 1382 3706 Dionysii
1411 3645 1718 3694 occurrere,

167 3736 428 3800 nimirum
476 3743 542 3796 de
579 3739 752 3796 sacris
801 3737 1206 3804 Scriptor-arum
1252 3732 1425 3796 libris,
1457 3730 1522 3783 de
1569 3725 1721 3788 solis,

166 3837 432 3889 moriente
484 3831 722 3892 Christo,
766 3824 1089 3887 defeetione,
1135 3825 1201 3876 de
1231 3819 1628 3876 obdormitione
1661 3816 1720 3868 Β.

167 3930 348 3983 Mariae
375 3925 637 3996 Virginis,
664 3920 877 3987 aliaque
908 3916 1045 3970 bene
1080 3913 1268 3978 multa,
1298 3925 1416 3979 qua:
1447 3910 1490 3964 si
1531 3909 1580 3961 in
1614 3905 1724 3958 Eu-

167 4022 296 4077 sebii
331 4018 579 4082 notitiam
624 4012 932 4076 venissent,
966 4011 1032 4064 ab
1076 4021 1138 4062 eo
1184 4019 1455 4072 nunquam
1503 4011 1726 4071 praeter-

166 4117 304 4173 mitti
332 4120 648 4185 potuerunt.

233 4209 381 4264 Idem
412 4204 653 4261 nonnulli
686 4219 752 4258 ex
784 4197 1117 4268 Hieronymi.
1162 4194 1459 4266 praesertim
1494 4193 1544 4247 in
1589 4191 1726 4246 libro

168 4299 240 4355 De
277 4299 621 4367 scriptoribus
656 4292 1038 4354 ecclesiasticis,
1084 4288 1300 4345 silentio
1349 4296 1726 4355 argumentum

169 4391 412 4445 eliciunt.
455 4388 578 4440 Inde
620 4386 762 4439 enim
803 4381 1133 4437 concludunt
1179 4379 1416 4448 Dionysii
1447 4376 1616 4430 nostri
1651 4376 1729 4428 lu-

169 4482 516 4537 cubrationes
558 4478 656 4546 ipsi
706 4475 1005 4543 incognitas
1055 4473 1243 4532 fuisse,
1290 4486 1392 4524 nec
1440 4480 1565 4524 ante
1612 4469 1729 4536 ejus

169 4588 410 4645 tempora
453 4572 778 4640 divulgatas.
821 4571 987 4638 Quasi
1024 4582 1177 4633 vero,
1208 4566 1461 4634 inquiunt
1492 4565 1730 4631 AreOpa-
1765 4568 1806 4621 ι)

170 4672 344 4741 gitici,
373 4670 478 4723 alia
520 4684 630 4724 non
659 4665 825 4721 fuerit
864 4662 1272 4733 Hieronymiaui
1322 4659 1524 4714 silentit
1555 4655 1733 4710 ratio?

171 4762 244 4816 De
296 4763 361 4817 iis
409 4762 553 4814 enim
602 4769 808 4813 tantum
855 4755 1212 4824 scriptoribus
1260 4767 1397 4822 quos
1468 4750 1734 4804 Eusebius

173 4851 620 4906 commemoravit
644 4849 920 4918 disputare
945 4845 1325 4901 constituerat.
1355 4843 1460 4898 Sed
1493 4841 1543 4894 id
1569 4842 1735 4894 certis

175 4947 450 5000 rationum
513 4942 869 4996 firmamentis
915 4939 983 4993 ab
1027 4939 1158 5007 ipsis
1201 4947 1318 4990 erat
1363 4933 1732 4989 muniendum.

174 5040 350 5090 Aliam
377 5036 578 5105 quippe
607 5043 837 5088 mentem
874 5032 977 5084 sibi
1013 5028 1182 5082 fuisse
1220 5028 1359 5082 idem
1398 5027 1514 5094 ipse
1547 5023 1736 5076 Hiero-

174 5143 368 5199 nymus
396 5137 580 5196 aperte
611 5134 837 5180 testatur
853 5124 918 5186 '°,
947 5123 1076 5177 dum
1097 5124 1285 5191 ingens
1308 5120 1449 5173 inter
1474 5133 1530 5171 se
1558 5125 1616 5170 et
1643 5132 1738 5180 eos

175 5221 266 5288 qui
293 5221 362 5273 de
411 5217 767 5285 scriptoribus
815 5214 1057 5284 profanis
1101 5211 1375 5279 catalogus
1409 5209 1732 5271 ediderunt,

175 5312 468 5364 discrimen
525 5307 864 5361 intercedere
921 5306 1004 5358 his
1057 5303 1237 5357 verbis
1298 5299 1607 5369 significat:
1646 5298 1736 5350 llli

176 5413 370 5457 ueteres
418 5401 666 5453 historias
710 5392 1024 5465 annalesque
1068 5394 1405 5461 replicantes,
1450 5399 1734 5459 posuerunt

176 5497 330 5566 quasi
358 5497 423 5548 de
451 5494 642 5561 ingenti
672 5504 820 5559 prato
845 5507 946 5543 non
976 5502 1186 5557 parvam
1218 5485 1454 5552 opusculi
1488 5486 1568 5536 sui
1597 5499 1737 5535 coro-

181 5604 301 5640 nam
335 5597 527 5639 texere.
560 5583 670 5652 Ego
698 5583 822 5650 quid
852 5591 1064 5634 acturus
1092 5595 1227 5642 sum,
1255 5577 1344 5644 qui
1374 5575 1573 5627 nullum
1607 5590 1740 5638 prir-

181 5683 319 5734 sium
349 5694 585 5744 sequens,
630 5677 926 5744 pessimum,
963 5686 1015 5727 ut
1050 5675 1262 5734 dicitur,
1292 5669 1596 5734 magistrum
1630 5682 1738 5717 me-

289 5857 312 5888 ⁸
354 5858 685 5922 Qua:st.5de
704 5856 858 5922 Oper.
899 5855 954 5909 S.
994 5851 1252 5919 Dionysii.

1347 5847 1390 5882 "
1419 5844 1495 5903 De
1523 5845 1700 5910 script.
1755 5842 1934 5894 ecclcs.
1967 5838 2172 5908 l’rolog.

1363 514 1695 572 entissimus,
1727 516 1769 568 Α
1802 504 2072 568 metipsum
2122 495 2280 548 habeo
2319 506 2334 543 :
2367 501 2665 558 quanquam
2716 479 2954 535 eusebius
2999 473 3256 540 Pamphili
3302 472 3358 521 in

1802 599 1973 648 decem
2025 588 2404 646 ecclesiastica:
2455 578 2706 635 Historiae
2747 576 2892 628 libris
2936 569 3164 623 maxime
3215 561 3354 616 nobis

1801 687 2096 753 adjumento
2128 680 2301 749 fuerit.
2331 676 2404 730 lbi
2434 673 2579 728 enim
2611 685 2715 724 non
2759 669 2994 719 obscure
3027 661 3270 713 declarat
3304 668 3358 705 se

1803 777 2005 830 nullum
2039 773 2295 844 przevium
2328 767 2642 836 magistrum
2680 758 2955 818 habuisse,
2997 761 3161 819 atque
3193 748 3360 800 Euse-

1803 868 1946 920 bium
1994 864 2094 935 ipsi
2129 870 2333 914 tantum
2365 856 2605 912 maximo
2635 852 2800 905 fuisse
2835 846 3166 916 adiumento.
3195 838 3258 892 Et
3303 847 3362 889 re

1802 961 2017 1030 quidem
2064 970 2216 1020 vera,
2248 963 2473 1008 sanctus
2523 949 2611 1003 ille
2648 947 2835 999 doctor
2874 935 3232 1011 quorumdam
3265 945 3362 985 au-

1802 1063 2012 1107 ctorum
2066 1045 2314 1103 meminit
2355 1055 2586 1113 quorum
2622 1037 2770 1091 nulla
2814 1040 2994 1088 exstat
3028 1028 3167 1097 apud
3199 1024 3363 1077 Euse-

1803 1147 1950 1199 bium
1982 1136 2454 1198 commemoratio.

1872 1235 1940 1288 At
1972 1231 2196 1284 validius
2222 1225 2445 1280 forsitan
2488 1222 2649 1276 telum
2703 1218 2826 1273 inde
2872 1224 3063 1270 contra
3101 1207 3362 1279 quosdam

1804 1321 2334 1393 Antiareopagiticos
2394 1314 2757 1385 torquebitur,
2813 1307 2907 1378 qui
2949 1306 3064 1360 haec
3126 1299 3366 1371 Dionysii

1805 1420 1977 1488 Opera
2015 1425 2137 1470 ante
2168 1410 2476 1480 Hieronymi
2519 1416 2728 1462 attatem
2773 1401 2916 1455 edita
2956 1410 3076 1450 esse
3108 1393 3371 1446 conﬁten-

1807 1524 1893 1566 tur
1920 1527 1933 1564 :
1965 1511 2092 1564 hinc
2129 1505 2326 1576 quippe
2356 1499 2639 1557 conficitur
2668 1495 2755 1551 illa
2791 1491 3141 1558 Hieronymo,
3181 1497 3369 1553 quam-

1807 1604 1886 1655 vis
1916 1604 1981 1655 de
2014 1601 2080 1654 iis
2111 1596 2370 1656 tacuerit,
2427 1589 2665 1661 potuisse
2710 1599 2833 1640 nora
2887 1580 3023 1636 fieri.
3069 1574 3266 1627 Verum
3295 1569 3372 1623 illi

1807 1696 1908 1748 hoc
1937 1692 2040 1746 telo
2072 1688 2290 1743 minime
2325 1699 2383 1738 se
2423 1677 2573 1735 feriri
2625 1675 3002 1732 arbitrantur;
3054 1675 3236 1734 utpote
3284 1676 3370 1729 qui

1811 1783 1970 1853 paulo
2000 1789 2124 1834 ante
2156 1772 2462 1844 Hieronymi
2497 1779 2706 1836 tempus
2736 1779 2796 1820 ea
2829 1765 2879 1815 in
2909 1761 3081 1814 lucem
3110 1753 3377 1826 prodiisse

2779 1853 3029 1924 inquiunt
3052 1889 3067 1912 ,
3138 1842 3377 1915 Dionysii

1816 1967 1987 2034 Opera
2015 1965 2067 2018 in
2105 1955 2415 2028 ltieronymi
2467 1952 2710 2009 notitiam
2751 1964 2856 2004 non
2903 1952 3188 2005 venerunt,
3215 1949 3378 2005 atque

1817 2060 1904 2114 illa
1964 2058 2021 2112 in
2060 2068 2244 2112 eorum
2298 2061 2523 2105 numero
2568 2054 2694 2101 sunt
2756 2037 3022 2096 censenda
3076 2034 3140 2088 de
3187 2029 3380 2100 quibus

1818 2155 1961 2207 hunc
1992 2151 2049 2205 in
2075 2147 2291 2203 modum
2327 2141 2548 2198 disserit
2580 2135 2599 2170 ⁸
2626 2152 2641 2189 :
2672 2136 2733 2192 Si
2763 2134 2852 2204 qui
2889 2141 3063 2185 autem
3104 2126 3167 2178 de
3199 2125 3262 2177 iis
3290 2135 3377 2190 qui

1819 2259 1977 2314 usque
2005 2242 2158 2298 hodie
2181 2239 2365 2306 scripti
2402 2244 2546 2298 sunt,
2579 2249 2610 2285 a
2641 2245 2721 2283 me
2745 2229 2800 2281 in
2829 2227 2924 2278 hoc
2953 2219 3212 2276 volumine
3239 2229 3377 2282 prte-

1817 2333 2037 2389 terniissi
2069 2339 2213 2395 sunt,
2235 2331 2330 2382 sibi
2361 2327 2523 2395 magis
2553 2337 2709 2392 quam
2763 2317 2896 2371 mihi
2940 2315 3197 2378 imputare
3227 2306 3382 2359 debe-

1819 2432 1965 2483 bunt.
2018 2424 2198 2494 Neque
2235 2423 2371 2477 enim
2416 2417 2640 2472 celantes
2686 2412 2882 2480 scripta
2927 2422 3044 2467 sua,
3071 2405 3134 2456 de
3160 2401 3239 2453 his
3266 2414 3381 2466 qua:

1819 2538 1918 2575 non
1949 2520 2072 2589 legi,
2107 2532 2252 2569 nosse
2273 2511 2456 2583 potui;
2504 2516 2551 2561 et
2588 2505 2724 2576 quod
2758 2503 2878 2555 aliis
2919 2497 3146 2568 forsitan
3187 2494 3256 2546 sit
3290 2508 3382 2544 no-

1817 2627 1949 2676 tum,
1986 2612 2112 2665 mihi
2156 2611 2211 2661 in
2252 2609 2346 2659 hoc
2398 2615 2660 2657 terrarum
2689 2595 2884 2665 angulo
2930 2592 3086 2663 fuerit
3123 2590 3378 2658 ignotum.

1820 2705 1972 2758 Certe
2003 2718 2120 2756 cum
2165 2698 2373 2765 scriptis
2417 2695 2526 2749 suis
2573 2688 2883 2750 claruerint,
2938 2697 3040 2738 non
3073 2690 3381 2750 magnopere

1820 2798 1984 2851 nostri
2014 2792 2207 2849 silentii
2243 2787 2518 2856 dispendia
2550 2782 2916 2850 suspirabunt.

1889 2893 2092 2948 Contra
2120 2902 2247 2944 vero
2273 2879 2640 2952 Areopagitici
2675 2890 2830 2930 suum
2865 2873 2916 2926 in
2941 2866 3282 2925 adversarios
3313 2863 3382 2917 ita

1824 2983 2213 3054 retorquebunt
2262 2981 2666 3047 argumentum.
2727 2965 2978 3034 Nunquid
3030 2964 3144 3017 haec
3198 2960 3383 3013 eadem

1821 3050 2038 3146 scripta,
2070 3087 2214 3143 quae,
2247 3069 2377 3139 ipsis
2413 3063 2730 3125 fatentibus,
2786 3059 2968 3112 statim
3000 3065 3160 3123 atque
3189 3050 3387 3104 emissa

1822 3181 1944 3227 sunt
1976 3170 2025 3224 in
2055 3168 2248 3228 lucem,
2301 3160 2552 3216 omnibus
2594 3153 2876 3209 notissima
2922 3163 3043 3203 esse
3084 3151 3387 3212 coeperunt,

1822 3264 1921 3318 soli
1955 3260 2284 3327 Hieronymo
2312 3250 2581 3321 incognita
2634 3244 2827 3300 fuere?
2873 3240 2978 3296 seu
3023 3235 3388 3305 nequidquam

1823 3355 2061 3410 clamant
2099 3349 2215 3411 alii,
2265 3347 2318 3401 id
2371 3351 2735 3411 reiorquetur.
2787 3335 3007 3390 Certum
3058 3328 3255 3397 quippe
3283 3333 3387 3385 est,

1825 3448 2095 3517 inquiunt,
2153 3441 2355 3506 scripta
2415 3432 2653 3504 Dionysii
2709 3443 2814 3482 non
2865 3424 2932 3478 ab
2989 3419 3241 3476 omnibus
3291 3430 3387 3470 eo»

1821 3544 1943 3598 dem
1983 3540 2141 3593 modo
2173 3533 2469 3597 eodemque
2500 3539 2737 3594 tempore
2770 3520 2935 3574 fuisse
2985 3514 3184 3585 agnita.
3213 3510 3391 3577 Atque

1825 3635 1948 3690 inde
2003 3627 2327 3684 concludunt
2371 3619 2722 3686 Hieronymo,
2774 3613 2824 3664 in
2875 3605 3070 3677 angulo
3122 3613 3389 3656 terrarum

1826 3741 1982 3783 suum
2044 3735 2165 3777 cum
2231 3720 2484 3773 exararet
2539 3710 2778 3772 librum,
2844 3696 3186 3758 delitescenti
3253 3691 3389 3746 nihil

1826 3819 2114 3887 quidquam
2143 3811 2210 3865 de
2235 3810 2298 3864 iis
2325 3802 2693 3861 recentissima
2726 3793 3014 3868 publicatis
3041 3788 3207 3844 fuisse
3238 3800 3388 3841 com-

1828 3921 2057 3981 pertum.

2412 3981 2637 4041 CAPUT
2687 3979 2766 4032 Ἡ.

1833 4091 1906 4146 De
1939 4090 2003 4142 iis
2029 4083 2368 4150 scriptoribus
2395 4079 2483 4150 qui
2507 4087 2630 4150 post
2648 4072 2908 4140 publicata
2935 4065 3105 4134 Opera
3132 4060 3393 4150 Dionysii,

2003 4174 2065 4212 ea
2091 4142 2250 4209 dubia
2287 4159 2377 4204 aut
2406 4142 2703 4201 adulterina
2739 4157 2849 4196 esse
2887 4142 3219 4209 putaverunt.

1907 4273 2062 4330 Aliud
2089 4279 2280 4328 contra
2330 4259 2831 4332 Areopagiticorum
2884 4251 3230 4307 traditionem
3275 4260 3396 4299 mo-

1833 4381 2071 4426 mentum
2095 4375 2199 4430 est,
2245 4362 2386 4432 quod
2429 4358 2520 4412 illa
2557 4365 2663 4410 tam
2719 4351 2827 4405 alto
2883 4357 3100 4413 tamque
3140 4341 3399 4396 diuturno

1836 4474 1913 4519 tot
1949 4463 2270 4530 scriptorum
2297 4455 2362 4510 de
2389 4447 2632 4519 Dionysii
2663 4441 2879 4510 scriptis
2917 4434 3131 4493 silentio
3161 4447 3264 4487 non
3309 4444 3398 4482 so-

1837 4557 1945 4612 lum
1971 4555 2148 4623 capite
2178 4547 2462 4604 imminuta
2496 4543 2584 4601 sit,
2615 4549 2799 4592 vermn
2837 4531 2959 4585 inde
3001 4527 3164 4582 etiam
3203 4535 3401 4576 concu-

1837 4650 2003 4704 tiatur
2037 4615 2178 4716 quod
2210 4657 2276 4696 ex
2318 4647 2560 4706 tempore
2588 4644 2697 4700 quo
2721 4625 2928 4694 scripta
2957 4619 3043 4674 illa
3075 4631 3174 4687 pro
3201 4615 3403 4681 Diony-

1837 4741 2006 4797 sianis
2055 4705 2254 4791 .haberi
2312 4705 2624 4797 creperum,
2679 4717 2879 4776 inventi
2942 4715 3053 4768 sint
3109 4705 3401 4764 identidem

1837 4833 2133 4901 scriptores
2179 4824 2340 4893 aliqui
2386 4795 2479 4891 qui
2522 4818 2575 4872 id
2623 4812 2904 4883 praefracte
2950 4806 3304 4874 negaverunt.
3337 4795 3404 4849 Et

1840 4889 1969 4980 illud
2008 4921 2222 4990 quidem
2246 4889 2479 4986 primum
2521 4906 2740 4980 probari
2783 4915 2942 4973 posse
2988 4902 3178 4968 putant
3210 4889 3403 4962 exlly—

1847 5019 2014 5087 patio,
2046 5014 2135 5083 qui
2168 5013 2220 5065 in
2246 4983 2556 5065 Collatione
2596 4990 3194 5062 Constantinopolitana
3234 4983 3401 5038 Seve-

1847 5108 2017 5163 rianis
2047 5077 2279 5172 Dperum
2330 5096 2568 5161 Dionysii
2617 5090 2994 5148 auctoritatem
3025 5077 3407 5149 objicientibus

1847 5205 1927 5257 sic
1966 5169 2255 5268 respondet
2307 5215 2318 5248 :
2370 5189 2476 5261 Illa
2520 5187 2819 5243 testimonia
2860 5195 2975 5248 qua:
3023 5193 3108 5231 vos
3166 5169 3405 5239 Dionysii

1847 5293 2171 5363 AreOpagita:
2193 5303 2302 5342 esse
2342 5286 2538 5348 dicitis,
2563 5281 2698 5334 unde
2731 5275 2943 5344 potestis
2975 5269 3245 5325 ostendere
3286 5277 3405 5316 vera

1846 5403 1976 5451 esse,
2007 5386 2142 5438 sicut
2192 5375 2566 5448 suspicamini?
2620 5373 2664 5426 si
2718 5372 2855 5424 enim
2907 5367 3020 5435 ejus
3067 5369 3255 5421 erant,
3300 5371 3401 5407 non

1847 5447 2131 5547 potuissent
2165 5447 2326 5525 latere
2367 5471 2571 5522 beatum
2623 5463 2903 5534 Cyrillum.
2957 5455 3096 5520 Quid
3146 5460 3318 5504 autem
3343 5447 3405 5498 de

1849 5544 1994 5621 beato
2016 5563 2212 5634 Cyrillo
2243 5561 2403 5615 dico?
2431 5558 2638 5628 quando
2668 5556 2850 5609 beatus
2872 5547 3212 5605 Athanasius,
3237 5544 3284 5597 si
3314 5555 3406 5605 pro

1849 5670 1985 5714 certo
2015 5659 2190 5713 scisset
2223 5656 2336 5724 ejus
2368 5654 2527 5721 fuisse
2550 5693 2562 5716 ,
2601 5661 2719 5705 ante
2748 5647 2923 5700 omnia
2948 5645 3000 5697 in
3033 5639 3252 5694 Nicwno
3279 5647 3406 5686 con--

2251 5835 2269 5864 ⁸
2301 5834 2432 5889 Ibid.
