4198 6304
801 335 869 391 Ξῦ
1926 337 1980 393 S.
2025 336 2179 395 DION
2192 336 2391 391 YSIUS
2429 335 2883 391 AREOPAGITA.
3952 339 4025 396 24

799 457 920 509 alio
950 460 1016 509 de
1045 454 1483 509 romubttantiali
1536 452 1793 507 Triuitatc
1838 454 2016 506 eadem
2069 452 2363 506 testimonia
2393 457 2437 513 Α
2470 462 2749 505 auctorum
2786 451 3005 505 traditio
3037 467 3133 507 nec
3162 463 3416 522 perpetua
3443 464 3547 518 est,
3598 468 3695 510 nec
3728 466 4022 517 constans;

798 542 1096 599 protulisset
1117 544 1372 599 adversus
1400 544 1512 597 Arii
1542 545 1758 597 diversa
1782 543 2090 596 substantia:
2121 542 2364 610 blasphe-

798 640 954 688 miar.
984 635 1045 689 Si
1068 647 1241 690 autem
1268 637 1443 691 ηκὶιιιε
1468 651 1532 688 ea:
1573 635 1805 703 antiquis
1836 635 2144 689 recordatus
2170 642 2246 687 est
2277 650 2361 699 ea,

798 728 935 780 unde
966 743 1102 780 nunc
1129 731 1346 797 potestis
1370 729 1638 782 attendere
1662 728 1788 797 quia
1815 727 1961 780 illius
1991 728 2115 787 sint.
2164 728 2357 779 nescio.

798 817 871 869 lix
908 818 1214 887 hisllypatii
1254 822 1457 880 verbis.
1492 819 1893 873 Catholicorum
1931 819 2149 872 nomine
2178 818 2359 885 prola-

798 910 887 967 tis.
926 908 1032 963 duo
1061 910 1403 977 colliguntur.
1449 909 1687 964 Primum
1722 910 1938 977 quidem
1986 910 2184 962 nullam
2220 908 2360 976 apud

795 1004 1047 1070 antiquos
1078 1004 1270 1061 horum
1301 1003 1534 1073 Opcrum
1577 1003 1774 1059 factam
1803 1005 2149 1059 mentionem.
2183 1004 2360 1071 Atque

798 1108 862 1145 ex
899 1093 987 1146 llla
1018 1108 1150 1149 sane
1184 1093 1383 1163 Hipatii
1435 1095 1761 1149 auctoritate
1806 1095 1973 1164 priori
2016 1104 2356 1163 argumento,

795 1199 859 1236 ex
900 1183 1115 1239 silentio
1141 1187 1507 1256 antiquiorum
1534 1188 1699 1250 petito
1720 1226 1736 1249 ,
1782 1202 1886 1239 non
1935 1201 2124 1255 parum
2152 1186 2361 1240 accedit

797 1274 1010 1329 roboris
1040 1286 1095 1333 et
1127 1278 1474 1334 ﬁrmamenti.
1509 1277 1817 1333 Secundum
1851 1295 2000 1340 vero.
2030 1281 2174 1333 viros
2204 1288 2359 1333 sexto

794 1367 992 1421 saeculo
1038 1368 1395 1437 peritissimos
1459 1369 1511 1423 in
1575 1385 1639 1424 ea
1700 1370 1867 1424 fuisse
1934 1371 2185 1437 opinione
2245 1368 2359 1424 haec

794 1450 971 1516 Opera
1000 1453 1301 1509 adulterina
1339 1470 1485 1521 esse,
1516 1468 1572 1512 et
1595 1457 1731 1513 falso
1757 1457 1998 1528 Dionysii
2022 1460 2359 1528 Areopagitze

795 1544 1012 1600 nomine
1042 1547 1325 1615 inscripta.

862 1632 1073 1690 Steculo
1104 1640 1350 1704 sequenti
1393 1640 1545 1695 divus
1575 1641 1873 1704 Maximus,
1922 1646 2222 1697 acerrimus
2263 1660 2355 1698 eo-

796 1728 1041 1780 rumdem
1074 1724 1310 1795 Operum
1359 1730 1635 1794 defensor,
1688 1730 1892 1786 fatetur
1942 1733 2030 1787 illa
2071 1749 2098 1785 a
2134 1735 2356 1801 quibus-

2466 545 2661 614 qnippe
2692 558 2831 612 qnte,
2864 543 2942 597 uti
2978 544 3342 612 probavimus.
3394 562 3493 616 per
3535 547 3714 615 priora
3746 558 3867 616 post
3897 549 4024 607 Dio-

2466 636 2602 705 nysii
2635 646 2849 691 :etatem
2889 636 3109 702 saecula,
3136 639 3278 707 quod
3324 640 3559 708 printum
3588 642 4025 711 praecipuumque

2469 729 2779 797 requiritur,
2811 731 3033 785 omnino
3058 717 3294 785 deﬁciat.
3328 730 3603 796 Secundo,
3635 746 3808 798 neque
3835 732 4023 785 conci-

2463 817 2531 871 lia
2583 833 2760 887 neque
2802 820 2994 873 summi
3044 822 3359 888 pontillces.
3410 819 3517 872 lata
3563 820 3853 889 aliquando
3882 819 4023 889 lege,

2462 910 2575 962 haec
2633 908 2805 977 Opera
2864 923 3181 979 germanum
3236 910 3477 978 Dionysii
3517 908 3859 979 Areopagitae
3886 923 4025 978 0pm

2462 1016 2582 1055 esse
2606 1002 2970 1064 sanciverunt,
3018 1002 3110 1055 sed
3153 1000 3238 1054 illa
3267 1015 3331 1055 eo
3356 1003 3618 1053 duntaxat
3649 1002 3886 1065 nomine,
3918 1015 4025 1070 quo

2464 1090 2727 1159 inscripta
2755 1102 2931 1156 erant,
2984 1092 3231 1145 laudasse
3279 1091 3645 1161 perhibentur.
3696 1091 3851 1146 Nulla
3894 1106 4024 1160 ergo

2462 1185 2784 1239 temeritatis
2806 1194 2931 1239 nota
2964 1184 3029 1240 iis
3062 1185 3319 1239 iuurenda
3347 1198 3469 1237 esse
3496 1185 3725 1244 videtur,
3761 1186 3877 1253 qui,
3909 1198 4025 1238 om-

2462 1277 2621 1331 nibus
2661 1278 2941 1345 utriusque
2991 1278 3163 1342 partis
3197 1276 3495 1331 rationibus
3526 1290 3680 1343 aequa
3706 1275 3860 1330 lance
3891 1290 4021 1345 pon-

2462 1366 2687 1430 deratis,
2725 1366 2968 1433 opinioni
3006 1366 3081 1419 illi
3116 1381 3274 1434 quam
3308 1365 3725 1433 probabiliorem
3753 1364 4022 1433 judicant,

2461 1459 2843 1512 adhaerendum
2878 1472 3000 1511 esse
3033 1459 3369 1512 censuerint.

2529 1550 2699 1604 Porro
2728 1552 2794 1604 ad
2830 1552 3047 1604 decreta
3090 1547 3407 1614 Sor-bonica,
3437 1566 3467 1603 a
3503 1551 3659 1605 nobis
3696 1550 3808 1620 jam
3835 1552 4022 1611 citata,

2460 1642 2600 1709 quod
2627 1651 2860 1710 spectat,
2909 1642 3092 1711 negari
3124 1642 3339 1711 quidem
3375 1657 3478 1697 non
3512 1652 3689 1710 potest
3719 1641 4027 1710 posteriore

2462 1733 2719 1785 adversus
2749 1732 3029 1785 Erasmum
3079 1731 3257 1787 edicto
3288 1733 3436 1786 illum
3472 1732 3717 1802 aliosque
3754 1734 4022 1802 perstrin—

794 1818 917 1871 dam
950 1817 1268 1887 Apollinari,
1302 1822 1370 1875 ab
1402 1820 1521 1876 aliis
1562 1822 1817 1891 Dionysio
1868 1826 2238 1879 Alexandrino
2268 1838 2352 1879 at-
2390 1813 2429 1871 Β
2458 1826 2533 1894 gi,
2558 1824 2673 1891 qui,
2705 1832 2885 1891 spreta
2926 1824 3196 1879 clarorum
3235 1824 3494 1885 virorum.
3539 1825 3590 1877 id
3642 1834 3726 1878 est
3767 1828 4024 1893 antiquo-

794 1908 973 1963 tribui.

862 2002 1071 2057 Steculo
1117 2018 1257 2059 nono
1303 2003 1619 2059 Theodorus
1667 2006 1969 2076 presbyter,
2031 2019 2166 2064 teste
2214 2010 2350 2065 Pho«

791 2095 865 2148 tio
892 2094 939 2159 ⁷,
970 2094 1164 2149 librum
1201 2111 1309 2165 quo
1356 2097 1542 2152 eadem
1572 2097 1747 2165 Opera
1786 2098 2075 2167 genuinum
2112 2101 2350 2171 Dionysii

792 2187 960 2241 fetum
994 2202 1116 2242 esse
1140 2191 1419 2257 probaret,
1452 2193 1803 2259 conscripsit.
1839 2192 1943 2245 Sed
1979 2209 2097 2256 cur,
2134 2198 2349 2259 amabo,

790 2278 855 2332 ad
901 2293 963 2334 ea
1014 2279 1269 2351 Dionysio
1311 2286 1603 2339 asserenda
1655 2284 1849 2353 stylum
1908 2288 2199 2349 convertit,
2249 2289 2350 2339 nisi

788 2370 916 2439 quia
950 2371 1015 2424 de
1047 2374 1151 2425 illis
1203 2372 1341 2428 inter
1392 2376 1632 2430 eruditos
1682 2377 1911 2444 quaestio
1966 2388 2085 2430 erat
2127 2390 2180 2432 et
2221 2396 2353 2435 con-

790 2462 1093 2517 troversia?
1137 2464 1262 2532 quid
1319 2478 1448 2519 vero
1501 2467 1643 2533 quod
1703 2467 1929 2522 Photius
1977 2472 2093 2536 ipse
2136 2485 2200 2524 ex
2252 2474 2353 2526 hoc

790 2552 928 2606 libro
960 2563 1191 2622 quatuor
1217 2564 1427 2608 tantum
1458 2557 1747 2625 descripsit
1786 2572 2131 2629 argumenta,
2159 2566 2353 2632 quibus

789 2644 1132 2710 potissimum
1164 2644 1248 2699 illa
1279 2644 1453 2713 Opera
1489 2647 1747 2719 Dionysio
1780 2653 2060 2720 supposita
2106 2668 2226 2709 esse
2257 2656 2355 2710 de-

793 2734 1272 2787 monstrabantur?
1313 2733 1439 2789 lude
1485 2738 1632 2790 enim
1680 2740 1897 2805 quidam
1937 2740 2173 2800 inferunt
2208 2743 2349 2801 Pho-

792 2825 922 2875 tium
953 2822 1128 2891 ipsum
1161 2825 1334 2879 eidem
1367 2828 1648 2880 sententiae
1671 2829 2079 2904 subscripsisse.
2116 2838 2183 2891 Et
2206 2849 2351 2894 certe

788 2917 1113 2973 Possevinus
1136 2918 1182 2983 ',
1224 2920 1329 2975 iste
1356 2921 1863 2991 Areopagiticorom
1902 2944 2165 3000 assertor,
2198 2932 2264 2989 de
2289 2950 2350 2989 ea

791 3010 965 3067 Photii
1001 3013 1253 3081 opinione
1281 3015 1360 3067 sic
1396 3025 1710 3084 pronuntiat
1746 3042 1757 3074 :
1800 3022 1973 3093 Opera
2002 3026 2066 3079 Β.
2112 3026 2351 3097 Dionysii

791 3120 845 3161 ut
878 3108 1325 3178 pseudepigrapha
1355 3107 1594 3167 bidenti"
1621 3116 1684 3167 ab
1717 3132 1775 3167 eo
1806 3120 1997 3172 notari.

868 3220 1108 3289 Denique
1150 3225 1346 3279 saccqu
1395 3226 1603 3280 decimo
1653 3226 1841 3294 quinto
1879 3237 1933 3280 et
1975 3229 2349 3295 sequentibus,

793 3315 882 3367 ubi
916 3317 1029 3375 haec
1064 3322 1291 3389 quaestio
1339 3321 1648 3390 diligentius
1706 3321 1896 3389 agitari
1947 3324 2131 3390 ccepit,
2177 3322 2351 3376 critici

794 3406 1091 3478 doctiores,
1119 3412 1459 3479 paucissimis
1504 3421 1709 3465 tantum
1741 3414 2003 3483 exceptis,
2030 3415 2210 3467 omnia
2241 3416 2351 3468 haec

793 3501 968 3571 Opera
1008 3502 1261 3571 Dionysio
1291 3503 1627 3574 Areopagitae
1657 3506 1812 3573 plane
1845 3507 2163 3575 penitusque
2200 3507 2354 3575 abju-

790 3595 1060 3668 dicarunt.

863 3684 962 3738 His
1009 3687 1261 3739 omnibus
1304 3686 1603 3741 reclamant
1658 3689 2044 3757 AreOpagitici,
2097 3688 2353 3756 aiuntque

792 3777 963 3845 Opera
1026 3776 1266 3848 Dionysii
1314 3779 1366 3832 in
1420 3779 1719 3833 (Iollatione
1754 3780 2352 3849 ConstantinOpolitana

797 3870 960 3920 l’uisse
996 3869 1226 3937 primum
1274 3868 1489 3935 quidem
1539 3869 1850 3936 repudiata;
1901 3870 1992 3922 sed
2040 3868 2131 3921 ubi
2163 3868 2353 3921 Patres

793 3940 906 4013 rem
961 3961 1343 4015 examinarunt
1388 3960 1675 4025 maturius,
1720 3959 1807 4013 illa
1861 3960 2047 4014 eadem
2097 3969 2351 4026 tanquam

791 4064 921 4105 vera
951 4060 1004 4105 et
1027 4066 1281 4121 germana
1327 4050 1460 4103 tanti
1510 4050 1614 4103 viri
1656 4053 1856 4118 scrip'a
1908 4053 2168 4104 ambabus
2210 4049 2351 4103 ulnis

793 4143 1082 4210 antplexati
1115 4152 1266 4198 sunt.
1295 4141 1447 4208 Quod
1496 4144 1560 4195 ad
1604 4154 1831 4196 czeteros
1861 4143 2074 4205 attinet,
2110 4144 2142 4195 ii
2183 4153 2349 4206 certe,

794 4236 1057 4304 inquiunt,
1100 4236 1410 4303 paucissimi
1461 4250 1555 4302 per
1586 4244 1659 4288 tot
1706 4234 2026 4288 Steculorum
2072 4235 2350 4287 intervalla

792 4338 1116 4390 occurrunt;
1172 4343 1269 4381 nec
1301 4327 1374 4379 illi
1409 4327 1592 4394 procul
1637 4326 1800 4379 dubio
1830 4341 1951 4380 cum
1984 4334 2062 4379 tot
2095 4325 2357 4379 concilio-

796 4430 911 4470 rum
958 4427 1014 4471 et
1063 4419 1321 4471 Sorbonte
1376 4417 1642 4481 decretis,
1697 4416 1926 4467 sununis
1982 4415 2353 4481 pontiﬁcibus,

2464 1931 2578 1968 rum
2610 1915 2867 1970 Ecclesiae
2896 1914 3137 1981 Patrum,
3180 1918 3521 1982 auctoritate,
3567 1917 3747 1970 omnia
3784 1917 4024 1987 Dionysii

2460 2009 2632 2062 nostri
2669 2006 2840 2076 Opera
2871 2012 3160 2064 temerario
3193 2024 3321 2063 sane
3348 2019 3403 2062 et
3434 2008 3759 2077 imprudenti
3804 2010 4021 2063 novita-

2458 2110 2573 2154 tum
2605 2102 2786 2154 studio
2818 2101 3154 2171 Areopagitas
3184 2101 3341 2169 plane
3381 2100 3702 2168 penitusque
3744 2098 4023 2167 ahjndica-

2456 2196 2609 2250 bant.
2652 2196 2721 2249 At
2760 2196 2941 2262 priore
2987 2204 3174 2247 contra
3216 2193 3511 2246 Lutherum
3557 2193 3794 2257 decreto,
3858 2194 3902 2246 is
3954 2209 4024 2246 ea

2457 2285 2800 2353 potissimum
2835 2284 2900 2339 de
2932 2299 3114 2348 causa,
3160 2294 3215 2337 et
3254 2285 3605 2338 meritissimo
3652 2286 3867 2352 quidem
3898 2284 4023 2351 jure

2458 2377 3092 2445 condemnatur,'quod,
3150 2377 3423 2445 impietate
3464 2378 3899 2446 impudentiaque
3930 2381 4018 2431 iu-

2458 2470 2747 2533 tolerabili,
2792 2485 2897 2524 non
2925 2469 3100 2525 solum
3130 2480 3443 2538 usurpatam
3478 2472 3544 2525 ab
3576 2482 3795 2525 auctore
3826 2482 4020 2527 nostro

2457 2576 2521 2614 ex
2555 2560 2635 2613 sui
2666 2561 2923 2629 temporis
2964 2564 3177 2631 Ingenio
3207 2571 3260 2615 et
3304 2576 3453 2615 more
3489 2560 3758 2615 scribendi
3807 2563 4021 2616 metho-

2446 2655 2605 2720 dum,
2638 2657 2729 2710 sed
2764 2656 3015 2709 traditam
3052 2669 3266 2721 quoque
3302 2653 3368 2706 ab
3404 2654 3519 2722 ipso
3546 2653 3862 2708 orthodoxae
3891 2652 4020 2706 ﬁdei

2459 2750 2761 2803 doctrinam
2798 2748 2878 2800 vir
2911 2747 3301 2801 audacissimus
3342 2745 3665 2800 conculcare
3691 2754 3747 2800 et
3771 2761 4017 2813 pessum-

2459 2840 2588 2891 dare
2611 2853 2773 2890 ausus
2800 2838 2888 2889 sit.
2914 2835 3037 2889 llaec
3065 2849 3194 2903 ergo
3221 2834 3477 2888 Sorbonaa
3502 2834 3743 2894 decreta,
3766 2833 4019 2901 inquiunt

2457 2928 2963 2997 Antiareopagitici,
3014 2926 3217 2978 nullam
3276 2926 3536 2979 censoriae
3578 2924 3886 2977 severitatis
3920 2938 4019 2977 no-

2460 3032 2565 3074 tam
2597 3022 2662 3075 iis
2703 3021 2949 3081 inurunt,
2975 3020 3088 3086 qui,
3131 3016 3282 3070 salvo
3312 3029 3525 3083 semper
3553 3016 3732 3069 debito
3768 3014 4020 3069 Patribus

2460 3113 2665 3165 honore
2689 3119 2744 3165 et
2776 3108 3101 3170 reverentia,
3150 3121 3247 3159 nec
3293 3114 3517 3169 temere,
3566 3105 3657 3159 sed
3711 3104 3917 3159 ratione
3967 3115 4022 3157 et

2452 3206 2678 3274 judicio,
2710 3218 2808 3257 nec
2840 3203 2945 3256 ullo
2970 3200 3222 3254 novitatis
3251 3198 3453 3260 studio,
3492 3198 3595 3256 sed
3624 3196 3840 3250 sincero
3871 3198 4019 3250 veri-

2459 3296 2583 3349 tatis
2611 3306 2816 3356 amore,
2844 3294 2910 3347 ab
2952 3290 3172 3359 antiqua
3212 3288 3471 3358 plurium,
3516 3290 3605 3341 sed
3637 3303 3743 3341 non
3775 3288 4020 3341 omnium

2457 3386 2709 3454 opinione
2741 3383 3015 3438 recedunt.

3032 3495 3256 3551 CAPUT
3300 3494 3426 3549 VIII.

2456 3594 2776 3663 Argumenta
2808 3606 2872 3642 ea:
2907 3590 3032 3657 ipsis
3076 3587 3305 3663 ductoris
3343 3584 3594 3649 Operibus
3618 3585 3890 3663 desumpta
3929 3599 4021 3663 i2;-

2524 3657 2856 3729 penduntur;
2912 3676 2973 3712 ac
3024 3661 3252 3726 primunt
3319 3663 3629 3723 argumenta
3683 3657 4007 3721 Areopagiti-

2524 3747 2723 3785 corunt.

2526 3848 2822 3900 Excussnm
2863 3853 2944 3897 est
2992 3845 3256 3897 hactenus
3298 3842 3533 3909 primum
3572 3839 3878 3909 argumenti
3923 3853 4013 3907 ge-

2458 3948 2711 4008 nus,an
2765 3938 3000 4006 Dionysii
3048 3936 3222 4003 Opera
3261 3934 3360 4001 ipsi
3412 3933 3643 3987 aliorum
3687 3930 4019 3985 auctoritate

2458 4032 2538 4086 vel
2559 4038 2892 4089 asseruntur.
2912 4028 2992 4081 vel
3015 4027 3424 4093 abjudicantur;
3452 4040 3592 4079 nunc
3610 4025 3677 4077 ad
3700 4023 4018 4087 secundum,

2456 4128 2691 4195 quodex
2746 4121 2990 4190 ipsismet
3042 4119 3185 4173 illius
3234 4116 3501 4187 Operibus
3546 4116 3762 4185 petitur,
3815 4115 4023 4169 exami-

2458 4217 2692 4271 nandum
2724 4215 3069 4271 accedamus.
3126 4211 3261 4265 lllud
3314 4218 3495 4263 autem
3535 4210 3819 4276 utriusque
3847 4208 4022 4276 partis

2459 4311 2694 4364 fautores
2720 4324 2815 4377 pro
2842 4324 2938 4361 sua
2968 4306 3169 4375 quique
3192 4303 3447 4373 Opinione
3477 4302 3711 4355 militare
3746 4300 4018 4354 arbitran-

2461 4412 2567 4455 tur.
2620 4400 2687 4454 Et
2738 4406 2913 4468 primo
2968 4397 3213 4467 quidem,
3271 4395 3313 4448 si
3360 4393 3755 4462 Areopagiticis
3800 4391 4018 4454 credas,

796 4508 1045 4562 Patribus
1100 4510 1333 4576 aliisque
1387 4507 1781 4575 scriptoribus,
1835 4507 1925 4573 qui
1979 4508 2091 4559 haec
2151 4508 2351 4573 scripta
2389 4490 2431 4542 ι)
2463 4493 2686 4546 materia
2721 4490 2978 4559 Onerum.
3012 4490 3204 4558 stilus,
3255 4486 3476 4549 ιουυιίο.
3523 4498 3586 4538 ac
3626 4481 4018 4576 deljiaucsfri-

797 4601 1051 4670 Dionysio
1105 4600 1416 4664 adjuilicant
1474 4598 1555 4651 vel
1596 4612 1841 4660 numero,
1896 4597 1979 4650 vel
2027 4598 2352 4661 eruditione,

794 4695 876 4747 vel
903 4693 1227 4745 auctoritate
1262 4689 1634 4757 comparandi,
1689 4691 1857 4742 multo
1906 4690 2082 4741 minus
2130 4699 2351 4756 antepo-

794 4783 951 4839 ne‘ndi
983 4783 1253 4836 videntur.
1314 4779 1465 4845 Quod
1496 4780 1538 4831 si
1591 4788 1643 4831 et
1687 4793 1924 4831 summos
1960 4776 2271 4844 pontiﬁces,
2298 4789 2352 4830 et

795 4876 1046 4931 Ecclesia:
1097 4874 1318 4938 Patres,
1358 4874 1599 4941 aliosque
1645 4886 1833 4925 onmes
1879 4881 1933 4923 et
1984 4871 2246 4923 excitatis
2301 4884 2353 4923 et

792 4969 994 5022 erroris
1039 4982 1270 5034 arguere
1317 4968 1537 5026 audeas,
1603 4980 1779 5018 nonne
1826 4974 2047 5033 praestat
2104 4981 2222 5017 cum
2276 4975 2353 5017 tot

795 5060 1067 5128 tantisque
1100 5060 1231 5112 viris
1266 5060 1316 5112 in
1350 5073 1616 5121 errorem,
1655 5059 1699 5111 si
1729 5060 1799 5110 ita
1830 5058 1972 5125 loqui
2015 5058 2094 5110 l'as
2125 5066 2228 5119 est,
2272 5057 2353 5107 in-

791 5152 939 5216 duci,
964 5166 1125 5219 quam
1166 5151 1521 5219 quorumdam
1553 5150 1887 5210 criticorum,
1923 5149 2143 5201 forsitan
2182 5148 2348 5199 auda-

790 5245 1023 5308 ciorum,
1053 5245 1361 5311 opinionem
1390 5244 1601 5296 illorum
1634 5243 1889 5306 praeferre
1922 5240 2165 5307 judicio?

862 5333 1068 5390 Instant
1100 5347 1277 5391 tamen
1307 5339 1546 5389 adversa:
1591 5336 1761 5402 partis
1813 5342 2107 5386 sectatores
2139 5347 2351 5385 omnem

794 5428 948 5495 hujus
978 5430 1366 5495 responsionis.
1409 5426 1804 5492 quantumlibet
1859 5424 2112 5491 ponderis
2157 5422 2355 5475 habere

794 5520 1057 5581 videatur,
1116 5536 1218 5570 vnn
1271 5522 1540 5583 roburque
1565 5516 1759 5583 dUpIici
1810 5530 1874 5567 ex
1918 5528 2085 5566 causa
2137 5515 2355 5567 omnino

794 5612 963 5675 Πλιιεὶ
1010 5619 1062 5663 ct
1114 5611 1406 5663 tlcliillvuii.
1462 5610 1641 5660 l't'itno
1677 5608 1890 5674 quidem
1967 5607 2089 5669 quia
2142 5607 2348 5675 obiecta

866 5795 879 5820 ⁷
914 5792 1046 5843 Bibl.
1080 5796 1196 5845 (nil.
1233 5808 1265 5842 ι.
1350 5792 1363 5809 ³
1400 5790 1651 5857 .ipl‘nrul.
1688 5803 1855 5849 auter,
1886 5780 2317 5837 \‘t‘lbUi’ltolius.

2464 4584 2666 4646 ptionis
2704 4590 2931 4650 tempus,
2966 4595 3071 4635 non
3103 4577 3267 4632 alium
3295 4589 3480 4628 eorum
3515 4588 3676 4643 quam
3706 4572 4018 4641 Dionysium

2461 4676 2838 4744 Areopagitam
2896 4681 3176 4741 parentem
3244 4680 3364 4721 esse
3427 4668 3681 4734 produnt.
3767 4661 4018 4716 Materies

2463 4782 2692 4834 namque
2718 4780 2808 4819 seu
2836 4771 3216 4831 argumentum
3269 4756 3702 4811 lucubrationum
3738 4756 3879 4807 Deus
3909 4764 4014 4814 est.

2462 4860 2719 4918 Trinitas,
2767 4854 2961 4923 angeii,
3003 4852 3268 4912 Ecclesia,
3320 4849 3575 4903 Ecclesia:
3630 4846 3891 4908 ministri,
3922 4860 4014 4898 sa-

2460 4960 2763 5007 cramenta-
2794 4962 2913 5012 quae
2944 4944 3194 5001 subtilem
3220 4942 3615 5010 philosophum,
3651 4952 4013 5005 magnumque

2457 5045 2762 5112 theologum
2802 5046 2853 5097 in
2907 5037 3292 5095 sublimissimo
3342 5044 3658 5104 argumento
3706 5040 4011 5085 versantem

2459 5146 2690 5205 arguunt
2746 5145 2797 5189 et
2825 5135 3087 5189 indicant.
3142 5130 3326 5199 Stylus
3362 5134 3636 5180 autent-et
3686 5124 3885 5176 locutio
3915 5122 4010 5174 viri

2458 5243 2540 5286 est
2568 5234 2615 5283 iu
2652 5229 2813 5284 rebus
2848 5226 3045 5282 divinis
3073 5234 3126 5279 et
3152 5224 3321 5277 sacris
3362 5220 3687 5274 meditandis
3707 5215 4007 5277 exercitati.

2458 5324 2547 5390 qui
2585 5336 2740 5375 voces
2767 5336 2930 5374 novas
2956 5334 3019 5371 ac
3050 5317 3347 5384 singulares
3388 5314 3452 5365 ad
3486 5326 3688 5374 rerum,
3721 5308 4010 5375 eteteroqui

2461 5398 2942 5482 inexplicaliilium,
2974 5407 3441 5461 adumbrationent
3476 5404 3676 5471 ﬁngere
3717 5409 3769 5454 et
3798 5412 4013 5465 compo—

2462 5521 2587 5560 nere
2609 5514 2829 5558 coactus
2862 5514 2964 5557 est.
3016 5502 3256 5569 Tempus
3287 5496 3517 5565 denique
3550 5494 3858 5561 scriptionis
3911 5510 4013 5546 au-

2465 5612 2663 5652 ctorem
2690 5592 2936 5665 apostolis
2961 5590 3085 5661 ipsis
3116 5604 3412 5659 eorumque
3455 5585 3729 5654 discipulis
3775 5594 4013 5637 coievum
