4198 6304
230 343 304 401 ,5
1534 337 1795 396 paomc

1898 338 2067 395 [ENA.
3399 340 3470 399 96

235 468 422 528 aperte
471 458 836 514 demonstrat.
893 457 1108 516 Etenim
1159 457 1248 514 ille
1306 473 1364 512 se
1393 456 1544 522 solis,
1590 457 1805 511 Christo
1837 464 1880 518 Α
1917 455 1962 512 l.
1989 455 2188 510 Omnes
2216 466 2341 510 ante
2362 453 2650 509 Baronium
2673 453 2986 524 scriptores,
3010 469 3129 510 cum
3151 453 3322 510 Graeci
3355 465 3466 511 tum

234 554 497 621 patiente,
546 553 908 609 defectionem
957 553 1178 616 vidisse,
1225 567 1290 607 ac
1326 561 1509 621 postea
1561 549 1709 605 Pauli
1750 560 1804 604 et

235 645 514 703 liierothei
542 645 840 716 disciplina:
874 646 1154 712 traditum,
1183 645 1378 700 deinde
1409 658 1530 700 cum
1577 651 1800 712 aposto-

233 742 307 797 lis
331 757 499 798 sacrte
535 741 772 812 Virginis
813 741 992 797 Maria:
1019 741 1295 811 exsequiis
1324 751 1378 795 et
1423 738 1598 794 funeri
1630 739 1801 792 inter-

234 836 425 899 fuisse.
456 851 519 889 ac
545 834 762 889 tandem
792 835 858 889 ad
884 832 1148 889 Joannem
1188 832 1488 902 apostolum
1522 833 1574 888 iu
1626 829 1800 886 insula

234 927 498 981 Pathmos
526 925 862 983 exsulantem
890 925 1102 980 litteras
1135 927 1348 981 dedisse
1371 924 1677 996 proﬁtetur.
1705 925 1801 976 At-

229 1019 324 1086 qni
365 1020 480 1073 haec
513 1021 694 1073 omnia
753 1033 927 1089 neque
969 1018 1226 1089 Dionysio
1273 1017 1594 1081 Corinthio,
1629 1031 1800 1102 neque

229 1108 491 1181 Dionysio
514 1109 883 1164 Alexandrino
902 1149 917 1173 ,
951 1123 1125 1178 neque
1151 1108 1241 1164 ulli
1265 1108 1356 1164 alii
1395 1108 1670 1177 Dionysio,
1694 1107 1797 1160 nisi

227 1200 576 1269 Areopagitae
612 1200 960 1255 conveniunt.
993 1200 1084 1255 Ille
1114 1216 1246 1272 ergo
1269 1199 1414 1255 solus
1441 1201 1630 1255 borum
1659 1200 1799 1268 Ope-

228 1303 375 1352 rum,
432 1305 553 1359 quze
595 1305 790 1346 nomen
843 1292 961 1361 ejus
1010 1292 1062 1346 in
1117 1290 1502 1360 manuscriptis
1544 1291 1799 1344 omnibus

226 1394 352 1435 cum
387 1379 615 1444 Graecis,
648 1391 759 1435 tum
791 1381 1000 1436 Latinis
1031 1382 1307 1452 praefixum
1340 1395 1556 1449 semper
1588 1381 1796 1434 habue-

227 1480 378 1537 runt,
409 1487 607 1542 parens
637 1483 691 1528 et
730 1484 920 1528 auctor
947 1473 1208 1529 dicendus
1231 1483 1332 1528 est.
1373 1473 1437 1527 Et
1467 1482 1614 1528 certe
1644 1470 1797 1525 nefas

224 1579 349 1618 esse
387 1565 606 1618 videtur
643 1564 806 1619 istum
847 1573 1120 1621 auctorem
1153 1566 1206 1620 in
1245 1564 1528 1620 foedissimi
1574 1565 1795 1618 menda-

221 1655 320 1721 cii,
353 1655 582 1712 fallaciae
624 1665 674 1711 et
705 1655 981 1725 sacrilegae
1025 1656 1398 1712 simulationis
1426 1657 1792 1726 suSpicionem

218 1759 458 1812 vocare,
505 1746 719 1814 quando
772 1747 986 1815 quidem
1028 1748 1226 1815 scripta
1284 1747 1402 1815 ejus
1456 1762 1558 1800 nou
1624 1748 1792 1801 solum

221 1836 427 1906 ubique
475 1836 811 1890 sanctitatem
855 1835 1084 1905 spirant,
1139 1837 1233 1890 sed
1271 1850 1334 1890 ea
1381 1838 1542 1891 etiam
1589 1852 1709 1891 cum
1744 1838 1797 1891 in

223 1929 615 1983 monasterium
645 1937 698 1986 et
727 1929 913 1983 urbem
961 1928 1078 1996 ejus
1133 1929 1349 1982 nomine
1379 1942 1541 1998 prope
1562 1927 1799 1983 Parisios

219 2020 390 2085 dicta,
435 2034 869 2092 asportarentur,
911 2026 1077 2080 variis
1130 2025 1541 2080 inﬁrmitatibus
1579 2027 1630 2079 in
1667 2026 1797 2080 tanti

218 2115 326 2168 viri
358 2115 613 2171 honorem
656 2118 952 2186 applicata,
1003 2116 1184 2173 multis
1222 2119 1480 2173 divinitus
1519 2119 1797 2174 honestata

218 2210 348 2253 sunt
379 2203 674 2257 miraculis.

292 2293 394 2361 Qui
423 2309 550 2349 vero
587 2310 653 2350 ex
692 2297 917 2353 adversa
967 2309 1113 2354 stant
1140 2308 1324 2368 parte,
1377 2300 1428 2353 lii
1474 2301 1798 2370 respondent

219 2389 500 2443 materiam
530 2391 710 2459 operis
748 2391 815 2444 ab
851 2390 958 2445 alio
986 2405 1137 2460 mque
1175 2406 1238 2444 ac
1265 2391 1520 2462 Dionysio
1555 2393 1796 2461 Areopa-

217 2479 329 2549 κιαι
366 2483 586 2536 tractari
638 2483 894 2552 potuisse,
937 2482 1136 2552 stylum
1189 2492 1367 2536 autem
1396 2491 1449 2536 et
1470 2483 1794 2538 locutionem

219 2573 466 2644 Dionysii
537 2560 876 2645 Areopagitae
932 2574 1015 2629 his
1076 2575 1128 2628 iu
1197 2574 1414 2643 scriptis
1468 2575 1793 2644 deprehendi

215 2665 377 2733 plane
400 2665 718 2735 penitusque
759 2666 1087 2720 inﬁciantur.
1126 2665 1384 2722 Fatentur
1426 2666 1643 2736 quidem
1689 2681 1792 2719 au-

214 2769 429 2813 Ctorem
463 2758 715 2812 nonnulla
761 2758 824 2811 iis
866 2758 1160 2814 inseruisse
1193 2760 1389 2828 quibus
1441 2776 1500 2814 se
1523 2759 1798 2828 apostolo-

215 2857 337 2902 rum
368 2849 695 2917 temporibus
727 2848 948 2913 vixisse,
990 2857 1042 2904 et
1079 2849 1231 2903 Pauli
1269 2850 1588 2918 discipulum
1627 2849 1796 2905 fuisse

217 2939 450 2993 incautis
479 2935 1306 3009 simplicioribus‘persuaderet;
1342 2942 1435 2997 sed
1462 2944 1793 2997 contendunt

216 3030 371 3099 plura
399 3030 452 3083 in
487 3031 678 3085 iisdem
712 3031 980 3101 Operibus
1016 3033 1381 3101 imprudenter
1421 3033 1488 3088 ab
1530 3048 1595 3088 eo
1644 3034 1794 3102 adje-

1906 549 2104 616 Latini,
2147 549 2198 603 in
2235 563 2295 604 ea
2334 549 2552 604 fuerunt
2582 547 2873 602 sententia.
2935 547 2992 600 9..
3045 546 3250 599 Auctor
3278 556 3467 601 noster

1909 645 2074 698 tradit
2095 644 2434 698 Timotheum
2460 643 2754 713 episcopali
2778 643 3039 713 dignitate
3063 643 3464 713 inauguratum,

1905 745 2066 806 atque
2096 736 2163 792 ab
2188 751 2255 790 eo
2283 736 2459 805 Opera
2491 751 2586 790 sua
2613 735 2724 789 vult
2763 735 3064 789 examinari
3106 743 3160 788 et
3194 732 3460 802 castigari.

1905 829 1956 883 3.
2005 829 2147 885 Idem
2192 831 2304 899 ipse
2359 838 2548 882 auctor
2586 827 2640 882 in
2684 827 2911 904 epistola
2961 828 3028 880 ad
3055 827 3258 892 Titum,
3303 839 3463 895 quem

1903 919 2166 974 Baronius
2213 919 2409 988 aliique
2448 918 2806 987 Areopagitici
2843 917 3164 986 discipulum
3197 925 3250 971 et
3299 914 3465 970 comi-

1905 1022 2009 1066 tem
2069 1011 2216 1066 Pauli
2273 1011 2439 1066 fuisse
2501 1010 2848 1076 concedunt,
2911 1008 3155 1077 ejusdem
3198 1009 3466 1065 Timothei

1903 1104 2170 1158 meminit.
2235 1103 2290 1158 4.
2347 1104 2402 1157 In
2451 1103 2704 1158 omnibus
2757 1102 3139 1171 manuscriptis
3195 1103 3468 1157 codicibus

1903 1193 2218 1250 Timotheus
2261 1193 2349 1275 ille
2391 1195 2716 1262 Ephesiuum
2748 1195 3114 1264 episcopatum
3139 1233 3154 1255 ,
3187 1192 3271 1248 cui
3305 1192 3466 1247 disci-

1903 1283 2056 1352 pulus
2101 1283 2249 1336 Pauli
2293 1281 2526 1352 praefuit,
2567 1283 2804 1338 tenuisse
2861 1291 3218 1336 memoratur.
3275 1282 3330 1337 5.
3357 1283 3464 1337 De—

1902 1377 2061 1443 nique
2089 1384 2280 1430 auctor
2307 1384 2506 1439 noster,
2557 1375 2632 1429 uti
2683 1375 2950 1438 diximus,
2974 1391 2980 1397 ‘
3003 1389 3062 1428 se
3098 1374 3467 1442 apostolorum

1899 1467 2244 1536 ejusdemque
2304 1465 2528 1535 proinde
2573 1465 2840 1522 Timothei
2894 1466 3224 1534 temporibus
3265 1465 3472 1519 vixisse

1892 1557 2124 1623 jactitat.
2161 1556 2256 1610 His
2284 1565 2462 1612 autem
2494 1559 2792 1612 rationibus
2831 1567 2888 1612 et
2912 1557 3037 1612 illud
3061 1571 3273 1626 quoque
3304 1555 3466 1610 refel-

1899 1650 2048 1714 litur,
2094 1653 2238 1719 quod
2279 1659 2402 1720 post
2441 1650 2858 1719 pseudo—Dextri
2893 1648 3218 1704 ‘Chronicon
3267 1663 3474 1718 propu-

1897 1752 2024 1815 gnat
2073 1742 2348 1809 Bivarius,
2393 1742 2537 1798 hunc
2574 1742 2917 1797 Timotheum
2971 1758 3076 1796 non
3140 1741 3304 1793 alium
3347 1753 3472 1793 esse

1901 1853 2061 1905 quam
2109 1836 2408 1907 Eugenium
2457 1835 2808 1901 Toletanum,
2861 1836 2946 1889 cui
2996 1843 3215 1904 promer
3267 1834 3463 1902 ingenii

1899 1928 2277 1983 excellentiam
2303 1942 2496 1983 nomen
2528 1927 2796 1982 Timothei
2830 1928 3138 1994 impositum
3165 1937 3269 1982 est.

1970 2021 2076 2076 Sed
2132 2024 2322 2078 horum
2370 2021 2607 2077 vicissim
2651 2021 3148 2090 Areopagiticorum
3193 2033 3467 2076 momenta

1900 2113 2022 2166 inde
2062 2114 2206 2167 haud
2228 2099 2495 2169 diﬂiciliu's
2536 2121 2876 2176 evertuntur,
2919 2113 3065 2181 quod
3119 2111 3466 2180 Evangeliutn

1897 2215 1949 2259 et
2007 2207 2384 2276 Apocalypsim
2444 2207 2669 2263 Joannis
2733 2209 3001 2277 apostoli,
3058 2214 3218 2276 atque
3272 2196 3462 2276 lgnatii

1898 2296 2202 2364 epistolam,
2235 2311 2353 2367 quae
2383 2307 2505 2367 post
2553 2297 2822 2352 Timothei
2873 2308 3100 2352 mortem
3148 2295 3291 2351 edita
3318 2305 3466 2359 sunt,

1901 2388 1952 2442 in
1984 2390 2226 2442 auctoris
2255 2390 2425 2444 nostri
2469 2389 2708 2458 scriptis,
2747 2398 2804 2443 ut
2851 2389 2989 2442 infra
3021 2389 3284 2452 dicemus,
3317 2386 3465 2441 clare

1898 2479 2331 2547 nominatimque
2380 2481 2639 2535 citentur.
2675 2480 2965 2535 Enimvero
3016 2480 3131 2534 sola
3172 2478 3464 2549 Ignatianze

1899 2573 2150 2642 epistolae
2181 2576 2369 2638 verba,
2399 2588 2521 2644 quae
2553 2574 2621 2629 ab
2653 2588 2716 2629 eo
2743 2588 2871 2628 vere
2899 2574 3245 2642 transcripta,
3282 2587 3380 2628 nec
3408 2573 3460 2624 in

1898 2673 2103 2720 textum
2128 2666 2245 2735 ejus
2273 2668 2482 2722 intrusa
2514 2682 2632 2722 esse
2659 2665 3172 2730 demonstrabimus,
3203 2666 3256 2720 id
3277 2676 3463 2735 aperte

1894 2761 2168 2818 evincunt.

1965 2854 2132 2908 Addit
2166 2852 2430 2909 Baronius
2475 2857 2616 2924 quod
2666 2855 2982 2910 Timotheus
3021 2854 3109 2908 ille
3140 2855 3211 2907 ab
3239 2864 3461 2907 auctore

1899 2957 2087 3000 nostro
2126 2962 2267 3016 smpe
2296 2952 2450 3015 παῖς,
2496 2965 2643 3017 puer,
2688 2954 2934 3002 vocatur.
2979 2947 3051 3001 At
3089 2946 3454 3010 Timotheum,

1893 3035 2047 3090 Pauli
2097 3037 2441 3108 discipulum,
2487 3057 2515 3093 a
2559 3040 2813 3110 Dionysio
2856 3039 3200 3109 Areopagita,
3251 3051 3315 3093 eo
3361 3053 3457 3092 no-

214 3131 325 3186 eta,
363 3123 556 3190 quibus
579 3137 641 3175 ea
686 3123 843 3190 longe
863 3133 987 3191 post
1031 3120 1412 3192 apostolorum
1447 3134 1501 3178 et
1551 3125 1783 3197 Dionysii
1813 3137 1855 3194 c
1892 3134 2036 3185 utine
2074 3133 2455 3200 compellatum
2485 3149 2604 3189 esse
2636 3135 2765 3188 nulli
2798 3133 3091 3188 verisimile
3136 3132 3451 3185 videbitur:

213 3213 559 3282 Areopagitae
584 3221 801 3268 aetatem
831 3213 1096 3282 prodiisse
1119 3213 1318 3270 invicte
1356 3217 1779 3274 demonstratur.

218 3304 408 3360 Utrum
457 3317 634 3359 autem
675 3305 764 3368 id,
815 3306 892 3359 uti
938 3306 1250 3375 opinantur,
1300 3310 1462 3363 certis
1511 3313 1782 3365 rationum

215 3399 506 3452 momentis
559 3398 793 3467 probare
836 3398 1070 3469 possint,
1119 3415 1149 3452 a
1203 3400 1358 3456 nobis
1406 3411 1488 3456 est
1533 3412 1782 3458 accurate

213 3490 644 3559 ponderandum.

814 3605 1040 3662 CAPUT
1079 3606 1168 3661 IX.

210 3698 535 3767 Argumenta
602 3698 1202 3767 AntiareOpagiticorum
1260 3702 1665 3768 examinantur;
1733 3716 1781 3760 et

280 3769 512 3841 primum
537 3769 768 3836 quidem,
793 3771 913 3821 inde
934 3771 1146 3823 ductum
1176 3772 1312 3841 quod
1354 3771 1475 3824 libri
1513 3772 1782 3829 Timotheo

283 3837 662 3891 inscribuntur.

279 3949 521 4004 Primunt
543 3949 1149 4020 Antiareopagiticomm
1184 3965 1536 4022 momentum,
1570 3971 1635 4010 ex
1666 3957 1777 4026 ipsa

210 4040 496 4107 librorum,
535 4043 625 4110 qui
670 4040 956 4096 Timetheo
1003 4054 1394 4112 nuncupantur,
1432 4047 1780 4118 inscriptione

209 4134 445 4186 ducitur.
479 4135 687 4188 Auctor
716 4147 860 4189 enim
889 4142 1072 4190 noster
1095 4137 1148 4190 in
1178 4135 1317 4192 libro
1359 4138 1435 4192 De
1461 4142 1654 4195 divinis
1682 4159 1777 4195 no-

209 4225 437 4279 minibus
466 4227 748 4295 epistolam
791 4228 979 4298 lgnatii
1033 4230 1352 4285 Autiocheni
1397 4234 1662 4304 episcOpi,
1703 4238 1779 4290 uti

208 4319 349 4374 iufra
377 4319 614 4387 dicetur,
655 4328 708 4374 et
752 4321 1008 4389 laudavit,
1045 4330 1098 4376 et
1131 4322 1401 4392 ipsissima
1445 4325 1587 4379 illius
1613 4327 1776 4381 verba

209 4410 413 4466 retulit.
441 4411 604 4481 Ergo,
631 4411 900 4479 inquiunt,
927 4412 1012 4467 hic
1039 4412 1175 4467 liber
1196 4413 1502 4480 Timotheo,
1527 4417 1618 4485 qui
1649 4419 1774 4472 dum

1892 3219 2032 3274 Nam
2060 3223 2346 3293 episcOpus,
2370 3225 2543 3295 inquit
2568 3225 2832 3280 Baronius
2850 3226 2888 3288 ⁸,
2911 3225 3266 3292 coepiscopum
3288 3225 3455 3274 nomi-

1888 3329 2012 3366 nare
2037 3317 2366 3370 consuevisse
2397 3317 2631 3386 fratrem.
2679 3333 2781 3370 non
2817 3317 3009 3384 ﬁlium,
3039 3316 3180 3368 mille
3206 3314 3455 3379 exemplis

1885 3414 2016 3457 esset
2047 3403 2202 3472 facile
2234 3411 2607 3460 demonstrare.
2636 3406 2803 3474 Hujus
2838 3405 3137 3476 argumenti
3167 3402 3450 3460 diﬂlculta-

1889 3509 1971 3552 tes
2015 3508 2074 3551 ut
2115 3497 2327 3552 solvant
2380 3497 2468 3550 alii
2498 3497 2883 3567 Areopagitici,
2921 3499 3102 3551 varias
3138 3505 3451 3564 congerunt

1889 3588 2295 3656 responsiones.
2331 3588 2395 3641 Et
2419 3589 2591 3659 primo
2636 3589 2852 3657 quidem
2889 3590 3074 3643 dicunt
3104 3588 3449 3644 Timotheum

1887 3680 1966 3732 sic
2007 3681 2209 3745 vocari,
2249 3681 2372 3748 quia
2400 3680 2487 3733 ille
2522 3679 2589 3740 ad
2621 3695 2779 3748 quem
2808 3679 3033 3746 Paulus,
3071 3679 3242 3734 Nerva
3278 3679 3449 3748 impe-

1886 3782 2060 3836 rante,
2090 3773 2203 3825 haec
2233 3773 2450 3841 scripsit
2499 3773 2552 3826 in
2590 3774 2796 3826 verba:
2834 3771 3001 3826 Nemo
3045 3773 3449 3826 adolescentiam

1883 3875 2027 3915 tuam
2061 3873 2353 3917 contemnat
2387 3865 2452 3929 '°,
2485 3865 2741 3934 Dionysio
2769 3866 3090 3934 AreOpagita
3114 3863 3298 3934 junior
3324 3878 3449 3918 esse

1887 3955 2117 4008 videtur.
2149 3956 2202 4009 2.
2255 3955 2567 4012 Timotheus
2622 3958 2674 4012 in
2726 3956 3063 4025 philosophia
3102 3965 3158 4011 et
3201 3955 3446 4010 saeculari

1885 4047 2164 4116 disciplina
2211 4047 2362 4115 cujus
2399 4050 2583 4106 rudior
2613 4060 2766 4115 erat,
2802 4060 2963 4119 atque
2991 4051 3156 4104 etiam
3185 4049 3238 4103 in
3276 4049 3448 4103 subli-

1885 4137 2053 4191 miore
2086 4139 2348 4209 theologia
2380 4139 2694 4211 Dionysium
2751 4143 2983 4196 habebat
3021 4157 3117 4211 pro
3166 4141 3443 4211 magistro,

1881 4241 1935 4283 et
1963 4229 2109 4282 illum
2157 4231 2350 4285 absens
2402 4247 2497 4301 per
2537 4234 2750 4287 litteras
2798 4233 3131 4289 consulebat.
3191 4232 3244 4286 3.
3307 4233 3441 4290 Cum

1883 4320 2202 4374 Timotheus
2231 4324 2364 4377 satis
2397 4334 2544 4379 esset
2589 4334 2783 4378 natura
2833 4323 3053 4378 timidus
3081 4334 3137 4377 et
3164 4323 3445 4393 pusillani-

1884 4418 2007 4482 mis,
2043 4434 2145 4472 non
2177 4428 2382 4472 tantum
2421 4419 2644 4474 doctore
2665 4421 2930 4480 scientiae.
2965 4421 3057 4474 sed
3081 4419 3242 4472 etiam
3272 4418 3443 4472 virtu-

210 4519 270 4556 ea
298 4503 487 4573 lgnatii
535 4503 764 4572 epistola
809 4503 932 4559 data
965 4514 1072 4571 est,
1099 4505 1212 4576 jam
1257 4517 1485 4562 mortem
1541 4510 1772 4577 obierat,
1807 4485 1852 4538 θ
1884 4512 1950 4565 tis
1980 4521 2034 4565 et
2063 4513 2382 4564 constantia:
2413 4510 2688 4580 indigebat
2715 4511 2995 4580 magistro.

207 4612 318 4651 non
345 4597 518 4664 potuit
547 4597 792 4651 inscribi.

278 4690 378 4744 IIic
409 4707 515 4744 non
542 4691 777 4745 minimae
802 4691 1134 4746 diliicultatis
1162 4694 1336 4748 nodus
1365 4694 1773 4765 AreOpagiticos

205 4783 495 4852 plurimum
528 4785 708 4848 torsit,
744 4793 908 4854 atque
939 4793 995 4838 nt
1037 4786 1103 4837 ab
1144 4801 1209 4839 eo
1247 4801 1305 4840 se
1338 4790 1643 4856 expediant,
1680 4807 1772 4844 va—

206 4877 318 4928 rias
346 4890 404 4931 se
433 4885 651 4932 vertunt
688 4878 742 4931 in
774 4889 975 4948 partes.
1022 4877 1269 4932 Nonnulli
1313 4880 1458 4933 enim
1504 4897 1624 4934 cum
1673 4882 1771 4935 Ba-

205 4968 362 5025 ronio
398 4969 600 5038 opinati
640 4981 765 5026 sunt
806 4972 949 5026 hunc
976 4971 1317 5029 Timotheum
1362 4988 1464 5027 non
1493 4990 1611 5028 eum
1653 4991 1772 5030 esse

205 5061 296 5131 qui
330 5059 478 5114 Pauli
508 5060 796 5131 discipulus
823 5062 945 5127 fuit,
979 5065 1071 5118 sed
1097 5065 1262 5119 alium
1284 5067 1567 5134 quemdam
1592 5067 1772 5136 junio-

203 5167 320 5205 rem
350 5192 366 5216 ,
413 5151 674 5207 Pudentis
724 5157 988 5211 senatoris
1036 5157 1238 5221 filium,
1288 5158 1442 5226 cujus
1483 5174 1677 5213 nomen
1714 5161 1766 5214 in

201 5242 512 5298 Romanum
562 5245 1027 5318 Martyrologium,
1060 5260 1114 5304 et
1156 5251 1208 5305 in
1243 5250 1342 5306 SS.
1385 5250 1667 5318 Perpetuae
1713 5260 1770 5305 et

200 5335 508 5391 Felicitatis
559 5339 692 5391 Acta
746 5340 1000 5396 refertur.
1047 5340 1149 5395 Alii
1192 5355 1222 5394 e
1273 5342 1545 5396 contrario
1590 5339 1773 5394 Timo-

201 5429 390 5480 tlteum
416 5429 562 5482 illum
588 5444 774 5484 verum
799 5431 941 5485 Pauli
966 5434 1282 5504 discipulum
1309 5435 1478 5490 fuisse
1500 5434 1768 5502 asserunt,

199 5529 252 5572 el
313 5518 529 5573 Baronii
570 5522 880 5588 opinionem
933 5525 1017 5579 bis
1069 5525 1391 5594 iinpugnant
1449 5528 1769 5581 rationibus.

208 5769 237 5820 ⁷
277 5700 632 5838 ’55::‘annum
694 5700 868 5770 I09,§
904 5702 988 5756 56.

1072 5704 1110 5733 ¹⁰
1145 5704 1159 5755 Ι
1194 5705 1332 5759 Titii.
1367 5722 1422 5758 II.

1505 5705 1539 5735 “
1574 5706 1692 5760 Lib.
1722 5705 1794 5761 De
1825 5709 1936 5760 cmi.
1971 5709 2164 5767 hicrar.
2198 5725 2314 5780 cap.
2348 5711 2398 5764 9.

1953 4603 2144 4657 Verum
2169 4618 2277 4671 quo
2310 4619 2544 4672 unquam
2576 4603 2823 4671 exemplo
2861 4604 3180 4672 probabitur
3224 4603 3438 4672 episco-

1874 4709 1997 4762 pum
2037 4693 2103 4747 ab
2129 4694 2234 4748 alio
2260 4696 2512 4762 episcopo
2537 4695 2655 4747 ideo
2682 4709 2908 4762 puerum
2940 4699 3144 4761 vocari,
3179 4697 3320 4763 quod
3348 4696 3437 4750 Hle

1878 4787 1928 4838 in
1961 4785 2294 4854 philosophia
2346 4795 2399 4838 et
2447 4785 2695 4838 saeculari
2762 4784 3050 4855 disciplina
3101 4786 3170 4839 sit
3228 4787 3434 4841 rudior.

1880 4875 2078 4930 Deinde
2108 4892 2214 4947 quo
2247 4878 2428 4931 itidem
2480 4890 2801 4947 argumento
2847 4879 3195 4947 persuadebis
3246 4879 3436 4933 Timo-

1878 4971 2059 5023 theum
2108 4969 2159 5023 in
2193 4973 2257 5026 iis
2282 4973 2524 5026 scientiis
2553 4972 2716 5026 fuisse
2746 4972 2998 5040 Dionysio
3049 4972 3346 5035 rudiorem,
3372 4989 3434 5027 ac

1875 5075 1996 5113 eum
2026 5062 2076 5114 in
2123 5062 2441 5116 sublimiore
2487 5061 2753 5130 theologia
2801 5061 3054 5114 habuisse
3113 5074 3209 5128 pro
3258 5060 3427 5128 magi-

1874 5165 1988 5209 stro
2013 5156 2036 5209 ?
2065 5156 2221 5210 Certe
2257 5154 2542 5224 Dionysius
2582 5153 2727 5206 illum
2781 5163 2927 5206 tanta
2966 5151 3270 5204 eruditione
3288 5165 3436 5220 prae-

1876 5248 2044 5300 ditum
2075 5251 2313 5317 agnovit,
2341 5258 2400 5302 tit
2437 5249 2786 5318 perfectiores
2825 5247 2942 5316 ejus
2975 5245 3312 5312 cognitiones
3339 5259 3429 5298 se-

1878 5357 2001 5392 cum
2047 5345 2456 5409 conimunicari,
2487 5354 2541 5398 et
2582 5344 2780 5412 scripta
2834 5356 2929 5395 sua
2961 5341 3027 5393 ab
3059 5355 3124 5394 eo
3154 5339 3431 5393 emend-ari

1876 5433 2156 5487 voluerit:
2215 5436 2358 5488 Illud
2410 5453 2633 5506 quoque,
2707 5434 2982 5504 inquiebat
3046 5433 3427 5503 Dionysius“,

1873 5528 2152 5592 pontiﬁciw
2182 5540 2285 5582 tua:
2301 5532 2525 5584 scientia:
2553 5531 3084 5583 commemorabimus.
3114 5529 3178 5583 Et
3202 5526 3329 5582 alibi
3351 5528 3423 5582 ηε

2501 5713 2540 5742 ¹¹
2587 5713 2705 5768 Lib.
2744 5711 2814 5768 De
2858 5713 3036 5767 coclea.
3073 5712 3266 5767 Iticrar.
3299 5730 3420 5781 cap.
