4198 6304
717 357 784 409 '27
1880 366 1935 418 S.
1990 364 2357 418 DIONYSIL'S
2396 362 2849 417 AREOPACITA.
3881 368 3950 424 28

720 473 1061 530 (.‘omntunicu
1090 470 1250 546 igitur
1290 490 1336 531 et
1368 487 1422 533 tu
1458 481 1583 532 mihi
1642 481 1995 549 per/latiorem
2056 485 2288 535 illustra-
2326 493 2365 543 Α
2400 496 2634 548 pueros:
2676 480 2854 541 Pueri,
2918 479 3149 547 nunquid
3200 480 3603 545 pulmentarium
3632 482 3827 535 habetis
3862 484 3901 514 "
3932 486 3954 535 ἳ

722 570 938 632 tionem,
988 586 1136 635 etc.;
1174 583 1335 640 atque
1385 574 1490 625 alio
1535 577 1584 626 in
1618 576 1751 626 libro
1776 575 1818 604 ¹³
1856 620 1863 627 .
1896 574 2011 627 Erit
2048 578 2292 627 humani-

722 664 844 713 tatis
870 674 973 713 tua:
1013 665 1273 730 corrigere
1308 682 1408 718 non
1453 676 1633 731 sponte
1660 668 2003 734 ignorantem,
2040 670 2291 721 rationes-

722 772 819 821 que
848 772 1120 822 suggerere
1144 758 1342 810 discere
1373 761 1619 823 cupienti.

798 846 1013 899 Scimus
1037 850 1249 916 quidem
1275 851 1582 918 Dionysium
1612 866 1639 902 a
1673 852 1959 907 Timotheo
1993 854 2056 907 de
2082 870 2138 907 re
2166 870 2291 921 qua-

723 934 849 987 dam
927 938 1225 1006 theologica
1298 940 1462 992 fuisse
1522 941 1810 1009 aliquando
1876 946 2289 1011 interrogatum,

726 1036 785 1075 ut
840 1026 979 1079 hunc
1027 1030 1077 1081 in
1114 1031 1328 1082 modum
1386 1032 1473 1083 ille
1532 1042 1760 1085 testatus
1792 1044 1875 1086 est
1910 1035 1949 1063 “‘
1984 1044 1994 1087 ἐ
2037 1033 2141 1087 Sed
2173 1036 2289 1100 quia

725 1116 861 1167 alia:
895 1134 973 1168 me
1010 1134 1101 1183 per
1151 1121 1421 1187 epistolam
1469 1124 1825 1191 interrogasti,
1882 1125 2009 1191 quid
2042 1125 2289 1191 appellem

724 1223 815 1272 per
844 1226 897 1261 se
924 1226 1057 1271 esse,
1089 1228 1180 1277 per
1229 1229 1282 1265 se
1310 1214 1494 1277 vitam,
1548 1232 1639 1280 per
1681 1233 1735 1268 se
1782 1217 2110 1283 sapientiam,
2144 1228 2189 1269 et
2219 1225 2292 1267 te-

724 1317 843 1351 runt
887 1302 965 1353 ais
1015 1304 1281 1356 dubitasse
1328 1307 1584 1368 quomodo
1637 1304 1799 1357 Deum
1839 1308 2125 1371 aliquando
2170 1324 2291 1359 voco

725 1407 812 1455 per
844 1408 896 1443 se
946 1394 1124 1456 vitam,
1177 1396 1465 1479 gliquando
1516 1413 1629 1449 vero
1686 1399 1980 1464 e/fectorent
2040 1400 2177 1452 vitw.
2226 1399 2294 1451 At

727 1481 847 1546 quis
892 1484 1084 1537 merito
1146 1485 1268 1539 inde
1310 1487 1533 1554 colligat
1568 1486 1911 1541 Timotheum
1962 1489 2011 1541 in
2048 1488 2291 1557 philoso-

726 1575 902 1639 phicis
930 1578 1089 1630 rebus
1122 1578 1371 1649 liionysio
1402 1568 1699 1645 rudiorem,
1740 1596 1859 1635 eum
1889 1580 1937 1634 in
1978 1581 2292 1649 theologicis
2321 1593 2324 1596 ‘

726 1666 980 1721 habuisse
1004 1684 1103 1736 pro
1150 1672 1412 1738 magistro
1443 1674 1465 1722 ‘t
1505 1670 1774 1737 Nunquid,
1808 1672 1931 1738 quia
1961 1670 2292 1737 Augustinus

727 1754 1135 1827 Hieronymum,
1192 1754 1355 1828 atque
1404 1759 1498 1812 alii
1551 1762 1788 1827 episcopi
1846 1760 1977 1813 alios
2007 1760 2291 1827 episcopos

2395 572 2613 623 Addunt
2646 571 2975 624 Clementem
2999 570 3417 624 Alexandrinum
3446 586 3634 626 omnes
3664 576 3951 629 universim

2393 662 2735 715 Christianos
2788 665 2974 717 eodeni
3034 672 3247 716 nomine
3289 679 3667 732 nuncupasse;
3698 670 3952 733 quoniam

2393 752 2686 807 Christiani
2738 755 2805 808 ob
2847 771 3053 809 morum
3104 756 3505 822 simplicitatem
3551 768 3605 812 et
3631 759 3951 813 suavitatem

2396 844 2497 896 hoc
2522 859 2580 896 se
2612 844 2839 899 invicem
2895 860 3180 911 puerorum
3214 848 3430 899 nomine
3478 850 3801 903 vocitaoant.
3849 850 3955 904 Sed

2396 933 2444 985 id
2476 936 2693 988 omnino
2733 935 2845 987 leve
2870 947 2953 989 est
2978 945 3031 989 et
3066 937 3365 990 inﬁrmum.
3416 937 3547 992 Nam
3590 939 3842 1009 episcopo
3874 941 3956 996 l'as

2396 1040 2498 1076 non
2536 1036 2651 1079 erat
2704 1026 2866 1078 alium
2910 1027 3217 1095 episcopum
3256 1030 3441 1081 eodem
3487 1030 3645 1084 modo
3672 1046 3777 1098 quo
3799 1030 3959 1085 Chri-

2394 1128 2509 1171 stus
2535 1117 2831 1186 discipulos
2869 1133 2994 1171 suos
3052 1120 3301 1181 vocabat,
3355 1119 3553 1191 alloqui
3579 1130 3631 1175 et
3659 1121 3956 1189 appellare.

2394 1207 2641 1263 Clemens
2680 1224 2807 1263 vero
2866 1224 2967 1263 non
3024 1210 3231 1264 idcirco
3261 1209 3601 1264 Christianos
3632 1226 3827 1280 pueros
3860 1227 3961 1265 no-

2396 1304 2585 1365 minat,
2617 1305 2757 1371 quod
2803 1304 2835 1356 ii
2875 1304 2976 1357 hac
3022 1314 3203 1358 mutua
3242 1306 3603 1373 appellatione
3647 1322 3765 1361 sese
3819 1309 3954 1360 iuvi-

2393 1411 2511 1448 cem
2564 1397 2991 1465 alloquerentur,
3048 1398 3139 1450 sed
3191 1398 3313 1465 quia
3347 1397 3435 1451 ille
3466 1398 3611 1453 libro
3639 1414 3736 1451 suo
3764 1396 3957 1453 Preda-

2394 1490 2508 1556 gogi
2538 1489 2745 1542 titulum
2791 1489 3077 1542 indiderat.
3128 1489 3294 1544 Porro
3324 1500 3500 1545 autem
3536 1492 3635 1545 etsi
3662 1492 3957 1545 Christiani

2396 1593 2516 1631 sese
2582 1578 2808 1633 invicem
2861 1596 3053 1648 pueros
3100 1590 3381 1644 vocarent,
3437 1596 3540 1634 non
3595 1582 3628 1635 ii
3678 1591 3853 1635 tamen
3907 1585 3963 1637 in

2397 1669 2614 1736 scriptis
2669 1670 2780 1723 suis
2839 1670 3071 1738 aliquem
3118 1684 3385 1738 provecue
3434 1671 3614 1723 aetatis
3663 1671 3963 1735 hominem,

2397 1759 2642 1823 scicntia,
2695 1761 2980 1831 dignitate,
3061 1762 3350 1815 virtutibus
3401 1762 3691 1819 celebrem.
3744 1772 3798 1815 et
3846 1764 3961 1831 epi-

723 1850 791 1901 dc
844 1852 1006 1903 rebus
1062 1853 1400 1921 theologicis,
1449 1854 1553 1916 vel,
1604 1856 1645 1907 si
1675 1853 1845 1919 velis,.
1879 1851 2291 1921 philosophicis,
2326 1833 2366 1887 Β
2398 1860 2617 1918 scopatu
2674 1863 2914 1916 auctum,
2953 1867 3016 1905 eo
3060 1852 3278 1906 nomine
3327 1852 3626 1922 appellasse
3681 1854 3828 1909 ullibi
3879 1855 3958 1908 le-

723 1943 1132 2005 consulnerunt,
1188 1944 1254 1997 iis
1301 1944 1567 2006 rudiores,
1625 1959 1921 2010 eorumque
1978 1941 2291 2011 discipulos.

721 2043 816 2087 aut
850 2032 915 2086 ab
964 2034 1069 2085 illis
1113 2034 1345 2087 ﬁliorqu
1402 2035 1620 2087 nomine
1657 2044 1874 2086 vocatos
1924 2032 2086 2087 fuisse
2114 2034 2288 2086 dicen-

723 2128 849 2178 dum
891 2141 973 2179 εει
1002 2126 1170 2179 ?ll-.ec
1202 2138 1351 2180 certe
1396 2127 1571 2180 nullus
1624 2138 1855 2196 unquatn
1885 2128 2041 2192 dixit,
2074 2125 2165 2180 sed
2197 2140 2295 2180 nec

723 2217 1013 2269 somniavit
1046 2233 1304 2285 unquam.

795 2310 925 2375 Quis
984 2320 1161 2362 autem
1232 2311 1330 2363 sibi
1389 2311 1713 2378 persuadeat
1764 2307 2105 2363 Timotheum
2162 2311 2294 2365 adeo

723 2413 921 2454 natura
956 2402 1124 2455 fuisse
1176 2402 1417 2455 timidum
1444 2412 1495 2455 et
1523 2401 1941 2469 pusillanimem,
1980 2412 2035 2456 ut
2064 2402 2149 2455 ille
2177 2418 2291 2455 ma-

721 2496 891 2560 gistro
918 2495 1133 2546 virtutis
1167 2504 1219 2547 et
1243 2494 1564 2547 constantiae
1616 2494 1926 2561 indiguerit,
1960 2509 2121 2563 quem
2155 2493 2290 2547 Pau-

724 2587 803 2639 lus
830 2587 1097 2652 laborum,
1134 2587 1410 2651 itinerum,
1460 2588 1850 2654 periculorum,
1901 2588 2289 2655 suppliciorum

719 2678 972 2730 cottiitem
1007 2678 1212 2737 ltatmit,
1247 2693 1404 2745 quem
1460 2676 1652 2729 Paulus
1699 2678 1762 2729 ad
1795 2676 1927 2729 alios
1954 2676 2285 2731 conﬁrman-

721 2772 819 2820 dos
852 2768 997 2821 misit
1029 2785 1041 2820 :
1094 2768 1357 2832 Misimus,
1405 2769 1575 2836 inquit
1620 2771 1844 2835 ipsemet
1881 2767 2098 2831 Paulus,
2126 2766 2295 2820 Timo-

720 2860 896 2910 theum
930 2858 1147 2925 fratrem
1194 2870 1453 2923 nostrum,
1479 2870 1524 2910 et
1558 2861 1855 2913 ministrant
1896 2861 1986 2911 Dei
2032 2860 2085 2911 in
2116 2857 2291 2910 Evan-

723 2952 858 3018 yclio
896 2949 1113 3013 Christi,
1142 2952 1208 3003 ad
1259 2952 1646 3017 confirmandos
1689 2967 1797 3015 vos,
1839 2961 1888 3005 et
1940 2951 2292 3004 exhortandus

726 3058 820 3105 pro
857 3041 961 3107 ﬁde
989 3053 1179 3105 vestra,
1202 3052 1254 3093 ut
1285 3058 1433 3094 nemo
1459 3052 1685 3095 uestrum
1738 3049 2006 3093 moveatur
2039 3041 2091 3093 in
2123 3040 2286 3093 tribu-

722 3130 1007 3182 lationibus
1047 3131 1108 3185 “.
1138 3129 1503 3199 Siccineergo
1534 3133 1599 3183 ad
1629 3130 1762 3183 alios
1793 3129 2292 3183 intribulationibus

724 3222 1113 3283 rcnﬁrmandos
1157 3233 1204 3275 et
1251 3224 1621 3286 exhortandus,
1668 3222 1961 3275 mittendus
1990 3231 2105 3275 erat
2131 3222 2290 3275 homo

726 3324 932 3367 natura:
958 3314 1158 3366 timidae
1188 3325 1241 3366 et
1275 3314 1675 3383 pusillanitnis?

798 3405 984 3459 Restat
1009 3407 1171 3474 igitur
1205 3416 1261 3458 ut
1313 3407 1631 3460 Timotheus
1673 3407 1873 3460 idcirco
1902 3422 2034 3475 puer
2060 3407 2290 3469 dicatur,

724 3497 865 3563 quod
923 3496 1179 3567 Dionysio
1229 3506 1390 3551 aetate
1448 3498 1609 3552 fuerit
1666 3498 1868 3567 jnnior.
1900 3498 1962 3551 Et
1991 3498 2044 3551 id
2076 3498 2290 3563 quidem

727 3588 851 3642 inde
882 3591 1189 3642 conﬁrmari
1234 3598 1435 3657 potest,
1485 3590 1609 3657 quia
1659 3589 1998 3652 Ambrosius,
2051 3588 2124 3641 uti
2161 3588 2290 3641 olim

726 3684 1169 3746 observabamus,
1201 3684 1575 3737 Constantium
1615 3684 1923 3752 episcopum
1960 3682 2049 3734 lilii
2077 3683 2291 3734 nomine

724 3774 1073 3841 appellaverit
1102 3777 1163 3829 ".
1190 3775 1503 3830 Commendo
1540 3777 1656 3839 tibi,
1704 3776 1803 3843 ﬁli,
1836 3774 2143 3838 Ecclesium,
2177 3790 2293 3840 qua:

723 3878 797 3919 ut
828 3870 895 3919 ad
930 3865 1122 3919 Forum
1165 3866 1411 3919 Cornelii.
1447 3867 1643 3921 Verum
1669 3867 1983 3919 Timotheus
2008 3877 2133 3919 ante
2167 3864 2291 3917 Dio-

728 3960 868 4027 nysii
897 3960 1314 4012 conversionem
1346 3974 1448 4010 non
1484 3958 1655 4011 solum
1687 3957 2011 4012 Christianas
2045 3957 2291 4025 religioni

728 4068 922 4104 nomen
955 4052 1198 4114 dederat,
1230 4051 1323 4105 sed
1355 4049 1505 4103 Pauli
1540 4065 1752 4118 quoque
1781 4059 1833 4102 et
1855 4049 2152 4119 discipulus
2179 4058 2296 4102 erat

726 4154 781 4196 et
805 4157 1011 4197 comes.
1043 4143 1248 4196 Deinde
1276 4158 1397 4195 cum
1440 4141 1725 4212 Dionysius
1750 4142 1951 4211 scripta
1985 4155 2078 4195 sua
2112 4140 2295 4193 elucu-

726 4238 931 4298 braret,
965 4250 1187 4298 annum,
1214 4244 1273 4289 ut
1305 4235 1561 4299 diximus,
1611 4235 2039 4299 nonagesimum,
2068 4233 2150 4287 vel
2181 4232 2292 4285 for-

727 4330 869 4383 sitan
914 4319 1269 4383 centes'tmum
1312 4328 1498 4380 debuit
1538 4326 1821 4397 attingere,
1854 4341 1952 4380 nec
1982 4325 2296 4379 TimOtbeus

728 4431 853 4475 tunc
878 4422 1224 4491 octogenario
1278 4422 1455 4474 minor
1498 4430 1637 4475 erat.
1670 4419 1780 4473 Fac
1833 4432 2012 4473 tamen
2059 4434 2181 4472 eum
2211 4432 2297 4472 se-

728 4516 1163 4583 ptuagenarium,
1223 4513 1306 4567 vel
1361 4516 1524 4567 etiam
1572 4509 1996 4581 'sexag'enariutn
2055 4520 2291 4565 tantum—

727 4607 891 4659 modo
962 4604 1146 4669 t'uisse,
1216 4605 1456 4674 nunquid
1533 4605 1817 4674 cpisc0pus
1892 4604 2291 4670 nonagenarius

727 4696 889 4749 alium
923 4706 1032 4749 tam
1055 4706 1318 4765 provecta:
1344 4695 1520 4749 aetatis
1547 4696 1879 4763 episcopum,
1916 4695 2001 4761 qui
2030 4696 2289 4763 jamante

730 4802 855 4842 eum
882 4787 1246 4841 Christianam
1282 4786 1594 4855 religionem
1628 4786 1988 4853 amplexatus,
2019 4796 2073 4840 et
2100 4787 2293 4840 deinde

730 4877 881 4931 Pauli
922 4877 1146 4946 apostoli
1197 4891 1377 4931 comes
1408 4886 1461 4929 et
1490 4876 1785 4944 discipulus
1830 4874 2024 4935 fuerat,
2076 4876 2292 4927 nomine

731 4972 824 5023 lilii
877 4970 1176 5040 appellasse
1233 4970 1533 5023 credendus
1566 4981 1649 5022 est
1686 4970 1707 5021 ?
1738 4968 1923 5039 Neque
1975 4968 2041 5021 ad
2095 4969 2145 5022 id
2188 4967 2295 5019 ullo

731 5063 892 5115 niodo
933 5063 1063 5117 facit
1135 5063 1406 5117 Ambrosii
1471 5060 1798 5129 exemplum,
1855 5060 2291 5129 quandoquidem

728 5153 1080 5208 Constantius
1121 5154 1260 5207 inter
1299 5154 1527 5207 clericos
1560 5152 1990 5207 Mcdiolanenscs
2024 5154 2123 5204 sub
2155 5150 2294 5218 ejus-

730 5247 852 5297 dem
884 5243 1159 5298 Ambrosii
1195 5244 1503 5313 magisterio
1555 5244 1839 5304 educatus,
1892 5256 2013 5294 cum
2060 5242 2125 5293 ad
2171 5254 2292 5293 eum

730 5334 949 5403 scripsit
975 5335 1117 5388 idem
1168 5334 1510 5397 Ambrosius,
1537 5335 1590 5387 in
1629 5334 1940 5405 episcouum
1995 5347 2181 5387 recens
2212 5346 2297 5385 as-

732 5435 978 5493 sumptus
1008 5424 1203 5479 fuerat.

804 5517 1011 5571 Instant
1038 5517 1200 5583 aliqui
1248 5516 1523 5570 Christum
1576 5515 1870 5585 discipulos
1913 5530 2039 5567 suos
2074 5528 2293 5568 vocasse

807 5723 848 5752 ”
882 5721 997 5773 Lib.
1050 5719 1123 5773 De
1169 5721 1331 5772 divin.

738 5794 780 5824 “
819 5794 970 5845 Anth.
1009 5792 1159 5857 epist.
1192 5790 1246 5852 2,
1280 5805 1426 5843 nova'
1458 5790 1585 5841 edit.

1409 5736 1629 5781 nomne,
1686 5735 1803 5782 cap.
1859 5719 1938 5775 l5.
2040 5718 2081 5769 ι.

1664 5790 1700 5817 ’⁷
1732 5789 1885 5843 Joan.
1911 5804 2026 5852 1st,
2063 5789 2111 5840 5.

2212 5720 2250 5745 “
2289 5716 2405 5769 Lib.
2468 5714 2537 5768 Dc
2581 5716 2744 5769 divin.
2794 5715 3013 5778 nomin.,
3056 5727 3173 5779 cap.
3208 5712 3294 5767 Η.

2398 1954 2617 2010 guntur.

3014 2056 3238 2111 CAPUT
3280 2056 3343 2108 Χ.

2399 2167 2750 2219 Exinninotur
2822 2170 3108 2220 secundum
3167 2180 3548 2235 argumentum,
3614 2186 3676 2223 ea:
3722 2172 3870 2224 libris
3913 2183 3960 2225 et

2466 2237 2801 2303 scriptoribus
2840 2240 3004 2290 sacris
3054 2238 3141 2306 qui
3175 2241 3237 2291 ab
3266 2248 3479 2292 auctore
3510 2251 3683 2294 nostra
3730 2245 3962 2294 citantur

2464 2308 2809 2374 desumptum.

2467 2394 2585 2448 Jam
2621 2412 2753 2450 vero
2780 2398 2823 2452 si
2855 2413 2883 2450 a
2924 2399 3183 2452 librorum
3207 2401 3559 2471 inscriptione
3582 2404 3647 2457 ad
3670 2417 3856 2457 eorum
3888 2404 3961 2458 le-

2397 2487 2626 2537 ctionem
2692 2497 3053 2553 transeamus,
3113 2501 3403 2544 occurrent
3474 2493 3673 2559 passim
3743 2493 3862 2545 libri
3908 2503 3963 2546 et

2396 2576 2688 2643 scriptores
2715 2578 2782 2628 ab
2804 2588 3031 2630 auctore
3085 2587 3270 2630 nostro
3302 2577 3471 2642 citati,
3505 2580 3593 2645 qui
3644 2594 3764 2632 eum
3795 2579 3963 2632 Areo-

2397 2670 2629 2736 pagitam
2662 2686 2765 2721 non
2798 2684 2915 2723 esse
2947 2670 3082 2722 satis
3114 2678 3298 2737 aperte
3347 2669 3719 2723 demonstrare
3743 2671 3961 2724 videan-

2399 2770 2502 2812 tur.
2528 2760 2620 2813 llle
2651 2760 2792 2813 enim
2822 2762 3092 2824 eumdem,
3149 2762 3238 2828 qui
3274 2776 3413 2814 nunc
3443 2761 3511 2816 ab
3538 2763 3789 2817 omnibus
3824 2763 3955 2816 reci~

2396 2850 2559 2916 pitur,
2592 2865 2806 2905 sacrum
2855 2851 3051 2904 divina:
3103 2850 3397 2919 Scriptura:
3448 2852 3963 2907 canonemexbibet

2395 2954 2449 2994 et
2484 2951 2860 3010 repraesentat.
2890 2941 3048 3010 Atqui
3072 2956 3244 2997 canon
3273 2942 3363 2995 ille
3393 2942 3805 3012 Scripturarum
3836 2945 3963 2998 Dio-

2398 3035 2535 3103 nysii
2596 3044 2837 3102 tempore
2896 3034 3131 3087 nondum
3162 3046 3279 3089 erat
3312 3034 3583 3103 perfectus
3627 3045 3681 3090 et
3711 3036 3962 3106 obsigna--

2402 3137 2504 3179 tus.
2535 3125 2911 3193 Apocalypsim
2946 3140 3195 3193 namque,
3249 3125 3543 3204 Epistolam
3588 3126 3734 3180 Pauli
3766 3129 3830 3181 ad
3858 3127 3961 3180 lie-

2399 3218 2593 3283 brmos,
2626 3219 2916 3271 secundam
2942 3216 3187 3283 Joannis,
3213 3226 3267 3271 et
3297 3218 3446 3272 Judzn
3476 3218 3791 3288 Epistolam,
3825 3233 3962 3285 quas

2398 3307 2486 3361 ille
2546 3308 2690 3361 hunc
2740 3307 2907 3361 refert
2956 3308 3007 3360 in
3058 3322 3347 3373 canonem,
3401 3310 3467 3363 ab
3511 3310 3700 3363 eodem
3744 3310 3959 3371 plurimi

2396 3398 2771 3453 excludebant.
2844 3400 3043 3452 Deinde
3092 3397 3328 3453 Joannes
3378 3400 3753 3469 Apocalypsim
3784 3416 3957 3464 suam,

2395 3504 2518 3543 cum
2557 3489 2607 3540 in
2663 3489 2833 3541 insula
2864 3487 3078 3541 Patmos
3116 3488 3427 3554 exsularet,
3466 3489 3518 3543 id
3551 3502 3634 3545 est
3665 3492 3811 3545 circa
3863 3506 3961 3543 an-

2399 3594 2526 3631 num
2557 3580 2753 3633 Christi
2782 3579 2848 3633 94
2896 3579 2975 3634 vel
3033 3579 3119 3644 95,
3176 3582 3367 3645 edidit,
3422 3581 3773 3652 Evangelium
3831 3596 3961 3634 vero

2396 3684 2517 3743 post
2546 3688 2724 3735 suum,
2758 3682 2813 3723 ut
2842 3672 3025 3740 plures
3056 3674 3411 3736 arbitrantur,
3440 3674 3508 3726 ab
3548 3677 3735 3728 eodem
3768 3679 3961 3731 exsilio

2400 3765 2656 3829 reditum,
2692 3764 2794 3816 hoc
2827 3772 2910 3816 est
2961 3777 3065 3814 non
3102 3772 3229 3814 ante
3259 3778 3455 3815 annum
3485 3762 3576 3827 98,
3606 3763 3803 3833 publici
3832 3766 3961 3819 fecit

2397 3869 2516 3906 esse
2537 3853 2695 3919 juris.
2728 3852 2820 3906 llis
2869 3852 3005 3906 adde
3056 3850 3224 3905 libros
3282 3852 3400 3906 illos
3427 3868 3454 3904 a
3485 3853 3737 3922 Dionysio
3765 3870 3873 3910 non
3902 3867 3960 3909 ut

2399 3960 2566 3998 novos
2596 3959 2947 4012 recenterque
2997 3947 3169 3999 editos
3215 3945 3397 3999 citari.
3453 3944 3600 3999 Unde
3626 3948 3959 4001 concludunt

2396 4054 2519 4090 eum
2548 4037 2637 4091 vix
2671 4047 2793 4091 ante
2845 4051 3046 4091 annum
3094 4037 3296 4091 Christi
3333 4037 3693 4091 centesimum
3743 4040 3962 4110 scriptis

2396 4130 2509 4183 suis
2536 4145 2751 4183 manum
2804 4130 3133 4184 admovisse.
3182 4132 3249 4183 At
3283 4139 3392 4184 tum
3422 4128 3710 4201 Dionysius
3748 4132 3839 4186 ille
3862 4147 3959 4185 an-

2400 4238 2523 4274 num
2552 4222 2729 4273 aetatis
2774 4236 2887 4275 sua:
2943 4222 3349 4292 nonagesimum
3386 4223 3598 4292 agebat,
3638 4225 3836 4293 quippe
3868 4226 3960 4294 qui

2397 4318 2612 4371 Christo
2633 4316 2892 4384 patiente,
2921 4324 2977 4369 ut
3001 4316 3131 4370 solis
3160 4316 3401 4385 eclipsim
3428 4319 3765 4383 observaret,
3791 4334 3961 4373 annos

2399 4409 2638 4475 quinque
2693 4422 2854 4475 supra
2908 4406 3093 4477 viginti
3154 4408 3458 4473 explevisse
3511 4409 3785 4462 credatur.
3831 4410 3962 4475 Quis

2401 4510 2579 4553 autem
2610 4498 2711 4552 sibi
2746 4498 2904 4551 facile
2960 4500 3283 4566 persuadeat
3328 4499 3505 4551 virum
3533 4500 3597 4553 ab
3625 4501 3843 4555 ineunte
3870 4500 3959 4568 ju-

2401 4599 2620 4644 ventute
2680 4589 3128 4652 eruditissimum,
3190 4590 3256 4643 ad
3322 4588 3487 4643 libros
3542 4592 3959 4647 conscribendos

2404 4694 2531 4735 tunc
2576 4682 2813 4733 animmn
2872 4681 3165 4749 appulisse,
3224 4698 3346 4737 cum
3401 4682 3514 4752 ipse
3565 4684 3960 4754 nonagenarius

2402 4782 2542 4826 esset
2563 4785 2618 4824 et
2646 4772 2793 4825 senio
2820 4774 3119 4825 confectus.

2475 4866 2580 4919 Sed
2614 4866 2698 4918 his
2731 4866 3031 4919 rationibus
3084 4867 3303 4921 minime
3330 4868 3394 4920 de
3420 4867 3689 4921 sententia
3715 4882 3810 4927 sua
3841 4883 3958 4920 mo-

2405 4970 2599 5013 ventur
2626 4956 3013 5025 Areopagitici.
3052 4956 3165 5010 Non
3193 4958 3336 5011 enim
3382 4957 3681 5011 diﬂitentur
3722 4958 3809 5010 diu
3840 4958 3960 5025 qui-

2404 5053 2523 5104 dem
2551 5051 2615 5104 de
2649 5050 2906 5103 librormn
2960 5049 3345 5102 canonicorum
3398 5063 3619 5102 numero
3652 5048 3817 5102 fuisse
3847 5048 3959 5099 dis-

2403 5152 2646 5210 putatum
2668 5181 2683 5204 ,
2717 5141 2811 5193 sed
2854 5140 3033 5206 negari
3077 5154 3409 5207 nequaquam
3440 5152 3601 5206 posse
3624 5139 3777 5191 aiunt
3805 5137 3960 5205 quin,

2403 5236 2547 5287 sicut
2582 5232 2823 5287 nonnulli
2855 5230 3117 5301 quosdam
3153 5231 3318 5283 libros
3344 5244 3409 5281 ex
3454 5245 3609 5283 sacro
3637 5244 3843 5282 canone
3874 5243 3961 5281 re-

2392 5325 2677 5391 jiciebant,
2712 5323 2785 5375 ita
2819 5324 2984 5376 etiam
3040 5322 3255 5388 quidam
3313 5320 3400 5372 alii
3446 5334 3540 5373 eos
3572 5333 3758 5385 omnes
3781 5318 3870 5387 qui
3907 5320 3958 5371 in

2399 5418 2644 5470 eunulcm
2672 5430 2934 5475 canonem
2968 5429 3109 5466 nunc
3155 5412 3521 5476 ascribuntur,
3556 5428 3653 5481 pro
3682 5412 3959 5465 canonicis

2401 5509 2675 5562 habendos
2704 5524 2821 5561 esse
2876 5506 3195 5575 putaverint.
3258 5504 3437 5572 Neque
3490 5506 3633 5557 enim
3688 5504 3955 5568 quoddam

3402 5711 3443 5742 "’
3478 5710 3493 5763 l
3527 5708 3767 5763 'l'heual.
3804 5719 3866 5772 tt,
3900 5707 3953 5759 5.
