4196 6306
229 421 293 476 29
1527 426 1886 484 PROLEGOM

1775 427 2052 484 303mm.
3365 426 3432 480 δέ,

232 519 522 588 aliquando
555 530 763 592 tempus
788 521 955 578 fuisse
975 523 1082 580 dici
1109 533 1286 594 potest
1310 541 1417 594 quo
1443 543 1629 582 omnes
1660 543 1780 583 cum
1810 533 1854 589 Α
1885 529 2022 583 stola
2068 527 2136 582 ab
2159 527 2295 597 ipso,
2338 539 2460 580 cum
2498 525 2563 579 ad
2597 524 2907 593 martyrium
2940 520 3246 593 duceretur,
3291 531 3432 569 anno

236 607 510 676 Ecclesiae,
541 618 652 663 tum
677 609 969 666 Christiani
1006 613 1170 668 libros
1209 616 1464 684 quosdam
1495 617 1784 686 Scriptura:

233 702 284 752 ln
315 714 473 754 sacro
506 716 715 755 canone
745 717 850 757 non
889 706 1204 760 censuerint
1253 723 1371 762 esse
1402 709 1782 762 numerandos.

234 787 369 856 Quid
397 805 528 861 ergo
565 793 812 860 prohibet
847 796 1135 863 quominus
1168 797 1490 868 Areopagita
1534 799 1617 854 his
1649 813 1786 866 prte-

234 882 410 937 buerit
457 897 760 951 assensum,
791 886 880 954 qui
929 901 1085 942 sacro
1116 903 1319 943 canone
1359 904 1452 944 eos
1505 904 1692 944 omnes
1720 889 1786 944 li-

236 972 381 1040 brns,
416 975 507 1042 qui
539 990 682 1032 nunc
705 976 1074 1047 assignantur,
1105 980 1369 1035 contineri
1399 995 1496 1049 pro
1519 991 1665 1036 certo
1692 981 1788 1035 ba-

237 1065 478 1121 bebant?

298 1155 453 1222 Quod
480 1157 546 1210 ad
574 1156 799 1213 Joannis
823 1160 1173 1230 Evangelium
1215 1161 1464 1229 pertinet,
1490 1161 1534 1215 si
1560 1160 1738 1230 plures
1761 1175 1790 1216 e

234 1244 568 1301 doctioribus
597 1247 799 1302 criticis
836 1248 963 1303 illud
989 1250 1055 1304 ab
1100 1250 1342 1319 apostolo
1391 1261 1512 1319 post
1559 1250 1788 1304 reditum

237 1351 396 1391 suum
427 1337 498 1391 ab
541 1338 732 1392 exsilio
780 1340 1040 1408 scriptum
1089 1342 1398 1410 opinantur,
1436 1357 1537 1397 non
1590 1344 1790 1398 desunt

237 1429 397 1481 etiam
435 1429 531 1497 qui
577 1439 631 1484 et
676 1429 803 1484 illud
837 1440 991 1485 antea
1031 1440 1306 1486 exaratum
1353 1447 1472 1490 esse
1521 1443 1786 1489 asserant.

240 1517 345 1572 Sed
392 1520 591 1587 quovis
627 1530 865 1590 tempore
916 1523 1178 1591 scriptum
1210 1537 1328 1578 esse
1373 1525 1608 1589 dicatur,
1657 1523 1790 1578 nihil

235 1618 406 1675 vetat,
443 1611 691 1679 inquiunt
714 1613 1101 1682 Areopagitici,
1125 1616 1410 1684 quominus
1433 1615 1560 1670 illud
1595 1619 1790 1686 ipsum,

235 1709 400 1771 atque
454 1705 620 1758 etiam
672 1704 910 1773 ejusdem
963 1704 1188 1760 Joannis
1231 1706 1582 1777 Apocalypsis
1634 1707 1789 1763 citari

234 1795 567 1863 potuerinta
620 1796 893 1865 Dionysio,
948 1796 1038 1864 qui
1096 1801 1408 1853 centenario
1467 1797 1637 1866 major
1692 1799 1790 1853 sub

1884 620 2108 682 Christi,
2151 627 2208 673 ut
2259 633 2418 684 supra
2476 616 2830 678 ostendimus,
2880 612 2980 666 107
3029 619 3116 663 aut
3170 609 3290 672 £08,
3336 608 3433 659 fuit

1886 720 2124 765 exarata.
2161 711 2327 765 Porro
2357 717 2537 763 autem
2570 721 2632 760 ea
2657 721 2832 776 neque
2868 715 2975 758 tam
3018 704 3125 757 cito
3157 703 3208 755 in
3242 713 3435 754 manus

1886 802 2122 872 Dionysii
2157 802 2339 855 venire
2385 801 2577 871 potuit,
2626 812 2798 866 neque
2843 795 2931 848 ille
2981 810 3098 848 eam
3135 801 3191 847 ut
3221 804 3433 852 novam,

1886 902 1939 947 et
1970 908 1998 946 a
2022 892 2207 961 paucis
2231 892 2524 962 cognitam,
2571 889 2664 943 sed
2693 896 2748 941 ut
2782 881 3052 955 receptam
3090 884 3156 937 ab
3184 881 3435 938 omnibus

1886 985 2038 1048 citat,
2092 983 2360 1050 verbaque
2407 983 2522 1051 ejus
2561 977 2897 1033 transcribit.
2947 974 3081 1028 Hinc
3132 988 3260 1040 ergo
3304 986 3437 1026 eon-

1885 1075 2073 1129 cludas
2133 1088 2353 1128 necesse
2414 1082 2495 1127 est
2568 1069 2804 1139 Dionysii
2882 1067 3075 1122 librum
3126 1063 3197 1117 De
3248 1062 3434 1116 divinis

1889 1167 2182 1221 nominibus
2232 1181 2334 1220 non
2379 1176 2501 1220 ante
2545 1178 2740 1217 annum
2777 1161 2874 1215 110
2901 1159 3155 1214 emissum
3187 1155 3352 1210 fuisse
3382 1155 3435 1208 in

1889 1258 2081 1313 lucem.

1959 1348 2302 1418 Respondent
2328 1348 2546 1418 quidam
2575 1343 2938 1415 Areopagitici
2970 1341 3285 1410 Dionysium
3317 1345 3439 1407 post

1889 1441 2075 1511 lgnatii
2108 1451 2333 1496 mortetn
2353 1442 2516 1495 vitam
2542 1454 2688 1494 suam
2716 1436 3032 1507 produxisse
3063 1448 3078 1497 ;
3106 1432 3440 1501 proindeque

1889 1532 2142 1600 epistolas
2171 1533 2307 1602 ejus-
2332 1532 2399 1586 ab
2429 1532 2520 1586 illo
2565 1531 2803 1600 potuisse
2859 1525 3085 1580 laudari.
3130 1523 3234 1576 Sed
3268 1521 3344 1575 illi
3371 1521 3440 1574 de

1890 1625 2156 1679 soliditate
2211 1623 2370 1691 hujus
2410 1621 2794 1690 responsionis,
2830 1634 2992 1687 quam
3045 1631 3174 1670 cum
3202 1613 3437 1680 ejusdem

1891 1717 2128 1788 Dionysii
2161 1719 2212 1770 in
2245 1715 2446 1770 Gallias
2465 1716 2692 1769 adventu
2725 1711 3024 1766 conciliare
3065 1723 3169 1760 non
3199 1713 3439 1775 possunt,

1892 1810 2104 1876 penitus
2161 1806 2484 1867 difﬁdentes,
2539 1805 2605 1858 ad
2649 1805 2807 1856 aliam
2867 1801 3051 1856 statim
3104 1797 3442 1863 confugiunt,

236 1885 477 1953 Trajani,
513 1888 616 1952 vel,
659 1888 808 1957 juxta
860 1887 1019 1951 alios,
1059 1890 1158 1944 sub
1201 1889 1422 1944 Adriani
1456 1889 1683 1958 imperio
1715 1891 1790 1943 vi-
1822 1887 1864 1940 Β

1785 1918 1790 1929 ι
1822 1887 1864 1940 Β
1895 1902 2152 1968 aiuntque
2182 1897 2494 1968 Dionysium
2545 1896 2743 1964 scripta
2772 1909 2866 1947 sua
2898 1893 2950 1946 in
2987 1890 3197 1946 Graecia
3226 1887 3442 1957 quidem

237 1989 346 2033 tam
380 1995 504 2035 cum
534 1991 705 2035 morte
727 1980 1100 2034 commutavit.

306 2068 603 2126 Fatendum
651 2071 866 2141 quidem
918 2081 1000 2127 est
1037 2073 1178 2141 quod
1223 2073 1268 2127 si
1303 2075 1405 2128 hoc
1456 2074 1791 2144 Dionysianze

235 2165 428 2217 mortis
480 2173 686 2230 tempus
735 2165 900 2218 certis
963 2166 1230 2219 rationum
1281 2165 1565 2220 momentis
1611 2175 1792 2235 posset

235 2253 574 2320 conﬁrmari,
603 2254 781 2308 omnis
832 2255 1017 2322 procul
1062 2255 1222 2311 dubio
1247 2256 1545 2310 solveretur
1574 2256 1792 2324 hujusce

239 2345 566 2400 difﬁcultatis
595 2344 788 2399 nodus.
826 2343 929 2398 Sed
956 2348 1288 2399 contendunt
1316 2335 1789 2414 Antiareopagitici

237 2436 550 2507 Dionysium
582 2445 704 2506 post
749 2435 1038 2489 Domitiani
1072 2437 1414 2506 imperatoris
1445 2445 1685 2504 tempora
1713 2438 1792 2490 vi-

238 2539 346 2580 tam
377 2542 484 2582 non
516 2527 855 2595 produxisse.
902 2525 1051 2592 Quod
1085 2527 1302 2598 quidem
1332 2530 1403 2581 ita
1429 2536 1638 2582 certum
1673 2543 1794 2585 esse

237 2618 442 2682 volunt,
468 2627 526 2670 ut
554 2632 656 2671 non
697 2618 867 2690 solum
903 2619 1256 2672 accuratioris
1285 2619 1489 2673 criterii
1516 2629 1788 2685 auctores,

239 2711 332 2764 sed
362 2725 551 2764 eorum
591 2710 753 2764 etiam
800 2711 888 2779 qui
919 2710 1116 2780 scripta
1169 2709 1424 2782 Dionysio
1457 2711 1794 2781 Areopagitas

239 2802 538 2865 vindicant,
566 2817 673 2856 non
709 2801 865 2870 pauci
898 2801 1022 2855 huic
1062 2802 1300 2870 opinioni
1356 2802 1792 2870 subscripserint.

238 2891 501 2947 Caeterum
555 2907 675 2946 eum
719 2902 928 2960 tempus
952 2892 1287 2961 Dionysiaca:
1334 2893 1521 2948 mortis
1557 2907 1640 2956 ea,
1678 2908 1795 2962 quae

239 2997 454 3036 omnem
489 2983 642 3037 tollat
684 2981 1068 3048 difﬁcultatem,
1114 2983 1384 3037 evidentia
1437 2983 1794 3037 demonstrari

243 3084 500 3144 nequeat,
556 3089 621 3129 eo
676 3084 823 3129 certe
897 3084 1214 3146 argumento
1277 3089 1379 3127 non
1453 3077 1798 3130 revincentur

239 3181 428 3220 omnes
452 3167 948 3238 Are0pagiticoruin
981 3166 1165 3220 animi.

309 3258 646 3327 Quapropter
694 3272 792 3313 nec
842 3257 978 3326 apud
1022 3272 1116 3311 eos
1143 3259 1260 3326 plus
1291 3258 1486 3312 valebit
1515 3268 1568 3312 et
1591 3260 1695 3314 alia
1719 3259 1794 3314 si-

242 3351 386 3406 milis
429 3349 848 3419 argumentatio,
900 3349 1023 3402 inde
1075 3351 1238 3416 petita
1275 3349 1416 3417 quod
1457 3351 1508 3404 in
1539 3350 1796 3405 librorum

244 3446 736 3512 manuscriptorum
783 3441 1024 3495 omnium
1065 3441 1234 3496 titulis
1262 3453 1452 3495 auctor
1482 3451 1662 3496 noster
1692 3443 1799 3511 epi-

241 3550 440 3604 scopus
465 3535 809 3588 Atheniensis
857 3534 1202 3588 inscribatur.
1256 3531 1437 3601 Neque
1479 3533 1620 3586 enim
1662 3533 1799 3587 ullus

243 3635 392 3679 certa
420 3623 639 3676 omnino
672 3637 734 3674 ac
768 3621 926 3690 plane
957 3619 1208 3689 evidenti
1236 3617 1553 3687 probatione
1576 3619 1796 3672 demon-

243 3716 441 3769 stravit
502 3713 741 3782 quandiu
791 3711 1080 3780 Dionysius
1134 3711 1518 3764 Atheniensem
1565 3711 1800 3764 tenuerit

243 3806 635 3876 episcopatum,
667 3813 761 3856 aut
789 3816 894 3871 quo
925 3813 1163 3870 tempore
1193 3802 1306 3854 sive
1335 3809 1626 3868 spontanea
1651 3801 1802 3854 abdi-

243 3899 458 3952 catione
487 3895 600 3950 sive
628 3905 801 3948 morte
836 3908 934 3947 sua
965 3892 1111 3945 illum
1150 3891 1362 3945 tandem
1397 3891 1688 3959 reliquerit.
1715 3891 1800 3944 ln-

244 3999 450 4043 certum
481 3986 643 4056 igitur
689 3984 1081 4055 Areopagiticis
1129 3983 1392 4037 videbitur
1424 3999 1548 4036 num
1599 3983 1799 4054 Diony-

244 4082 358 4134 sius
387 4086 512 4147 post
528 4077 701 4131 editos
730 4091 759 4128 a
795 4074 1001 4130 Joanne
1049 4073 1396 4145 Apocalypsis
1433 4084 1484 4128 et
1524 4073 1800 4145 Evangelii

246 4170 417 4222 libros
453 4165 772 4222 Atheniensi
827 4163 1158 4234 episcopatui
1207 4164 1450 4217 nuntium
1484 4179 1588 4218 non
1635 4164 1798 4219 remi-

247 4262 402 4317 serit.
450 4260 576 4314 Htec
635 4260 816 4325 itaque
859 4257 1242 4328 probationum
1296 4256 1635 4310 ﬁrmamenta
1663 4256 1802 4325 apud

244 4367 340 4410 eos
382 4361 595 4406 tantum
633 4351 739 4404 vim
776 4348 1067 4415 habebunt,
1095 4349 1212 4418 qui,
1237 4348 1338 4403 soli
1377 4348 1589 4401 veritati
1637 4347 1801 4401 litan-

249 4455 349 4510 tes,
385 4441 502 4496 illas
526 4440 862 4510 Dionysianze
887 4440 1128 4494 historia:
1158 4438 1519 4504 diﬁicultates,
1553 4441 1802 4510 sepositis

247 4535 480 4604 partium
516 4533 732 4599 studiis,
755 4533 990 4588 enodare
1019 4515 1378 4586 conabuntur.

842 4643 1066 4702 CAPUT
1115 4643 1203 4697 XI.

252 4742 487 4796 Tertium
518 4750 900 4810 argumentum,
935 4753 1016 4810 ex
1051 4736 1212 4788 citata
1255 4735 1422 4789 sancti
1444 4734 1666 4810 _lgnatii,
1689 4736 1798 4804 epi-

460 4807 601 4879 scopi
640 4808 965 4870 Antiocheni,
1007 4815 1316 4858 auctoritate
1352 4807 1585 4872 petitum.

317 4902 549 4957 Gravius
568 4913 698 4954 sane
732 4905 920 4951 contra
947 4896 1284 4964 Areopagitae
1310 4894 1624 4948 defensores
1656 4896 1802 4950 erui-

251 5002 338 5047 tur
363 5001 742 5063 argumentum
767 5003 834 5042 ex
865 4988 1084 5057 epistola
1118 4987 1328 5055 lgnatii,
1354 4987 1586 5056 episcopi
1612 4989 1800 5045 Antio-

252 5085 432 5150 cheni,
482 5085 552 5138 ad
593 5083 881 5143 Romanos,
932 5096 1094 5149 quam
1142 5089 1332 5134 auctor
1384 5089 1566 5133 noster
1597 5079 1648 5132 in
1693 5081 1802 5134 hate

252 5182 417 5235 verba
459 5179 657 5234 citasse
685 5177 996 5246 perhibetur
1025 5174 1071 5206 ’θ
1098 5188 1111 5226 :
1144 5173 1363 5242 Γράφει
1393 5172 1576 5226 δὲκαὶ
1599 5177 1630 5227 ό
1653 5173 1804 5238 θεῖος

265 5272 594 5342 Ἰγνάτιοςί
630 5269 837 5338 Ὀἐμύς
859 5269 1003 5335 ἔρως
1027 5265 1400 5331 ἐσταύρωται.
1444 5283 1463 5316 ›
1505 5264 1696 5318 Scribit
1719 5283 1808 5318 au-

257 5375 354 5417 tem
382 5375 430 5419 et
454 5363 606 5416 divus
629 5359 910 5430 lgnatius:
940 5375 958 5408 ι
993 5356 1153 5408 Amor
1174 5372 1314 5408 meus
1343 5355 1625 5422 cruci/imus
1645 5367 1742 5408 est.
1781 5375 1800 5408 ι

258 5455 347 5510 ilis
376 5465 559 5510 autem
591 5451 771 5506 verbis
814 5448 1062 5502 laudatur
1093 5447 1292 5516 aliquid
1342 5447 1410 5501 ab
1448 5445 1655 5515 lgnatio
1700 5461 1804 5500 non

253 5549 481 5611 dictum,
535 5544 630 5601 sed
685 5542 946 5611 scriptum
984 5537 1168 5608 ;quod
1225 5537 1431 5599 nullibi,
1483 5537 1581 5590 nisi
1639 5536 1691 5590 in
1744 5554 1804 5591 ea

247 5653 406 5708 quam
431 5637 666 5692 eitamus
693 5632 917 5701 epistola
951 5629 1192 5683 invenire
1234 5636 1336 5685 est.
1367 5627 1526 5695 Atqui
1557 5627 1668 5685 haec
1689 5631 1803 5698 epi-

317 5823 357 5855 ¹³
393 5819 519 5875 ιιι).
559 5815 637 5871 De
679 5815 840 5869 dit-in.
898 5815 1124 5882 uomitu,
1164 5828 1278 5881 cap.
1311 5813 1363 5876 4,
1404 5811 1429 5882 §
1471 5812 1551 5867 l2.

1892 1991 2148 2054 edidisse,
2183 1989 2276 2044 sed
2324 2003 2386 2042 ea
2436 1986 2778 2055 postmodum
2812 1984 2878 2036 ab
2928 1983 3042 2051 ipso
3075 1982 3126 2033 in
3156 1979 3344 2034 Galliis
3367 1978 3443 2030 ita

1893 2080 2169 2150 recognita
2190 2089 2353 2148 atque
2389 2085 2698 2138 retractata,
2717 2073 2855 2127 utiis
2879 2087 2942 2126 ex
2969 2071 3185 2124 Joannis
3208 2069 3446 2133 Evange-

1895 2175 1962 2227 lio
2001 2182 2053 2225 et
2083 2170 2397 2247 Apocalypsi
2443 2179 2604 2247 atque
2652 2182 2716 2220 ex
2779 2164 2964 2233 Ignatii
3015 2159 3240 2225 epistola
3289 2158 3444 2227 plura

1895 2261 2204 2316 testimonia
2229 2246 2517 2314 addiderit.
2549 2246 2761 2309 uerum
2787 2255 2849 2308 ‘iu
2884 2254 3053 2323 gratis
3079 2251 3302 2322 omnino
3340 2249 3443 2301 fin-

1895 2356 2055 2423 gitur.
2085 2353 2215 2406 Nam
2249 2350 2295 2404 si
2331 2364 2494 2418 opera
2537 2345 2772 2417 Dionysii
2803 2346 2869 2398 ab
2896 2359 2960 2397 eo
2989 2344 3040 2396 in
3072 2341 3260 2396 Galliis
3314 2339 3446 2392 fuis-

1895 2454 2014 2500 sent
2059 2457 2268 2505 recusa,
2319 2440 2408 2494 ille
2456 2438 2640 2509 procul
2698 2437 2860 2491 dubio
2890 2436 2942 2489 in
2975 2433 3153 2503 papuli
3201 2433 3284 2486 sui
3314 2431 3448 2484 alio-

1896 2549 2120 2603 rumque
2163 2531 2412 2587 solatium
2454 2539 2693 2585 curasset
2733 2543 2796 2581 ea
2834 2527 2886 2581 in
2932 2523 3178 2579 Latinam
3211 2523 3445 2589 linguam

1895 2626 2028 2678 verti
2058 2633 2111 2677 et
2159 2606 2444 2692 publicari,
2498 2629 2661 2688 atque
2696 2615 2908 2686 plurimi
2963 2610 3451 2692 eorumdem_0pe-

1896 2730 2013 2771 rum
2059 2715 2263 2770 inventi
2311 2712 2539 2766 fuissent
2579 2712 2629 2764 in
2662 2712 2727 2764 iis
2761 2706 3075 2777 regionibus
3103 2716 3155 2758 et
3180 2686 3371 2758 Latina
3395 2711 3451 2757 et

1896 2809 2081 2864 Graeca
2128 2822 2287 2861 manu
2336 2805 2542 2859 exarati
2592 2803 2826 2857 codices.
2855 2798 2994 2852 Nulli
3036 2808 3214 2851 tamen
3242 2795 3316 2850 ibi
3344 2812 3450 2849 un-

1896 2915 2054 2969 quam
2091 2897 2289 2967 reperti
2317 2906 2482 2950 sunt:
2522 2896 2613 2949 sed
2647 2894 2852 2963 priores
2898 2906 2962 2944 ex
3012 2889 3234 2944 Oriente
3266 2902 3450 2954 aspor-

1898 2992 2015 3054 tati,
2067 2988 2250 3044 Graece
2303 2987 2488 3054 scripti
2542 2992 2700 3037 erant
2748 2998 2764 3047 ;
2822 2996 2920 3034 nec
2965 2980 3210 3033 Latinam
3261 2991 3448 3031 eorum

1899 3082 2218 3142 versionem,
2249 3093 2310 3132 ea
2333 3092 2450 3146 qua:
2475 3091 2502 3129 a
2530 3073 2734 3127 Joanne
2782 3072 2945 3124 Scoto
3002 3069 3142 3122 edita
3175 3075 3282 3130 est,
3310 3066 3447 3117 anti-

1822 3211 1865 3269 Ε
1899 3174 2142 3242 quiorem
2199 3172 2474 3224 habemus.
2528 3165 2736 3220 Deinde
2774 3163 2951 3216 nullus
3001 3174 3234 3224 unquam
3275 3158 3449 3225 Opera

1901 3280 1993 3319 sua
2066 3261 2360 3326 recensuit,
2422 3274 2485 3313 ac
2539 3260 2592 3311 in
2641 3270 2828 3311 eorum
2884 3251 3248 3320 recognitione
3297 3250 3451 3316 plura

1900 3357 2096 3424 adjecit
2151 3368 2309 3415 nova,
2364 3351 2494 3419 quin
2549 3349 2614 3408 de
2687 3347 2768 3400 bis
2820 3345 3049 3398 lectores
3091 3339 3285 3394 alicubi
3333 3352 3452 3390 mo-

1899 3446 2080 3500 nuerit
2133 3457 2280 3497 suos.
2326 3437 2524 3494 Nullibi
2577 3446 2752 3489 tamen
2820 3432 2959 3501 apud
3011 3438 3288 3483 auctorem
3341 3443 3441 3479 no-

1900 3547 2071 3592 strum
2117 3542 2338 3589 exstant
2391 3530 2615 3598 hujusce
2664 3523 3049 3581 admonitionis
3093 3520 3322 3588 vestigia
3369 3519 3454 3572 vel

1900 3638 2058 3682 ηοιω.

1971 3721 2064 3774 llis
2109 3720 2270 3790 igitur
2321 3713 2770 3785 responsionibus
2816 3711 2884 3765 ab
2920 3709 3040 3763 aliis
3068 3705 3457 3776 Areopagitica:

1901 3813 2173 3883 opinionis
2204 3809 2503 3864 fautoribus
2549 3806 2632 3859 vel
2667 3803 2863 3870 spretis
2903 3802 2986 3855 vel
3018 3801 3259 3864 omissis,
3290 3798 3456 3852 auda-

1901 3914 2016 3958 cter
2064 3902 2336 3956 afﬁrmant
2385 3899 2550 3954 citata
2599 3896 2886 3964 lgnatiana:
2931 3892 3170 3962 epistola:
3193 3889 3357 3943 verba
3387 3889 3455 3941 ab

1904 3993 2086 4064 aliquo
2141 3993 2405 4066 insciente
2435 3999 2488 4046 et
2540 4002 2720 4042 rerum
2767 3987 2954 4055 ignaro
3004 3983 3376 4056 imprudenter
3402 3989 3457 4033 et

1903 4089 2081 4155 inepte
2125 4086 2177 4139 in
2232 4083 2465 4153 Dionysii
2511 4079 2718 4134 intrusa
2781 4089 3012 4133 textum.
3059 4076 3125 4130 Et
3149 4075 3202 4129 id
3232 4072 3450 4142 quidem

1904 4179 2146 4249 pluribus
2181 4177 2470 4232 momentis
2505 4172 2870 4229 demonstrari
2915 4184 3071 4238 posse
3099 4167 3452 4221 arbitrantur.

1903 4269 2167 4328 Primum,
2195 4266 2319 4335 quia
2363 4263 2500 4318 nihil
2523 4263 2586 4317 ad
2619 4259 2861 4330 Dionysii
2894 4265 3270 4326 argumentum
3293 4253 3456 4306 facie-

1901 4361 1993 4417 bat
2027 4356 2246 4429 prmfata
2303 4356 2489 4426 lgnatii
2543 4354 2858 4407 auctoritas.
2924 4347 3208 4416 Dionysius
3255 4345 3455 4398 etenim

1905 4450 1974 4505 ibi
2003 4455 2190 4519 probat
2215 4461 2403 4500 vocem
2440 4443 2602 4515 ἔρως,
2631 4457 2803 4504 amor,
2833 4438 2972 4508 apud
3001 4451 3184 4493 sacros
3207 4443 3459 4488 auctores

1824 4537 1876 4596 D
1905 4543 1958 4596 in
1990 4543 2187 4596 bonam
2219 4548 2427 4607 partem
2457 4535 2650 4602 accipi.
2705 4527 2866 4601 Atqui
2899 4531 3089 4585 eadem
3141 4542 3243 4582 vox
3269 4527 3321 4578 in
3359 4527 3458 4578 hac

1905 4631 2018 4700 ipsa
2054 4629 2245 4699 lgnatii
2294 4625 2520 4696 epistola
2549 4638 2643 4690 pro
2691 4620 3124 4688 concupiscentia
3170 4629 3459 4682 amoreque

1905 4723 2148 4777 terrestri
2194 4728 2503 4788 usurpatur.
2555 4715 2824 4778 Secundo,
2878 4714 3003 4781 quia
3055 4711 3154 4765 hac
3199 4712 3460 4779 pericope

1904 4823 1959 4869 et
2000 4811 2266 4867 sententia
2317 4807 2502 4880 lgnatii
2554 4812 2786 4874 dempta,
2845 4803 3038 4857 melius
3088 4801 3188 4854 sibi
3226 4802 3460 4854 cohaeret

1909 4903 2147 4974 Dionysii
2175 4902 2369 4957 oratio.
2431 4899 2637 4961 Tertio,
2675 4897 3040 4951 testimonium
3092 4894 3218 4948 illud
3270 4893 3457 4961 Ignatii

1907 4999 2046 5052 inter
2080 4996 2255 5051 media
2293 5007 2462 5049 sacrae
2515 4992 2810 5059 Scriptura:
2863 4987 3171 5042 testimonia
3228 4985 3460 5038 absurde

1906 5090 2125 5145 omnino
2168 5087 2484 5142 collocatur.
2535 5084 2690 5137 Certe
2740 5080 3052 5150 prudentior
3098 5077 3381 5146 Dionysius
3410 5088 3456 5130 et

1906 5190 2028 5249 post
2077 5179 2254 5232 omnia
2312 5178 2507 5230 divinae
2561 5174 2855 5242 Scriptum
2911 5170 3237 5230 testimonia,
3301 5177 3461 5235 atque

1907 5275 2066 5326 etiam
2097 5281 2215 5339 post
2268 5271 2458 5323 allatas
2502 5283 2530 5320 a
2561 5281 2618 5320 se
2647 5266 2842 5320 ibidem
2891 5261 3163 5316 Hierotbei
3219 5259 3458 5327 magistri

1909 5367 1989 5419 sui
2035 5365 2386 5419 auctoritates
2414 5364 2460 5416 ei
2489 5363 2666 5415 locum
2698 5360 2955 5413 dedisset.
2985 5355 3226 5425 Denique
3277 5355 3461 5423 perio-

1915 5455 2010 5508 dus
2041 5469 2158 5522 quae
2187 5454 2328 5506 hanc
2353 5450 2544 5520 lgnatii
2571 5451 2892 5503 sententiam
2941 5446 3229 5508 antecedit,
3259 5444 3432 5496 f'alsita

1917 5554 2019 5596 tem
2049 5544 2287 5597 continet
2331 5542 2747 5610 putidissimam.
2777 5547 2830 5593 et
2858 5549 3077 5593 auctore
3110 5549 3215 5590 tam
3251 5535 3460 5590 erudito

1912 5649 2132 5704 prorsus
2171 5634 2458 5704 indignam.
2498 5633 2622 5688 Hmc
2663 5644 2838 5689 autem
2890 5633 3139 5703 periodus
3165 5631 3246 5685 his
3284 5629 3459 5684 verbis
