4198 6304
696 354 760 413 II
1863 354 1917 411 S.
1964 349 2330 409 DIONYSIUS
2368 351 2823 410 AREOPAGITA.
3865 355 3933 411 39

702 471 870 537 renti.
883 469 999 523 .itur
1045 488 1059 524 :

703 577 911 616 crurum
943 559 1343 628 Scripturarum
1391 560 1765 615 tractatoribus
1812 577 1996 614 nomen
2042 561 2261 633 ἱρωτος,

702 654 918 720 amoris,
968 656 1197 709 divinius
1237 669 1554 724 esu,quam
1604 670 1790 708 nomen
1843 652 2082 727 ἀγάπης,
2134 654 2267 708 dile-

704 747 909 801 ctionis.
938 746 1005 800 At
1035 747 1158 812 hoc,
1185 747 1450 815 inquiunt.
1489 745 1835 800 falsissimum
1887 755 1989 802 est.
2046 744 2180 799 Nam
2219 745 2263 798 si

706 849 897 891 nomen
926 838 1144 900 amoris,
1176 837 1395 910 ἔρωτος,
1433 839 1666 894 divinius
1706 847 1850 893 esset
1875 852 2037 907 quam
2072 851 2263 893 nomen

695 922 1010 990 dilectionis,
1043 925 1281 999 ἀγάπης,
1337 930 1628 997 scriptores
1682 928 1820 983 sacri
1857 942 1922 981 eo
1945 924 2130 996 procul
2160 927 2263 976 du-

684 1014 787 1068 bio
812 1015 1147 1087 frequentius
1192 1029 1493 1074 uterentur.
1528 1020 1688 1089 Atqui
1730 1032 1832 1073 vox
1870 1017 2009 1089 Ερως
2040 1018 2093 1070 in
2116 1014 2263 1070 Novo

690 1109 1066 1172 Testamento,
1110 1106 1197 1162 ubi
1249 1123 1350 1163 vox
1402 1109 1591 1179 ἀγάπη
1645 1108 1763 1177 plus
1791 1122 1952 1178 quam
2004 1106 2264 1177 nonagies

688 1199 955 1262 occurrit,
1008 1215 1107 1255 nec
1162 1200 1326 1255 semel
1376 1202 1593 1270 quidem
1645 1202 1911 1271 reperitur
1950 1219 1964 1261 ς
2003 1203 2052 1255 in
2084 1199 2263 1254 Veteri

686 1301 876 1345 autem
934 1292 1261 1347 creberrime
1314 1292 1460 1364 legas
1512 1308 1698 1348 vocem
1749 1293 1991 1364 ἀγάπης,
2026 1295 2107 1348 bis
2138 1308 2266 1349 vero

688 1383 1068 1439 tantummodo
1130 1398 1232 1438 vox
1297 1385 1457 1456 ἔρως.
1516 1387 1567 1439 in
1620 1384 2039 1441 Proverbiorum
2086 1387 2263 1454 libris,

697 1477 762 1528 ad
820 1488 1057 1530 amorem
1117 1476 1385 1544 impurum
1426 1486 1476 1531 et
1524 1478 1809 1546 profanum
1848 1478 2261 1548 signillcandum

697 1567 979 1622 adhibetur
1007 1568 1050 1600 ¹⁹
1083 1568 1151 1623 ⁸⁸.
1187 1568 1333 1623 Unde
1364 1570 1693 1624 concludunt
1738 1580 1794 1626 et
1837 1572 2080 1641 phrasitn
2118 1587 2263 1643 pra:-

698 1664 887 1722 fatam.
942 1672 1104 1731 atque
1148 1663 1320 1732 ipsam
1382 1662 1572 1733 lgnatii
1636 1666 1988 1732 sententiam,
2033 1666 2083 1719 in
2134 1666 2261 1721 Dio-

693 1754 831 1825 nysii
870 1755 1037 1809 libros
1074 1754 1291 1810 fuissea
1334 1756 1563 1825 quodam
1618 1758 1760 1811 malo
1796 1757 1991 1812 feriato
2044 1757 2263 1813 homine

696 1846 958 1901 introsus.

763 1937 869 1991 Sed
901 1936 1041 1990 hanc
1100 1936 1601 2009 Areopagiticorum
1655 1940 1988 2008 Opinionem,
2039 1942 2261 2013 ejusque

694 2029 1053 2094 firmamenta,
1089 2031 1212 2084 inde
1243 2029 1554 2084 convellunt
1602 2032 1924 2100 adversarii,
1968 2038 2111 2105 quod
2144 2038 2261 2089 nul-

692 2119 777 2174 lus
824 2134 1057 2188 unquam
1112 2122 1362 2177 inventus
1392 2121 1464 2175 sit
1493 2125 1664 2178 codex
1724 2140 1883 2179 manu
1928 2140 2181 2183 exaratus
2208 2129 2259 2182 in

690 2226 799 2279 quo
834 2211 920 2266 illa
958 2212 1145 2283 lgnatii
1192 2214 1354 2269 verba
1392 2215 1442 2268 in
1497 2224 1641 2270 textu
1695 2217 2024 2287 Dionysiano
2070 2221 2258 2274 eadem

691 2315 853 2355 manu
879 2318 942 2357 ac
967 2313 1162 2359 caetera
1193 2307 1372 2357 munia
1404 2304 1670 2374 descripta
1729 2324 1834 2361 non
1888 2310 2130 2376 reperire
2160 2311 2251 2365 sit.

692 2392 831 2459 Quid
870 2394 1153 2463 quodiab
1212 2407 1435 2456 auctore
1509 2398 1716 2467 prologi
1792 2398 2150 2455 Homiliarum
2204 2403 2256 2455 in

692 2486 933 2554 Cantica,
966 2502 1126 2556 quem
1148 2489 1511 2558 AreOpagitici
1536 2488 1821 2560 Origenem
1845 2507 1967 2547 esse
1994 2492 2256 2561 fatentur,

691 2576 805 2631 haec
829 2580 1016 2633 eadem
1076 2579 1237 2635 verba
1269 2595 1365 2650 pro
1410 2595 1537 2636 vere
1585 2581 1951 2653 Dionysianis,
1990 2595 2046 2640 et
2068 2588 2255 2641 eodem

689 2676 850 2735 atque
873 2668 942 2721 ab
969 2681 1194 2723 auctore
1221 2682 1404 2726 nostro
1435 2687 1597 2726 sensu
1630 2673 1794 2725 citata
1827 2674 2077 2744 legimus.
2114 2676 2255 2733 Nihil

688 2772 817 2826 ergo
846 2757 1107 2829 Origenes
1140 2762 1193 2814 itt
1222 2762 1286 2816 iis
1321 2763 1528 2817 invenit
1556 2764 1699 2831 quod
1730 2779 1832 2817 non
1866 2776 2011 2821 esset
2038 2770 2254 2826 veritati

690 2860 1014 2911 consonum,
1053 2862 1199 2905 reeto
1240 2851 1428 2903 ordine
1470 2852 1761 2921 digestum,
1794 2864 1850 2907 et
1899 2857 1967 2908 ad
2022 2870 2083 2909 ea
2137 2871 2257 2925 quae

689 2934 975 3007 Dionysius
1020 2941 1335 2997 intendebat
1380 2944 1659 3012 probanda
1708 2956 1893 3011 aptum
1942 2952 2163 3004 omnino
2199 2957 2255 3003 et

688 3043 1039 3083 εοιιγθιιιεηδ.

1140 468 1316 523 Visum
1391 479 1466 526 est
1539 468 1851 539 quibusdam
1916 471 2110 523 nostris
2176 488 2265 523 sa—
2298 472 2343 527 Δ
2370 469 2539 524 ctoris
2567 471 2735 525 nostri
2764 468 3041 538 operibus,
3075 468 3181 523 dici
3214 467 3475 524 deberent
3519 480 3726 535 assuta,
3757 473 3933 543 iisque

2367 560 2643 622 insita,ut
2694 559 2810 613 hac
2844 558 3109 628 objecisse
3166 559 3578 630 Areopagiticos
3634 562 3933 629 aliquando

2366 652 2671 720 paeniteret.

2437 746 2528 808 At,
2556 745 2832 814 inquiunt,
2858 744 3151 816 Dionysius
3186 760 3292 800 non
3318 756 3535 815 poterat
3560 746 3933 813 testimonium

2366 835 2556 908 lgnatii
2589 838 2710 897 aliis
2753 852 2923 899 sacra:
2970 836 3270 908 Scriptura:
3314 838 3645 893 testimoniis
3696 839 3933 892 medium

2368 928 2681 996 interjicere
2712 944 2729 993 ;
2762 929 2854 984 sed
2899 927 3029 983 illud
3073 943 3195 993 suo,
3227 928 3282 982 id
3308 940 3391 982 est
3420 928 3632 993 ultimo,
3660 928 3932 999 posuisset

2367 1021 2506 1075 loco.
2541 1019 2652 1075 Nec
2702 1020 2923 1086 majoris
2974 1021 3233 1090 ponderis
3260 1029 3341 1074 est
3368 1020 3472 1074 ista
3507 1018 3930 1089 argumentatio.

2365 1105 2500 1173 Quis
2534 1108 2679 1164 enim
2714 1108 3012 1177 scriptores
3038 1108 3121 1165 his
3168 1107 3512 1165 citandorum
3562 1108 3822 1162 librorum
3855 1107 3927 1163 le-

2364 1198 2521 1268 gibus
2575 1199 2647 1252 ita
2710 1200 2877 1253 teneri
2920 1201 3130 1265 credat,
3160 1210 3219 1255 ut
3245 1203 3312 1255 ab
3342 1202 3409 1255 iis
3455 1215 3560 1255 non
3616 1201 3776 1257 liceat
3834 1216 3927 1255 un-

2365 1306 2528 1360 quam
2555 1302 2924 1349 transversum
2956 1310 3190 1365 unguem
3222 1296 3505 1351 discedere
3534 1295 3558 1349 l
3583 1295 3706 1351 Haec
3734 1298 3931 1367 quippe

2367 1384 2441 1438 ita
2467 1384 2511 1439 si
2562 1400 2620 1439 se
2662 1386 2945 1451 haberent,
2975 1398 3128 1458 quot,
3162 1387 3302 1441 bone
3332 1388 3511 1443 Deus!
3539 1398 3825 1443 occurrent
3852 1395 3934 1443 te-

2365 1477 2620 1531 stimonia
2656 1489 2896 1533 veterum
2929 1482 2980 1532 in
3010 1479 3178 1534 variis
3216 1481 3577 1550 posteriorum
3606 1481 3929 1549 scriptorum

2365 1568 2521 1623 libris
2568 1570 2636 1623 ab
2670 1569 3030 1625 inscientibus
3078 1582 3131 1626 et
3185 1573 3390 1641 ignaris
3434 1572 3805 1641 imprudenter
3848 1573 3930 1626 in-

2368 1663 2540 1720 tt-usa,
2584 1664 2641 1709 et
2669 1671 2732 1709 ex
2772 1656 2837 1711 iis
2888 1656 3146 1727 deinceps
3202 1660 3431 1714 delenda
3469 1662 3483 1715 !
3516 1659 3657 1726 Quot
3702 1676 3933 1731 namque

2364 1747 2662 1815 scriptores
2706 1749 2775 1802 de
2828 1762 2912 1818 ea,
2947 1764 3065 1818 qusi
3122 1766 3268 1806 nunc
3320 1753 3678 1821 desideratur,
3732 1755 3931 1809 citandi

2292 1814 2334 1869 Β
2370 1838 2628 1892 methodo
2656 1854 2723 1893 ne
2777 1842 3155 1910 cogitaverunt
3202 1845 3419 1911 quidem
3447 1844 3631 1910 ?Quot
3664 1845 3715 1899 in
3744 1861 3929 1917 eorum

2363 1926 2636 1998 Operibus
2680 1934 2941 1999 permista
2994 1935 3237 2001 reperies
3268 1933 3567 2000 Scriptura:
3595 1935 3932 2006 Patrumque

2362 2023 2729 2091 antiquiorum
2762 2029 3070 2081 testimonia
3096 2029 3119 2082 ?

2432 2110 2617 2181 Neque
2644 2124 2763 2168 erat
2788 2130 2918 2171 sane
2949 2119 3090 2186 quod
3138 2117 3475 2175 fastidiosius
3499 2118 3799 2187 objicerent
3839 2132 3933 2189 pe-

2363 2202 2592 2268 riodum,
2648 2221 2768 2276 quae
2815 2209 2941 2263 huic
2992 2208 3185 2280 lgnatii
3235 2212 3521 2267 sententia:
3574 2214 3932 2282 praeponitur,

2362 2296 2655 2352 falsitatem
2705 2301 2986 2355 continere
3030 2302 3451 2371 putidissimam.
3485 2305 3696 2360 Etenim
3725 2319 3790 2359 eo
3819 2304 3927 2375 quo

2359 2390 2671 2442 enuntiatur
2730 2391 2910 2456 modo,
2958 2392 3092 2445 nihil
3127 2395 3179 2446 in
3216 2410 3278 2447 ea
3317 2394 3422 2449 nisi
3450 2396 3796 2451 verissimum
3828 2397 3923 2451 de-

2360 2480 2745 2547 prehenditur.
2794 2481 2917 2536 llzec
2954 2484 3151 2553 quippe
3202 2483 3474 2553 ipsissima
3510 2496 3655 2551 sunt,
3683 2498 3740 2541 ut
3768 2504 3932 2557 supe-

2362 2570 2475 2624 rius
2508 2572 2711 2627 dictum
2741 2583 2849 2637 est,
2880 2576 3118 2630 auctoris
3170 2578 3339 2631 nostri
3393 2580 3555 2633 verba
3591 2597 3603 2633 :
3644 2579 3821 2634 Visum
3849 2592 3925 2635 est

2356 2663 2672 2731 quibusdam
2704 2669 2897 2720 nostris
2928 2683 3205 2721 sacrarum
3244 2667 3642 2737 Scripturarum
3666 2684 3926 2727 tractato-

2360 2756 2502 2809 ribus
2531 2773 2716 2811 nomen
2766 2761 2966 2813 amoris
3011 2762 3239 2813 divinius
3286 2777 3397 2816 esse
3424 2780 3581 2833 quam
3636 2782 3819 2819 nomen
3847 2767 3921 2821 di-

2358 2846 2627 2904 lectionis.
2660 2849 2987 2915 Quibusdam
3037 2853 3194 2917 dixit,
3250 2869 3355 2909 non
3402 2857 3671 2911 onmibus.
3705 2858 3771 2912 At
3809 2861 3913 2925 qui.

2357 2942 2578 2993 busdam
2607 2942 2658 2995 id
2692 2945 2760 2996 ita
2809 2946 2983 2997 visunt
3034 2944 3201 3000 fuisse
3242 2956 3348 3000 tam
3406 2960 3722 3004 constanter
3767 2958 3921 3021 puta-

2355 3033 2466 3095 bat,
2499 3044 2553 3088 ut
2583 3035 2877 3105 scriptorcs
2907 3047 2961 3089 et
3008 3039 3230 3108 scripta,
3286 3040 3374 3093 ubi
3423 3041 3475 3094 id
3513 3042 3772 3095 traditum
3819 3054 3922 3106 est,

758 3122 926 3179 Porro
958 3139 1136 3182 autem
1174 3144 1240 3183 εχ
1288 3132 1389 3185 hoc
1444 3132 1695 3203 Origenis
1743 3152 1838 3191 seu
1892 3141 2128 3195 auctoris
2160 3143 2249 3195 ha.
2280 3152 2322 3208 ο
2359 3126 2447 3182 ille
2498 3130 2752 3183 continuo
2805 3131 3153 3186 iudicaverit.
3190 3132 3257 3186 Et
3287 3142 3433 3187 certe
3489 3136 3581 3202 qui
3632 3136 3745 3189 haec
3779 3135 3914 3203 obji-

690 3232 806 3270 rum
842 3218 1192 3274 llmuiliarum
1236 3224 1545 3279 testimonio
1593 3231 1702 3282 ruit
1748 3231 1979 3297 primum
2014 3232 2252 3302 Areopa-

686 3308 971 3376 giticorum
1020 3322 1366 3379 momentum.
1406 3310 1619 3371 Putai’it
1672 3321 1815 3373 enim
1858 3321 1969 3385 ille,
2000 3329 2249 3379 acetiam

688 3399 780 3452 alii
807 3412 928 3467 post
954 3400 1075 3456 eum
1119 3406 1510 3475 Areopagitici,
1561 3426 1757 3467 nomen
1788 3412 1926 3475 ἔρως
1951 3416 2017 3469 ab
2044 3416 2250 3486 lgnatio

685 3489 739 3544 in
778 3492 969 3545 bonam
1010 3506 1220 3563 partem
1275 3498 1473 3569 accipi.
1523 3501 1705 3557 Potuit
1768 3520 1897 3575 ergo
1954 3517 2008 3561 et
2060 3520 2251 3565 auctor

686 3590 869 3636 noster
923 3584 975 3635 in
1012 3587 1197 3639 eadem
1246 3602 1365 3643 esse
1412 3590 1689 3659 opinione,
1743 3606 1907 3665 atque
1957 3613 2023 3652 eo
2062 3614 2246 3664 sensu,

684 3688 847 3741 quem
882 3690 1067 3730 verum
1106 3680 1509 3751 genuinumque
1564 3697 1685 3741 esse
1728 3689 1974 3754 putabat,
2008 3688 2147 3744 hanc
2172 3692 2253 3745 ci-

688 3776 803 3821 tare
830 3766 1020 3838 lgnatii
1074 3770 1422 3827 sententiam.
1470 3775 1561 3837 At,
1619 3778 1855 3847 inquies,
1914 3782 2017 3837 hoc
2047 3782 2249 3839 falsum

683 3865 769 3910 est
796 3857 1037 3913 munino.
1076 3860 1267 3915 Falsus
1322 3874 1405 3918 est
1445 3880 1597 3931 ergo,
1658 3860 1926 3936 inquien't,
1961 3868 2247 3943 Origenes,

687 3949 805 4004 falsi
838 3960 961 4003 sunt
988 3960 1041 4004 et
1080 3952 1192 4006 alii.
1231 3953 1400 4008 Porro
1431 3957 1473 4009 si
1508 3956 1561 4010 in
1595 3958 1696 4012 hoc
1722 3974 1816 4014 eos
1856 3976 2072 4017 errasse
2101 3966 2251 4019 dixe-

686 4039 783 4105 ris,
816 4042 1001 4108 quidni
1028 4050 1083 4095 et
1110 4057 1296 4098 errare
1348 4046 1520 4115 potuit
1572 4048 2025 4120 Dionysianorum
2058 4065 2250 4110 auctor

684 4130 918 4199 Operutn
948 4131 1111 4187 illlos
1133 4144 1309 4191 tamen
1339 4152 1445 4191 non
1470 4152 1688 4195 errasse
1717 4141 1846 4197 hinc
1870 4159 1972 4199 non
2013 4146 2249 4203 absurde

682 4223 959 4291 coniicias,
996 4229 1137 4295 quod
1183 4244 1376 4284 nomen
1435 4230 1573 4302 ἔρως
1633 4235 1683 4288 in
1735 4236 1801 4290 iis
1838 4252 1961 4306 quas
2007 4239 2249 4294 citantur

685 4313 871 4384 lgnatii
903 4320 1102 4384 verbis,
1137 4335 1235 4389 pro
1269 4337 1453 4377 amore
1484 4326 1755 4394 spirituali
1787 4338 1841 4381 et
1864 4330 2047 4384 divino
2075 4336 2248 4401 possit

684 4413 955 4479 usurpari,
1012 4416 1261 4481 quamvis
1314 4416 1365 4469 in
1414 4419 1893 4488 subsequentibus,
1945 4437 2065 4491 qua:
2122 4424 2245 4479 inde

2354 3224 2524 3286 ciunt,
2552 3234 2606 3277 et
2650 3225 2749 3291 ipsi
2797 3226 3033 3279 fatentur
3067 3227 3192 3281 illud
3242 3242 3435 3282 nomen
3486 3232 3682 3283 amoris
3718 3230 3771 3283 in
3801 3231 3917 3284 aliis

2354 3332 2515 3385 quam
2542 3316 2607 3370 iis
2633 3319 2722 3387 qui
2768 3317 2834 3371 ab
2861 3327 3089 3374 auctore
3143 3330 3333 3377 nostro
3383 3321 3640 3386 citantur,
3690 3322 3917 3377 inveniri

2356 3410 2652 3479 Scriptura:
2693 3428 2865 3467 sacrae
2897 3412 3071 3468 libris.

2939 3525 3166 3582 CAPUT
3220 3526 3331 3582 ΧΠ.

2355 3610 2613 3689 Quar_tu_m
2644 3626 3043 3689 argumentum,
3093 3633 3156 3669 ex
3204 3618 3430 3671 aliorum
3474 3625 3714 3685 operibus
3759 3634 3914 3689 atque

2424 3683 2753 3748 Opinionibus
2783 3686 2846 3737 ab
2878 3699 3092 3740 auctore
3138 3700 3315 3741 nostra
3344 3683 3515 3742 citatis
3546 3683 3848 3743 deductum;

2424 3773 2609 3844 Neque
2660 3792 2824 3845 porro
2878 3779 2993 3832 sola
3056 3778 3123 3831 ab
3179 3790 3405 3834 auctore
3486 3791 3671 3834 nostro
3750 3782 3917 3835 citata

2352 3865 2541 3938 lgnatii
2592 3869 2910 3932 auctoritas,
2952 3871 3044 3924 sed
3076 3872 3238 3925 etiam
3294 3873 3700 3939 Bartholomzei,
3756 3874 3913 3939 Justi,

2354 3967 2407 4011 et
2434 3957 2749 4023 Hicrothei,
2785 3964 3138 4032 prmceptoris
3171 3964 3275 4028 sui,
3314 3966 3520 4034 prolata
3545 3967 3610 4019 ab
3642 3967 3731 4020 illo
3764 3969 3917 4021 testi-

2354 4052 2558 4116 monia,
2599 4052 2773 4121 ipsum
2832 4050 3146 4125 Dionysium
3202 4057 3585 4127 Areopagitam
3638 4075 3743 4113 non
3798 4075 3919 4117 csso.

2354 4143 2511 4211 plane
2540 4142 2917 4198 demonstrare
2964 4146 3482 4216 AntiareOpagiticis
3510 4150 3782 4204 videntur.
3814 4150 3917 4206 Ve-

2354 4250 2470 4287 rmn
2530 4235 2809 4291 enimvero
2863 4237 3078 4289 ubinam
3125 4240 3369 4306 gentium
3423 4242 3752 4297 exstiterunt
3812 4242 3917 4298 ali-

2350 4330 2562 4397 quando
2606 4330 2719 4393 illa,
2747 4344 2866 4397 qua:
2894 4330 2984 4382 ille
3016 4332 3171 4396 citat,
3198 4341 3471 4387 tantorum
3508 4335 3744 4390 virorum
3778 4337 3917 4404 Ope-

2352 4422 2463 4474 ra?
2498 4422 2630 4488 Quis
2658 4438 2720 4476 ea
2755 4430 2987 4491 unquam
3038 4438 3237 4492 praeter
3288 4426 3433 4480 hunc
3481 4440 3761 4483 auctorem
3813 4444 3910 4482 no-

680 4514 870 4556 auctor
903 4517 1086 4560 noster
1126 4508 1329 4573 intulit,
1358 4524 1456 4578 pro
1478 4512 1750 4566 exstincto
1790 4515 2243 4583 concupiscentiae
2277 4501 2319 4555 Ι)
2347 4523 2519 4566 strum
2576 4513 2825 4567 laudasse
2881 4514 3199 4583 perhibetur
3226 4516 3249 4567 ?
3272 4514 3556 4580 Quomodo
3582 4532 3644 4571 ea
3677 4518 3912 4579 Eusebii.

685 4598 803 4665 igne
831 4601 1150 4668 accipiatur.

748 4688 903 4757 Quod
934 4700 1116 4746 autem
1145 4692 1416 4760 objicitur,
1468 4698 1566 4748 hac
1596 4695 1818 4762 periodo
1845 4698 2085 4767 dempta,
2111 4699 2240 4754 Dio-

680 4782 959 4849 nysianam
1014 4783 1315 4837 orationem
1368 4784 1563 4839 melius
1624 4786 1724 4840 sibi
1777 4788 2072 4856 cohaerere,
2125 4791 2241 4845 leve

678 4875 902 4929 omnino
936 4886 1018 4929 est
1041 4875 1349 4945 nulliusque
1405 4881 1684 4932 momenti.
1735 4879 1879 4933 Idem
1907 4882 2102 4953 quippe
2130 4884 2234 4937 dici

680 4976 864 5034 posset
887 4970 952 5021 de
997 4968 1117 5021 aliis
1145 4980 1426 5023 auctorum
1475 4969 1648 5034 libris,
1674 4972 1726 5024 in
1754 4973 1951 5040 quibus
1984 4974 2139 5042 plura
2169 4976 2235 5027 ad

678 5054 878 5127 aliquid
935 5057 1271 5125 probandum
1325 5070 1694 5129 congeruntur
1738 5062 2047 5117 testimonia
2099 5067 2243 5119 anti-

680 5158 951 5226 quiorum.
986 5155 1101 5211 Uno
1137 5157 1281 5211 enim
1315 5166 1370 5211 et
1394 5159 1567 5213 altero
1617 5161 1853 5227 sublato,
1894 5163 2085 5219 melius
2108 5178 2241 5234 quo-

678 5266 785 5319 que
820 5252 1101 5320 scriptoris
1133 5256 1307 5307 oratio
1355 5255 1458 5309 sibi
1504 5254 1781 5309 cobterere
1826 5256 2140 5327 plerumque
2162 5258 2238 5309 vi-

677 5343 914 5397 debitur.
950 5345 1152 5399 Deinde
1202 5347 1245 5401 si
1296 5346 1509 5414 quoties
1565 5346 1745 5400 deleta
1786 5348 1966 5417 aliqua
2013 5348 2238 5415 periodo

676 5436 851 5489 oratio
882 5438 981 5490 sibi
1016 5439 1204 5492 melius
1240 5440 1515 5493 cobmrere
1566 5452 1845 5504 censetur,
1897 5440 2058 5494 toties
2089 5456 2236 5493 eam-

680 5530 799 5580 dem
837 5529 1116 5592 periodum
1154 5533 1323 5584 textui
1374 5532 1612 5584 auctoris
1666 5532 1869 5584 dixeris
1898 5545 2047 5593 ,esse
2087 5529 2237 5598 adje-

679 5632 844 5679 ctam.
878 5632 950 5671 tot
988 5622 1037 5672 iu
1078 5621 1329 5676 Ecclesiae
1363 5622 1584 5677 Patrum
1641 5635 1805 5691 atque
1836 5623 1887 5676 in
1920 5623 2105 5691 primis
2137 5638 2233 5675 au-

760 5803 876 5834 ¹³οκ
912 5799 1060 5859 Prov.
1104 5818 1194 5867 ut,
1280 5803 1340 5858 18
1406 5814 1457 5858 ct
1490 5821 1610 5865 ut,
1652 5806 1732 5859 lb‘.

2348 4607 2744 4660 accuratissimi
2800 4607 3300 4673 antiquissimorum
3342 4609 3670 4677 scriptorum
3696 4619 3912 4664 scruta-

2351 4702 2505 4761 toris.
2562 4701 2901 4769 aliorumque
2955 4700 3195 4753 omnium
3248 4700 3581 4770 diligentiam
3614 4703 3913 4772 fugerunt?

2350 4791 2597 4862 Nunquid
2634 4792 2792 4846 unius
2834 4793 3083 4861 apostoli,
3114 4805 3169 4847 et
3200 4794 3428 4847 duorum
3490 4794 3907 4863 apostolicorum

2350 4886 2626 4943 hominum
2656 4886 2881 4953 scripta,
2935 4896 3040 4938 tant
3073 4886 3185 4939 cito
3215 4888 3516 4953 perierunt,
3552 4896 3606 4939 ut
3636 4887 3777 4941 nulla
3816 4902 3911 4941 eo-

2351 4994 2466 5030 rum
2499 4977 2599 5029 nisi
2626 4977 2765 5045 apud
2790 4986 3066 5030 auctorem
3097 4988 3341 5031 nostrum
3376 4978 3575 5031 mentio
3607 4979 3912 5033 habeatur?

2346 5070 2505 5122 Certe
2537 5066 2809 5121 Hicrothei
2833 5108 2847 5130 ,
2874 5068 2963 5136 qui
2994 5068 3234 5139 Dionysii
3266 5070 3605 5139 Areopagum
3655 5073 3909 5139 magister

2346 5170 2399 5214 et
2442 5158 2593 5213 Pauli
2653 5159 2884 5228 apostoli
2923 5159 3223 5229 discipulus
3280 5158 3447 5213 fuisse
3476 5161 3695 5225 dicitur,
3751 5163 3909 5227 cujus

2347 5254 2519 5323 pietas
2574 5263 2629 5306 et
2680 5252 2925 5307 doctrina
2974 5252 3204 5306 summis
3254 5251 3585 5305 extolluntur
3637 5253 3906 5316 laudibus,

2348 5345 2499 5407 tanti,
2578 5345 2849 5413 inquiunt,
2939 5346 3041 5398 viri
3102 5358 3265 5413 opera
3344 5344 3526 5397 omnia
3576 5361 3603 5396 a
3656 5345 3910 5415 Dionysio

2346 5437 2537 5489 saltem
2565 5447 2619 5489 et
2646 5435 2929 5489 'l‘imotheo
2973 5434 3259 5503 publicari,
3302 5444 3356 5487 et
3406 5436 3471 5497 de
3495 5449 3682 5487 eorum
3727 5435 3903 5486 mani-

2347 5528 2446 5582 bus
2500 5529 2551 5581 iu
2624 5528 3056 5581 Christianorum
3122 5528 3363 5580 omnium
3427 5542 3617 5578 manus
3678 5526 3905 5590 venire,

2353 5625 2591 5694 ipsisque
2636 5640 2846 5678 summo
2899 5640 3016 5677 csse
3052 5626 3103 5675 in
3137 5624 3329 5692 pretio,
3363 5638 3423 5674 ac
3452 5622 3502 5673 in
3540 5620 3904 5675 Et'clcsiarum
