4196 6306
256 397 320 453 ss
1568 392 2101 451 PROLEGOMENA.
3395 406 3461 463 34

245 512 476 574 scriniis,
508 520 563 564 et
590 515 965 580 episcoporum
1002 509 1347 566 bibliothecis
1396 511 1667 566 asservari
1699 512 1797 565 de-
1830 518 1868 572 Α
1906 521 2052 573 runt,
2085 516 2142 565 ut
2172 512 2376 583 nullum
2403 525 2591 569 eorum
2616 516 2892 570 exstiterit
2914 525 3213 587 vestigium.
3243 519 3349 575 Sed
3381 523 3463 576 his

246 601 459 659 labant.
509 600 620 654 Cur
668 616 797 671 ergo
849 600 1008 668 hujus
1057 604 1252 655 summi
1300 602 1425 666 viri,
1482 602 1572 670 qui
1615 602 1801 671 μέγας

244 688 412 758 ἥλιος
462 692 789 761 appellatur,
832 692 1008 761 Opera
1053 695 1223 749 tantis
1270 694 1503 749 tenebris
1550 704 1802 763 tantaque

234 784 507 839 oblivione
551 786 747 840 obruta
792 794 945 849 sunt,
1001 795 1061 839 ut
1098 788 1300 841 nullum
1363 801 1549 841 eorum
1597 787 1696 842 nisi
1748 788 1799 840 in

231 876 475 932 auctoris
530 878 703 929 nostri
763 878 985 945 scriptis
1018 878 1304 948 vestigium
1353 878 1801 947 supersitlQuid

235 966 379 1032 100d
412 973 467 1017 et
514 966 630 1035 ipsa
685 965 972 1023 Hierothei
1013 968 1320 1022 testimonia
1374 984 1479 1022 non
1507 968 1611 1023 alio
1638 982 1798 1037 quam

230 1056 481 1109 auctoris
511 1058 683 1112 nostri
730 1058 869 1128 stylo
905 1058 1411 1114 exarata/videntur
1435 1059 1457 1112 ?
1483 1056 1625 1114 Idem
1654 1058 1801 1115 enim

232 1146 286 1196 in
343 1148 594 1219 utrisque
649 1148 709 1206 et
759 1150 1037 1221 ingenium
1101 1160 1155 1205 et
1204 1151 1424 1214 locutio,
1493 1160 1800 1220 ceteraque

232 1240 416 1293 omnia
474 1242 577 1295 sibi
632 1242 792 1310 plane
838 1242 1039 1297 similia
1088 1243 1391 1313 legentibus
1415 1245 1591 1311 prima
1623 1242 1803 1297 fronte

235 1343 552 1387 occurrunt.
580 1333 655 1387 Ex
683 1330 879 1403 quibu's
921 1350 1025 1389 non
1076 1337 1363 1389 temeraria
1420 1349 1642 1402 prorsus
1670 1349 1802 1389 con-

232 1420 441 1488 iectura
485 1428 719 1494 capitur,
770 1426 937 1481 libros
990 1425 1269 1481 Hierothei
1339 1442 1638 1496 nunquam,
1688 1426 1797 1483 uisi

235 1512 584 1585 Dionysianis
619 1517 671 1569 in
697 1517 1182 1582 lucubrationibus,
1209 1518 1384 1573 editos
1410 1518 1461 1571 in
1482 1518 1681 1573 lucem.

302 1604 386 1656 Ad
416 1604 535 1659 haec
564 1618 717 1670 vero,
764 1616 956 1661 auctor
1010 1616 1197 1673 noster
1254 1622 1360 1663 non
1416 1607 1591 1663 solum
1642 1606 1798 1676 plura

235 1692 640 1763 incognitorum
692 1697 971 1751 hominum
1023 1697 1277 1769 producit
1337 1698 1669 1765 testimonia,
1700 1699 1799 1754 sed

1903 613 2103 669 parum
2147 602 2281 655 moti
2324 617 2515 658 eorum
2570 606 2894 675 adversarii,
2948 610 3273 679 arguuntde
3303 612 3465 666 rebus

1902 690 2117 758 quidem
2150 707 2268 760 quae
2314 695 2381 746 ad
2415 688 2540 751 ﬁdei
2600 696 2903 751 doctrinam
2949 701 3263 767 pertinent,
3298 702 3463 757 fuisse

1904 795 2120 852 semper
2158 782 2211 836 in
2238 782 2483 839 Ecclesia
2524 786 2594 840 ab
2622 785 2892 844 haereticis
2938 776 3167 858 agitatas
3204 793 3463 859 quamiu-

1905 888 2030 939 nes;
2078 883 2131 928 at
2157 874 2226 930 de
2254 876 2415 932 rebus
2456 892 2576 945 qua:
2624 877 2769 931 inter
2804 878 3089 949 apostolos
3135 882 3353 951 publice
3386 883 3465 938 rl-

1902 975 2071 1034 tuque
2103 966 2331 1021 solemni
2372 977 2608 1035 peracta:
2632 976 2777 1034 sunt,
2803 968 3047 1038 quasique
3075 986 3263 1027 omnes
3290 975 3359 1027 ab
3377 973 3463 1029 eis

1902 1070 2201 1125 eorumque
2257 1058 2424 1113 sociis
2474 1068 2725 1132 poterant
2781 1052 2938 1115 facile
2978 1062 3211 1126 edoceri,
3252 1064 3461 1119 nullam

1901 1149 1967 1202 de
1997 1161 2102 1216 qua
2129 1148 2181 1201 in
2210 1150 2429 1217 scriptis
2458 1151 2846 1219 disputaretur,
2888 1152 3037 1205 nasci
3060 1153 3309 1219 potuisse
3336 1156 3453 1211 dis-

1901 1240 2230 1293 sensionem.
2264 1238 2435 1294 Porro
2492 1240 2665 1311 Opera
2719 1240 3018 1307 Hierothei,
3070 1259 3135 1299 ac
3179 1244 3463 1301 Bartholo—

1901 1327 2045 1392 muti,
2075 1337 2129 1382 et
2162 1326 2323 1393 Justi,
2376 1344 2479 1383 non
2539 1339 2832 1398 potuerunt
2894 1339 3044 1385 tanta
3107 1333 3371 1393 facilitate
3397 1338 3461 1389 ac

1900 1416 2131 1472 aliorum
2168 1417 2589 1473 .lucubratioues
2652 1420 2926 1475 oblivione
2972 1431 3231 1491 perpetua
3277 1424 3455 1478 obrui.

1904 1506 2132 1563 Constat
2169 1508 2368 1578 quippe
2390 1514 2472 1574 ea,
2509 1511 2550 1565 si
2593 1511 2843 1581 Dionysio
2887 1512 3196 1577 credamus,
3256 1515 3307 1566 in
3342 1513 3460 1580 ejus

1897 1612 1959 1653 ac
1988 1596 2259 1653 Timothei
2289 1612 2485 1653 manus
2509 1598 2761 1654 venisse:
2816 1614 2915 1654 nec
2948 1598 3171 1653 dubium
3212 1609 3296 1655 est
3331 1602 3458 1670 quin

1900 1690 1989 1744 illa
2036 1706 2158 1746 cum
2218 1690 2462 1761 plurimis
2492 1730 2507 1753 .
2566 1705 2596 1744 a
2646 1691 2842 1759 quibus
2894 1706 3104 1745 summa
3157 1706 3287 1746 cura
3330 1707 3449 1746 cono

236 1786 416 1839 varias
469 1789 633 1841 etiam
672 1789 955 1845 doctorum
989 1791 1266 1846 hominum
1294 1792 1578 1861 Opiniones
1604 1792 1676 1847 ita
1710 1807 1795 1848 re-
1827 1842 1864 1861 μ
1897 1782 2108 1837 δεῖνπὶ
2172 1782 2516 1846 debuerunt.
2578 1783 2892 1836 εεηδυεΐὴιι
2963 1797 3083 1836 esse
3156 1785 3461 1838 communi-

233 1874 360 1939 lert,
392 1886 449 1930 ut
475 1879 541 1933 iis
568 1884 941 1936 tantummodo
988 1895 1127 1951 quas
1168 1896 1296 1936 vero
1331 1842 1627 1954 rpropiores
1671 1898 1793 1939 esse
1826 1842 1867 1906 Β
1893 1875 2085 1929 calida.

230 1970 596 2037 existimabat,
656 1987 715 2027 se
764 1974 1045 2030 adhaerere
1096 1985 1346 2030 testatur.
1406 1975 1505 2031 Ubi
1543 1976 1687 2031 enim
1725 1978 1792 2032 de

231 2060 516 2131 Seraphim
543 2064 687 2131 quod
725 2063 790 2116 ad
832 2064 1022 2117 lsaiam
1072 2054 1293 2119 missum
1322 2075 1428 2126 est.
1456 2064 1739 2121 disserit“
1773 2083 1788 2122 :

233 2143 516 2210 Nonnulli,
570 2150 765 2218 inquit,
790 2151 949 2219 juxta
994 2152 1311 2223 assignatam
1341 2155 1405 2206 de
1442 2149 1672 2209 omnium
1701 2157 1789 2210 in-

231 2236 639 2305 telligentiarunt
715 2242 1075 2295 communione
1144 2242 1501 2309 deﬁnitionem
1547 2243 1790 2300 aiunt....

229 2328 378 2381 Atius
399 2330 519 2382 item
552 2327 695 2383 haud
722 2332 1008 2385 admodum
1056 2333 1394 2402 incongruam
1424 2334 1551 2386 mihi
1574 2335 1793 2389 tradidit

229 2418 563 2475 solutionem.
620 2422 801 2475 Aiebat
843 2425 1004 2487 enim,
1052 2436 1158 2477 etc.
1207 2425 1272 2477 Et
1299 2425 1364 2478 de
1394 2425 1592 2493 hymno
1617 2426 1707 2494 qui
1739 2428 1789 2478 in

230 2510 391 2565 missa
423 2512 660 2567 fidelium
688 2516 1010 2570 cantabatur
1036 2518 1080 2547 "
1110 2534 1125 2569 :
1158 2515 1311 2570 "uno
1342 2527 1514 2570 autem
1546 2519 1789 2587 hymnum

229 2602 319 2655 alii
347 2605 521 2661 laudis
564 2607 850 2672 canticum,
893 2609 987 2660 alii
1040 2608 1303 2677 religionis
1357 2610 1667 2679 symbolum,
1693 2612 1790 2663 alii

230 2696 466 2766 denique,
510 2714 624 2752 mea
651 2699 861 2768 quidem
909 2703 1189 2763 sententia,
1240 2702 1626 2754 trierarchicam
1674 2702 1787 2757 Eu-

226 2790 555 2853 daristiam,
589 2799 695 2844 etc.
729 2788 795 2843 Et
827 2794 891 2842 de
924 2788 1351 2859 Seraphiuorum
1383 2792 1483 2846 alis
1509 2794 1593 2846 ”:
1625 2791 1789 2848 Senos

231 2883 366 2948 alas,
393 2898 525 2953 quas
562 2882 791 2953 Eloquia
828 2894 1252 2943 commemorant.
1305 2899 1409 2937 non
1432 2886 1674 2938 existimo
1700 2902 1788 2938 sa—

226 2991 375 3028 rrunt
407 2991 679 3031 numerum
712 2976 983 3041 denotare,
1017 2987 1073 3029 ut
1114 2978 1422 3046 quibusdam
1454 2978 1673 3045 placuit,
1699 2977 1788 3030 sed

226 3064 366 3130 ipsas
425 3066 671 3119 virtutes.
723 3065 989 3133 Denique,
1022 3076 1083 3119 ut
1122 3076 1316 3120 cetera
1376 3077 1671 3129 taceamus,
1722 3066 1790 3121 de

2476 1987 2704 2044 CAPUT
2741 1984 2874 2044 XIII.

1895 2077 2147 2145 Quintum
2172 2067 2562 2148 argumentum,
2605 2097 2669 2134 ex
2718 2078 2893 2135 citatis
2924 2082 2987 2133 ab
3030 2091 3243 2135 auctore
3280 2090 3461 2135 nostro

2345 2151 2717 2231 traditionibus
2758 2153 2996 2219 petitum.

1960 2242 2122 2297 Aliud
2152 2254 2339 2298 contra
2382 2242 2620 2315 Dionysii
2676 2243 2906 2311 Operum
2938 2242 3271 2313 γνητιάι-ητα
3295 2257 3465 2313 argu-

1893 2345 2135 2389 mentum
2196 2336 2538 2405 suppeditant
2572 2334 2925 2394 straditiones,
2955 2343 3093 2401 quas
3130 2332 3225 2387 ille
3253 2334 3319 2386 ab
3360 2348 3458 2386 an-

1895 2427 2044 2495 tiquo
2086 2423 2333 2497 tempore
2360 2428 2426 2481 ad
2467 2442 2618 2481 suam
2657 2434 2869 2480 aetatem
2913 2426 3169 2480 deductas
3221 2439 3344 2480 esse
3378 2434 3460 2478 te-

1891 2518 2177 2574 stiﬁcatur.
2208 2518 2287 2571 De
2324 2516 2781 2588 baptizandorum
2817 2517 2959 2571 enim
2989 2516 3277 2569 infantium
3304 2528 3459 2568 more

1894 2611 2008 2663 haec
2044 2610 2266 2665 tradidit
2296 2622 2491 2663 anetor
2516 2618 2706 2664 noster
2728 2608 2775 2640 ’δ
2800 2626 2814 2663 :
2856 2605 2969 2659 Hac
3001 2608 3065 2659 de
3103 2623 3157 2658 re
3180 2604 3235 2658 id
3258 2620 3462 2673 quoque

1890 2696 2128 2763 dicimus,
2183 2702 2324 2771 quod
2352 2702 2632 2768 deiformes
2653 2710 2996 2768 pra'ceptores
3045 2698 3208 2751 nostri
3231 2697 3294 2751 ab
3317 2698 3459 2748 anti-

1888 2810 1991 2861 qua
2018 2794 2307 2847 traditione
2346 2794 2497 2847 nobis
2548 2792 3009 2860 transcripserunt.
3057 2789 3200 2860 Πρὸς
3224 2790 3320 2859 τῆς
3354 2789 3456 2859 ἀρ-

1888 2885 2048 2955 χαίας
2080 2883 2337 2955 μαθόντες
2370 2882 2735 2955 παραδόσεως.
2766 2882 2834 2935 At
2859 2882 2912 2934 id
2942 2890 3095 2935 certe
3127 2896 3156 2932 a
3196 2878 3453 2949 Dionysio

1888 2975 2213 3045 Areopagita
2240 2975 2345 3030 dici
2372 2988 2716 3043 nequaquam
2744 2973 2943 3043 potuit.

1959 3066 2249 3122 Enimvero
2276 3067 2525 3135 quamvis
2559 3080 2678 3119 mos
2729 3066 2818 3119 ille
2850 3065 2916 3119 ab
2943 3063 3204 3132 apostolis
3244 3062 3456 3117 derive-

223 3156 491 3212 electione
518 3157 695 3211 sancti
743 3155 981 3212 Matthiae
1032 3159 1147 3211 haec
1205 3158 1368 3212 habet
1402 3179 1413 3212 :
1452 3156 1583 3211 Cum
1610 3168 1786 3212 autem
1822 3177 1868 3240 ο
1900 3168 2009 3223 tur,
2044 3159 2305 3229 Dionysio
2332 3168 2532 3212 tamen.
2559 3156 2897 3226 Areopagitae
2925 3157 2992 3209 ab
3040 3155 3256 3235 antiqua
3290 3154 3457 3207 tradi-

221 3246 283 3298 ιε
303 3246 483 3300 diuina
512 3247 606 3301 illa
629 3256 773 3301 sorte
787 3262 906 3317 qua
928 3248 1175 3301 divinitus
1208 3264 1362 3314 super
1392 3247 1668 3302 Matthiam
1697 3264 1783 3301 ce—

221 3340 371 3405 cidit,
402 3339 496 3393 alii
519 3339 584 3393 ab
612 3339 731 3394 aliis
760 3355 873 3394 meo
919 3339 1125 3409 quidem
1148 3330 1357 3406 judicio
1399 3354 1502 3391 non
1524 3347 1659 3391 recte
1682 3339 1769 3390 di-

220 3448 370 3487 versa
395 3434 671 3495 senserint,
705 3448 873 3485 meam
926 3432 1034 3499 ipse
1062 3432 1368 3484 sententiam
1415 3446 1686 3489 exponam.
1716 3432 1786 3485 At

222 3538 352 3579 vero
373 3524 497 3593 quis
523 3524 747 3578 inducat
776 3524 879 3579 sibi
922 3524 973 3577 in
1004 3524 1243 3576 animum
1290 3523 1604 3590 apostolicus
1652 3530 1786 3577 tem-

220 3616 446 3684 poribus
501 3615 842 3671 Christianos
896 3613 1153 3683 virosque
1206 3613 1536 3682 apostolicos
1591 3614 1642 3667 iu
1676 3625 1785 3687 tam

220 3709 405 3763 varias
447 3709 600 3763 hisce
644 3709 712 3763 de
744 3706 906 3763 rebus
958 3708 1164 3762 abiisse
1215 3707 1495 3776 opiniones
1518 3706 1540 3758 ?
1564 3706 1693 3772 Quis
1721 3707 1788 3759 de

216 3814 302 3865 eo,
333 3815 443 3869 quo
472 3798 727 3854 Matthiae
755 3800 807 3854 in
848 3800 1141 3870 proditoris
1187 3797 1337 3854 Iuda:
1368 3800 1542 3852 locum
1573 3812 1784 3851 assum-

218 3903 342 3960 ptus
372 3902 458 3947 est
490 3892 989 3961 modo,rdivinaque
1017 3890 1132 3959 ejus
1185 3899 1334 3945 sorte
1388 3900 1442 3945 et
1496 3890 1786 3955 electione,

218 3996 431 4042 tantum
501 3985 645 4039 inter
704 3998 802 4038 eos
868 3982 1194 4048 dissidium,
1267 3990 1579 4051 tantamque
1624 3982 1789 4038 fuisse

219 4075 553 4131 discordiam
585 4072 926 4130 crediderit?
952 4070 1201 4140 Nunquid
1233 4073 1595 4142 apostolorum
1626 4073 1791 4128 disci-

218 4166 327 4236 puli
370 4168 441 4219 ab
485 4166 619 4235 ipsis
648 4179 757 4220 nou
810 4163 1114 4219 didicerant
1167 4163 1440 4233 quomodo
1493 4178 1556 4217 ea
1594 4164 1789 4220 electio

220 4259 361 4315 facta
388 4258 589 4313 fuerit?
638 4257 745 4312 Fac
784 4264 965 4311 autem
1009 4255 1074 4310 de
1105 4268 1166 4309 ea
1199 4255 1333 4310 nihil
1360 4256 1425 4309 ab
1455 4252 1533 4310 eis
1564 4255 1789 4327 accepe-

221 4351 355 4417 rint,
385 4359 535 4405 certe
585 4348 621 4403 ii
677 4351 747 4403 ab
790 4347 913 4403 aliis
938 4348 1303 4417 apostolorum
1331 4348 1515 4413 sociis,
1552 4360 1790 4403 autsuco

217 4443 547 4509 cessaribus,
600 4445 694 4513 qui
730 4444 907 4498 adhuc
956 4442 1010 4496 in
1054 4441 1193 4495 vivis
1215 4450 1407 4507 erant,
1448 4451 1659 4511 poterat
1693 4455 1787 4497 eo-

1892 3254 2036 3308 tione
2058 3267 2166 3305 non
2197 3250 2549 3331 transmissus
2576 3256 2679 3303 est.
2730 3248 2875 3313 Quos
2910 3247 3052 3302 enim
3079 3232 3168 3300 ille
3195 3246 3278 3302 vir
3305 3262 3452 3300 sumo

1890 3360 2031 3409 mus,
2063 3359 2090 3398 a
2125 3341 2291 3397 Paulo
2314 3342 2437 3396 tidei
2464 3340 2790 3395 Christianae
2821 3340 3169 3409 dogmatibus
3194 3338 3450 3400 imbutus.

1888 3446 2256 3505 praeceptores
2317 3432 2518 3487 habere
2576 3432 2774 3500 potuit,
2832 3431 2920 3499 qui
2984 3429 3058 3482 illi
3117 3444 3321 3484 morem
3350 3431 3448 3483 ba-

1888 3526 2124 3595 ptizandi
2180 3525 2417 3579 infantes
2468 3524 2536 3578 ab
2598 3524 2817 3591 antiqua
2865 3520 3155 3579 traditione
3204 3520 3454 3589 praescri-

1890 3617 2133 3687 pseriut?

1957 3710 2142 3781 Neque
2192 3712 2396 3767 dixeris
2450 3723 2637 3765 vocem
2667 3711 2903 3780 ἀρχαίας
2926 3724 3033 3763 non
3059 3722 3157 3778 pro
3194 3708 3445 3777 antiqua,

1887 3806 1980 3859 sed
2010 3806 2184 3869 prima
2231 3802 2522 3857 traditione
2552 3802 2904 3871 signiﬁcanda
2933 3810 3271 3868 usurpatam;
3294 3798 3453 3853 Nullo

1893 3898 2093 3967 quippe
2164 3906 2401 3964 unquam
2451 3893 2698 3964 exemplo
2747 3898 2954 3947 vocem'
2996 3891 3231 3964 ἀρχαίας
3279 3891 3347 3945 ad
3396 3892 3451 3944 id

1888 3988 2058 4056 quod,
2092 3987 2414 4055 interposito
2444 3985 2680 4048 nemine,
2712 3984 2780 4038 ab
2821 3984 3003 4053 aliquo
3028 3992 3309 4053 acceptum
3338 3993 3446 4045 est,

1887 4078 2302 4148 signiﬁcandqu
2335 4076 2487 4131 ullihi
2516 4075 2657 4144 apud
2706 4073 2924 4130 Graecos
2969 4068 3263 4142 scriptores
3292 4073 3448 4126 adhi-

1889 4172 2054 4225 bitam
2116 4168 2284 4223 fuisse
2348 4166 2690 4238 probabitur.
2749 4165 2882 4231 Quis
2936 4179 3066 4233 ergo
3131 4161 3448 4235 Dionysium

1887 4262 2268 4328 Areopagitam
2303 4258 2405 4312 hac
2434 4271 2568 4311 voce
2607 4262 2795 4311 contra
2845 4264 3117 4324 receptam
3162 4255 3239 4307 ab
3267 4248 3443 4309 omni-

1889 4351 1989 4405 bus
2020 4350 2165 4404 illius
2192 4348 2648 4419 signiﬁcationem
2676 4361 2830 4401 usum
2870 4358 3013 4413 esse,
3061 4346 3207 4399 nulla
3238 4346 3445 4400 ratione

1888 4443 2046 4496 allata
2074 4443 2196 4495 aliis
2236 4441 2397 4496 facile
2423 4436 2812 4513 persuadebit?

220 4550 339 4590 rum
376 4536 752 4606 unusquisque
801 4534 870 4590 de
911 4548 974 4589 ea
1029 4532 1295 4589 electione
1331 4535 1405 4588 ita
1437 4536 1640 4590 certior
1671 4536 1784 4591 fieri
1820 4534 1861 4588 Ι)
1961 4532 2068 4586 Sed
2098 4547 2216 4602 age,
2246 4542 2300 4585 et
2332 4532 2617 4585 videamus
2641 4540 2822 4583 utrum
2854 4541 2917 4581 ea
2946 4526 3155 4580 veriora
3185 4526 3297 4581 sint
3322 4541 3439 4593 quae

218 4637 279 4682 ut
344 4628 521 4685 nullus
612 4637 762 4684 esset
851 4625 1208 4682 dissensionis
1294 4627 1785 4698 disputationisque

216 4722 384 4775 locus.

284 4811 653 4882 AreOpagitici
685 4825 717 4865 e
744 4811 1023 4867 contrario
1070 4810 1311 4864 clamant
1360 4811 1428 4863 ab
1456 4809 1573 4878 ipso
1604 4810 1786 4864 Eccle-

217 4906 312 4959 sia
348 4905 624 4958 nascentis
644 4903 891 4967 exordio,
920 4901 1197 4956 diabolicis
1222 4899 1428 4955 artibus
1455 4899 1618 4953 fuisse
1645 4902 1786 4954 inter

210 4994 580 5061 Christianos,
614 5004 671 5048 ut
698 5001 930 5048 testatur
974 4991 1195 5057 Paulus,
1244 4992 1479 5044 hmreses
1524 4998 1576 5043 et
1632 4988 1785 5043 schi-

216 5084 700 5148 smata,scissuras
755 5095 813 5138 et
865 5083 1249 5137 dissensiones.
1298 5080 1441 5134 Nihil
1490 5095 1637 5149 ergo,
1688 5080 1780 5133 in-

208 5176 429 5249 quiunt,
495 5176 690 5228 mirum
746 5183 828 5229 est
862 5174 906 5228 si
939 5173 1174 5243 Dionysii
1234 5182 1477 5241 tempore
1530 5173 1596 5224 de
1625 5182 1777 5224 sorte

210 5282 331 5335 quae
358 5266 556 5322 cecidit
579 5279 742 5334 super
766 5263 1069 5326 Matthiam,
1087 5265 1155 5317 sit
1180 5264 1528 5331 disputatum.
1558 5260 1630 5315 Dc
1652 5260 1776 5314 Hie-

212 5357 393 5413 rotbei
426 5370 559 5411 vero
595 5354 940 5425 aliorumque
1000 5354 1151 5408 libris
1217 5354 1506 5421 deperditis
1536 5351 1665 5405 nihil
1694 5362 1777 5404 est

209 5452 352 5523 quod
387 5449 559 5520 magis
575 5450 814 5511 mireris,
842 5448 1278 5517 quandoquidem
1306 5445 1531 5513 plurima
1562 5453 1775 5511 aposto-

209 5547 381 5602 lorum
412 5546 762 5613 virorumque
810 5543 1231 5613 apostolicorum
1266 5540 1463 5608 scripta
1499 5538 1569 5589 ita
1597 5536 1772 5603 perie-

1888 4632 2079 4680 auctor
2124 4633 2308 4678 uoster
2360 4623 2426 4681 de
2480 4621 2603 4678 aliis
2655 4618 2999 4689 dogmatibus
3044 4618 3146 4672 sibi
3199 4618 3441 4681 traditis,

1888 4717 2030 4771 haud
2060 4715 2372 4769 dubitanter
2396 4712 2629 4765 adh-mat
2666 4710 2713 4741 "
2744 4729 2759 4763 :
2817 4708 3048 4763 Maxime
3084 4726 3220 4772 vero,
3253 4710 3325 4763 ita
3348 4710 3440 4766 ille

1886 4804 2147 4875 loquitur,
2174 4805 2275 4856 ista
2306 4803 2520 4855 oracula
2553 4800 2922 4868 dicimus‘qua
2966 4816 2999 4851 α
3043 4800 3210 4853 sacris
3251 4803 3439 4852 nostris

1885 4894 2269 4955 inttiatoribus,
2309 4892 2487 4945 divino
2524 4890 2723 4957 Spiritu
2786 4889 2997 4959 aﬂiatis,
3048 4892 3101 4941 in
3144 4887 3437 4957 Scripturis

1885 4988 2054 5040 sacris
2102 4986 2348 5054 librisque
2393 4984 2697 5052 theologicis
2744 4983 2938 5035 tradita
2983 4982 3131 5035 nobis
3168 4992 3313 5046 sunt,
3363 4982 3438 5035 uti

1883 5088 1931 5131 et
1968 5076 2061 5129 illa
2106 5092 2221 5144 qua
2252 5076 2315 5127 ab
2353 5075 2535 5128 iisdem
2576 5074 2703 5127 viris
2747 5073 2938 5125 sanctis
2983 5071 3277 5133 subtiliori,
3331 5088 3441 5133 non,

1883 5169 2092 5221 omnino
2124 5167 2308 5219 dissita
2368 5166 2432 5219 ab
2480 5166 2662 5219 ordine
2707 5163 2937 5228 σαθραὶ,
2988 5162 3338 5215 insinuatione
3374 5163 3435 5214 de

1880 5268 2050 5311 mente
2071 5259 2125 5309 in
2152 5268 2397 5321 mentem,
2428 5258 2689 5309 mediante
2738 5256 2885 5308 uerbo
2945 5268 3190 5321 corporeo
3229 5252 3431 5321 quidem

1882 5348 1998 5411 illo,
2028 5347 2182 5401 simul
2208 5358 2380 5401 tamen
2412 5347 2781 5411 immateriato,
2815 5347 2931 5399 sine
2977 5345 3258 5411 scriptione
3280 5343 3433 5395 insti-

1882 5450 2074 5495 tutores
2104 5441 2265 5492 nostri
2284 5455 2437 5492 sacra
2466 5440 2694 5507 quadam
2718 5439 3045 5491 traductione
3070 5445 3191 5489 sunt
3218 5435 3387 5487 edocti
3410 5446 3431 5485 :

1880 5534 2093 5603 γραφῆς
2116 5531 2269 5593 ἐκτὸς
2293 5532 2341 5583 οἱ
2373 5529 2739 5600 καθηγεμόνες
2781 5529 2934 5600 ἡμῶν
2978 5528 3314 5598 ἐμυήθησανη
3352 5522 3433 5577 Ibi

280 5747 323 5778 υ
360 5744 435 5802 De
460 5745 651 5797 talest.
677 5741 957 5803 hierarch.,
990 5755 1109 5805 cup.
1136 5739 1221 5793 l5.
1297 5739 1341 5769 ²²
1376 5736 1452 5789 De
1480 5736 1757 5788 ecclesiast.
1794 5734 2085 5805 lucrm-ein,
2114 5748 2230 5805 cap.
2263 5734 2347 5787 13.
2423 5732 2467 5763 ’³
2492 5730 2629 5789 Ibid.
2664 5746 2784 5801 cap.
2809 5729 2860 5785 4.
2938 5728 2981 5759 ³⁸
3003 5726 3117 5781 Lib.
3147 5726 3221 5781 De
3240 5724 3425 5781 aedes.

210 5815 499 5879 ξεσταῖς-ὑπ
554 5830 671 5881 cap.
710 5813 759 5879 7,
795 5810 823 5881 ς
874 5814 955 5865 ll.

1057 5802 1101 5841 δ’
1134 5812 1205 5863 De
1252 5808 1513 5862 Itierarclt.
1563 5805 1776 5869 ποίει,
1824 5819 1938 5873 caP-
1979 5804 2025 5865 ίο
2064 5802 2092 5872 5
2125 5804 2177 5856 ‘-
