4196 6306
722 386 792 443 $5
1854 377 1910 433 S.
1957 376 2327 435 DlONYSlUS
2366 378 2824 437 AREOPAGITA.
3890 381 3957 438 36

723 503 881 571 plane
912 508 966 553 et
989 497 1226 552 dilucide
1258 510 1362 551 non
1394 506 1652 564 scriptam
1692 503 2087 551 commemorat
2117 493 2285 546 tradi-
2318 497 2365 552 Α
2393 491 2459 545 ad
2513 502 2623 545 tres
2678 494 2871 545 divinae
2913 492 3199 547 Trinitatis
3252 508 3513 562 personas
3571 487 3956 562 signiﬁcandas

726 598 947 657 tionem,
1003 608 1162 659 quam
1193 590 1259 645 de
1289 602 1469 644 mente
1514 591 1569 645 in
1602 601 1834 642 mentem
1873 592 1939 642 ad
1981 604 2043 643 se
2100 590 2289 642 tradu-

720 695 863 738 ctam
891 698 1014 738 esse
1068 683 1285 736 asserit.
1343 681 1573 745 Verum,
1616 684 1808 733 amabo
1839 696 1955 745 vos,
2005 691 2289 750 poteratne

726 775 1010 842 Dionysius
1041 774 1389 843 Areopagita,
1418 772 1569 825 Pauli
1602 772 1924 839 discipulus,
1945 771 2125 826 verbis
2155 771 2291 826 adeo

723 868 1001 938 expressis
1040 866 1310 919 afﬁrmare
1334 880 1392 920 se
1420 866 1759 918 institutores
1784 881 1846 917 ac
1879 866 2167 934 magistros
2191 864 2290 917 ha-

724 960 905 1014 buisse
927 960 1016 1027 qui
1046 958 1367 1011 hierarchiae
1391 957 1777 1012 ecclesiastica:
1802 956 2049 1011 ordinem
2074 957 2141 1011 ab
2172 956 2293 1011 aliis

724 1052 844 1105 sine
872 1052 1172 1117 scriptione
1220 1048 1555 1102 didicerint?

805 1142 990 1209 Neque
1023 1156 1174 1202 vero,
1198 1141 1342 1208 quod
1374 1140 1566 1191 mirum
1629 1147 1731 1205 est,
1774 1138 1842 1192 ibi
1892 1136 2288 1199 tantummodo,

725 1236 817 1289 sed
836 1235 961 1288 alibi
985 1250 1091 1286 non
1129 1232 1294 1286 semel
1323 1233 1509 1285 eodem
1548 1231 1853 1286 traditionis
1874 1241 2195 1299 argumento
2224 1229 2291 1284 ad

728 1340 790 1379 ea
817 1340 933 1392 quae
953 1325 1167 1377 dixerat
1190 1322 1562 1375 conﬁrmanda
1584 1331 1774 1390 sponte
1809 1336 1904 1374 sua
1943 1321 2131 1375 utitur.
2156 1320 2290 1373 Nam

726 1416 817 1469 ubi
853 1414 919 1467 de
955 1414 1299 1467 sanctissimo
1337 1413 1620 1465 Trinitatis
1653 1412 1910 1481 mysterio
1958 1426 2062 1465 non
2117 1412 2290 1465 minus

726 1505 1008 1559 enucleate
1053 1514 1108 1557 et
1144 1505 1430 1571 perspicue
1461 1518 1525 1557 ac
1550 1502 1642 1556 alii
1676 1509 1796 1570 post
1828 1502 2098 1554 Nicmnam
2128 1516 2293 1571 syno-

726 1594 852 1644 dum
886 1591 1101 1657 Patres,
1131 1593 1465 1660 disputat",
1499 1592 1649 1655 Ha’c,
1687 1592 1881 1659 inquit,
1916 1593 2123 1659 aliaque
2153 1606 2293 1659 quie-

724 1683 845 1736 libet
883 1685 1094 1751 dei/icat
1131 1686 1356 1748 lumina,
1392 1702 1508 1753 qua:
1551 1681 1845 1750 Scripturis
1901 1699 2128 1736 consona
2172 1698 2292 1735 san-

725 1780 793 1830 cti
837 1778 1005 1829 nostri
1043 1788 1384 1844 pra'ceptores
1426 1792 1626 1828 arcana
1682 1776 1830 1827 nobis
1861 1775 2291 1838 interpretatione

725 1870 1080 1923 tradiderunt.
1134 1884 1328 1935 nosque
1398 1869 1669 1919 hausimus
1727 1884 1743 1921 :
1798 1866 1988 1920 Grmce
2056 1866 2289 1935 legitur,

725 1969 929 2034 κρυφία
952 1960 1264 2029 παράδοσις,
1288 1972 1486 2014 secreta
1520 1962 1759 2013 traditio.
1786 1961 1849 2013 Et
1872 1960 2029 2028 paulo
2058 1960 2196 2013 infra
2223 1961 2291 2027 ’⁷,

730 2055 1057 2125 Theologica:
1092 2065 1284 2107 nostra:
1328 2053 1626 2105 traditionis
1655 2062 1966 2105 auctores...
1994 2054 2292 2120 assignant-

725 2163 823 2217 que
848 2144 1136 2214 Scripturis
1153 2146 1319 2198 sacris
1346 2144 1636 2197 iusistendo
1671 2144 1925 2197 nonnulla
1954 2146 2107 2196 dictis
2139 2145 2291 2196 unio-

729 2238 781 2290 ni
823 2254 1061 2303 propria,
1089 2236 1423 2304 vicissimque
1458 2236 1810 2287 distinctioni.
1843 2233 1906 2286 lli
1947 2249 2075 2304 ergo
2106 2245 2295 2289 aucto-

728 2343 837 2393 res,
868 2330 973 2393 vcl,
1015 2338 1071 2380 ut
1114 2327 1301 2383 Graece
1350 2327 1629 2392 scribitur,
1662 2324 2009 2393 θεολογικῆς
2035 2326 2295 2393 παραδό-

724 2439 881 2487 σεως
933 2422 1313 2489 [apage-arat,
1371 2420 1553 2473 divina
1605 2420 1908 2481 attributa,
1954 2420 2127 2487 inquit
2181 2419 2294 2487 ille,

728 2522 1123 2577 enodaverunt,
1184 2512 1472 2580 Scripturis
1518 2516 1684 2567 sacris
1734 2514 2048 2578 insistendo,
2100 2513 2205 2579 vel,
2237 2524 2295 2567 ut

730 2610 882 2676 prius
910 2609 1145 2669 dixerat,
1181 2606 1466 2673 Scripturis
1500 2622 1732 2660 consona
1768 2607 2050 2659 tradendo.
2079 2606 2293 2659 Illorum

728 2715 861 2769 ergo
896 2700 965 2752 ibi
1015 2698 1220 2767 profert
1269 2698 1599 2759 testimonia,
1630 2696 1722 2765 qui
1772 2706 1894 2765 post
1944 2696 2118 2751 editos
2160 2696 2296 2751 Novi

733 2791 974 2846 Ftederis
1003 2791 1189 2853 libros,
1222 2804 1286 2843 ac
1332 2790 1382 2841 in
1413 2789 1601 2856 primis
1631 2788 2011 2857 Apocalypsim
2042 2800 2095 2842 et
2120 2788 2296 2841 Evan-

730 2882 929 2951 gelium
957 2880 1211 2944 Joannis,
1244 2896 1362 2947 qua:
1394 2880 1589 2933 ibidem
1645 2880 1711 2932 ab
1740 2894 1804 2932 eo
1834 2879 2145 2948 laudantur,
2173 2881 2294 2935 inde

734 2974 1079 3028 auctoritates
1114 2972 1179 3025 ad
1214 2971 1631 3038 theologicorum
1680 2972 1745 3024 de
1796 2972 1982 3024 divina
2029 2971 2296 3026 Trinitate

733 3068 1046 3135 dogmatum
1078 3064 1473 3131 expositionem
1510 3062 1826 3115 alferebant.
1850 3062 1949 3127 Qui
1983 3079 2111 3133 ergo
2135 3072 2293 3118 erant

2395 585 2589 652 saepius
2630 585 2938 651 usurpat”.
2964 586 3072 637 Καὶ
3102 586 3228 655 μὴν,
3278 586 3453 653 inquit
3513 586 3621 650 ille,
3671 586 3750 638 ὅτι
3793 587 3956 656 μονάς

2394 676 2508 726 ἐστι
2540 676 2633 727 καὶ
2670 674 2796 737 ἐνὰς
2840 675 3288 745 τρισυπόστατος.
3332 676 3396 729 Εῑ
3426 675 3613 729 alibi”
3640 677 3747 738 τὼς
3770 677 3956 749 τριάδι

2392 768 2448 820 δὲ
2476 768 2562 821 διὰ
2602 769 2701 839 τὴν
2740 767 3182 839 τρισυπόστατον.
3217 768 3318 823 Ubi
3345 784 3474 824 vero
3506 772 3572 824 de
3606 786 3953 839 personarum

2395 861 2701 913 divinarum
2742 862 3252 915 circuminsessione
3282 862 3584 931 loquitur'o
3614 882 3627 917 :
3658 863 3767 916 τῶν
3796 864 3945 936 ἐναρ-

2393 948 2563 1017 χικῶν
2588 950 2955 1012 ὑποστάσεων,
2986 952 3174 1019 inquit.
3201 952 3359 1021 Atqui
3392 953 3570 1008 nullus
3584 966 3706 1009 ante
3730 955 3955 1009 Alexan-

2398 1043 2609 1094 drinam
2661 1044 2948 1111 synodum,
2986 1060 3126 1097 anno
3170 1044 3275 1098 562
3306 1056 3571 1111 coactam,
3615 1064 3677 1103 ea
3723 1064 3878 1113 voce,
3910 1050 3951 1104 si

2397 1132 2609 1188 Socrati
2644 1137 2776 1189 ﬁdes
2809 1137 3176 1202 habeatur'”,
3215 1141 3279 1193 ad
3311 1141 3363 1195 id
3386 1142 3798 1211 signiﬁcandum
3830 1160 3959 1199 usus

2394 1234 2478 1278 est
2513 1244 2525 1278 :
2564 1224 2820 1281 Craterum
2854 1230 3102 1297 episcopi,
3135 1230 3383 1287 Socratis
3409 1234 3572 1288 verba
3607 1244 3752 1297 sunt,
3792 1238 3876 1304 qui
3902 1236 3959 1289 in

2394 1315 2755 1371 Alexandrino
2800 1320 3024 1372 concilio
3069 1322 3309 1385 aderant,
3342 1324 3474 1375 hanc
3516 1335 3772 1390 practerea
3816 1342 3959 1395 qure-

2394 1408 2614 1461 stionem
2662 1409 2940 1477 diligenter
2968 1412 3357 1475 examinarunt,
3384 1414 3445 1465 de
3485 1413 3780 1468 substantia
3812 1417 3959 1469 scili-

2395 1508 2471 1551 cet
2504 1510 2549 1553 et
2578 1500 2915 1568 hypostasi...
2948 1499 3088 1565 Quid
3128 1512 3304 1556 autem
3342 1520 3435 1557 nos
3490 1506 3553 1557 de
3582 1506 3875 1559 substantia
3905 1518 3957 1559 et

2394 1589 2671 1658 hypostasi
2727 1591 3087 1657 didicerimus,
3148 1594 3283 1647 nihil
3336 1605 3468 1649 velat
3516 1598 3796 1664 quominus
3848 1598 3959 1651 lure

2397 1683 2614 1737 breviter
2653 1700 2992 1751 exponamus.
3025 1685 3128 1751 Qui
3160 1684 3398 1741 ercam
3427 1689 3564 1741 inter
3601 1687 3809 1744 Graecos
3840 1690 3963 1759 phi-o

2398 1774 2691 1843 (amp/tiam
2723 1778 3079 1843 tradiderunt,
3103 1781 3456 1833 substantiam
3484 1782 3691 1850 quidem
3718 1782 3958 1850 plurimis

2395 1870 2563 1921 modis
2596 1869 2938 1937 deﬁnierunt,
2971 1872 3307 1940 hypostaseos
3351 1890 3470 1926 vero
3503 1874 3704 1927 nullam
3740 1891 3959 1943 prorsus

2394 1963 2710 2015 mentionem
2740 1962 2928 2030 fecere,
2956 1975 3059 2017 etc.
3115 1962 3475 2035 Hieronymus
3514 1980 3641 2019 vero
3674 1970 3739 2020 de
3768 1966 3959 2021 eadem

2396 2065 2552 2115 voce,
2586 2060 2766 2105 utrum
2806 2054 3117 2121 usurpanda
3156 2053 3319 2120 foret,
3359 2056 3686 2109 sententiam
3742 2056 3961 2112 Damasi

2396 2157 2546 2212 papa:
2599 2143 2929 2205 sciscitatus,
2976 2145 3055 2197 ait
3082 2144 3120 2174 ³¹
3156 2162 3168 2197 :
3206 2144 3336 2199 Tota
3366 2147 3705 2200 saecularium
3752 2148 3960 2200 littera-

2398 2252 2514 2288 rum
2543 2236 2720 2289 schola
2751 2236 2883 2289 nihil
2940 2236 3089 2289 aliud
3140 2238 3488 2307 hypostasim,
3523 2240 3625 2292 nisi
3658 2242 3827 2294 usiam
3860 2255 3959 2292 no—

2398 2329 2540 2381 vit...
2578 2327 2875 2381 Taceantur
2928 2338 3030 2380 tres
3086 2329 3414 2397 hypostases,
3447 2330 3493 2382 si
3528 2329 3720 2397 placet,
3756 2339 3805 2382 et
3853 2346 3959 2382 una

2398 2428 2654 2472 teneatur.
2682 2418 2930 2472 Nondum
2962 2436 3091 2488 ergo
3146 2418 3460 2491 Hieronymi
3494 2430 3735 2488 tempore
3762 2436 3822 2475 ea
3858 2437 3957 2476 vox

2399 2517 2615 2575 recepto
2653 2510 2792 2576 apud
2844 2524 3032 2562 omnes
3088 2510 3140 2561 in
3194 2524 3289 2561 usu
3334 2518 3469 2573 erat,
3525 2525 3621 2563 nec
3655 2509 3963 2565 inconsulto

2399 2614 2613 2653 summo
2660 2600 2935 2668 pontiﬁce,
2976 2618 3035 2657 ea
3087 2612 3305 2656 sanctus
3359 2604 3547 2657 doctor
3593 2604 3666 2657 uti
3710 2619 3767 2657 se
3803 2617 3965 2672 posse

2396 2691 2783 2749 arbitrabatur.

2471 2782 2577 2837 Sed
2616 2785 2903 2855 insurgunt
2956 2788 3339 2859 Areopagitici,
3387 2792 3707 2861 magnisque
3760 2790 3957 2845 animis

2399 2877 2830 2933 adversariorum
2885 2880 2987 2932 tela
3047 2881 3422 2945 retundentes,
3462 2896 3668 2937 certum
3714 2899 3833 2938 esse
3881 2886 3967 2936 di-

2398 2972 2935 3025 cuutAntenicaenos
2994 2971 3185 3025 Patres
3247 2972 3299 3025 in
3356 2975 3681 3041 asserenda,
3735 2991 3853 3043 quae
3895 2978 3964 3029 de

2401 3063 2763 3117 sanctissima:
2792 3062 3077 3118 Trinitatis
3114 3067 3376 3137 mysterio
3425 3068 3492 3121 ab
3513 3070 3827 3123 orthodoxis
3853 3078 3963 3123 tra-

733 3158 767 3211 ii
804 3156 1047 3226 Dienysii
1080 3155 1419 3223 Areopagitae
1451 3155 1857 3223 praceptores?
1890 3154 2138 3223 Nunquid
2172 3155 2295 3211 Hie-
2324 3170 2365 3229 ε
2404 3156 2572 3220 ditur,
2603 3156 2847 3210 doctrina
2883 3166 2988 3209 tam
3043 3167 3355 3212 constantes
3388 3158 3576 3225 fuisse,
3626 3170 3678 3213 ut
3726 3178 3788 3215 co
3823 3173 3961 3217 tein-

735 3248 991 3302 rotheus?
1021 3246 1125 3299 Sed
1158 3246 1203 3300 is
1234 3246 1300 3299 ab
1353 3245 1442 3299 illo
1482 3258 1699 3312 semper
1754 3246 2112 3309 nominatim,
2156 3264 2293 3315 pra-

731 3352 907 3407 ceptor
933 3352 1108 3394 noster
1136 3339 1456 3408 appellatur.
1494 3338 1549 3393 Si
1593 3352 1723 3407 ergo
1759 3338 1906 3391 illum
1941 3340 2023 3393 his
2067 3341 2119 3392 in
2159 3340 2295 3395 locis

735 3436 943 3496 laudat,
969 3442 1025 3485 et
1054 3432 1188 3487 alios
1236 3431 1423 3499 procul
1478 3432 1643 3486 dubio
1696 3431 1871 3485 eidem
1924 3429 2193 3499 adjungit.
2227 3432 2297 3484 At

734 3538 898 3592 porro
926 3524 1233 3591 quicunque
1266 3523 1482 3575 laudent
1529 3520 1733 3573 fuerint
1759 3522 2099 3589 Areopagitas
2129 3522 2299 3589 magi-

734 3627 856 3679 stri,
892 3633 987 3671 eos
1040 3627 1185 3669 certe
1248 3626 1450 3668 tantum
1512 3618 1642 3668 citat
1687 3617 1774 3683 qui
1819 3625 1937 3683 post
1994 3615 2301 3683 publicatos

736 3710 1088 3780 Apocalypsis
1141 3716 1195 3761 et
1248 3707 1521 3773 Evangelii
1572 3707 1800 3761 Joannis
1858 3707 2027 3761 libros
2060 3708 2132 3760 ita
2166 3709 2299 3761 scri-

735 3811 1043 3869 pseruntut
1074 3815 1167 3854 eos
1201 3800 1252 3853 in
1302 3800 1544 3852 oumium
1598 3814 1790 3851 manus
1837 3808 1891 3850 et
1930 3799 2294 3867 cognitionem

740 3881 965 3947 venisse.
984 3893 1205 3946 omnino
1247 3905 1569 3959 persuasum
1602 3890 1889 3942 haberent.
1926 3889 2137 3943 Rursus
2169 3904 2299 3944 vero

737 3997 933 4039 auctor
958 3996 1141 4038 noster
1176 3982 1263 4035 illa
1300 3990 1693 4050 praeceptorum
1719 3995 1943 4033 suorum
1967 3979 2163 4049 Opera,
2192 3997 2297 4034 non

742 4091 800 4133 ut
830 4092 1020 4132 recens
1051 4076 1220 4141 edita,
1270 4076 1361 4129 sed
1421 4073 1671 4129 omnibus
1714 4072 2035 4140 plerumque
2082 4076 2298 4141 cognita

739 4169 999 4225 laudavit.
1037 4167 1188 4223 Unde
1222 4166 1403 4235 quivis
1434 4165 1592 4218 facile
1625 4164 1895 4231 intelligat
1932 4177 2122 4215 omnes
2164 4164 2301 4216 scri-

742 4263 915 4331 ptoris
948 4262 1123 4314 nostri
1152 4258 1561 4312 lucubrationes
1591 4265 1643 4309 et
1672 4256 1845 4309 serius
1879 4269 2037 4322 quam
2065 4255 2302 4308 creditur

740 4355 1027 4424 prndiisse,
1060 4365 1156 4404 nec
1182 4349 1492 4419 Dionysium
1522 4347 1901 4416 Areopagitam
1935 4347 2175 4414 potuisse
2210 4362 2301 4399 eo-

740 4463 856 4500 l'lllll
885 4460 1002 4499 t‘SSC
1033 4453 1336 4497 auctorem.

1311 4553 1536 4610 CAPUT
1582 4553 1715 4606 XIV.

742 4676 959 4731 Sextum
1016 4681 1404 4743 argumentum,
1460 4685 1522 4722 ex
1571 4669 1636 4743 iis
1691 4683 1816 4743 quae
1857 4668 1927 4743 de
1970 4668 2298 4719 sanctissmo

815 4737 1099 4799 Trinitatis'
1120 4742 1366 4811 mysterio
1396 4740 1732 4805 personisque
1763 4737 1953 4789 divinis
1985 4748 2171 4790 auctor
2202 4753 2296 4789 no-

811 4827 916 4871 ster
947 4815 1187 4876 tradidit,
1216 4812 1564 4875 desumptum.

811 4911 944 4965 Illud
977 4918 1155 4961 autem
1202 4903 1613 4973 probationibus
1642 4901 1751 4970 jam
1799 4901 2047 4955 adductis
2097 4902 2306 4955 accedit

742 4998 1245 5067 ﬁrmamenti,quod
1284 5009 1385 5048 non
1406 4994 1577 5049 solum
1602 4993 1944 5057 Hierotheus,
1969 5003 2026 5046 ut
2047 4994 2300 5057 diximus,

744 5097 809 5150 de
834 5092 1122 5148 Trinitatis
1170 5090 1431 5158 mysterio
1466 5086 1771 5140 clarissime
1798 5086 2052 5147 disserat,
2085 5087 2178 5139 sed
2210 5102 2305 5138 no-

744 5195 855 5242 ster
878 5185 1042 5238 etiam
1069 5181 1352 5249 Dionysius
1386 5189 1766 5247 praeceptorem
1793 5192 1945 5229 suum
1980 5186 2305 5245 przeeuntem

746 5280 821 5334 ita
872 5277 1236 5345 subsequatur
1273 5283 1330 5325 ut
1356 5282 1584 5339 uterque
1617 5281 1736 5338 post
1784 5280 1957 5322 ortam
1992 5278 2046 5322 et
2077 5268 2304 5321 damna-

742 5380 855 5429 tam
908 5370 1232 5423 Arianorum
1290 5364 1538 5418 haeresim
1592 5362 1838 5415 videatur
1898 5363 2192 5427 disputare.
2256 5360 2303 5413 ls

743 5463 889 5520 enim
948 5474 1055 5514 non
1106 5472 1262 5513 secus
1299 5471 1362 5510 ac
1408 5454 1735 5509 Hierotheus
1781 5467 1970 5506 vocem
2009 5453 2303 5520 hypostasis

813 5650 856 5681 “
887 5649 1002 5704 Lit).
1059 5646 1126 5697 De
1158 5646 1315 5697 divin.
1382 5658 1497 5693 nom
1530 5682 1545 5707 ,
1589 5656 1707 5709 cap.
1750 5641 1797 5696 l,
1832 5641 1857 5708 ἥ

748 5739 910 5779 ηοω..
941 5733 1060 5786 cap.
1092 5718 1141 5768 l.
1229 5716 1268 5786 ξ’
1304 5714 1467 5775 Ibid,
1501 5728 1619 5781 cap.
1654 5713 1707 5765 ‘2.

748 5791 968 5913 Prgpos.
1008 5778 1173 5843 'Pauli
1229 5784 1521 5843 Samosat..
1570 5778 1714 5836 tom.
1768 5779 1784 5832 l
1827 5778 2030 5834 C0ncil.

746 5876 780 5913 ι.
851 5896 867 5913 .

1896 5638 1965 5718 b.-
1982 5638 2023 5667 ³⁷
2066 5636 2240 5718 Ibid.._,_
2263 5650 2383 5703 cap.
2418 5633 2472 5686 2.

1789 5702 1854 5737 ³⁰²
1888 5708 2007 5763 Lib.
2049 5722 2130 5770 ιιι,
2173 5702 2396 5769 llistor.,
2450 5718 2567 5770 rup.
2605 5702 2653 5753 7.
2735 5702 2776 5731 “
2814 5702 2978 5765 Epist.
3008 5702 3097 5760 57,
3144 5702 3206 5748 ad

1827 5778 2030 5834 Concil.
2149 5776 2193 5806 ³³
2228 5774 2551 5829 Tbeodoret.
2613 5773 2703 5826 lib.
2747 5785 2762 5824 I
2806 5770 2974 5835 Hist.,
3031 5783 3147 5837 cap.
3175 5767 3229 5818 4.

2402 3260 2533 3313 pore
2555 3262 2661 3314 quo
2697 3249 2857 3301 Arius
2886 3249 3133 3301 lueresim
3169 3265 3320 3302 suam
3371 3251 3725 3307 disseminare
3774 3256 3960 3325 erepit.

2403 3336 2493 3391 ille
2521 3352 2657 3390 nova
2709 3338 3078 3407 hactenusque
3122 3338 3359 3393 inaudita
3412 3342 3659 3411 dogmata
3709 3358 3964 3413 spargere

2401 3428 2767 3489 insimulatus,
2834 3431 2901 3483 ab
2942 3430 3191 3484 omnibus
3222 3441 3407 3484 contra
3464 3432 3578 3501 ejus
3629 3434 3962 3504 impietatem

2402 3519 2475 3571 sit
2506 3518 2881 3574 reclamatum.
2916 3520 3057 3573 Nulli
3091 3531 3349 3589 praeterea
3388 3524 3610 3576 dubium
3647 3540 3765 3579 esse
3806 3542 3965 3593 posse

2406 3611 2677 3680 inquiunt,
2710 3614 2839 3681 quin
2870 3614 3096 3681 apostoli
3128 3620 3464 3669 adorandum
3491 3617 3621 3670 illud
3646 3619 3964 3688 mysterium

2403 3702 2754 3766 Christianis,
2783 3704 3083 3770 praesertim
3119 3704 3554 3773 perfectioribus,
3580 3724 3683 3760 non
3712 3708 3964 3773 obscure,

2402 3797 2495 3850 sed
2517 3796 2662 3849 clare
2692 3806 2744 3849 et
2798 3798 3081 3866 perspicue
3112 3800 3484 3867 exposuerint,
3514 3814 3714 3868 eosque
3764 3803 3815 3854 in
3844 3805 3965 3857 hac

2406 3896 2513 3940 tam
2547 3886 2775 3941 difﬁcilis
2808 3888 3049 3957 mysterii
3099 3889 3345 3942 doctrina
3389 3889 3647 3943 adversus
3682 3902 3966 3947 nascentes

2405 3977 2639 4032 haereses
2669 3978 2981 4041 muniendo,
3031 3977 3162 4030 nihil
3201 3980 3329 4046 ipsis
3367 3980 3689 4047 reliquerint
3716 3983 3965 4035 obscuri-

2406 4071 2605 4125 tatibus
2638 4070 2955 4123 involutum.
2992 4069 3126 4134 Quid
3162 4085 3291 4138 ergo
3322 4070 3514 4123 mirum
3562 4072 3604 4123 si
3654 4072 3965 4142 Dionysius,

2409 4161 2561 4215 Pauli
2588 4162 2905 4229 discipulus,
2940 4171 2991 4213 et
3018 4162 3368 4231 pliilOSOphia:
3393 4162 3833 4229 callentissimus,
3856 4176 3964 4218 tra-

2406 4254 2569 4307 ditam
2591 4253 2829 4318 ejusdem
2856 4254 3096 4320 mysterii
3125 4252 3453 4317 doctrinam,
3472 4268 3581 4322 pra:
3612 4256 3821 4308 caateris
3845 4257 3966 4310 aliis

2406 4346 2789 4415 scriptoribus,
2844 4346 3023 4399 verbis
3076 4344 3397 4413 explicuerit
3473 4346 3796 4402 clarioribus
3852 4365 3967 4402 ma-

2408 4436 2595 4503 gisque
2628 4436 3053 4504 philosophicis?

2478 4527 2645 4582 Porro
2676 4541 2851 4581 autem
2878 4530 3127 4596 quamvis
3156 4544 3283 4583 usus
3312 4530 3469 4599 hujus
3499 4533 3646 4585 verbi
3673 4533 3967 4599 hypostam

2407 4630 2529 4674 ante
2560 4620 2830 4674 Nicrenam
2861 4621 3123 4688 synodum
3176 4638 3278 4675 non
3316 4633 3459 4675 esset
3497 4624 3567 4676 ila
3621 4604 3873 4689 frequens
3904 4639 3967 4677 ac

2407 4714 2773 4780 promiscuus,
2802 4721 3020 4765 constat
3054 4722 3231 4765 tamen
3268 4728 3386 4766 eam
3439 4728 3624 4767 vocem
3658 4716 3725 4767 ab
3770 4714 3965 4783 aliqui«

2406 4808 2509 4859 bus
2542 4814 2855 4872 usurpatam
2891 4804 3074 4857 fuisse.
3132 4803 3343 4857 Etenim
3395 4804 3683 4873 Dionysius
3728 4807 3968 4859 Alexan-

2408 4897 2601 4950 drinus
2632 4911 2751 4949 eam
2795 4896 2965 4963 ipsam
2997 4894 3289 4961 aliquando
3328 4895 3641 4947 adhibuisse
3675 4896 3867 4963 legitur
3900 4897 3965 4950 ³¹.

2411 4987 2716 5040 Alexander
2742 5002 2892 5051 vero,
2953 4986 3293 5039 Alexandria:
3346 4986 3651 5055 episc0pus,
3686 4989 3751 5041 ad
3804 4989 3966 5041 alium

2411 5076 2811 5138 Alcxandrmn,
2866 5074 3363 5145 ConstantinOpolis
3416 5078 3771 5146 episc0pum,
3832 5083 3973 5135 scri-

2412 5167 2648 5221 bens”.
2692 5165 2996 5236 Propriam,
3051 5168 3243 5237 inquit,
3301 5170 3619 5235 hypostusim
3666 5169 3967 5229 declaravit.

2413 5261 2587 5313 dicens
2612 5299 2623 5311 .
2664 5276 2681 5308 ι
2717 5257 2779 5309 In
2808 5259 3063 5326 principio
3094 5268 3205 5311 erat
3246 5254 3496 5321 Verbum,
3522 5269 3567 5309 et
3612 5256 3833 5309 Verbum
3861 5269 3970 5310 erat

2413 5355 2552 5422 apud
2584 5353 2749 5406 Deum
2787 5351 2881 5415 “,i
2909 5361 3013 5405 etc.
3038 5350 3278 5417 Denique
3306 5350 3389 5403 his
3413 5349 3560 5403 Pauli
3595 5350 3771 5403 verbis
3806 5366 3973 5419 χαρα-

2412 5450 2549 5519 κτὴρ
2577 5448 2675 5507 τῆς
2718 5445 3060 5505 ὑποστάσεως
3104 5442 3266 5493 αὑτοῦ
3312 5442 3391 5507 ³⁸,
3444 5456 3729 5507 personam
3796 5439 3971 5493 Patris

3620 5621 3663 5651 "
3696 5619 3769 5673 De
3799 5619 3967 5672 divin.

3532 5692 3572 5721 ³²
3613 5691 3664 5744 In
3716 5691 3874 5757 llesp.
3903 5691 3967 5741 ad

3534 5778 3571 5813 ι.
3608 5778 3643 5813 ι.
3725 5761 3767 5791 ³⁸
3808 5762 3968 5813 Hebr.

2551 5631 2594 5661 ’⁸
2651 5632 2721 5684 De
2751 5630 2940 5682 rtelcst.
2988 5628 3275 5685 hieran/1.,
3322 5639 3441 5690 cap.
3470 5621 3520 5673 5.

2735 5701 2776 5731 ³⁸
2814 5702 2978 5765 Epist.
3008 5698 3097 5760 57,
3144 5699 3206 5748 ad
3241 5698 3452 5747 Damas.
3532 5698 3572 5721 "
3613 5698 3621 5744 Ι

2747 5785 2762 5818 ι
2809 5770 2974 5818 Ηίιι..
3031 5767 3229 5818 can.4.
3325 5765 3369 5793 ³⁵
3417 5763 3621 5818 loan.t
