4198 6304
199 402 266 454 57
1514 376 2038 439 PROLEGOMENA.
3239 336 3252 358 ”
3365 365 3434 421 ss

203 514 390 567 aeterni
427 510 775 580 designatam
810 522 929 560 esse
973 505 1203 560 Basilius
1258 503 1328 566 ³⁵,
1378 511 1431 554 et
1465 501 1714 552 laudatus
1743 512 1769 547 a
1805 502 1845 561 Α
1911 569 1914 574 _
1950 489 2187 556 Denique
2225 485 2366 555 quod
2409 486 2563 538 aiunt
2601 493 2877 538 auctorem
2919 493 3161 540 nostrum
3199 483 3434 554 primum

203 604 617 674 Theophylacto
648 599 944 667 Gregorius
979 596 1259 667 Nyssenus
1286 595 1574 647 aﬁirmant.
1606 593 1775 644 Crete-

208 714 357 761 rum,
417 691 671 763 quamvis
730 690 1060 744 concedantur
1107 686 1307 738 nullum
1355 694 1479 739 ante
1538 681 1775 751 Dionysii

209 800 454 857 tempora
487 784 657 839 fuisse
681 780 837 847 hujus
869 779 1014 832 verbi
1072 793 1227 830 usum
1248 816 1263 841 ,
1297 774 1571 829 fatendum
1599 784 1776 825 tamen

207 892 293 934 est
325 882 471 934 inter
506 876 851 932 Christianos
876 872 1156 926 exstitisse
1203 871 1458 939 aiiquem,
1509 884 1536 921 a
1569 883 1679 936 quo
1709 868 1777 921 il—

213 972 302 1024 lud
329 970 566 1039 primum
615 968 844 1036 cceperit
893 965 1170 1031 usurpari.
1204 962 1342 1027 Quid
1374 976 1502 1031 ergo
1529 961 1779 1031 prohibet

211 1059 509 1128 quominus
556 1056 867 1125 Dionysius,
927 1055 1011 1106 vir
1045 1051 1429 1122 philosophica:
1482 1050 1781 1119 disciplina:

213 1149 606 1218 peritissimus,
636 1148 729 1216 qui
771 1145 993 1213 hujusce
1027 1147 1202 1207 vocis,
1240 1144 1307 1196 ab
1357 1142 1648 1198 Aristotele
1685 1142 1783 1195 ali-

214 1245 344 1300 cubi
381 1245 620 1305 tradita,
646 1242 756 1294 vim
789 1249 1040 1303 noverat,
1075 1240 1178 1293 illa:
1196 1240 1383 1292 eodem
1441 1253 1504 1291 ac
1553 1236 1639 1291 ille
1667 1237 1783 1304 phi-

215 1335 566 1402 losophorum
600 1333 871 1401 princeps,
907 1345 1065 1384 sensu
1102 1341 1155 1382 et
1211 1328 1611 1397 signiﬁcatione
1672 1328 1784 1395 pri-

217 1443 336 1481 mus
365 1427 517 1480 inter
549 1425 889 1480 Christianos
927 1438 1060 1478 usus
1087 1435 1206 1476 esse
1231 1421 1477 1475 dicatur?

284 1518 487 1574 Contra
537 1528 714 1572 tamen
755 1525 950 1586 urgent
996 1517 1306 1580 instantque
1350 1513 1590 1565 adversm
1617 1512 1786 1580 partis

215 1609 482 1674 fautores,
525 1609 667 1676 quod
710 1608 955 1676 quamvis
1009 1606 1343 1661 Antenicaeni
1384 1605 1576 1660 Patres
1631 1605 1789 1659 Chri-

214 1718 358 1760 stum
403 1706 686 1760 Dominum
744 1719 929 1757 verum
992 1705 1156 1758 Deum
1183 1745 1196 1766 ,
1251 1702 1427 1757 Patris
1468 1701 1655 1755 aeterni
1700 1700 1788 1752 Fi-

217 1800 370 1862 lium,
423 1798 662 1869 ejusdem
688 1813 810 1852 cum
841 1813 906 1851 eo
958 1797 1292 1856 substantiae,
1325 1795 1535 1864 ipsique
1563 1806 1784 1849 coaeter-

214 1906 346 1942 num
396 1904 525 1943 esse
563 1899 618 1942 et
675 1890 1003 1944 crediderint
1054 1895 1110 1943 et
1155 1889 1454 1952 docuerint,
1488 1891 1555 1942 ab
1595 1903 1781 1943 eorum

220 1992 400 2035 tamen
454 1983 676 2035 nemine
706 1981 772 2034 de
803 1982 1052 2050 personis
1089 1980 1306 2043 divinis,
1349 1980 1674 2049 illarumque
1706 1990 1790 2032 at-

217 2075 443 2129 tributis
465 2085 519 2127 et
541 2073 805 2134 relativis,
857 2083 917 2126 ut
965 2073 1286 2142 loquuntur.
1330 2083 1384 2128 et
1411 2073 1796 2128 essentialibus

221 2176 329 2219 tam
384 2166 531 2220 clare
577 2175 629 2220 et
670 2165 978 2229 enucleate,
1029 2176 1189 2233 atque
1231 2166 1296 2219 ab
1348 2175 1565 2219 auctore
1609 2174 1796 2218 nostro

219 2259 557 2328 disputatum
605 2273 839 2327 unquam
883 2258 1068 2311 fuerit.
1103 2258 1164 2311 Et
1200 2273 1354 2321 sane,
1389 2257 1661 2324 inquiunt,
1700 2270 1797 2309 cur

221 2351 258 2404 ii
313 2350 408 2418 qui
432 2358 558 2418 post
605 2349 921 2420 Dionysium
949 2349 1174 2403 edendis
1226 2347 1688 2402 lucubrationibus
1708 2360 1794 2398 se-

222 2444 402 2497 cundo
425 2453 480 2497 et
503 2444 669 2496 tertio
695 2443 947 2497 Ecclesiae
971 2442 1174 2496 sarculo
1197 2456 1413 2510 operam
1441 2441 1660 2503 dedere,
1692 2455 1794 2492 non

221 2537 441 2590 eosdem
501 2552 564 2589 ac
611 2536 701 2589 ille
739 2536 805 2589 de
846 2534 1027 2588 divina
1072 2534 1340 2586 Trinitate
1387 2546 1665 2586 sermones
1701 2531 1797 2584 ha-

223 2626 498 2679 buerunt?
522 2625 633 2680 Cur
662 2625 840 2678 nullus
879 2625 1168 2693 aliquando
1189 2623 1346 2677 oillius
1386 2631 1477 2675 aut
1499 2634 1798 2692 praecepto-

231 2717 307 2770 ris
335 2717 453 2785 ejus
485 2716 761 2772 Hierothei
795 2717 1096 2785 exemplum
1117 2724 1336 2768 secutus
1365 2727 1446 2768 est
1465 2715 1488 2767 ’ἰ

295 2807 431 2873 Quae
457 2822 586 2863 vero
601 2809 666 2860 ad
697 2808 1035 2876 probandum
1060 2806 1202 2858 vocis
1229 2803 1619 2870 ὑποστάσεως
1642 2819 1796 2857 usum

226 2901 598 2964 adducuntur,
637 2914 702 2954 ea
739 2900 871 2952 nihil
913 2898 1112 2952 habere
1146 2899 1396 2950 videntur
1429 2896 1719 2951 soliditatis
1746 2907 1798 2949 et

228 2993 584 3049 ﬁrmamenti.
633 2992 927 3061 Epistolam
970 2991 1113 3044 enim
1158 2990 1403 3060 Dionysii
1442 2990 1796 3043 Alexandrini

230 3087 332 3154 ipsi
359 3087 686 3154 suppositam
715 3085 1180 3152 adulteriuamqne
1210 3097 1332 3136 esse
1364 3084 1546 3137 critici
1585 3083 1800 3136 doctio-

231 3194 322 3231 res
369 3178 531 3232 facile
566 3187 888 3248 agnoscunt.
914 3176 1097 3230 Altera
1140 3191 1268 3230 vero
1307 3177 1531 3230 alterius
1556 3175 1797 3246 Dionysii

226 3269 460 3339 cpistola
511 3284 618 3337 quo
677 3279 918 3337 tempore
965 3269 1163 3337 scripta
1211 3270 1300 3333 sit,
1347 3269 1524 3323 nullus
1573 3268 1800 3323 deﬁnire

231 3372 440 3431 potest.
479 3361 748 3415 Baronius
782 3361 1000 3429 quidem
1049 3360 1190 3413 illam
1229 3376 1373 3416 anno
1417 3361 1554 3424 528,
1584 3378 1692 3429 quo
1712 3362 1801 3415 Li-

231 3456 366 3510 cinii
401 3465 628 3509 mortem
654 3454 979 3522 .consignat,
1007 3454 1188 3508 datam
1233 3455 1516 3519 opinatur;
1553 3456 1646 3508 sed
1693 3471 1803 3507 rui-

236 3562 370 3601 noso
416 3547 609 3600 nititur
646 3544 1016 3599 fundamento.
1057 3543 1191 3599 Nam
1238 3545 1478 3599 Licinius
1520 3560 1625 3600 non
1662 3561 1803 3600 anno

235 3637 367 3702 528,
411 3637 505 3692 sed
534 3635 657 3700 524,
687 3645 746 3690 ut
787 3636 1144 3690 accuratioris
1184 3637 1393 3691 criterii
1447 3637 1803 3704 scriptoribus

237 3732 474 3793 videtur,
524 3727 691 3781 vitam
737 3726 934 3781 ﬁnivit.
968 3726 1167 3780 Demus
1220 3736 1398 3781 tamen
1434 3725 1802 3781 Alexandrum

237 3838 305 3877 eo
339 3835 446 3889 quo
493 3819 608 3872 vult
644 3818 910 3873 Baronius
944 3829 1190 3888 tempore
1217 3834 1367 3873 suam
1408 3833 1662 3872 exarasse
1693 3820 1806 3886 epi-

236 3914 471 3979 stolam;
506 3913 633 3982 quid
685 3912 851 3966 inde?
896 3911 1036 3964 Nulli
1087 3926 1217 3965 sane
1252 3912 1447 3963 mirum
1497 3926 1614 3965 esse
1650 3911 1808 3964 debet

237 4019 429 4058 vocem
476 4003 769 4072 hyposlasis
828 4002 896 4056 ab
925 4001 1143 4055 homine
1189 4001 1571 4054 Alexandrinae
1616 4001 1808 4070 synodi

242 4096 580 4166 temporibus
629 4095 767 4150 adeo
791 4095 990 4159 vicino,
1021 4093 1190 4148 fuisse
1235 4102 1588 4162 usurpatam;
1626 4094 1719 4146 sed
1750 4094 1811 4144 il-

241 4187 336 4241 lud
371 4202 502 4240 sane
553 4185 868 4247 mirabilius,
910 4183 1054 4253 quod
1110 4185 1288 4238 nullus
1336 4184 1589 4256 scriptor,
1619 4193 1676 4237 ut
1715 4183 1812 4237 Pe-

244 4283 420 4337 tavius
457 4282 699 4337 ostendit
731 4281 797 4346 ‘7,
831 4281 912 4334 bis
944 4280 1079 4334 tanti
1129 4280 1229 4332 viri
1264 4279 1526 4348 vestigiis,
1555 4279 1655 4332 nisi
1688 4288 1811 4345 post

243 4375 668 4429 Alexandrinam
711 4374 976 4444 synodum
1022 4373 1383 4425 insistendum
1415 4384 1538 4424 esse
1585 4379 1810 4438 putave-

242 4467 335 4520 rit.
365 4464 519 4532 Quod
552 4471 699 4518 certe
735 4478 897 4531 quam
931 4476 1121 4528 parum
1165 4474 1228 4514 ea
1255 4475 1351 4512 vox
1389 4461 1606 4514 ineunte
1638 4474 1816 4513 saecu-

1877 569 2106 638 fbrsitan
2155 579 2348 642 fuisse,
2380 595 2407 631 a
2442 593 2550 646 quo
2580 577 2766 630 eadem
2801 591 2904 629 vox
2941 592 3102 629 sensu
3140 587 3437 630 memorato

1878 683 2102 743 accepta
2146 673 2235 738 sit,
2267 671 2434 740 gratis
2485 669 2704 725 omnino
2753 669 2987 738 ﬁngitur.
3017 667 3210 723 Noster
3240 669 3438 738 quippe

1879 776 2091 828 auctor,
2125 773 2181 817 ut
2207 763 2426 816 cuilibet
2461 763 2624 816 citata
2655 760 2770 813 loca
2813 761 3151 829 percurrenti
3183 760 3440 829 planissi-

1882 872 2024 908 mum
2077 856 2191 916 ﬁet,
2252 855 2316 906 de
2360 867 2422 906 ea
2476 853 2554 906 sic
2585 852 2844 919 disputat,
2876 865 2939 904 ac
2981 851 3024 903 si
3060 864 3253 905 sensus
3277 865 3438 920 quem

1883 948 1954 1000 illi
1989 947 2200 1010 tribuit,
2233 944 2363 997 nulli
2397 944 2619 998 omnino
2660 943 2988 1011 incognitus,
3031 951 3277 1011 receptus
3294 953 3440 998 esset

1881 1043 1945 1094 ab
1975 1039 2245 1094 omnibus.

1952 1132 2139 1201 Neque
2201 1131 2266 1184 ad
2295 1145 2407 1184 rem
2438 1130 2565 1183 facit
2601 1127 2815 1180 laudata
2843 1141 2947 1179 uno
2990 1125 3043 1178 in
3083 1123 3201 1177 loco
3234 1122 3442 1175 Aristo-

1887 1226 2003 1279 telis
2049 1223 2368 1278 auctoritas.
2410 1221 2481 1274 Ea
2530 1221 2726 1289 quippe
2761 1216 2900 1286 apud
2931 1217 3136 1286 primos
3185 1213 3446 1268 Ecclesia:

1886 1316 2072 1370 Patres
2127 1315 2327 1368 nullius
2356 1321 2475 1367 erat
2513 1309 2791 1376 momenti,
2826 1311 3025 1377 quippe
3077 1309 3168 1376 qui
3204 1307 3446 1375 philoso-

1887 1409 2021 1475 phia:
2070 1407 2320 1476 dogmata
2374 1413 2766 1472 respuerentet
2813 1412 3251 1469 aspernarentur.
3275 1397 3450 1450 Porro

1888 1509 2062 1552 autem
2083 1499 2127 1551 si
2179 1498 2303 1565 quid
2335 1513 2588 1553 successu
2623 1498 2877 1564 temporis
2901 1511 2964 1548 ex
3000 1494 3089 1547 illa
3132 1495 3449 1553 hauserunt,

1887 1588 2126 1642 Platonis
2181 1589 2357 1653 potius
2393 1604 2554 1655 quam
2586 1587 2896 1641 Aristotelis
2935 1585 3132 1654 placita
3159 1593 3214 1635 et
3244 1581 3451 1636 doctri-

1891 1698 2012 1736 nam
2043 1690 2172 1734 sunl
2198 1675 2511 1747 atnplexati.

2487 1793 2711 1849 CAPUT
2741 1791 2850 1848 XV.

1898 1908 2110 1963 Sextum
2164 1919 2550 1980 argumentum,
2590 1925 2653 1962 ea;
2683 1909 2748 1980 iis
2784 1923 2900 1976 quae
2933 1918 3129 1980 auctor
3173 1916 3347 1980 noster
3387 1908 3454 1957 de

1965 1977 2243 2035 monachis
2274 1997 2557 2049 eorumque
2601 1979 2732 2033 votis
2757 1994 2817 2030 ac
2861 1979 3078 2030 solemni
3122 1977 3454 2044 professione

1962 2061 2239 2108 memorat.
2265 2050 2524 2106 elicitum.

1968 2143 2058 2196 Illa
2085 2159 2212 2197 vero
2246 2152 2519 2197 auctorem
2551 2151 2790 2196 nostrum
2826 2149 2949 2209 post
2993 2137 3228 2207 Dionysii
3279 2135 3452 2190 Areo-

1898 2237 2087 2304 pagitae
2107 2235 2526 2295 mtatemvixisse
2563 2235 2867 2287 luculenter
2903 2232 3300 2293 demonstrant,
3332 2243 3454 2296 quae

1897 2333 1964 2378 at)
1997 2339 2060 2378 eo
2087 2324 2236 2377 hisce
2262 2333 2311 2375 tn
2336 2323 2799 2377 lucubrationibus
2828 2326 2891 2376 de
2921 2323 3304 2376 monachorum
3332 2335 3455 2388 pro-

1899 2415 2135 2470 fessione
2184 2425 2239 2471 et
2294 2414 2485 2469 ordine
2538 2416 2857 2483 produntur.
2905 2416 2977 2468 lbi
3022 2415 3168 2467 enim
3214 2413 3302 2466 ille
3347 2429 3454 2465 non

1898 2509 2132 2564 obscure
2161 2507 2321 2563 docet
2349 2509 2492 2562 hunc
2519 2507 2906 2561 monachorum
2938 2506 3177 2559 ordinem
3207 2515 3331 2557 ante
3359 2518 3456 2556 sua

1901 2610 2141 2669 tempora
2199 2601 2364 2654 fuisse
2420 2601 2756 2660 institutum;
2798 2598 3070 2665 traditque
3111 2596 3453 2664 apertissime

1898 2703 2085 2741 eorum
2119 2688 2511 2756 professionem
2542 2704 2605 2742 ac
2633 2699 2753 2742 vota
2798 2689 3092 2742 monastica
3128 2686 3459 2740 solemnibus

1900 2792 1962 2830 ac
1991 2779 2243 2846 publicis,
2288 2794 2392 2833 non
2443 2795 2598 2836 secus
2639 2795 2702 2833 ac
2737 2779 2936 2834 εωρυιο
2963 2780 3151 2848 quinto
3184 2788 3238 2831 et
3280 2786 3457 2838 sexto,

1900 2870 2238 2926 Cteremoniis
2296 2871 2461 2925 fuisse
2493 2874 2711 2926 emissa.
2758 2873 2825 2925 At
2886 2880 3248 2941 praeterquam
3315 2867 3457 2935 quod

1902 2963 2142 3030 priorum
2189 2962 2446 3018 Ecclesia:
2482 2964 2801 3018 saeculorum
2853 2965 3166 3031 scriptores,
3214 2971 3373 3028 atque
3422 2961 3457 3012 ii

1901 3053 2064 3106 etiam
2097 3053 2194 3123 ipsi
2227 3055 2317 3123 qui
2348 3055 2414 3108 de
2441 3054 2664 3124 singulis
2697 3054 3131 3108 Christianorum
3178 3050 3459 3104 ordinibus

1907 3145 2213 3198 accuratius
2237 3146 2425 3199 iisdem
2463 3145 2790 3216 temporibus
2822 3146 3220 3207 disseruerunt,
3254 3141 3458 3194 nullam

1911 3236 2195 3290 monastici
2244 3238 2453 3290 ordinis
2504 3238 2962 3291 monachorumve
3007 3234 3358 3306 professionis
3387 3233 3466 3285 fe-

1907 3339 2030 3378 cere
2059 3325 2414 3389 mentionem,
2445 3337 2597 3379 certe
2627 3327 2842 3392 quidam
2866 3325 3215 3384 eruditissimi
3240 3335 3295 3377 et
3325 3336 3464 3377 anti-

1906 3419 2153 3486 quissimi
2188 3435 2366 3474 rerum
2421 3421 2849 3473 monasticarum
2899 3419 3239 3488 indagatores
3276 3434 3461 3472 earum

1906 3513 2172 3582 originem
2203 3512 2268 3565 ad
2308 3510 2524 3575 Paulos,
2556 3512 2823 3565 Antonios
2863 3512 3294 3579 Pacbomiosque
3324 3512 3463 3566 refe-

1913 3614 2055 3657 runt.
2083 3603 2178 3658 His
2207 3619 2334 3674 ergo
2365 3613 2552 3658 auctor
2607 3613 2791 3658 noster
2822 3605 3088 3672 posterior
3138 3619 3257 3657 eSse
3284 3604 3464 3666 debet,

1910 3713 2008 3753 nec
2035 3698 2317 3768 Dionysius
2347 3697 2794 3765 Areopagitadici
2830 3707 3023 3764 potest.

1980 3789 2342 3859 Areopagitici
2375 3797 2549 3842 tamen
2579 3788 2722 3841 hunc
2750 3804 2853 3842 non
2883 3788 3089 3857 exigua:
3135 3788 3465 3844 difﬁcultatis

1911 3886 2110 3940 nodum
2145 3885 2288 3938 haud
2313 3881 2598 3937 difﬁculter
2627 3897 2686 3936 se
2729 3882 2938 3935 solvere
2977 3883 3331 3945 arbitrantur,
3365 3882 3465 3936 du-

1913 3977 2065 4046 plicis
2095 3975 2480 4031 monachorum
2513 3975 2723 4042 generis
2749 3973 3117 4026 distinctione.
3141 3973 3300 4026 Aliud
3324 3975 3465 4026 enim

1913 4083 2034 4123 esse
2065 4068 2221 4121 aiunt
2248 4082 2418 4138 genus
2468 4066 2861 4120 caanobitarum
2895 4078 2948 4117 et
2982 4064 3350 4127 eremitarum,
3375 4066 3464 4132 qui

1915 4179 1942 4216 a
1980 4163 2132 4231 plebe
2175 4175 2395 4231 prorsus
2422 4159 2635 4222 secreti,
2667 4167 2722 4210 et
2761 4171 2790 4209 a
2832 4165 3152 4211 czeterorum
3192 4157 3467 4210 hominum

1917 4257 2176 4310 societate
2226 4254 2494 4321 separati,
2557 4253 2608 4304 in
2672 4251 3012 4304 monasteriis
3055 4259 3107 4302 et
3159 4248 3468 4312 ccenobiis,

1920 4348 2007 4402 vel
2041 4350 2091 4402 in
2145 4347 2298 4399 silvis
2343 4354 2396 4398 et
2441 4344 2719 4396 montibus
2770 4343 2936 4394 vitam
2975 4342 3332 4394 monasticam
3378 4341 3471 4394 de-

1918 4442 2137 4511 gebant.
2196 4438 2304 4492 llos
2335 4437 2574 4488 fatentur
2633 4446 2786 4502 longe
2825 4441 2943 4501 post
2968 4433 3204 4502 Dionysii
3232 4443 3470 4497 aetatem,

243 4556 298 4611 lu
344 4565 564 4624 quarto,
601 4563 766 4624 atque
804 4569 833 4607 a
895 4551 1116 4606 fortiori
1162 4552 1371 4607 saeculis
1417 4552 1806 4620 superioribus,
1843 4565 1893 4625 ι)

1843 4565 1893 4625 Β
1924 4551 2019 4589 nec
2060 4541 2180 4586 ante
2229 4531 2404 4592 Pauli,
2437 4529 2655 4582 Antonii
2699 4537 2753 4579 et
2796 4525 3076 4578 Pachomii
3110 4537 3351 4595 tempora
3383 4541 3472 4579 or-

245 4648 444 4701 usitata
474 4654 639 4707 esset,
675 4655 860 4713 aperte
897 4645 1250 4698 demonstrat.

321 4737 429 4794 Nec
451 4740 574 4808 plus
621 4738 833 4791 roboris
860 4745 912 4790 et
953 4737 1152 4789 virium
1193 4735 1323 4790 illud
1361 4735 1542 4800 habet,
1574 4737 1716 4805 quod
1748 4751 1812 4789 ea

249 4848 355 4888 vox
385 4843 438 4886 et
475 4834 529 4886 in
546 4831 788 4900 Epistula
819 4831 886 4883 ad
907 4829 1161 4884 Hebraeos
1187 4843 1493 4890 occurrere,
1520 4837 1573 4883 et
1603 4843 1631 4880 a
1662 4827 1814 4880 Basi-

251 4925 326 4980 lio
381 4923 755 4992 Gregorioque
805 4935 965 4976 sensu
1015 4921 1341 4990 Dionysiano
1380 4919 1638 4987 explicari
1677 4917 1817 4986 obji—

250 5017 412 5069 citur.
475 5014 717 5082 Uterque
769 5013 916 5066 enim
962 5011 1202 5066 Basilius
1244 5021 1297 5066 et
1333 5010 1630 5079 Gregorius
1699 5018 1816 5076 post

253 5103 533 5160 Niczcnum
591 5103 883 5159 concilium
929 5103 1235 5171 scripsere;
1282 5113 1443 5170 atque
1478 5101 1530 5153 hi
1566 5115 1686 5153 eam
1724 5115 1815 5153 vo-

249 5213 371 5252 cem
420 5213 586 5254 sensu
650 5197 985 5267 temporibus
1044 5197 1158 5251 suis
1218 5196 1416 5249 usitato
1473 5195 1817 5262 interpretati

251 5299 402 5346 Sunt.
460 5287 655 5343 Nullus
710 5298 886 5342 autem
920 5299 1048 5343 ante
1085 5287 1212 5341 illud
1251 5286 1539 5340 concilium
1573 5285 1816 5338 eamdem

251 5380 404 5438 Pauli
446 5397 635 5437 vocem
692 5381 764 5434 ita
797 5386 1008 5438 censuit
1043 5396 1162 5436 esse
1213 5379 1614 5448 explicandam.
1661 5379 1726 5431 Et
1769 5379 1820 5432 id

253 5474 473 5543 quidem
514 5477 586 5528 ita
628 5485 838 5529 certum
873 5485 974 5540 est,
1004 5484 1064 5527 ut
1104 5478 1154 5528 in
1190 5473 1385 5528 Latina
1415 5472 1656 5540 ejusdem
1681 5470 1820 5523 Pau-

256 5568 378 5622 linae
406 5569 648 5638 epistola
676 5572 927 5623 versione
951 5609 965 5632 ,
1003 5583 1103 5621 vox
1142 5567 1332 5622 Grieca
1356 5567 1694 5628 ὑπόστασις
1721 5579 1822 5616 non

256 5677 354 5731 per
377 5661 630 5716 Latinam
683 5662 996 5732 hypostasis,
1031 5661 1123 5714 sed
1165 5660 1335 5728 ﬁgura
1362 5658 1668 5711 substantia:
1701 5655 1824 5709 red-

259 5757 370 5809 dita
403 5757 641 5824 legatur.

1922 4637 2030 4679 tum
2071 4623 2341 4678 habuisse.
2375 4621 2529 4673 Aliud
2564 4634 2688 4672 vero
2739 4617 3072 4670 contendunt
3118 4617 3281 4672 fuisse
3304 4633 3474 4687 genus

1924 4718 2332 4779 monachorum,
2365 4717 2452 4782 qui
2489 4728 2613 4782 pars
2664 4711 2845 4779 p0puli
2907 4711 3197 4778 praecipua,
3233 4723 3284 4766 et
3345 4712 3473 4767 illu-

1931 4809 2287 4879 strior‘gregis
2313 4809 2511 4862 Christi
2541 4807 2739 4874 portio,
2772 4805 2912 4858 inter
2938 4804 3105 4858 laicos
3137 4805 3207 4857 ita
3249 4820 3474 4872 compu-

1924 4903 2196 4970 tabantur,
2263 4911 2320 4954 ut
2372 4901 2579 4968 primus
2627 4900 2704 4952 eis
2755 4897 2807 4950 in
2849 4897 3036 4966 synaxi
3080 4907 3198 4962 post
3225 4895 3477 4950 Ecclesia:

1925 4998 2201 5050 ministros
2247 4994 2552 5060 assignatus
2599 5000 2742 5044 esset
2792 4991 2963 5043 locus.
2996 4989 3073 5041 Illi
3101 5003 3264 5056 porro
3293 4988 3477 5057 priva-

1925 5091 2016 5143 tim
2065 5092 2117 5142 in
2166 5087 2279 5143 suis
2309 5087 2520 5139 urbium
2577 5084 2807 5147 aedibus,
2841 5082 2921 5135 vel
2966 5083 3124 5134 simul
3159 5084 3209 5134 in
3239 5081 3477 5149 collegiis

1925 5184 2087 5236 vitam
2121 5197 2308 5252 puram
2341 5189 2392 5234 et
2430 5190 2659 5243 castam,
2692 5189 2856 5247 atque
2888 5192 2916 5230 a
2947 5176 3095 5229 curis
3125 5175 3352 5228 terrenis
3380 5189 3477 5226 ex-

1927 5276 2188 5345 peditam,
2220 5275 2418 5342 unique
2469 5273 2578 5326 Deo
2619 5272 2977 5339 mancipatam
3017 5270 3264 5337 agebant.
3295 5263 3480 5319 Mona-

1925 5371 2058 5424 chos
2109 5377 2290 5420 autem
2347 5367 2478 5419 istos
2511 5363 2844 5432 temporibus
2899 5361 3269 5430 apostolorum
3309 5359 3481 5413 exsti-

1929 5460 2059 5514 tisse
2081 5459 2292 5523 dicunt,
2318 5471 2520 5524 eosque
2566 5471 2684 5509 esse
2709 5463 2984 5518 asserunt,
3011 5454 3077 5507 de
3104 5452 3296 5520 quibus
3323 5448 3481 5504 Philo

1927 5549 2142 5604 Judmus
2171 5548 2318 5601 illum
2351 5546 2582 5600 instituit
2605 5560 2932 5608 sermonem,
2956 5545 3047 5612 qui
3079 5544 3143 5596 ab
3169 5541 3397 5595 Eusebio
3427 5541 3479 5592 in

1930 5643 2168 5697 Historia
2193 5642 2235 5671 ³⁸
2267 5655 2359 5694 sua
2386 5642 2750 5708 transcriptus
2785 5648 2890 5692 est.

2001 5738 2184 5808 Neque
2224 5735 2425 5788 dixeris
2487 5732 2603 5794 hos,
2655 5745 2786 5796 quos
2830 5727 2983 5784 Philo
3015 5743 3119 5783 non
3169 5724 3481 5787 monachos,

369 5872 413 5904 "
448 5873 618 5945 Epist.
643 5872 734 5935 43,
767 5871 833 5926 ad
882 5870 1105 5941 Gregor.
1144 5869 1298 5941 Nyss.
1376 5868 1416 5899 ³⁷
1450 5864 1695 5935 Tlieolog.
1731 5863 1995 5934 Dogmat.,
2025 5871 2141 5926 cap.
2171 5853 2221 5908 1.
2302 5851 2344 5883 ³⁸
2376 5849 2492 5905 Lib.
2525 5863 2584 5913 tt,
2638 5861 2746 5915 iap.
2775 5847 2860 5900 Π.
