4198 6304
759 402 827 457 39
1894 393 1949 449 S.
1991 392 2313 451 DIONYSIU
2326 393 2363 448 S
2400 393 2857 452 AREOPAGITA.
3942 404 4008 458 ω

761 508 852 562 sed
890 508 1235 579 therapeutas
1260 516 1654 576 vocat,revera
1685 508 1984 564 monachos
2012 524 2119 564 non
2142 509 2335 572 fuisse,
2367 514 2413 571 Α
2444 511 2529 562 ubi
2562 512 2738 562 omnia
2790 516 2834 564 is
2878 512 2965 580 qui
3009 512 3271 574 initiatur,
3309 514 3575 581 professus
3614 524 3712 579 est,
3760 520 4007 572 sacerdos

760 601 853 656 sed
883 599 1141 665 Iudaicae,
1176 615 1521 669 nequaquam
1568 615 1697 655 vero
1720 600 2047 656 Christiana:
2088 601 2335 668 religioni

760 692 1030 757 addictos,
1076 702 1235 760 atque
1275 694 1571 747 Eusebium
1622 694 1722 748 hac
1779 695 1831 747 in
1879 708 1957 757 re,
1983 703 2042 746 ut
2089 694 2336 748 eruditus

760 787 883 852 ejus
913 786 1183 855 interpres
1213 786 1461 839 Valesius
1492 788 1763 848 observat,
1787 801 1927 841 vano
1954 800 2142 840 errore
2172 786 2337 840 fuisse

762 879 1066 949 deceptum.
1102 878 1182 931 Ab
1212 877 1612 946 Areopagiticis
1642 880 1788 931 enim
1817 878 2005 932 audies
2032 877 2206 931 nullas
2239 893 2333 945 pe-

764 973 1020 1040 nitusque
1066 970 1289 1025 frivolas
1344 987 1465 1026 esse
1514 971 1718 1026 Valcsii
1759 974 2024 1027 adversus
2058 981 2334 1026 auctorem

762 1080 918 1117 suum
967 1065 1340 1133 probationes.
1400 1066 1467 1118 Et
1518 1073 1684 1131 certe,
1724 1066 2007 1135 inquiunt,
2048 1065 2333 1129 Eusebius,

760 1160 846 1212 vir
874 1172 1100 1212 summa:
1143 1158 1471 1212 eruditionis
1505 1159 1555 1211 in
1586 1159 1953 1228 dignoscenda
1987 1159 2333 1227 therapeuta-

763 1266 880 1303 rum
914 1251 1175 1319 religione
1199 1290 1212 1314 ,
1242 1260 1351 1303 tam
1386 1250 1557 1318 turpis
1600 1250 2045 1304 hallucinatiouis
2075 1264 2179 1303 non
2213 1249 2332 1305 sine.

763 1339 1088 1394 temeritatis
1117 1350 1238 1392 uota
1260 1350 1439 1408 potest
1473 1339 1804 1394 insimulari.
1824 1339 2045 1393 Addunt
2070 1348 2330 1409 prmterea

761 1431 1146 1503 Hieronymum
1181 1432 1307 1486 huic
1341 1434 1561 1487 Eusebii
1602 1432 1669 1486 de
1704 1432 2018 1487 Christiana
2037 1434 2329 1502 therapeu-

760 1535 937 1577 tarum
1014 1526 1273 1593 religione
1339 1525 1581 1590 opinioni
1633 1528 1748 1580 hinc
1819 1526 2211 1594 subscripsisse
2277 1527 2328 1580 in

759 1616 919 1669 verba
946 1616 1026 1669 ³⁹;
1065 1613 1250 1681 Philo,
1288 1616 1465 1670 videns
1516 1617 1857 1671 Alexandriae
1884 1620 2106 1686 primam
2144 1617 2325 1671 Eccle-

754 1710 889 1761 sium
918 1711 1089 1762 adhuc
1138 1710 1535 1775 Judaisantem,
1586 1714 1739 1781 quasi
1803 1712 1857 1763 in
1913 1710 2121 1763 laudem
2160 1711 2327 1779 gentis

754 1815 865 1851 sua:
903 1798 1093 1851 librum
1126 1816 1281 1867 super
1326 1816 1509 1853 eorum
1550 1801 1939 1853 conversatione
1962 1800 2192 1866 scripsit.

828 1889 898 1943 At
927 1905 1061 1943 sane
1100 1890 1467 1961 Areopagitici
1499 1892 1871 1962 therapeutas,
1904 1889 1950 1945 si
1983 1890 2101 1944 ﬁeri
2128 1890 2319 1961 possit,

754 1984 1079 2037 Christiana:
1106 1984 1355 2053 religioni
1384 1999 1577 2038 nomen
1616 1984 1833 2041 dedisse
1862 1984 2077 2038 invictis
2100 1982 2322 2036 demou-

753 2085 933 2129 strent
975 2075 1341 2145 argumentis,
1389 2091 1483 2145 per
1529 2092 1629 2131 nos
1673 2076 1814 2129 licet.
1855 2076 1961 2129 Sed
2000 2076 2121 2128 illos
2154 2075 2319 2127 vitam

754 2164 1145 2229 monasticam,
1206 2164 1385 2233 qualis
1429 2165 1498 2218 ab
1533 2173 1758 2219 auctore
1819 2176 2007 2219 nostro
2055 2163 2322 2218 describi-

754 2264 863 2318 tur,
894 2254 1182 2323 aliquando
1216 2256 1458 2320 duxisse,
1492 2256 1639 2310 nullo
1690 2272 1949 2326 unquam,
1976 2267 2033 2311 ut
2080 2266 2320 2326 putatur,

752 2347 1094 2416 antiquitatis
1145 2348 1478 2402 monimento
1538 2348 1863 2417 probabunt.
1909 2348 2072 2402 Missa
2117 2349 2318 2401 etenim

750 2439 984 2507 primum
1036 2454 1099 2494 ea
1162 2438 1392 2494 facimus
1440 2455 1558 2507 quae
1594 2440 1834 2509 scriptor
1868 2449 2054 2493 noster
2100 2440 2167 2494 de
2209 2438 2321 2492 Mo-

750 2533 941 2587 nachis
962 2533 1077 2587 suis
1116 2533 1362 2595 tradidit,
1394 2547 1488 2586 eos
1540 2544 1647 2583 non
1680 2530 1730 2584 in
1766 2530 2009 2596 urbibus,
2045 2532 2137 2584 sed
2164 2540 2316 2583 extra

750 2626 913 2680 nrbes
952 2640 1268 2695 progressos
1294 2666 1309 2688 ,
1360 2625 1414 2679 in
1453 2626 1627 2680 hortis
1662 2624 1961 2692 agellisque
1991 2624 2221 2694 (legisse,
2257 2637 2320 2677 ac

749 2718 978 2786 proinde
1022 2717 1381 2778 Antonianis,
1420 2717 1562 2785 quod
1597 2716 1688 2770 alii
1734 2722 1951 2784 negant,
1976 2713 2144 2768 fuisse
2167 2713 2317 2767 simi-

748 2810 847 2863 les.
874 2807 1008 2862 Illud
1060 2819 1239 2863 autem
1290 2809 1633 2874 potissimum
1679 2809 1975 2876 quaerimus
2013 2821 2111 2860 cur
2150 2804 2314 2858 Euse-

750 2899 872 2955 bius
898 2901 989 2969 qui
1024 2910 1175 2955 tanto
1208 2902 1327 2957 nisu
1391 2901 1747 2963 therapeutas
1773 2896 2131 2951 Philouianos
2154 2896 2315 2952 Chri-

751 2994 946 3050 stianis
983 2996 1421 3050 annumerandos
1480 3007 1603 3047 esse
1651 2994 1884 3061 probare
1919 3000 2147 3045 conatus
2193 3000 2309 3054 est,

746 3096 969 3148 eosdem
1003 3090 1190 3146 uullibi
1216 3087 1414 3143 dixerit
1448 3087 1746 3139 monachos
1770 3084 1956 3147 fuisse,
1983 3083 2067 3137 vel
2098 3098 2315 3139 succes-

745 3202 904 3242 sorcs
940 3185 1214 3249 habuisse,
1243 3181 1335 3251 qui
1364 3181 1629 3242 vestibus,
1660 3189 1906 3241 tonsura,
1937 3178 2078 3232 votis
2112 3178 2305 3232 solem-
2336 3189 2383 3251 ο

750 3282 934 3343 uibus,
974 3292 1037 3330 ac
1083 3274 1297 3330 vivendi
1341 3272 1554 3327 ratione
1584 3271 1651 3324 ab
1696 3269 1954 3325 omnibus
1982 3269 2311 3323 Christianis

745 3371 967 3438 secreti,
990 3368 1369 3439 perfectiorem
1400 3366 1525 3419 vitae
1564 3362 1887 3417 monasticae
1914 3375 2158 3415 normam
2187 3374 2314 3428 pro-

746 3466 1056 3521 ﬁtebantur.
1094 3460 1204 3515 Cur
1225 3458 1608 3529 Hieronymus,
1637 3462 1823 3508 tantus
1850 3452 2161 3506 monasticae
2187 3465 2313 3520 pro-

747 3556 997 3609 fessionis
1023 3548 1369 3621 prazdicator,’
1392 3548 1611 3602 eosdem
1648 3546 1997 3612 therapeutas
2037 3542 2087 3596 in
2124 3556 2311 3595 mona-

745 3650 971 3702 chorum
998 3659 1282 3698 numerum
1317 3657 1422 3696 non
1461 3638 1650 3702 refert,
1685 3637 1917 3703 illosque
1952 3650 2071 3688 cum
2098 3634 2310 3688 caeteris

744 3740 1000 3796 omnibus
1034 3738 1224 3807 prima!
1267 3732 1525 3787 Ecclesia:
1560 3729 1890 3784 Christianis
1932 3727 2220 3791 permiscet
2256 3735 2310 3779 et

746 3831 1064 3886 confundit?
1108 3827 1264 3885 Nulla
1287 3826 1473 3896 procul
1512 3822 1674 3877 dubio
1705 3821 1810 3874 alia
1841 3823 1976 3874 ratio
2003 3818 2180 3872 alTerri
2217 3834 2308 3886 po-

748 3924 895 3989 terit,
918 3936 1078 3991 quam
1116 3933 1213 3973 nec
1248 3918 1595 3984 therapeutas
1626 3911 1780 3965 initio
1816 3910 2087 3963 nascentis
2118 3909 2308 3962 Eccle-

744 4019 867 4080 siae,
898 4028 996 4069 nec
1040 4012 1176 4065 ullos
1223 4009 1564 4065 Christianos
1602 4003 1841 4075 Dionyin
1893 4011 2133 4072 tempore
2177 4000 2307 4054 tales

745 4107 1042 4161 monachos
1080 4104 1269 4168 fuisse,
1308 4100 1497 4170 quales
1548 4098 1617 4152 sb
1640 4106 1864 4150 auctore
1888 4101 2074 4147 nostro
2105 4107 2303 4146 memo-

746 4210 955 4253 rantur.

812 4295 988 4359 Atque
1024 4290 1153 4342 illud
1190 4294 1408 4358 quidem
1439 4301 1505 4339 eo
1544 4298 1730 4338 rursus
1772 4278 2080 4335 confirmari
2106 4286 2302 4344 potest,

741 4387 884 4454 quod
939 4384 1297 4437 iuonasticum
1353 4379 1663 4432 institutmn
1716 4390 1822 4427 non
1857 4371 2105 4425 ferebant
2130 4384 2302 4437 prima

742 4476 1078 4531 sa:vieutium
1142 4474 1406 4527 adversus
1473 4468 1817 4525 Christianos
1867 4463 2300 4532 persecutionum

2441 614 2556 651 eum
2589 600 2740 668 signo
2760 601 2930 653 crucis
2954 602 3314 670 consignatum
3339 607 3585 659 tondet...
3612 606 3854 675 amnique
3872 620 4009 663 veste

2439 693 2700 755 detracta,
2749 709 2868 745 eum
2911 693 3021 745 alia
3067 696 3263 748 induit.
3289 694 3424 761 Quis
3470 690 3649 753 autem
3688 700 3880 769 primis
3908 702 4003 757 Ec-

2438 780 2618 835 clesiae
2665 783 2999 852 temporibus
3034 787 3352 839 monachum
3374 786 3606 856 aliquem
3637 800 3786 845 veste
3802 801 3857 846 et
3883 800 4008 847 ton-

2438 884 2563 925 sura
2588 872 2657 926 ab
2695 873 2817 927 aliis
2850 873 3177 929 Christianas
3222 876 3500 946 religionis
3553 879 3864 938 hominibus
3894 884 4005 938 dis-

2438 973 2670 1029 cretum,
2726 966 2777 1017 in
2836 966 3055 1033 publico
3096 968 3299 1033 visum,
3323 980 3415 1023 ault
3442 984 3469 1021 a
3504 972 3728 1039 paganis
3760 983 4001 1042 captum,

2439 1066 2770 1124 tortumque,
2808 1068 2903 1111 aut
2931 1068 3185 1114 necatum
3227 1066 3502 1117 memoriae
3530 1064 3823 1133 aliquando
3848 1081 4004 1121 man-

2436 1148 2624 1201 davit?
2667 1148 2924 1212 Ubinam,
2963 1166 3169 1221 quasso,
3214 1152 3500 1223 collegium
3538 1156 3778 1226 aliquod,
3813 1160 3867 1213 in
3891 1174 4003 1230 quo

2434 1241 2688 1294 monachi
2719 1243 2878 1296 simul
2910 1244 3073 1296 vitam
3107 1245 3393 1315 degerent,
3442 1264 3470 1301 a
3513 1249 3741 1317 paganis
3773 1261 3867 1305 aut
3894 1253 4000 1306 im-

2432 1336 2783 1405 peratoribus
2815 1338 3111 1403 prmdatum
3142 1348 3499 1394 auteversum
3527 1342 3760 1411 legitur?
3779 1342 3838 1397 Si
3865 1347 3998 1415 quid

2432 1427 2517 1481 his
2567 1443 2675 1481 non
2721 1444 2943 1483 omnino
2992 1430 3245 1485 absimile
3280 1433 3332 1485 in
3375 1433 3706 1500 quibusdam
3738 1438 3999 1507 martyris

2432 1520 2662 1589 alicujus
2688 1521 2839 1575 Actis
2866 1535 3155 1577 occurrere
3182 1523 3405 1587 dixeris,
3440 1537 3696 1593 arguetur
3733 1529 3999 1583 continuo

2432 1616 2523 1669 illa
2562 1628 2658 1669 nec
2675 1614 2905 1681 genuina
2936 1628 3055 1668 esse
3084 1628 3184 1668 nec
3208 1616 3445 1681 sincera,
3480 1618 3721 1687 nihilque
3751 1619 3818 1673 de
3861 1630 3997 1675 tem-

2427 1720 2560 1773 pore
2613 1720 2720 1773 quo
2753 1717 2957 1778 martyr
2988 1705 3077 1762 ille
3111 1708 3336 1771 obierit,
3366 1712 3434 1765 ab
3466 1725 3654 1765 eorum
3704 1713 3995 1783 scriptori-

2432 1797 2531 1849 bus
2562 1806 2713 1852 cerlo
2739 1799 2977 1852 deliniri.

2499 1886 2686 1941 Tradit
2729 1890 2965 1957 denique
3000 1903 3192 1945 auctor
3238 1900 3422 1944 noster
3463 1906 3655 1947 nomen
3688 1897 3984 1966 therapeu-

2426 1989 2492 2034 tte
2519 1991 2572 2033 et
2593 1982 2840 2035 monachi
2878 1998 2975 2036 suo
3004 1993 3247 2053 tempore
3281 1986 3466 2039 tritum
3495 1996 3547 2040 et
3570 1988 3795 2058 vulgare
3824 1990 3993 2045 fuisse

2425 2084 2590 2139 atque
2620 2088 2650 2126 a
2678 2075 3107 2144 praeceptoribus
3138 2078 3252 2131 suis
3278 2077 3410 2132 illud
3435 2078 3787 2146 Christianis,
3821 2085 3989 2137 ritum

2424 2165 2785 2219 tnonasticum
2858 2167 3174 2222 solemniter
3239 2172 3615 2239 profitentibus
3643 2215 3657 2238 ,
3705 2175 3982 2229 inditum:

2426 2253 2567 2308 Hinc
2615 2258 2787 2309 sancti
2815 2270 3160 2326 prceceptores
3204 2263 3386 2325 nostri,
3437 2261 3632 2330 inquit,
3681 2266 3871 2321 diuinis
3897 2283 3987 2321 eos

2424 2345 2867 2412 appellationibus
2922 2356 3045 2400 sunt
3092 2351 3350 2417 prosecuti
3382 2351 3516 2403 :alii
3558 2354 3768 2421 quidem
3802 2356 3987 2409 thera-

2421 2446 2625 2501 peutas,
2678 2436 2771 2489 alii
2824 2454 2944 2490 vero
2996 2440 3276 2495 monachos
3327 2442 3759 2507 appellauerunt:
3790 2449 3839 2501 oi
3881 2449 3987 2519 μὲν

2421 2522 2778 2593 θεραπευτὰς,
2828 2528 2875 2578 οἱ
2916 2527 2972 2579 δὲ
3019 2531 3282 2598 μοναχοὺς
3311 2529 3681 2601 ὀνομάζοντες.
3728 2537 3982 2603 Quinam,

2419 2616 2670 2681 obsecro,
2722 2632 2846 2672 esse
2900 2628 3153 2687 poterant
3209 2620 3262 2674 bi
3310 2622 3547 2693 Dionysii
3596 2640 3982 2696 praeceptores,

2420 2709 2510 2775 qui
2549 2723 2611 2761 ea
2664 2708 2881 2761 nomina
2915 2710 3389 2780 appellationesque
3420 2715 3625 2768 divinas
3669 2718 3779 2772 illis
3803 2720 3985 2789 impo-

2419 2798 2757 2853 suereiNon
2813 2800 2968 2855 Philo
3022 2803 3260 2869 quidem.
3296 2804 3343 2857 ls
3387 2806 3555 2869 enim,
3601 2808 3820 2866 Iudaeus
3848 2826 3981 2869 cum

2418 2899 2586 2955 esset,
2645 2905 2674 2943 a
2730 2890 2984 2962 Dionysio
3026 2895 3350 2964 Areopagita
3405 2908 3659 2964 tauquam
3715 2919 3852 2957 unus
3906 2920 3980 2960 ex

2417 2983 2619 3037 sanctis
2655 2986 3076 3052 praeceptoribus
3107 2989 3221 3040 suis
3251 2989 3456 3042 laudari
3489 3006 3594 3044 non
3628 2998 3819 3059 potuit.
3845 2982 3983 3062 Qui:

2418 3088 2545 3127 nam
2597 3089 2727 3145 ergo
2773 3078 2839 3128 ab
2880 3091 2944 3131 eo
2999 3090 3359 3147 praceptores
3407 3083 3789 3149 appellantur?
3836 3086 3975 3140 Num

2418 3162 2743 3221 ilierotheus
2797 3168 2879 3220 vel
2929 3170 3040 3231 alii,
3072 3185 3301 3238 quorum
3362 3189 3553 3227 nomen
3592 3179 3813 3243 excidit,
3849 3196 3980 3235 eva-

2418 3258 2645 3329 nuitque
2677 3261 2936 3314 memoria
2961 3261 2983 3312 ?
3009 3260 3114 3317 Sed
3144 3262 3197 3315 hi
3228 3266 3340 3317 suis
3374 3267 3709 3334 temporibus
3733 3271 3981 3327 celebres

2416 3365 2535 3406 esse
2589 3353 2913 3417 debuerunt,
2977 3362 3031 3407 et
3066 3356 3320 3411 omnibus
3355 3357 3511 3413 facile
3551 3362 3684 3413 noti.
3708 3362 3816 3415 Cur
3843 3377 3980 3431 ergo

2415 3445 2503 3498 istl
2552 3444 2654 3499 soli
2706 3458 2828 3498 cum
2890 3445 3155 3514 discipulo
3204 3462 3301 3501 suo
3347 3448 3597 3519 Dionysio
3644 3452 3976 3523 Areopagita

2413 3540 2609 3608 primo,
2644 3542 2879 3596 secundo
2927 3543 3194 3611 tertioque
3242 3542 3495 3599 Ecclesia:
3543 3546 3741 3600 saeculo
3786 3563 3977 3601 mona-

2413 3632 2638 3685 chorum
2664 3633 2901 3699 nomina,
2946 3634 3219 3701 ordinem,
3254 3644 3457 3690 statum
3482 3680 3496 3703 ,
3551 3637 3971 3705 professionem,

2414 3733 2560 3788 vota,
2591 3736 2888 3789 tonsuram,
2924 3734 3129 3782 vestem
3164 3738 3217 3781 et
3246 3727 3470 3796 collegia
3499 3730 3975 3783 memoraverunt?

2413 3814 2576 3869 Certe
2606 3831 2728 3871 cum
2759 3816 2848 3869 alii
2878 3818 3175 3889 scriptores
3214 3832 3309 3886 per
3350 3830 3456 3873 tam
3490 3820 3647 3889 longa
3679 3822 3842 3875 trimn
3868 3836 3976 3875 832--

2391 3906 2653 3960 -culorum
2692 3908 2863 3976 spatia
2910 3910 3099 3963 horum
3127 3913 3367 3965 omnium
3406 3927 3741 3982 nequaquam
3780 3914 3973 3968 memi-

2410 4001 2613 4061 nerint,
2657 4002 2708 4054 id
2741 4015 2871 4055 sane
2922 4013 3239 4073 argumento
3271 4020 3375 4058 non
3422 4005 3695 4061 levissimo
3724 4017 3808 4061 est
3836 4017 3973 4061 tem-

2411 4106 2542 4161 pore
2573 4093 2814 4163 Dionysii
2849 4094 3023 4149 nullos
3058 4097 3341 4153 exstitisse
3372 4097 3749 4167 hujuscemodi
3781 4115 3975 4154 mona-

2410 4185 2543 4239 cbos
2574 4196 2628 4240 et
2654 4187 3022 4257 therapeutas.

2991 4302 3217 4358 CAPUT
3246 4304 3382 4358 XVI.

2409 4391 2787 4472 Argumentum
2848 4399 3141 4461 septimum,
3193 4413 3257 4449 ea:
3304 4402 3630 4453 cwremoniis
3678 4402 3970 4467 ritibusque

2478 4471 2662 4526 sueris,
2680 4481 2807 4532 quos
2823 4480 3005 4517 auctor
3023 4478 3193 4519 noster
3211 4471 3489 4531 recensuit,
3513 4472 3890 4539 depromptum.

745 4578 1008 4637 tempora.
1042 4565 1171 4631 Quis
1200 4568 1344 4617 enim
1376 4563 1476 4617 sibi
1516 4559 1843 4629 persuadeat
1882 4567 2142 4625 tyrannos
2184 4554 2301 4607 ido-
2336 4529 2379 4583 υ
2480 4553 2711 4607 Maxima
2768 4560 3212 4611 caeremoniarum
3260 4560 3567 4623 multitudo,
3602 4561 3967 4633 solemnisque

743 4657 1023 4724 lorumque
1063 4654 1317 4718 cultores,
1352 4652 1442 4721 qui
1476 4666 1684 4704 summa
1718 4648 2039 4705 crudelitate
2066 4647 2116 4700 in
2139 4644 2299 4698 Chri-

740 4748 949 4802 stianos
1003 4761 1193 4800 omnes
1231 4743 1647 4815 grassabantur,
1681 4755 1774 4795 eos
1824 4740 2043 4809 impune
2093 4738 2297 4800 tulisse,

740 4842 829 4910 qui
864 4841 915 4894 in
944 4839 1188 4909 collegiis
1240 4836 1607 4892 communiter
1655 4838 1934 4901 degentes,
1986 4841 2205 4887 tonsura
2245 4842 2299 4885 et

743 4946 889 4988 veste
922 4931 1345 5001 perfectiorique
1395 4929 1608 4983 vivendi
1642 4941 1837 4998 genere
1887 4925 2100 4980 caneris
2142 4923 2297 4978 Chri-

742 5028 937 5083 stianis
994 5026 1323 5080 illustriores
1352 5033 1530 5078 erant.
1578 5008 1857 5088 Sacerdos,
1888 5021 2060 5088 inquit
2109 5030 2300 5072 auctor

740 5130 946 5181 noster,
973 5126 1078 5170 stat
1112 5116 1180 5171 ad
1229 5117 1469 5168 altare...
1511 5112 1567 5167 Is
1610 5124 1786 5166 autem
1822 5115 1910 5180 qui
1942 5121 2298 5173 consecratur,

738 5223 841 5266 stat
875 5222 987 5281 post
1010 5213 1439 5265 sacerdotem...
1468 5225 1629 5276 supra
1654 5208 1800 5259 illam
1848 5206 2121 5274 mysticam
2151 5204 2297 5256 invo-

737 5303 994 5355 cationem
1039 5299 1394 5368 prosequenti.
1428 5298 1547 5363 Qua
1573 5298 1747 5365 ﬁnita,
1784 5298 2027 5349 sacerdos
2052 5295 2299 5347 accedens

739 5403 888 5463 rogat
920 5395 1087 5461 ipsum
1119 5396 1374 5461 primum,
1398 5409 1467 5444 an
1495 5392 1734 5445 omnibus
1777 5390 1926 5443 rebus
1956 5388 2180 5442 diriditis
2211 5403 2295 5439 re-

739 5487 966 5551 nuntiet,
992 5503 1094 5539 non
1122 5488 1295 5540 solum
1320 5486 1482 5550 uitiis,
1512 5486 1601 5538 sed
1626 5486 1784 5538 etiam
1811 5481 2292 5551 imaginationibus.

743 5579 939 5632 Deinde
972 5582 1181 5643 exponit
1220 5580 1299 5632 illi
1320 5582 1481 5632 uitam
1518 5575 1971 5646 perfectissimam,
1998 5582 2294 5627 contestans

739 5670 885 5723 illam
904 5669 1088 5722 debere
1116 5670 1343 5723 mediam
1361 5670 1562 5723 vivendi
1591 5669 1841 5721 rationem
1870 5683 2134 5735 superare.
2165 5662 2293 5729 Qua:

812 5843 855 5872 "
881 5840 955 5892 De
987 5842 1163 5910 script.
1199 5842 1386 5895 ecclcs.

2409 4658 2601 4697 earum
2639 4654 2929 4712 apparatus
2970 4655 3023 4701 et
3069 4662 3297 4715 pompa,
3325 4649 3521 4715 quibus
3558 4658 3749 4703 auctor
3782 4660 3969 4706 noster

2409 4747 2749 4789 sacramenta
2804 4737 3167 4805 baptismatis,
3216 4740 3621 4794 chrismationis
3657 4752 3711 4794 et
3753 4740 3968 4796 Eucha-

2411 4827 2800 4882 ristiaarconlici
2828 4840 2882 4881 et
2908 4828 3298 4892 administrari,
3321 4829 3538 4882 missam
3579 4830 3965 4900 liturgiamquc

2406 4920 2697 4987 celebrari,
2736 4932 2792 4974 et
2824 4930 3156 4974 mortuorum
3191 4937 3413 4989 corpora
3453 4924 3667 4991 sepeliri
3692 4926 3962 4995 perhibet,

2406 5030 2526 5068 eum
2558 5014 2817 5083 Dionysio
2857 5017 3179 5083 Areopagita
3223 5016 3582 5083 posteriorem
3622 5032 3743 5071 esse
3773 5032 3964 5072 rursus

2406 5108 2641 5176 produnt
2671 5118 2725 5161 et
2754 5108 3150 5162 demonstrant.
3195 5108 3288 5161 llle
3323 5109 3598 5161 enimvero
3650 5111 3745 5163 hos
3772 5125 3963 5163 omnes

2406 5204 2542 5256 ritus
2570 5216 2667 5254 nec
2692 5201 2887 5253 minori
2929 5216 3179 5264 numero,
3221 5216 3319 5254 nec
3350 5201 3545 5254 minori
3594 5201 3958 5265 solemnitate,

2406 5309 2569 5364 quam
2622 5310 2743 5347 cum
2786 5293 3026 5347 Ecclesia
3076 5309 3207 5360 pace
3246 5294 3611 5361 placidissima
3663 5293 3958 5361 fruebatur,

2407 5402 2526 5452 suo,
2563 5387 2662 5438 hoc
2723 5395 2826 5447 est,
2858 5394 2917 5439 ut
2970 5385 3084 5452 ipse
3122 5384 3297 5453 ﬁngit,
3325 5384 3678 5439 acerbissimo
3717 5399 3849 5451 pene
3881 5386 3964 5437 in-

2408 5478 2749 5532 credibilium
2802 5479 3147 5532 vexationem
3184 5486 3429 5546 tempore
3462 5494 3490 5530 a
3519 5476 3845 5531 Christianis
3870 5480 3963 5529 ad-

2407 5570 2580 5624 hiberi
2613 5570 2791 5623 solere
2818 5570 3107 5636 signiﬁcat.

2472 5660 2590 5717 Non
2650 5662 2951 5718 dilbtentur
3015 5663 3233 5733 quidem
3305 5661 3665 5731 Areupagiticj
3724 5670 3958 5729 ptunum
