4196 6306
156 418 224 474 41
1516 417 1813 478 ΠὶΟΙιΕΟ(

1724 419 2048 477 ΞΟΟΜΕΝᾹ.
3313 439 3381 495 42

157 535 605 590 αποιηοηῑπιηη
631 536 958 593 mentionem
988 537 1128 606 apud
1158 537 1468 610 Dionysium
1499 540 1707 603 haberi;
1738 545 1782 599 Α
1814 538 1906 591 tibi
1950 550 2161 605 quoque
2218 537 2457 605 reperies
2522 550 2629 593 tam
2689 542 3023 612 frequentem
3077 549 3257 623 fuisse,
3297 556 3380 607 his

154 624 255 677 sed
278 628 611 681 contendunt
639 643 733 681 eas
778 631 1147 697 apostolorum
1180 641 1424 703 tempore
1458 636 1715 702 paulatim

157 715 460 778 institutas,
497 727 556 771 et
594 720 893 773 traditione
922 724 1222 787 apostolica
1258 726 1325 777 ad
1349 726 1488 780 alios
1529 726 1601 778 ita
1635 728 1720 779 de-

156 804 383 870 rivatas,
416 818 473 859 ut
529 809 770 879 Dionysii
828 810 1071 875 eiusdem
1119 822 1298 878 atate,
1325 815 1381 868 in
1404 829 1527 869 eum
1558 831 1718 884 quem

158 896 251 957 ille
299 898 581 960 describit,
614 915 899 954 numerum
944 904 1084 956 haud
1138 904 1425 960 difﬁculter
1470 922 1721 962 crescere

158 991 454 1053 potuerint.
496 989 670 1045 Porro
722 1004 898 1048 autem
952 996 1272 1061 Christiani,
1308 1004 1381 1052 nti
1427 1002 1503 1054 illi
1558 1011 1719 1055 antu-

160 1091 330 1141 inani,
364 1082 431 1136 iis
476 1084 669 1138 ritibus
710 1094 821 1140 tum
850 1087 1160 1153 utebantur,
1188 1106 1333 1155 cum,
1382 1098 1717 1161 persecutio-

157 1186 287 1224 num
318 1173 502 1228 furore
552 1177 637 1232 vel
675 1182 849 1248 κορίιο
890 1183 971 1234 vel
1005 1184 1271 1253 mitigato,
1319 1201 1553 1257 synaxes
1595 1204 1725 1243 suas

158 1265 291 1318 tutis
312 1266 366 1318 in
396 1265 530 1321 locis
559 1271 959 1336 agerelicebat.
983 1274 1111 1340 Quae
1136 1276 1351 1342 quidem
1385 1291 1444 1331 ut
1467 1282 1718 1348 probent,

156 1354 436 1409 adducunt
469 1360 786 1415 testimonia
824 1363 1162 1432 Tertulliani,
1195 1370 1284 1437 qui
1316 1372 1578 1438 baptisma
1611 1388 1723 1426 non.

156 1446 507 1513 paucioribus
551 1465 711 1518 quam
747 1463 936 1508 auctor
966 1470 1155 1511 noster
1178 1464 1521 1517 caeremoniis
1548 1465 1717 1518 admi-

157 1536 453 1592 nistratum
516 1553 818 1597 asseverat.
852 1546 1085 1602 Basilius
1119 1564 1247 1603 vero
1292 1565 1384 1604 eas
1414 1567 1443 1603 a
1472 1553 1633 1605 tacita
1664 1564 1721 1607 et

153 1628 369 1683 occulta
405 1632 696 1687 traditione
726 1636 790 1687 ad
821 1651 973 1689 suam
1007 1646 1176 1708 usque
1204 1650 1417 1694 aetatem
1452 1643 1718 1697 deductas

152 1732 277 1773 esse
313 1730 564 1777 testatur.
601 1723 713 1779 Nec
744 1727 904 1781 aliter
934 1743 1065 1784 sane
1101 1732 1173 1811 de
1203 1732 1285 1785 his
1314 1742 1481 1801 atque
1506 1735 1629 1788 aliis
1654 1736 1725 1788 li-

155 1813 349 1882 ιιι-εἰει
369 1815 563 1873 ritibus
588 1819 858 1872 sentiebat
879 1820 1018 1874 idem
1040 1821 1411 1880 Tertullianus
1433 1827 1479 1858 “
1508 1847 1519 1883 :
1547 1827 1691 1895 Quas

1824 628 2156 695 temporibus,
2180 628 2356 682 thuris
2379 644 2555 693 usum,
2586 646 2686 687 nec
2712 641 2791 688 tot
2812 630 3108 694 suliitiones
3148 655 3281 711 quot
3314 647 3383 701 ab

1821 730 2043 776 auctore
2073 732 2256 774 nostro
2293 723 2379 776 his
2404 724 2584 777 verbis
2615 725 2959 782 referuntur:
2993 728 3378 803 Pontifezpre-

1820 826 1927 861 cem
1952 826 2157 862 sacram
2205 813 2275 863 ad
2310 817 2479 865 altare
2527 812 2622 865 Dei
2646 814 3021 882 celebraturus,
3053 823 3118 875 ab
3149 825 3376 892 ejusdem

1819 899 2071 969 suﬂitioue
2113 902 2321 955 initium
2372 902 2596 968 faciens,
2652 906 2946 961 universum
3003 914 3187 967 circuit
3230 918 3377 971 chori

1819 994 2096 1054 ambitum,
2126 995 2286 1047 donec
2334 1012 2541 1048 rursum
2573 998 2640 1048 ad
2671 1001 2840 1054 altare
2870 1002 3099 1057 diuinum
3153 1012 3377 1071 rediens.

1819 1092 1927 1137 etc.
1977 1082 2262 1138 Enimvero
2305 1087 2673 1159 Athenagoras
2723 1092 2767 1123 "
2817 1103 2872 1147 et
2931 1096 3297 1157 Tertullianns
3334 1104 3379 1134 “

1817 1173 2157 1230 Christianos
2198 1193 2368 1248 neque
2421 1182 2581 1236 thure
2615 1186 2991 1251 neque-sutlitu
3032 1190 3139 1243 Deo
3166 1196 3377 1249 sacriﬁ-

1819 1280 1971 1320 casse
2032 1276 2315 1325 testantur.
2375 1272 2576 1328 CEnset
2640 1279 2854 1345 quidem
2917 1285 3378 1344 eminentissimus

1820 1357 2112 1411 cardinalis
2143 1348 2282 1415 Bona
2312 1378 2405 1417 eos
2435 1379 2553 1421 esse
2581 1368 2959 1439 intelligendos
2986 1376 3049 1428 de
3080 1391 3227 1431 more
3256 1380 3394 1433 thus-

1820 1446 2067 1500 adolendi
2091 1452 2278 1504 eodem
2306 1454 2432 1520 ritu,
2460 1454 2650 1511 habitu
2677 1467 2731 1511 et
2767 1472 3043 1527 apparatu,
3074 1480 3179 1532 quo
3200 1467 3375 1535 agitur

1820 1536 1957 1602 apud
1988 1536 2152 1590 idola.
2189 1536 2304 1593 Sed.
2326 1546 2519 1598 summi
2545 1546 2644 1599 viri
2677 1562 2809 1613 pace
2834 1550 3011 1606 dicere
3046 1554 3220 1620 liceat,
3248 1558 3374 1610 illud

1820 1626 2127 1680 accuratius
2173 1626 2449 1683 observari
2494 1634 2709 1701 debere,
2736 1640 2879 1705 quod
2928 1642 3118 1697 scribit
3162 1646 3376 1701 Tertul-

1820 1712 2360 1782 lianus,Christi:uios
2386 1722 2594 1777 duabus
2620 1725 2685 1780 de
2706 1730 2884 1784 causis
2911 1732 3032 1785 thus
3057 1734 3373 1800 adolevisse,

1822 1804 2072 1859 nimirum
2096 1807 2407 1865 Christianis
2432 1815 2757 1883 sepeliendis,
2784 1832 2830 1874 et
2856 1839 2974 1876 cum
2995 1812 3127 1877 otior
3150 1827 3376 1898 alicujus

1669 1873 1710 1894 -,
2486 1873 2496 1880 .
2742 1873 2755 1883 .
2793 1873 2798 1874 ν
2864 1873 2871 1874 κ
3152 1873 3376 1898 φηη..-

156 1873 360 1968 ίηιῇιίι,
398 1906 511 1958 “ne
563 1906 723 1961 ηιιίαε
770 1873 1072 1979 Sen-plum,—
1092 1873 1504 1983 ξςηεηηηηισ,
1546 1873 1711 1973 rom“
1747 1873 1789 1927 Β
1816 1894 1915 1949 loci
1945 1898 2242 1966 offenderit.
2294 1900 2405 1955 Hac
2432 1906 2630 1959 etenim
2687 1908 2880 1978 duplici
2910 1917 3223 1984 exceptione
3264 1921 3377 1988 pla-

153 1991 460 2046 traditionis
523 1995 701 2061 titulo,
752 2002 939 2053 exinde
982 2006 1375 2059 consuetudinis
1423 2010 1713 2075 patrocinio

152 2080 557 2140 vindicamus...
591 2087 796 2143 Harum
839 2102 885 2143 et
916 2094 1145 2148 aliarum
1182 2098 1443 2167 ejusmodi
1471 2100 1710 2170 discipli‘

154 2184 343 2224 narum
401 2176 449 2226 si
502 2175 664 2246 legem
692 2184 1015 2252 expostules,
1048 2190 1440 2267 scripturarum
1513 2180 1712 2248 nullam

152 2259 377 2315 invenies
404 2277 424 2314 :
454 2272 669 2322 traditio
700 2273 795 2324 tibi
823 2259 1174 2339 prwtenditur
1199 2288 1432 2349 auctrix,
1483 2302 1708 2341 consue-

151 2352 278 2403 tudo
324 2355 711 2422 conﬁrmatrir.
764 2366 813 2416 et
870 2366 1003 2432 ﬁdes
1049 2373 1388 2427 observatrix.
1435 2376 1709 2433 Rationem

152 2445 453 2512 traditioni,
510 2457 895 2520 consuetudini,
944 2460 1067 2527 ﬁdei
1125 2468 1575 2530 patrarinaturam
1620 2482 1717 2526 aut

151 2534 258 2599 ipse
290 2541 592 2605 perspicies,
621 2555 712 2597 aut
732 2550 796 2599 ab
824 2550 1021 2617 aliquo,
1042 2556 1132 2623 qui
1153 2561 1487 2624 perspexerit,
1516 2562 1701 2618 disces.

152 2622 340 2694 Neque
373 2628 463 2683 hic
516 2637 778 2701 quosdam
812 2630 990 2696 'atidiri
1021 2642 1207 2701 volunt
1258 2622 1712 2721 Antiartiopagiti-

151 2731 267 2781 eos,
309 2722 421 2789 qui,
460 2723 622 2781 nullis
664 2728 1077 2795 probationibus
1125 2737 1274 2804 freti,
1317 2742 1579 2811 quasdam
1607 2759 1714 2798 cae-

152 2812 424 2866 remonias
452 2813 797 2886 Dionysianis
825 2832 986 2892 atque
1032 2830 1343 2895 apostolicis
1375 2834 1709 2903 temporibus

150 2897 206 2949 in
240 2913 336 2951 uso
363 2899 528 2956 fuisse
553 2908 810 2963 audacter
843 2913 1174 2970 inticiantur.

225 2988 610 3050 Verumtamen
656 2999 786 3055 illud
820 3004 1085 3061 adversus
1133 3011 1544 3083 Areopagiticos
1586 3016 1708 3084 jure

150 3079 351 3134 merito
375 3094 621 3153 urgetur,
643 3091 787 3157 quod
806 3092 951 3147 sicut
994 3106 1189 3150 auctor
1214 3112 1397 3154 noster
1420 3104 1707 3159 nonnullos

1817 2002 1942 2040 num
1993 1990 2083 2043 ille
2134 1993 2284 2057 facit,
2343 1995 2423 2047 vel
2482 1998 2611 2051 alibi
2665 2002 2795 2057 thus.
2842 2020 2871 2056 a
2908 2005 3229 2067 Christianis
3267 2031 3373 2069 non

1814 2080 2070 2147 oblatum,
2111 2084 2190 2138 vel
2249 2088 2439 2142 saltem
2486 2106 2591 2145 non
2622 2096 2781 2148 toties
2824 2098 3127 2158 adhibitum
3166 2110 3378 2172 quoties

1816 2170 1882 2223 ab
1915 2184 2135 2229 auctore
2170 2192 2353 2232 nostro
2402 2195 2673 2241 narratur.
2724 2187 2833 2243 Fac
2892 2200 3071 2255 tamen
3104 2211 3165 2249 ea
3194 2204 3383 2256 omnia

1815 2260 2114 2321 snﬂiuieiita
2144 2276 2272 2321 tunc
2296 2270 2467 2328 fuisse
2498 2275 2548 2327 in
2580 2292 2699 2332 usu.
2733 2280 2801 2333 At
2825 2283 3030 2349 nullus,
3072 2291 3285 2356 opinor,
3320 2295 3372 2348 in

1816 2356 2051 2409 animum
2100 2361 2201 2413 sibi
2261 2365 2417 2418 l‘acile
2461 2366 2768 2435 induxerit,
2800 2388 2860 2426 ea
2914 2375 2963 2428 in
3013 2388 3090 2434 tot
3134 2386 3376 2441 ecclesia:

1816 2446 2057 2511 partibus
2104 2461 2235 2517 quot
2273 2464 2465 2508 auctor
2501 2471 2683 2512 noster
2740 2462 3026 2533 designat,
3071 2468 3233 2525 fuisse
3276 2477 3374 2529 ad-

1817 2536 2004 2590 hibita.
2039 2537 2289 2610 Nunquid
2341 2548 2485 2599 enim
2516 2551 2701 2616 primis
2752 2557 3087 2612 saevientium
3116 2574 3374 2630 tyranno-

1816 2644 1930 2681 rum
1967 2634 2299 2698 temporibus
2328 2636 2653 2695 Christianis
2685 2655 2843 2697 erant
2863 2649 3127 2715 ecclesiae,
3152 2670 3272 2721 qua:
3296 2664 3376 2710 tot

1813 2722 2077 2790 partibus,
2100 2730 2287 2791 choro,
2331 2730 2585 2787 narthece
2608 2736 2967 2806 sacristiaque
3017 2748 3376 2804 constarent!

1882 2812 2017 2881 Quid
2068 2830 2229 2890 porro
2262 2822 2426 2892 priori
2439 2865 2446 2875 .
2477 2823 2732 2884 Ecclesia:
2763 2831 2960 2890 saeculo
3012 2836 3192 2894 minus
3218 2843 3370 2897 audi-

1820 2914 1965 2967 tum,
2019 2923 2179 2976 quam
2219 2910 2335 2967 haec
2374 2916 2684 2973 chrismatis
2732 2929 3085 2981 consecrandi
3115 2944 3372 2996 ceremo-

1816 2996 2215 3073 ιιίειῖηΡοηιξῙεκ
2235 3045 2251 3070 ,
2278 3006 2450 3074 inquit
2482 3019 2669 3063 auctor
2710 3024 2892 3068 noster
2918 3016 2998 3081 ιδ,
3029 3031 3237 3088 accepto
3270 3041 3371 3077 uii-

1810 3099 2000 3155 guenta
2020 3132 2035 3154 ,
2060 3096 2207 3161 ponit
2247 3113 2402 3165 super
2435 3102 2602 3157 altare
2630 3104 2902 3160 duodecim
2947 3112 3116 3164 sacris
3148 3114 3247 3168 alis
3277 3118 3370 3167 ob-

145 3186 544 3231 εοωηιειηοηι
593 3183 750 3249 mus,
779 3186 873 3251 qui
908 3186 998 3239 ma
1042 3190 1217 3257 prima
1268 3190 1524 3248 Ecclesia,
1547 3204 1705 3252 male
1733 3193 1775 3251 (ς
1810 3178 2057 3235 velatum.
2085 3184 2218 3249 Quis
2243 3187 2402 3241 ritum
2456 3191 2603 3245 illimi
2636 3195 2700 3248 ab
2748 3198 3005 3265 apostolis
3030 3204 3367 3269 ordinatum,

148 3278 335 3319 revera
367 3268 641 3338 vigebant,
677 3274 750 3328 ita
776 3278 958 3344 plures
989 3279 1125 3335 alios
1159 3296 1432 3351 recenset,
1458 3289 1550 3356 qui
1585 3302 1707 3357 post

149 3357 539 3429 Dionysianum
605 3380 778 3421 aevum
847 3372 1114 3440 originem
1180 3375 1504 3433 habuerunt.
1575 3381 1707 3448 Quis

144 3451 293 3503 enim
324 3454 621 3509 verisimile
666 3473 789 3514 esse
838 3467 1113 3528 putaverit
1152 3467 1385 3538 Dionysii
1412 3487 1528 3527 azvo
1552 3485 1706 3531 cate-

144 3539 449 3599 chumenos
493 3550 930 3623 ptenitentesque
984 3560 1236 3627 publicos
1276 3562 1576 3629 exstitisse,
1611 3568 1703 3635 qui

144 3638 269 3695 post
296 3646 574 3691 sacrarum
610 3639 1014 3709 Scripturarum
1071 3648 1333 3707 lectiones
1377 3655 1703 3722 ejicerentur

142 3735 212 3773 es
238 3725 511 3780 ecclesia?
554 3730 627 3783 De
669 3733 751 3787 his
783 3743 958 3789 tamen
1006 3739 1084 3793 sic
1126 3741 1321 3795 scribit
1366 3754 1556 3799 auctor
1603 3764 1705 3803 no-

147 3824 261 3867 stcr
285 3816 328 3847 δι
361 3837 374 3871 :
412 3816 579 3873 Porro
609 3825 1005 3879 catechumenos
1032 3837 1077 3881 et
1104 3845 1494 3900 energumenos,
1518 3852 1705 3905 eosque

140 3906 233 3969 qui
258 3910 561 3972 panitentia
585 3911 871 3977 ducuntur,
889 3929 1239 3973 sacrosancta:
1251 3921 1560 3979 hierarchite
1582 3943 1695 3981 mos

142 3999 347 4061 patitur
376 4000 565 4052 audire
619 4019 831 4056 sacram
856 4008 1208 4073 psalmodiam
1244 4012 1578 4084 divinamque
1616 4034 1705 4070 sa—

142 4102 358 4140 crarunt
401 4088 801 4157 Scripturarum
858 4101 1268 4156 recitationem:
1308 4122 1486 4159 verum
1529 4112 1598 4161 ad
1641 4126 1702 4162 ea

140 4192 259 4244 qua
288 4179 533 4248 deinceps
560 4197 853 4253 sequuntur
874 4191 1141 4258 sacriﬁcia
1165 4197 1564 4267 spectaculaque
1607 4217 1701 4253 rie-

140 4284 443 4337 qaaauam,
498 4288 603 4329 etc.
656 4274 769 4332 Nec
823 4278 1012 4335 leviter
1062 4290 1436 4353 praetereunda
1478 4284 1561 4345 est
1602 4308 1704 4345 vos

140 4356 333 4413 Graeca
355 4366 577 4441 θεσμός
609 4383 731 4435 quae
774 4371 845 4425 ibi
891 4372 1117 4442 legitur;
1149 4381 1286 4433 idem
1315 4383 1514 4453 quippe
1541 4395 1706 4438 sonat.

142 4460 208 4505 ac
235 4456 438 4508 sanctio
465 4468 559 4511 aut
606 4476 716 4514 nios
747 4474 907 4518 retas.
943 4466 1199 4532 Quanam
1240 4482 1446 4539 autem,
1499 4479 1698 4532 amabo

145 4550 220 4603 te,
271 4548 503 4606 sauctio.
534 4561 628 4603 aut
654 4551 775 4617 quis
808 4570 927 4610 nios
965 4568 1119 4613 vetus
1145 4572 1357 4627 poterat
1379 4580 1407 4617 a
1439 4565 1697 4637 Dionysio

144 4635 349 4700 notari,
379 4651 500 4705 qum
547 4643 615 4695 ah
663 4644 798 4711 ipsis
848 4651 1109 4717 apostolis
1140 4670 1245 4709 non
1281 4657 1392 4711 sint
1415 4635 1699 4726 profecta?

139 4721 213 4778 Δι
236 4725 388 4782 nullo
406 4744 540 4786 sane
569 4735 912 4803 antiquitatis
933 4753 1029 4794 aut
1052 4756 1222 4801 sacrae
1254 4721 1551 4819 Scriptura
1577 4770 1698 4809 mo-

145 4814 384 4871 nimento
430 4826 683 4880 ostendes
735 4827 894 4882 latam
952 4834 1020 4887 ab
1065 4838 1327 4903 apostolis
1369 4814 1563 4913 legem,
1611 4849 1695 4902 vel

144 4918 348 4958 morem
386 4910 454 4962 ab
483 4912 563 4967 eis
615 4914 909 4985 inductum,
956 4938 1064 4990 quo
1110 4910 1485 4987 catecliuineiii
1515 4946 1571 4989 et
1598 4952 1695 5007 pu-

139 4995 270 5052 blici
309 5001 635 5068 prenitentes
684 5010 1078 5077 priorianissai
1134 5021 1269 5085 parti
1319 4995 1693 5093 adessent,-et

136 5100 263 5156 post
291 5092 404 5147 haec
436 5096 595 5152 missa
623 5099 855 5157 ﬁdelium
887 5106 1363 5189 interdicerentur.
1394 5117 1687 5189 Eiiumera,

138 5182 184 5235 si
234 5184 389 5248 velis,
435 5202 572 5256 quos
618 5196 845 5261 apostoli
892 5192 1190 5269 eorumque
1218 5187 1558 5264 successores
1587 5212 1687 5267 viri

138 5276 418 5341 apostolici
444 5283 858 5341 catechumenos
883 5288 1202 5360 baptismate
1225 5297 1489 5353 ahluerint
1507 5342 1521 5364 ,
1553 5318 1687 5371 quos

138 5366 469 5424 absolverint
524 5374 768 5441 publicos
816 5382 1175 5449 pmnitentes,
1212 5402 1310 5442 nec
1339 5390 1505 5445 nlluni‘
1531 5366 1685 5462 repe-

139 5458 246 5511 nes
285 5474 444 5527 quem
495 5463 579 5518 his
607 5482 841 5535 unquam
886 5472 1089 5542 legibus
1120 5478 1383 5534 voluerint
1418 5488 1681 5540 coerceri.

204 5547 401 5607 Evoive
448 5556 630 5623 etiam,
682 5560 731 5613 si
761 5570 949 5630 vacat,
1011 5580 1199 5624 omnes
1251 5571 1436 5642 libros,
1470 5590 1569 5632 nec
1600 5577 1684 5632 ul-

201 5758 249 5789 ⁸⁸
445 5760 747 5852 D'e'cqr‘ona
773 5766 953 5836 milit.,
995 5773 1191 5852 ρπβ-ᾇ.
1336 5775 1417 5852 _D_e
1444 5778 1621 5852 cedes.
1646 5780 1931 5852 Memrdi,
1980 5798 2098 5852 cap.
2153 5786 2207 5840 ’5.

277 5830 303 5845 ›

134 5842 250 5895 Cap.
277 5832 363 5895 50,
406 5845 462 5883 et
491 5832 583 5887 lib.
615 5834 685 5888 De
715 5832 1075 5908 ceroma-cap:
1104 5845 1189 5898 10.
1263 5844 1309 5877 “
1333 5845 1540 5910 Lib.De
1574 5853 1751 5904 eccles.
1780 5832 2207 5923 hieriirciilvcap'.
2239 5856 2290 5909 3.
2362 5832 2841 5927 “vi

454 5928 720 5987 PsTnoL.
764 5927 878 5987 Gn.
936 5930 1042 5988 ΙΙΙ.

1811 3275 1899 3329 vel
1947 3277 2017 3331 ab
2048 3280 2360 3346 apostolicis
2404 3284 2537 3339 viris
2566 3287 2918 3345 observatum
2966 3292 3131 3347 luisse
3165 3312 3366 3350 inemo-

1813 3370 1905 3423 riae
1956 3385 2191 3439 unquam
2256 3374 2532 3441 prodidit?
2587 3378 2816 3434 Dicesne
2865 3398 2985 3436 eum
3050 3387 3371 3444 Atheniensi

1811 3460 2061 3516 Ecclesia:
2104 3467 2378 3532 proprium
2412 3466 2576 3521 fuisse
2614 3480 2667 3523 et
2707 3474 3071 3540 peculiarem?
3095 3478 3198 3533 Sed
3231 3494 3366 3535 cave

1810 3556 1867 3599 ut
1892 3549 2039 3603 salva
2069 3553 2177 3604 sint
2209 3553 2445 3623 Dionysii
2476 3558 2828 3627 Arcepagitas.
2865 3562 3102 3629 scripta?
3129 3563 3177 3617 Is
3216 3567 3360 3618 enim

1809 3644 2017 3709 primus
2062 3644 2466 3700 Atheniensium
2524 3650 2809 3719 episcopus
2846 3653 2966 3708 fuit.
3018 3657 3218 3725 Auctor
3266 3674 3362 3712 au-

1811 3742 1918 3785 tem
1963 3748 2146 3790 uoster
2175 3740 2243 3791 de
2275 3740 2375 3793 hoc
2416 3742 2543 3803 ritu.
2592 3758 2697 3798 non
2745 3756 2800 3798 ut
2832 3761 2972 3801 novo
3010 3758 3066 3802 et
3118 3762 3359 3812 recente.

1807 3834 1970 3893 atque
2001 3841 2031 3879 a
2078 3842 2136 3881 se
2181 3825 2446 3897 instituto,
2487 3835 2578 3888 sed
2634 3837 2701 3889 ab
2748 3837 2869 3892 aliis
2919 3840 3115 3907 ubique
3162 3846 3365 3899 usitato

1811 3915 2073 3985 loquitur.
2108 3917 2231 3975 Haec
2283 3922 2445 3989 igitur
2477 3925 2616 3979 illius
2648 3930 2848 3998 scripta
2904 3931 3163 4009 Dionysii,
3186 3937 3360 3990 Areo-

1803 4009 1999 4076 pagitae
2020 4010 2159 4065 fetus
2186 4027 2309 4068 esse
2348 4030 2455 4069 non
2488 4030 2730 4085 possunt.

1875 4095 2149 4157 Addamus
2177 4104 2408 4174 denique
2440 4107 2492 4160 id
2522 4124 2550 4161 a
2594 4112 2704 4164 veri
2736 4114 2914 4180 specie
2939 4128 3162 4181 prorsus
3193 4120 3361 4174 videri

1804 4190 2252 4263 alienum,un
2301 4188 2979 4271 mortua-Christianorum
3008 4224 3234 4278 corpora
3293 4214 3360 4267 iis

1802 4284 2068 4348 omnibus,
2100 4300 2235 4355 quas
2286 4288 2375 4341 ille
2405 4291 2580 4352 adhuc
2628 4308 2884 4352 recenset
2912 4290 2979 4363 “,
3019 4307 3359 4361 (inremoniis

1803 4376 2049 4431 mandata
2076 4378 2365 4446 sepultura:
2405 4381 2625 4440 fuerint.
2654 4384 2744 4440 Ea:
2770 4389 3056 4458 siquidem,
3098 4409 3219 4449 eum
3252 4393 3357 4451 Ec-

1801 4467 1982 4522 etesiis
2028 4472 2281 4526 omnibus
2318 4488 2421 4541 pax
2460 4489 2672 4530 summa
2719 4482 3201 4553 tranquilliusque
3229 4490 3355 4547 data

1803 4568 1906 4622 εει,
1954 4576 2055 4624 nec
2090 4561 2272 4628 plures
2316 4563 2553 4627 fuerunt,
2609 4579 2709 4621 nec
2742 4572 2911 4639 magis
2948 4573 3238 4631 solemnes.
3284 4582 3355 4633 At

1803 4651 2023 4719 paganis
2064 4653 2315 4708 erunibus
2360 4655 2714 4713 intolerabilis
2744 4676 2964 4728 prorsus
3001 4663 3193 4727 fuisset
3244 4678 3357 4723 tam

1803 4740 2084 4810 magniﬁca
2133 4744 2340 4801 itineris
2383 4750 2872 4821 exsequiaruinque
2921 4755 3348 4816 Christianarum

1801 4846 2017 4903 pompa,
2043 4850 2143 4889 nec
2176 4836 2340 4893 ullum
2366 4840 2605 4909 Dionysii
2640 4856 2770 4908 aevo
2790 4844 3157 4903 Christianum
3187 4856 3350 4910 tantie

1801 4926 2170 4991 parentalibus
2194 4929 2341 4996 josta
2393 4934 2504 4987 suis
2543 4934 2865 5003 solventem,
2896 4944 2962 4994 ab
2987 4943 3219 4998 ethnicis
3244 4945 3350 4999 ali-

1794 5016 2011 5081 quando
2037 5019 2431 5086 deprehensum
2462 5024 2629 5093 fuisse
2661 5028 2995 5094 perhibetur.

2361 5114 2586 5172 CAPUT
2633 5118 2790 5173 XVII.

1792 5202 2164 5267 Argumentum
2214 5215 2449 5260 octavum
2479 5249 2494 5270 ,
2545 5225 2607 5263 ex
2654 5213 2883 5266 auctoris
2928 5214 3061 5283 ston
3104 5227 3346 5286 petitum.

1862 5292 1936 5347 De
1961 5298 2201 5351 auctoris
2230 5302 2401 5353 nostri
2432 5301 2572 5370 stylo
2604 5305 2859 5357 nonnulla
2888 5306 3001 5372 jam
3026 5312 3349 5374 perstrinxi-

1792 5402 1932 5453 mus,
1955 5391 2394 5460 OSiendiniusque
2414 5396 2824 5465 Areop'agiticos
2852 5399 2983 5452 nihil
3014 5401 3147 5457 ineo
3173 5406 3350 5456 anim-

1789 5480 2086 5537 advertisse
2147 5488 2289 5553 quod
2336 5502 2441 5541 non
2490 5489 2561 5543 sit
2616 5504 2745 5544 vere
2804 5490 3223 5561 Dionysiauum,
3282 5512 3347 5549 ac

1791 5574 1906 5628 viro
1963 5576 2258 5643 apostolico
2308 5578 2465 5645 plane
2508 5581 2727 5649 dignum
2771 5585 3098 5654 omninoque
3146 5601 3345 5640 conve-

2285 5786 2330 5815 δ’
2362 5786 2578 5859 Apolog.
2612 5792 2683 5842 ad
2721 5791 2962 5852 imperat.
3040 5791 3085 5821 ⁸³
3116 5791 3333 5859 Αροιιψ

3034 5952 3073 6011 2
