4196 6306
783 376 849 428 ιι
1866 366 1928 424 S.
1971 363 2344 424 DIONYSIUS
2386 361 2848 420 AREO‘PACI'L‘A.
3946 369 4014 425 δι

780 494 957 542 nisus.
984 485 1307 553 Scriptiunis
1330 487 1527 539 etenim
1564 486 1707 545 illius
1739 499 1907 552 genus
1938 486 2213 555 stylusque
2242 500 2344 536 non
2379 490 2421 544 Α
2454 489 2679 548 possunt
2734 496 2969 548 unquam
3030 483 3264 549 assequi.
3316 479 3455 547 Quid
3488 480 3628 548 quod
3678 498 3847 550 neque
3884 480 4015 536 Ter-

776 576 1004 644 simples
1038 579 1286 643 quidem,
1320 578 1412 630 sed
1444 576 1642 637 elatus,
1675 586 1725 625 et
1758 590 1850 641 pro
1881 575 2211 627 sublimitate
2250 589 2339 625 ar-

776 668 1019 734 gumenti
1052 668 1322 730 sublimis,
1366 682 1544 718 rerum
1579 668 1817 717 ninnium
1847 667 1910 716 de
1947 666 2142 730 quibus
2167 664 2343 731 agitur

776 761 1021 826 dignitati
1079 758 1458 824 maiestatique
1526 757 1748 825 pulchre
1809 758 2116 823 respondet.
2170 754 2341 807 l’orro

779 856 890 905 lia-c
923 854 1043 919 styli
1080 854 1389 904 sublimitas
1430 854 1820 904 obscuritatem
1856 850 2080 917 peperit.
2133 848 2222 900 Illa
2258 858 2342 900 ta-

779 961 899 997 men
933 962 1035 995 non
1084 938 1143 994 ex
1194 943 1427 1010 Dionysii
1482 944 1774 1010 imperitia,
1805 944 1894 994 sed
1931 956 1993 994 ex
2022 954 2086 993 eo
2119 942 2338 1008 potissi-

780 1052 922 1085 mutu
952 1045 1067 1086 orta
1102 1046 1206 1095 est,
1239 1036 1378 1098 quod
1416 1034 1527 1099 ipse
1563 1035 1661 1083 hoc
1691 1032 1961 1084 scribendi
1996 1047 2191 1100 genere
2234 1033 2339 1083 dif-

785 1127 910 1175 ficili
945 1134 997 1176 et
1030 1128 1284 1189 obscuro,
1318 1134 1374 1176 ut
1415 1128 1487 1177 ait
1521 1126 1675 1177 divus
1714 1122 1970 1187 Thomas,
1994 1139 2144 1175 saera
2178 1133 2230 1175 et
2262 1124 2340 1174 di-

783 1232 901 1266 una
941 1216 1215 1282 religionis
1248 1227 1445 1269 nostra:
1479 1219 1724 1279 dogmata
1753 1226 1806 1267 et
1833 1216 2087 1284 mysteria
2117 1215 2337 1283 paganis

773 1320 824 1357 et
858 1308 1163 1360 infidelibus
1194 1307 1467 1359 nectiltare
1499 1309 1749 1359 voluerit.

844 1400 1326 1465 Antiareopagitiei
1383 1414 1507 1452 Vero
1556 1408 1775 1451 censent
1830 1396 1960 1450 nihil
2007 1399 2194 1449 eodem
2244 1413 2338 1448 att-

770 1494 939 1544 ctoris
988 1493 1157 1543 nostri
1191 1494 1327 1559 stylo
1358 1494 1655 1559 excogitari
1708 1506 1862 1559 posse
1891 1492 2230 1556 Areopagilze
2261 1492 2337 1541 vi-

777 1586 930 1651 rique
960 1585 1238 1651 apostolici
1294 1586 1528 1637 orationi
1562 1588 1728 1650 inagis
1761 1600 2066 1652 repugnans
2099 1598 2150 1637 et
2205 1600 2333 1637 con-

772 1677 1018 1727 trarium.
1047 1674 1233 1726 Tanta:
1267 1676 1521 1727 nimirum
1578 1675 1736 1726 molis
1769 1685 1853 1726 est
1903 1675 1967 1726 de
1996 1676 2154 1725 unius
2196 1676 2335 1739 ejus-

770 1769 1000 1834 demque
1040 1768 1322 1834 scriptoris
1355 1767 1491 1835 stylo
1528 1778 1729 1817 eertam
1786 1767 1925 1817 ferre
1976 1766 2329 1816 sententiam!

2450 573 2728 633 tullianus,
2764 585 2940 637 neque
2998 572 3135 623 ullus
3191 586 3423 638 unquam
3470 573 3703 637 scriptor
3729 587 3789 624 ea
3826 573 4010 637 verba,

2447 680 2565 731 qua:
2623 663 2991 728 apostolorum
3047 663 3587 733 Christianorumque
3619 664 3857 717 ninnium
3915 681 4012 720 usu

2444 764 2764 808 consecrata
2796 765 2973 818 erant,
3029 757 3192 807 missa
3248 754 3487 809 fctcrunt
3526 767 3581 808 ut
3617 758 3680 810 iis
3722 757 3822 809 alia
3863 759 4013 826 peni-

2449 858 2532 899 tus
2556 848 2891 915 incomperta
2927 848 3126 915 ubique
3152 848 3507 901 sufficerent?
3532 851 3735 901 Auctor
3767 864 3890 902 vero
3919 865 4013 903 no-

2448 952 2560 991 ster
2612 954 2770 991 voces
2817 941 3078 1005 episcopi,
3132 942 3418 1008 presbyteri
3469 951 3523 993 et
3578 942 4008 1009 diaconi,quasi

2443 1032 2712 1084 obsoletas
2767 1032 3033 1099 repudiat.
3064 1035 3250 1100 eisque
3299 1047 3507 1097 semper
3550 1032 3809 1099 subrogat
3849 1037 4011 1086 verba

2445 1124 2713 1191 ἱεράρχαι,
2746 1124 2979 1190 ἱερεῖςιςι
3008 1123 3305 1192 latro-amni
3342 1145 3349 1175 :
3384 1139 3565 1177 sacros
3598 1132 3775 1175 autem
3809 1124 4014 1175 utrius-

2441 1228 2542 1279 que
2575 1211 2817 1263 Fiederis
2875 1212 3041 1265 libros
3077 1214 3299 1265 citando
3350 1229 3507 1265 voces
3562 1210 3865 1276 Scriptura,
3915 1220 4010 1265 aut

2442 1307 2720 1372 Scriptura
2780 1319 2957 1367 sacra,
3004 1307 3321 1373 evangelica,
3368 1309 3645 1370 scriptores
3695 1306 3858 1368 sucri,
3923 1308 4006 1357 vel

2442 1399 2768 1464 scriptorum
2818 1400 3035 1449 nomina
3086 1401 3322 1463 respuit.
3375 1415 3437 1451 ac
3475 1414 3571 1466 pro
3616 1400 3695 1450 "is
3724 1396 4008 1451 substituit

2442 1490 2603 1541 verba
2635 1491 2924 1557 tlteologia'.
2973 1501 3022 1541 et
3061 1491 3307 1557 theologi,
3352 1491 3435 1543 vel
3485 1493 3658 1542 divina
3696 1491 4001 1552 illustratio,

2438 1590 2491 1632 et
2517 1582 2689 1633 divina
2728 1583 2937 1633 numine
2966 1582 3147 1649 u/ﬂati,
3193 1592 3287 1633 aut
3339 1582 3476 1633 sacri
3518 1582 3832 1634 initiatores.
3856 1576 4001 1632 Nihil

2438 1689 2569 1739 ergo
2605 1673 2655 1724 in
2699 1675 2941 1726 auctoris
2970 1673 3144 1726 nostri
3176 1674 3335 1742 stylo,
3367 1674 3507 1740 quod
3528 1685 3653 1723 cum
3683 1671 4001 1723 Tertulliani

2439 1765 2609 1826 libris,
2641 1767 2918 1833 multoque
2953 1767 3128 1818 minus
3158 1780 3278 1816 eum
3307 1762 3547 1831 Apostoli
3578 1762 3830 1829 Epistolis
3854 1776 4003 1816 com-

770 1860 1041 1923 Qnautmn
1080 1868 1258 1909 autem
1296 1859 1379 1910 hic
1440 1857 1793 1924 Dionysiauus
1843 1856 2109 1907 scribendi
2147 1858 2334 1908 modus
2367 1837 2407 1889 Β
2438 1858 2564 1925 poni
2592 1866 3090 1922 queat,oecurrere
3129 1854 3361 1907 videtur.

769 1952 834 2002 ab
888 1951 1193 2018 apostolica:
1242 1950 1505 2001 orationis
1564 1950 1733 1999 forma
1786 1948 2098 2004 abhorreat,
2159 1948 2210 1996 hi
2242 1949 2334 1997 de-

772 2051 1077 2093 monstrant
1100 2057 1160 2095 ex
1196 2042 1331 2092 inira
1367 2040 1505 2091 illius
1542 2041 1776 2101 luxurie,
1822 2042 2016 2106 sapius
2040 2038 2332 2091 rothurnos

770 2146 825 2186 et
853 2135 1227 2204 dithyrambos
1254 2134 1711 2199 supergredii-nte.
1739 2132 1881 2184 Nihil
1904 2134 2101 2199 quippe
2126 2131 2329 2182 ant-toti

770 2239 959 2279 nostro
1013 2227 1144 2279 satis
1188 2226 1557 2291 magniﬁcum,
1595 2226 1869 2286 inﬂatum,
1908 2224 2202 2290 turgidum,
2235 2223 2329 2287 hy-

770 2317 1123 2383 perbolieum.
1158 2314 1502 2381 Superlativa
1534 2314 1629 2379 ipsi
1669 2330 1772 2363 non
1811 2312 2103 2371 suilieiunt,
2135 2310 2227 2362 sed
2267 2328 2326 2361 ea

769 2417 974 2458 tantum
1010 2414 1270 2473 quantum
1304 2416 1479 2470 potest
1505 2416 1557 2454 et
1601 2415 1762 2466 auget
1797 2412 1847 2454 et
1884 2402 2129 2453 intendit.
2164 2401 2329 2452 Voces

772 2500 997 2549 usitatas
1020 2537 1033 2559 ,
1062 2512 1222 2549 sacro
1254 2498 1527 2547 na..eentis
1559 2494 1811 2545 Ecclesia:
1848 2508 1943 2543 usu
1978 2502 2327 2543 consecratas

768 2598 1127 2656 aspernatur,
1162 2603 1223 2638 ae
1272 2600 1438 2637 noVas
1481 2586 1849 2648 hactenusque
1912 2582 2213 2640 inauditas,
2246 2591 2328 2630 at—

766 2695 871 2746 que
918 2681 983 2729 ad
1030 2692 1278 2744 pompam
1308 2679 1540 2736 edictas,
1601 2674 1651 2723 in
1685 2688 1871 2724 earum
1906 2672 2083 2721 locum
2128 2671 2328 2723 substi-

768 2773 892 2823 tttit.
936 2768 1136 2821 llorum
1184 2775 1365 2818 autem
1401 2767 1642 2816 omnium
1694 2762 1995 2830 t-atalogtnn
2035 2770 2326 2814 contexi-re

764 2879 945 2931 opera:
994 2861 1222 2928 pretium
1258 2875 1362 2909 non
1396 2867 1499 2917 est,
1532 2855 1971 2923 quandoquidem
2001 2869 2060 2904 ca
2114 2868 2219 2905 uno
2253 2852 2328 2903 iti-

765 2955 903 3003 tuitu
936 2954 986 3002 in
1012 2951 1254 3002 (.‘orderii
1284 2948 1631 2999 Unutnastico
1650 2952 1809 3009 atque
1835 2943 2322 3003 observationibus,

765 3047 1215 3116 Dionysianorum
1262 3057 1486 3109 operum
1540 3040 1761 3093 editioni
1812 3040 2072 3106 atljectis,
2105 3038 2325 3092 cuilibet

760 3153 989 3193 cernere
1020 3136 1254 3205 proclive
1280 3142 1380 3187 est.

833 3229 1016 3297 Neque
1068 3228 1270 3281 dixeris
1324 3234 1698 3294 argumentum
1760 3224 1812 3275 in
1866 3236 1971 3290 quo
2032 3221 2320 3290 Dionysius
2353 3212 2393 3231 “⁴

762 3322 1109 3380 versabatur,
1145 3320 1284 3370 hanc
1314 3320 1467 3370 abeo
1494 3316 1739 3381 exegisse
1768 3315 2181 3377 sublimitatem,
2214 3329 2318 3381 qua

762 3421 909 3465 certe
953 3409 1295 3463 sublimioros
1327 3418 1381 3459 et
1430 3408 1536 3460 Deo
1587 3408 1861 3474 digniores
1919 3405 2068 3457 ideas
2110 3418 2173 3456 ac
2228 3419 2318 3457 co-

760 3503 1051 3572 gitationes
1103 3498 1411 3552 hominibus
1462 3499 1701 3548 traderet
1752 3495 2169 3563 inspiraretque.
2208 3494 2321 3546 l’ri-

763 3609 907 3646 nunn
959 3592 1101 3644 enim
1130 3591 1179 3644 id
1208 3590 1313 3643 dici
1355 3602 1696 3656 nequaquam
1730 3596 1905 3653 potest
1963 3588 2028 3639 de
2056 3587 2193 3637 libro
2248 3584 2322 3636 De

760 3682 1055 3736 hicrnrchiu
1094 3680 1472 3741 ecclesiastica,
1504 3680 1590 3733 tibi
1641 3678 1728 3731 ille
1759 3681 1996 3745 disputat
2041 3683 2105 3731 de
2132 3693 2319 3729 saera-

763 3775 959 3828 mentis
988 3774 1264 3838 sacrisque
1325 3773 1517 3823 ritibus
1548 3788 1666 3839 qua-
1698 3773 2019 3840 quotidiano
2071 3787 2167 3825 usti
2217 3773 2321 3825 ire-

760 3865 1178 3932 qnentabantur,
1209 3877 1432 3928 quaeque
1461 3863 1693 3930 simplici
1724 3863 2080 3931 popularique
2109 3862 2319 3915 metho-

762 3962 832 4007 do
863 3954 1185 4007 tardioribus
1212 3955 1535 4007 Christianis
1569 3969 1722 4021 teque
1757 3968 1821 4005 ac
1846 3954 2195 4020 peritioribus
2222 3959 2316 4008 dc-

763 4049 963 4101 bcbant
1016 4048 1301 4116 explicari.
1360 4048 1559 4101 Deimlc
1600 4048 1887 4102 consilium
1939 4048 2175 4102 auctoris
2226 4063 2321 4099 uo-

759 4142 884 4201 stri,
909 4142 982 4193 uti
1004 4139 1432 4203 observavitttus,
1454 4150 1571 4191 erat
1595 4140 1678 4192 his
1711 4141 1762 4192 in
1780 4139 1932 4193 libris
1953 4140 2166 4193 clariori
2191 4140 2318 4192 sim-

766 4232 1087 4300 plicioriquc
1110 4234 1355 4285 oratione
1393 4246 1455 4283 ca
1497 4231 1826 4286 Christianis
1856 4233 2032 4285 minus
2063 4231 2319 4301 perfectis

761 4337 1062 4391 exponere,
1090 4322 1287 4390 quibus
1331 4321 1684 4386 llierotheus,
1719 4332 2017 4393 prteccptor
2043 4323 2191 4389 ejus,
2225 4341 2316 4377 sub

761 4416 992 4468 bliniiori
1043 4424 1097 4467 et
1143 4414 1441 4467 obscoriori
1491 4416 1763 4469 scribendi
1802 4430 1997 4484 genere
2048 4415 2317 4482 perfectos

763 4510 1051 4561 imbuerat.
1079 4505 1273 4558 Debuit
1316 4506 1476 4572 igitur
1512 4507 1601 4559 ille
1630 4508 1769 4575 stylo
1800 4506 2038 4561 scribere
2068 4504 2310 4574 populari

759 4608 813 4648 ct
841 4598 1023 4664 plano,
1062 4597 1349 4664 verbisque
1370 4602 1447 4649 nti
1478 4600 1709 4666 receptis
1738 4609 1790 4649 et
1822 4600 2215 4651 conununibus.

833 4691 989 4744 Dices
1042 4692 1294 4759 Dionysio
1328 4692 1552 4743 forsitan
1588 4691 1727 4743 idem
1766 4692 2029 4743 accidisse
2082 4705 2144 4743 ac
2180 4689 2317 4742 Ter-

762 4784 985 4836 tulliauo
1032 4784 1264 4851 aliisque
1321 4782 1672 4850 scriptoribus
1731 4783 2001 4838 nonnullis
2035 4822 2050 4847 ,
2093 4786 2183 4851 qui
2214 4823 2227 4846 ,
2259 4801 2317 4834 a-

758 4875 955 4928 crioris
986 4875 1183 4941 ingenii
1220 4877 1341 4940 igne
1373 4877 1601 4941 abrepti,
1638 4876 1805 4929 libros
1854 4892 1984 4930 suos
2016 4880 2157 4945 stylo
2184 4895 2313 4931 exa—

764 4980 1019 5021 rat-erunt
1054 4968 1348 5036 singulari,
1390 4968 1673 5035 verbisque
1727 4969 1806 5021 uiti
1861 4978 1986 5020 sunt
2044 4968 2313 5022 inusitatis

759 5078 821 5111 ar.
862 5062 1018 5127 plane
1052 5062 1426 5113 insolentibus.
1462 5061 1657 5113 Verum
1712 5072 2127 5129 quantocunque
2194 5062 2315 5130 igne

756 5160 1035 5212 incensum
1069 5155 1231 5207 fuerit
1266 5155 1503 5223 Dionysii
1538 5156 1871 5222 At'eopagita!
1898 5158 2101 5221 pectus,
2132 5156 2177 5211 is
2228 5171 2314 5207 sa-

758 5267 825 5300 no
852 5258 961 5299 tam
1012 5248 1322 5299 immaniter
1351 5263 1379 5297 a
1432 5260 1595 5313 scapo
1626 5263 1731 5298 noti
1770 5248 1942 5315 potuit
1971 5250 2226 5299 aberrare
2259 5258 2314 5300 ut

759 5347 811 5395 in
854 5342 1008 5395 libris
1032 5358 1169 5409 quos
1222 5341 1647 5406 simplicioribus
1686 5338 2007 5393 ChriStianis
2036 5342 2314 5408 mimisque

755 5435 1014 5500 perfectis
1044 5434 1350 5496 scribebat,
1382 5442 1585 5485 tantam
1621 5435 1881 5486 orationis
1924 5434 2310 5486 sublimitatem

756 5536 807 5575 rt
835 5527 1359 5592 gramhloquentiam
1404 5526 1601 5591 ubique
1634 5525 1932 5577 affectarat.
1989 5525 2092 5577 Sed
2123 5528 2195 5577 sit:
2226 5542 2312 5576 er-

757 5633 875 5669 rare
926 5617 1341 5680 lalliqttcsoletit
1371 5616 1507 5667 male
1560 5618 1731 5668 feriati
1785 5619 2050 5677 homines,
2095 5619 2185 5684 qui
2220 5634 2313 5683 pti-

756 5712 950 5761 tiicntla
982 5712 1283 5762 temeritate
1319 5712 1467 5762 libris
1500 5713 1612 5762 suis
1643 5726 1829 5763 eorum
1864 5712 2077 5762 nomina
2120 5715 2307 5761 insiti-

760 5804 912 5862 bunt,
944 5819 1170 5868 quorum
1231 5820 1326 5855 nec
1386 5807 1657 5873 ingenium
1696 5820 1791 5855 nec
1822 5806 2088 5856 scribendi
2126 5807 2310 5853 modos

2505 1942 2691 2013 Neque
2746 1946 2962 1997 tandem
3023 1946 3289 1997 orationis
3339 1944 3482 1995 illius
3532 1942 3845 1996 obscuritas
3878 1942 4002 1994 ideo

2435 2042 2741 2093 excusanda
2779 2041 3016 2107 estquod
3047 2040 3333 2109 Dionysius
3357 2040 3530 2108 Opera
3566 2056 3660 2093 sua
3692 2039 3999 2091 inlidclibus

2434 2142 2484 2183 et
2511 2145 2616 2183 non
2649 2132 2881 2183 initialis
2911 2132 3224 2185 occultanda
3248 2148 3367 2185 esse
3395 2134 3688 2186 censuerit.
3710 2130 3841 2184 Nam
3869 2147 3996 2185 cum

2431 2225 2779 2286 Christianis,
2813 2226 2887 2277 uti
2930 2224 3187 2287 diximus,
3222 2225 3528 2279 rudioribus
3556 2226 3843 2291 minusque
3872 2240 3998 2292 per-

2435 2316 2597 2368 fectis
2624 2317 2925 2382 scripserit,
2954 2329 3015 2380 ea
3047 2315 3231 2384 procul
3276 2316 3439 2367 dubio
3486 2330 3583 2367 nec
3617 2315 3761 2367 inani
3795 2315 3992 2366 obseu-

2434 2421 2599 2474 raque
2658 2409 3153 2475 grandiloquentia,
3195 2422 3295 2459 nec
3346 2407 3573 2460 vocibus
3625 2406 3887 2467 insolitis,
3925 2420 3990 2455 ae

2433 2515 2570 2551 vano
2598 2499 2861 2551 affectata:
2884 2513 3092 2567 pompa:
3122 2500 3304 2551 studio
3326 2498 3632 2560 fabricatis,
3662 2497 3754 2549 sed
3781 2511 3990 2548 summa

2430 2593 2843 2662 perspicuitate,
2882 2592 3169 2657 verbisque
3193 2591 3434 2643 omnium
3468 2604 3566 2641 usu
3599 2587 3838 2657 receptis
3862 2586 3985 2638 titil-

2431 2685 2574 2754 lique
2600 2685 2888 2753 incognitis
2930 2682 3323 2737 conscribcnila
3358 2691 3533 2735 erant.

2986 2787 3215 2843 CAPUT
3241 2786 3427 2841 XVIII.

2428 2906 2502 2959 Ile
2532 2906 2809 2957 levioribus
2858 2905 3200 2973 quorumdam
3250 2901 3855 2973 Antiareopagiticorunt
3891 2917 3979 2952 ar-

2495 2988 2773 3042 guuteutis,
2808 2987 2852 3025 ct
2871 2970 3154 3039 postremis
3186 2972 3665 3039 Areopagiticorum
3716 2970 3987 3042 probatio-

2498 3040 2683 3105 nibus;
2711 3062 2777 3096 an
2798 3046 2887 3096 liii:
2915 3057 3098 3095 unctor
3126 3043 3382 3093 mendacii
3412 3042 3758 3101 accusandus,
3790 3050 3837 3091 et
3858 3040 3989 3091 scri-

2494 3126 2582 3182 pta
2612 3116 2724 3181 ejus
2749 3116 2851 3166 sint
2884 3114 3154 3165 miraculis
3190 3116 3544 3165 cohonestatu.

2496 3228 2749 3291 Quaedam
2801 3227 2904 3279 alia
2938 3232 3252 3289 argumenta
3282 3223 3350 3277 ab
3377 3223 3646 3291 aliquibus
3690 3223 3989 3278 Antiareo-

2426 3320 2677 3387 pagiticis
2728 3319 3077 3374 heterodoxis
3108 3313 3424 3379 afferuntur,
3454 3331 3573 3384 quae
3617 3317 3742 3384 quia
3774 3315 3856 3369 vel
3904 3313 3984 3367 Ie-

2426 3413 2643 3465 vissima
2679 3421 2824 3475 sunt,
2856 3411 2938 3464 vel
2977 3411 3188 3463 veritati
3231 3420 3501 3477 ccrtreque
3552 3409 3980 3462 orthodoxorum

2425 3507 2686 3559 doctrina!
2716 3514 2769 3556 et
2802 3503 3079 3556 traditioni
3107 3503 3283 3571 palam
3326 3502 3691 3570 refragantur,
3727 3502 3791 3553 iis
3817 3512 3985 3554 excu-

2426 3596 2626 3651 tiendis
2649 3605 2703 3650 et
2734 3596 3087 3650 recensendis
3111 3596 3359 3649 lubenter
3382 3597 3815 3662 superscdcmus.
3843 3593 3982 3659 Quid

2422 3690 2587 3749 enim,
2641 3697 2699 3741 ut
2749 3698 2946 3742 caetera
3000 3697 3300 3752 taceamus,
3346 3686 3518 3741 levius
3568 3700 3635 3740 eo
3684 3693 3981 3747 momento,

2422 3781 2565 3847 quod
2621 3778 2795 3848 plenis
2838 3780 3028 3835 buccis
3058 3787 3415 3845 concrepant,
3446 3778 3750 3832 doctrinam
3779 3777 3846 3830 de
3880 3789 3986 3828 an-

2422 3871 2665 3939 gelorum
2727 3870 3054 3924 hierarchiis
3106 3880 3161 3923 et
3204 3870 3509 3933 ordinibus,
3548 3880 3670 3936 quia
3714 3878 3986 3919 tamenta-

2423 3960 2595 4014 cleate
2627 3962 2693 4013 ab
2719 3968 2942 4012 auctore
2991 3968 3181 4011 nostro
3231 3957 3553 4025 explicatur,
3604 3954 3840 4025 Dionysii
3874 3970 3984 4010 ste-

2422 4052 2544 4105 culo
2605 4050 2773 4105 fuisse
2821 4048 3251 4118 incompertam?
3293 4047 3435 4101 Nihil
3471 4047 3862 4117 ouippedehis
3894 4046 3985 4101 illo

2420 4146 2624 4207 docuit,
2656 4144 2798 4212 quod
2827 4160 2891 4197 ex
2928 4142 3228 4211 Scripturis
3255 4142 3430 4193 sacris
3458 4154 3523 4195 ac
3554 4141 3790 4194 maxime
3820 4139 3982 4194 Pauli

2421 4238 2678 4308 Epistolis
2700 4237 2959 4306 primitus
2988 4251 3092 4289 non
3112 4235 3402 4303 acceperit.
3434 4230 3550 4287 Non
3598 4233 3739 4286 imus
3762 4233 3979 4301 quidem

2420 4333 2632 4388 inficias
2662 4331 2815 4385 illum
2850 4343 2950 4397 pro
2975 4328 3175 4397 ingenii
3202 4326 3284 4380 sui
3313 4325 3537 4390 viribus,
3566 4339 3627 4380 ea
3649 4340 3769 4394 qua
3795 4340 3859 4379 ex
3892 4338 3982 4378 sa-

2420 4426 2531 4481 cris
2552 4424 2793 4479 fontibus
2825 4425 3103 4484 hauserat,
3135 4418 3309 4473 fusius
3325 4420 3607 4481 enodasse,
3633 4418 3979 4488 atqueetiam

2419 4513 2861 4587 ampliticavisse.
2892 4516 2997 4569 Sed
3032 4514 3160 4569 nulli
3196 4514 3389 4567 mirum
3409 4513 3580 4565 videri
3607 4512 3763 4567 debet
3798 4511 3982 4565 homi-

2424 4625 2545 4665 nem
2602 4611 2822 4661 doctum
2866 4618 2921 4658 ct
2966 4605 3327 4674 ingeniosum,
3380 4604 3656 4674 multaque
3690 4604 3983 4658 Platonica.-

2421 4698 2779 4767 philosophiae
2832 4695 3146 4747 eruditione
3206 4694 3505 4758 imbutuni,
3547 4698 3614 4747 de
3666 4693 3984 4748 cmlestibus

2419 4788 2743 4843 substantiis
2800 4786 2953 4856 plura
2997 4794 3121 4851 post
3172 4785 3385 4839 divinas
3430 4785 3735 4853 Scripturas
3795 4796 3978 4840 retra-

2418 4892 2625 4944 ctassc,
2658 4879 2838 4946 iisque
2877 4879 3130 4931 nonnulla
3186 4876 3461 4931 addidisse
3492 4893 3612 4946 qua:
3651 4893 3717 4930 ex
3743 4879 3977 4932 sanioris

2420 4970 2774 5039 philosophia:
2825 4968 3043 5037 placitis
3088 4974 3396 5034 desumpta,
3443 4968 3615 5022 sacris
3653 4966 3976 5023 Christiana:

2420 5063 2543 5116 fidei
2573 5061 3070 5117 accommodaverit
3108 5062 3471 5130 dogmatibus.

2488 5156 2715 5221 lteliqua
2762 5154 3001 5218 ipsorum
3046 5165 3365 5221 argumenta
3415 5152 3620 5207 leviora
3666 5166 3810 5218 sunt,
3838 5156 3975 5207 mul-

2421 5264 2582 5318 toque
2615 5253 2843 5305 minoris
2886 5249 3163 5316 ponderis.
3189 5246 3398 5301 Nemini
3429 5261 3555 5315 ergo
3591 5249 3860 5312 negotium
3893 5250 3972 5300 fa-

2422 5355 2636 5396 cessere
2663 5349 2906 5409 possunt,
2940 5355 3000 5390 ac
3025 5354 3085 5390 ea
3117 5337 3373 5405 pleraque
3413 5342 3591 5389 omnia
3614 5352 3681 5390 ex
3714 5337 3818 5399 his,
3855 5352 3973 5405 quae

2421 5440 2473 5491 iu
2500 5436 2875 5503 superioribus
2898 5432 3371 5486 dissertationibus
3397 5433 3599 5496 passim
3633 5431 3970 5491 tradidimus.

2418 5540 2609 5596 sponte
2635 5542 2730 5580 sua
2780 5504 2964 5587 riiuut,
2997 5535 3051 5577 et
3095 5523 3335 5575 funditus
3368 5533 3709 5575 evertuntur.
3735 5522 3968 5575 Sulliciei

2415 5640 2543 5689 ergo
2586 5622 2847 5671 validiora
2892 5619 3118 5669 aliormu
3153 5616 3768 5682 Antiaretipagiticorum
3816 5630 3948 5683 argtt

2418 5725 2595 5767 menta
2645 5715 2897 5764 omnibus
2960 5712 3074 5761 suis
3118 5710 3445 5776 ponderibus
3492 5709 3561 5759 ita
3610 5708 3971 5769 examinasse,

2419 5817 2473 5855 ut
2517 5804 2650 5855 nihil
2712 5817 2897 5854 eorum
2933 5814 3049 5863 qutc
3096 5800 3159 5851 ad
3195 5818 3257 5851 ea
3300 5796 3670 5851 confirmanda
3715 5798 3795 5847 vel
3826 5797 3962 5848 iulir.
