4196 6306
162 391 233 444 ιδ
1505 371 1819 430 ρκοιεοο

1747 371 2034 428 ΞΟΜΕΝΑ.
3337 377 3404 430 46

162 502 361 556 umnda
394 497 626 569 proferri
658 510 819 562 posse
850 494 1208 556 credidimus,
1247 491 1585 546 voluerimus
1614 507 1736 544 esse
1766 504 1810 557 Α
1842 488 2109 555 dignatus.
2150 486 2258 541 llac
2297 487 2580 541 llilduinus
2612 488 2928 543 narratione
2982 499 3239 544 testatum
3274 493 3407 549 facit

160 594 617 664 praztermissum.

236 685 343 741 Sed
371 688 618 755 praelium
671 686 983 739 instaurant
1013 679 1403 748 Areopagitici,
1433 676 1736 745 ultimoque

160 783 367 851 impetu
400 781 453 832 in
488 778 833 832 adversarios
862 777 1028 836 facto,
1069 781 1265 842 urgent
1297 785 1390 824 eos
1432 768 1735 822 audacissi—

164 891 283 930 mos
314 889 457 936 esse,
508 883 562 925 et
591 888 812 942 prorsus
858 868 1200 931 temerarios,
1242 865 1332 935 qui
1366 862 1594 927 fraudis,
1632 861 1733 917 fal-

163 966 366 1029 sitatis,
398 963 839 1031 putidissimique
877 958 1145 1014 mendacii
1175 965 1454 1008 auctorem
1489 960 1735 1005 nostrum

164 1074 319 1112 reum
362 1067 544 1125 agant,
577 1055 732 1122 cujus
790 1054 989 1121 scripta
1032 1064 1236 1103 meram
1296 1045 1494 1113 ubique
1528 1044 1738 1111 spirant

167 1154 450 1222 pietatem,
489 1150 837 1221 gravitatem,
870 1143 1310 1199 sanctimoniam.
1338 1138 1405 1192 Et
1433 1145 1583 1191 certe
1616 1134 1738 1204 quis

168 1248 345 1299 virum
381 1245 535 1298 illum
563 1243 781 1295 doctum
819 1235 1095 1305 tantisque
1119 1234 1317 1305 ingenii
1351 1232 1570 1285 dotibus
1603 1243 1739 1296 prae-

166 1341 365 1401 ditum,
396 1353 460 1391 eo
484 1335 745 1390 excitatis
795 1342 850 1386 et
892 1329 1243 1399 impudentiae
1290 1323 1576 1379 devenisse
1615 1335 1736 1374 cre-

171 1428 264 1481 dat
293 1436 373 1493 ut,
398 1426 533 1480 falso
554 1424 793 1495 Dionysii
823 1420 1163 1491 Areopagitas
1190 1424 1470 1485 assumpto
1502 1412 1736 1475 nomine,

170 1527 254 1574 tot
301 1518 575 1585 tantisque
613 1516 775 1569 rebus
810 1527 934 1568 cum
980 1512 1223 1581 ejusdem
1264 1504 1507 1578 Dionysii
1556 1514 1736 1564 aetate,

169 1609 410 1681 ingenio,
446 1607 689 1661 moribus
716 1604 968 1676 styloque
994 1600 1363 1673 pugnantibus
1394 1598 1600 1668 scripta
1641 1608 1736 1651 sua

166 1702 554 1775 consperserit.

244 1802 316 1854 At
354 1802 467 1853 haec
496 1797 699 1862 omnia,
737 1796 972 1850 clamant
1020 1788 1517 1862 Antiareopagitici.
1562 1784 1736 1841 victo-

168 1910 296 1949 rum
348 1891 626 1947 hominum
675 1891 797 1943 vani
848 1888 1099 1957 cassique
1147 1894 1272 1940 stmt
1319 1886 1571 1953 impetus.
1606 1878 1737 1947 Quis

170 1990 320 2044 enim
355 1986 561 2041 nesciat
593 1983 965 2051 hujuscemodi
1000 1980 1357 2049 scriptoribus
1404 1975 1569 2031 moris
1616 1986 1740 2026 esse

170 2082 375 2149 scripta
424 2094 544 2142 sua,
581 2093 698 2146 qua:
739 2076 808 2130 ab
856 2076 988 2145 ipsis
1038 2074 1214 2128 fallaci
1266 2072 1364 2126 viri
1411 2065 1736 2124 sanctissimi

173 2176 396 2231 nomine
428 2172 814 2233 inscribuntur,
846 2183 908 2222 ea
956 2168 1178 2237 pietate,
1209 2165 1487 2235 gravitate,
1520 2169 1576 2217 et
1615 2175 1742 2214 san-

170 2270 431 2326 ctimonia
464 2284 751 2332 exornare,
792 2283 896 2337 qua
942 2266 1008 2321 ab
1065 2265 1254 2319 iisdetn
1302 2260 1452 2323 viris,
1506 2270 1738 2327 quorum

172 2380 371 2437 nomen
457 2363 814 2427 mentiuntur,
891 2358 1201 2416 exornanda
1277 2355 1394 2409 fore
1461 2350 1741 2408 existima-

172 2461 323 2511 bant.
372 2456 479 2512 Nec
516 2457 695 2511 minus
729 2455 991 2509 ineorum
1039 2466 1190 2507 more
1235 2450 1493 2519 positum,
1543 2456 1602 2499 ut
1649 2442 1737 2497 alii

171 2548 353 2619 plura,
407 2549 497 2601 alii
558 2547 841 2618 pauciora,
895 2560 1015 2615 qua:
1080 2543 1323 2598 ementiti
1368 2538 1607 2595 auctoris
1658 2535 1740 2591 sui

170 2642 393 2713 ingenio
440 2656 493 2695 et
548 2641 884 2709 temporibus
927 2638 1305 2699 adversentur,
1367 2632 1587 2702 scriptis
1630 2629 1744 2685 suis

175 2738 500 2791 insererent.
547 2733 639 2789 Sic
686 2748 897 2804 nempe,
945 2732 1053 2785 Deo
1104 2729 1176 2784 ita
1229 2730 1461 2790 volente,
1495 2736 1742 2778 nonnun-

173 2840 336 2895 quam
369 2826 627 2881 obcaacati
654 2835 799 2887 sunt,
831 2835 889 2877 ut
921 2822 1084 2888 illius,
1121 2836 1281 2892 quem
1326 2819 1555 2888 tingunt,
1589 2815 1742 2884 inge-

177 2921 325 2973 nium
383 2920 761 2987 scribendique
810 2917 1023 2975 modum
1072 2930 1175 2969 non
1225 2912 1486 2977 assecuti,
1544 2908 1625 2965 vel
1680 2921 1743 2961 ea

173 3026 295 3079 qua
332 3012 476 3065 illius
503 3022 661 3066 aetate
688 3011 801 3064 licri
828 3010 1110 3074 deberent,
1135 3023 1201 3061 ex
1231 3006 1311 3060 sui
1340 3005 1594 3074 temporis
1619 3017 1749 3057 cono

177 3104 557 3159 suetudinibus
609 3119 671 3157 ac
717 3104 1001 3172 disciplina
1054 3101 1358 3163 metientes,
1410 3100 1488 3152 vel
1542 3097 1639 3167 ipsi
1680 3097 1748 3151 iis

174 3213 300 3266 qua:
328 3212 422 3251 sua
455 3207 615 3252 etate
667 3200 989 3267 agebantur,
1022 3193 1403 3247 auctoritatem
1449 3190 1747 3245 c0nciliare
1774 3231 1816 3288 ο

179 3289 446 3354 volantes,
494 3291 736 3354 quietiam
791 3288 1010 3358 scriptis
1058 3287 1170 3341 suis
1211 3295 1300 3338 aut
1334 3287 1625 3355 prudentes
1657 3292 1748 3337 aut

181 3384 382 3438 incauti
414 3383 732 3451 adjicerent,
762 3382 957 3453 quibus
986 3396 1173 3437 eorum
1203 3381 1422 3433 fraudes
1448 3390 1502 3434 et
1529 3376 1749 3432 menda-

175 3474 260 3529 cia
292 3476 362 3529 ab
389 3475 782 3531 oculatioribus
813 3473 1026 3528 tandem
1061 3482 1261 3528 retecta
1292 3483 1438 3527 sunt.

248 3569 389 3637 Quid
424 3584 567 3631 vero,
614 3568 819 3622 instant
859 3568 1242 3638 AerOpagitici,
1276 3581 1374 3621 nec
1410 3567 1517 3619 Deo
1551 3562 1746 3626 moris.

177 3680 282 3720 nec
330 3674 545 3719 aeternae
590 3662 736 3716 illius
788 3662 1136 3731 providentiae
1179 3669 1261 3715 esl
1307 3673 1470 3728 Opera
1518 3673 1650 3711 vana
1697 3668 1752 3709 et

180 3759 323 3813 ﬂetis
360 3756 655 3811 mendaciis
689 3756 844 3825 plena
873 3755 1016 3809 veris
1052 3754 1407 3808 cohonestare
1435 3748 1750 3805 miraculis?

180 3851 468 3906 Hilduinus
495 3861 697 3916 tamen,
720 3849 870 3904 testis
898 3848 1165 3911 oculatus,
1193 3843 1421 3898 aﬁirmat
1443 3843 1559 3897 haec
1585 3842 1750 3896 Areo-

179 3946 378 4015 pagita:
436 3944 632 4013 Opera,
662 3957 786 3997 cum
842 3942 1015 3995 variis
1061 3938 1464 3994 inﬁrmitatibus
1505 3936 1556 3991 in
1614 3936 1749 3990 tanti

181 4042 283 4094 viri
334 4040 593 4095 honorem
643 4028 1067 4106 applicarentur,
1120 4032 1300 4086 multis
1349 4030 1608 4085 divinitus
1650 4029 1748 4083 ho-

183 4143 400 4189 nestala
437 4132 603 4185 fuisse
632 4129 927 4183 miraculis.

254 4226 363 4280 Sed
400 4226 610 4280 caeteris
658 4223 913 4277 omnibus
960 4216 1165 4273 ﬁrmius
1214 4233 1318 4272 non
1373 4225 1458 4271 est
1502 4215 1750 4270 ultimum

183 4320 318 4374 illud
376 4317 878 4387 Areopagiticorutn
936 4313 1292 4381 praesidium,
1350 4311 1549 4380 quippe
1608 4309 1751 4378 quod

183 4414 318 4484 ipsis
357 4409 595 4466 Hilduini
652 4409 830 4464 verbis
903 4404 1201 4476 expugnari
1252 4404 1521 4458 videatur.
1565 4399 1640 4458 De
1668 4402 1754 4455 his

184 4509 329 4562 enim
361 4503 636 4559 miraculis
676 4504 756 4558 sic
781 4501 869 4555 ille
901 4500 1090 4556 scribit
1112 4495 1157 4530 ³⁵⁸
1188 4510 1202 4551 :
1235 4496 1571 4550 Aut/tenticos
1605 4511 1754 4547 nant-

1840 578 2023 632 dccem
2055 586 2109 631 et
2157 591 2347 633 noven
2395 578 2653 633 miracula
2698 592 2762 633 eo
2807 579 2895 634 die
2931 594 3040 651 quo
3089 582 3403 652 Dionysiani

1840 671 1964 725 libri
2014 671 2067 724 in
2111 686 2267 724 suum
2320 671 2709 725 monasterium
2741 673 3006 741 asportati
3046 683 3194 741 sunt,
3240 674 3409 730 fuisse

1838 762 2056 832 quidem
2088 771 2330 832 patrata;
2358 776 2545 817 verum
2575 776 2639 815 ea
2673 777 2778 816 non
2807 766 3120 822 corunnlern
3144 766 3409 819 librorum

1840 855 2036 908 virtute
2063 864 2158 906 utll
2189 852 2570 921 applicatione,
2600 852 2692 905 sed
2719 854 3057 907 orationibus
3097 864 3150 909 et
3199 856 3410 909 meritis

1838 944 2278 1000 excellentissimi
2311 944 2394 997 sui
2424 943 2680 1014 martyris
2705 958 2735 996 a
2760 943 2975 997 Christo
3010 945 3235 1000 Domino
3260 945 3408 999 edita

1838 1036 1963 1090 esse
2010 1044 2391 1090 asseverantcr
2439 1032 2690 1090 aﬂirmat.
2745 1033 3003 1103 Quamvis
3056 1046 3237 1090 autem
3294 1022 3405 1089 hair

1840 1126 2101 1181 librorum
2153 1126 2605 1197 Dionysianorum
2655 1127 2802 1182 tactu
2855 1127 3246 1194 contigissent,
3301 1142 3407 1181 non

1841 1214 1965 1271 inde
2014 1225 2191 1270 tamen
2240 1218 2530 1287 genuinum
2584 1216 2823 1288 Dionysii
2875 1218 3217 1288 Areopagitae
3273 1233 3411 1289 Opus

1839 1322 1959 1362 esse
1985 1320 2136 1361 certo
2160 1309 2405 1364 concludi
2445 1315 2641 1379 potest.
2684 1308 2852 1364 Nemo
2897 1310 3058 1364 enim
3091 1310 3263 1365 nescit
3295 1311 3407 1366 da:-

1842 1398 2021 1450 monia
2071 1398 2142 1450 ab
2186 1398 2270 1452 his
2299 1398 2390 1467 qui
2424 1413 2521 1453 nec
2550 1397 2751 1453 Christi
2798 1398 3067 1469 discipuli,
3112 1414 3210 1454 nec
3251 1400 3410 1456 Chri-

1841 1488 2007 1543 stiani
2037 1499 2211 1555 erant,
2240 1491 2475 1560 ejusdem
2496 1490 2696 1548 Christi
2718 1492 2934 1546 nomine
2964 1492 3134 1561 ejecta
3156 1492 3324 1547 fuisse
3339 1490 3407 1558 ⁸⁷,

1840 1590 2000 1649 atque
2043 1596 2107 1636 ex
2161 1596 2287 1636 vera
2339 1591 2547 1636 tantum
2600 1584 2919 1651 ardentique
2972 1582 3408 1638 Christianorum

1844 1674 1946 1731 lide
1976 1673 2079 1729 alia
2112 1676 2375 1731 miracula
2403 1693 2431 1732 a
2460 1676 2568 1733 Deo
2601 1694 2743 1747 stupe
2768 1672 2964 1748 saepius
2993 1677 3298 1747 impetrata.

2422 1791 2649 1849 CAPUT
2685 1792 2824 1850 XIX.

1846 1882 1960 1949 Quo
1992 1893 2215 1952 tempore
2241 1885 2353 1940 luce
2401 1888 2614 1964 scripta
2640 1889 2925 1964 secundum
2967 1890 3411 1964 Antiareopagiti-

2038 1970 2219 2008 eorum
2256 1958 2564 2010 sententiam
2597 1956 2655 2012 in
2684 1959 2847 2011 lucem
2874 1962 3183 2028 prodierint.

1912 2048 2015 2115 Qui
2063 2050 2365 2105 rationibus
2420 2050 2683 2105 hactenus
2734 2066 2763 2104 a
2817 2051 2973 2107 nobis
3016 2053 3196 2107 allatis
3226 2053 3411 2108 omnia

1842 2142 2084 2197 auctoris
2131 2144 2299 2198 nostri
2343 2140 2517 2212 Opera
2562 2142 2924 2215 Dionysianos
2970 2143 3109 2199 l‘ctus
3153 2160 3277 2200 esse
3319 2160 3414 2201 ne-

1843 2245 1993 2307 gant,
2026 2252 2135 2307 quo
2166 2248 2408 2307 tempore
2436 2253 2497 2293 ea
2537 2238 2589 2293 in
2622 2238 2794 2294 lucem
2830 2239 3147 2309 prodierint,
3191 2240 3386 2309 diligen

1846 2342 1925 2383 ter
1982 2332 2279 2402 inquirunt.
2331 2332 2554 2388 Constat
2596 2344 2774 2389 autem
2819 2333 2907 2387 illa
2964 2346 3092 2389 ante
3150 2333 3382 2390 Collatio

1844 2441 1965 2479 nem
2021 2424 2711 2493 Constantinopolitanam,
2774 2441 2937 2490 anno,
3014 2438 3071 2481 ttt
3143 2428 3412 2492 diximus,

1844 2519 1951 2573 533
2002 2518 2267 2586 habitam,
2311 2519 2508 2589 publici
2563 2518 2700 2574 lat-ta
2751 2518 2916 2575 fuisse
2961 2520 3119 2589 juris.
3164 2520 3414 2587 Quandiu

1847 2627 1973 2666 vero
1996 2627 2115 2665 eam
2142 2612 2543 2692 praecesserint,
2567 2628 2759 2683 magna
2793 2614 2935 2668 inter
2967 2615 3265 2684 scriptores
3294 2614 3415 2670 illos

1845 2706 2217 2760 controversia
2262 2715 2365 2763 est.
2399 2705 2666 2775 Opinatur
2694 2707 2893 2762 etenim
2947 2707 3174 2764 Dallmus
3222 2707 3267 2738 “‘
3312 2724 3415 2762 au-

1845 2806 2050 2851 ctorem
2086 2809 2329 2855 nostrum
2364 2801 2576 2852 omnino
2613 2801 2776 2855 videri
2823 2801 2900 2856 vel
2930 2802 3114 2871 quinto
3162 2801 3417 2870 prtecipiti

1846 2890 2080 2954 swcnlo,
2120 2890 2196 2944 vel
2243 2892 2401 2944 etiam
2438 2901 2582 2946 sexto
2637 2894 2827 2947 vixisse
2853 2934 2868 2958 ,
2919 2910 3010 2947 nec
3054 2907 3173 2948 ante
3220 2910 3419 2950 annum

1853 2982 2059 3036 Domini
2109 2982 2318 3037 circiter
2365 2985 2469 3038 520
2494 2986 2629 3053 [etus
2678 3003 2800 3041 suos
2830 2987 3079 3041 edidisse.
3111 2987 3264 3053 Quod
3291 2990 3417 3059 qui-

1849 3078 1967 3130 dem
1997 3092 2063 3131 ex
2093 3090 2158 3132 eo
2203 3077 2417 3148 probari
2465 3096 2624 3150 posse
2666 3091 2819 3149 putat
2863 3082 2989 3153 quia
3032 3084 3082 3136 iu
3115 3096 3417 3140 memorata

1850 3170 2141 3226 collatione
2179 3170 2464 3243 Hypatius,
2515 3174 2795 3231 catholicae
2829 3176 2991 3231 totius
3034 3176 3289 3232 Ecclesia:
3325 3194 3422 3233 no-

1854 3262 2020 3327 mine,
2075 3261 2388 3319 Severianis
2431 3266 2778 3335 re5ponderit
2827 3266 2924 3321 hos
2976 3266 3142 3322 libros
3194 3268 3421 3339 Cyrillo,

1849 3362 2145 3419 Athanasio
2182 3364 2410 3435 aliisque
2450 3364 2701 3421 Patribus
2739 3365 2955 3436 penitus
2986 3366 3149 3420 fuisse
3176 3363 3421 3434 incogni-

1854 3468 1977 3525 tos;
2010 3458 2104 3514 sed
2153 3457 2271 3513 leve
2312 3459 2534 3513 omnino
2565 3468 2648 3514 est
2694 3460 2835 3513 istud
2864 3459 3195 3529 probationis
3225 3473 3419 3529 genus.

1851 3549 1986 3606 Nam
2017 3551 2249 3606 Collatio
2282 3551 2369 3607 illa
2404 3551 2690 3607 concilium
2720 3554 3113 3607 cecutnenicnm
3148 3568 3252 3606 non
3298 3552 3420 3618 fuit,

1853 3659 1951 3699 nec
1992 3645 2285 3713 quidquam
2334 3644 2485 3700 hisce
2526 3648 2591 3700 de
2620 3646 2841 3715 scriptis
2872 3646 2987 3717 lege
3027 3646 3135 3700 lata
3168 3648 3418 3701 sancivit.

1854 3736 2117 3809 Hypatius
2163 3739 2346 3806 itaque
2376 3740 2539 3794 totius
2582 3725 2839 3794 Ecclesia:
2876 3739 3095 3794 nomine
3128 3754 3233 3794 non
3268 3740 3420 3795 locu-

1854 3842 1939 3887 tus
1993 3842 2124 3888 est:
2168 3832 2263 3888 sed
2307 3842 2365 3885 ut
2409 3834 2462 3887 in
2518 3816 2884 3901 hujuscemodi
2930 3832 3424 3887 concertationibus

1853 3924 1970 3980 ﬁeri
1999 3936 2163 3987 amat,
2194 3925 2504 3981 Severianis
2530 3928 2841 3980 eorumdctn
2873 3927 3202 3995 scriptorum
3231 3936 3423 3981 aucto-

1855 4021 2068 4075 ritatem
2112 4019 2492 4090 objicientibus
2526 4034 2591 4073 ex
2625 4029 2867 4088 tempore
2915 4018 3224 4086 respondit,
3258 4031 3320 4071 ea
3354 4017 3421 4070 de

1853 4114 2052 4183 quibus
2080 4114 2213 4168 nihil
2241 4114 2503 4169 hactenus
2519 4113 2872 4175 audierat,ah
2901 4111 3141 4181 antiquis
3166 4110 3421 4165 Patribus

1857 4223 1960 4263 non
1989 4206 2156 4263 fuisse
2178 4208 2416 4279 cognita.
2445 4204 2709 4261 Praeterea
2734 4205 3013 4260 Severiani
3046 4204 3131 4259 illa
3160 4207 3423 4269 citarunt,

1856 4316 1960 4355 non
1996 4309 2052 4353 ut
2082 4315 2223 4363 nova
2257 4309 2310 4354 et
2342 4312 2531 4353 recens
2558 4299 2728 4364 edita,
2754 4300 2847 4353 scd
2883 4309 2941 4355 ut
2967 4299 3259 4369 gestuinum
3291 4298 3423 4352 Dio-

1858 4394 1996 4466 nysii
2025 4393 2364 4464 Areopagitse
2385 4409 2542 4464 opus,
2563 4390 2679 4464 jam
2704 4392 2773 4446 ab
2798 4397 2914 4461 ejus
2937 4400 3098 4447 actate
3129 4393 3180 4446 in
3229 4390 3422 4461 vulgus

1854 4486 2137 4541 emissum.
2184 4483 2444 4556 Hypatius
2488 4499 2616 4538 vero
2678 4485 2971 4554 czeterique
3020 4482 3273 4539 catholici
3302 4521 3320 4548 ,
3366 4498 3425 4537 re

180 4617 281 4655 aue
306 4600 512 4653 eosdem
558 4596 741 4660 libros,
774 4591 958 4648 Graeca
1005 4592 1188 4662 lingua
1226 4591 1576 4658 conscriptos,
1616 4603 1748 4656 quo-
1786 4575 1828 4627 D
1861 4578 2123 4633 maturius
2170 4593 2441 4648 expensa,
2492 4577 2543 4632 id
2597 4590 2781 4632 verum
2833 4592 2955 4633 esse
3001 4578 3144 4633 ultro
3190 4578 3423 4632 confessi

186 4696 327 4747 uiam
353 4706 645 4746 teconomus
677 4686 927 4741 Ecclesia:
954 4682 1479 4752 Constantipolitanae
1501 4693 1547 4735 et
1569 4683 1747 4736 ctvteri

183 4787 333 4839 missi
368 4782 642 4837 Michaelis
673 4781 933 4850 legatione
954 4776 1161 4848 publica
1179 4777 1248 4829 ad
1276 4787 1499 4830 vestram
1526 4776 1749 4845 gloriam

183 4877 491 4945 compendio
527 4876 693 4943 {uncti
736 4872 979 4934 sunt;in
1023 4872 1135 4940 ipsa
1181 4870 1358 4939 vigilia
1403 4869 1749 4923 solemnitatis

183 4973 355 5026 sancti
402 4970 639 5040 Dionysii
696 4984 792 5037 pro
854 4983 1067 5021 munere
1114 4982 1300 5034 magno
1351 4965 1748 5032 susceperimus.

186 5067 341 5133 Quod
377 5068 571 5118 donum
602 5062 856 5116 devotioni
888 5073 1101 5125 nostra',
1132 5076 1193 5113 ac
1224 5058 1270 5112 si
1301 5058 1501 5110 caelitus
1530 5056 1751 5119 allatum

183 5178 216 5211 a
243 5158 377 5221 Deo,
407 5158 585 5210 divina
614 5167 689 5210 est
723 5155 897 5224 gratia
922 5163 1226 5222 prasecuta;
1268 5162 1319 5204 ut
1358 5153 1414 5203 in
1452 5150 1631 5203 eadem
1662 5164 1755 5200 no-

184 5263 261 5307 cte
284 5254 459 5305 decem
488 5261 534 5303 et
565 5266 744 5303 novem
784 5248 1213 5302 nominatissima:
1252 5248 1466 5299 virtutes
1500 5244 1555 5298 in
1588 5259 1755 5313 (egro-

184 5356 361 5401 torum
390 5343 667 5399 sanatione
697 5345 961 5399 variarum
986 5343 1352 5409 inﬁrmitatum
1382 5358 1445 5395 ea:
1468 5341 1755 5395 notissimis

179 5446 230 5491 et
270 5436 532 5492 vicinitati
563 5449 755 5489 nostra:
782 5436 1015 5500 personis
1059 5435 1335 5502 contiguis,
1368 5433 1435 5485 ad
1473 5432 1683 5485 laudem
1708 5440 1754 5485 et

180 5530 409 5601 gloriam
470 5529 553 5582 sui
596 5530 820 5582 nominis
876 5529 1202 5582 orationibus
1243 5537 1288 5579 et
1352 5525 1551 5579 meritis
1587 5524 1757 5577 excel-

179 5625 459 5679 lentissimi
496 5626 578 5677 sui
620 5625 867 5692 martyris
892 5622 1124 5676 Christus
1169 5622 1421 5675 Dominus
1452 5620 1517 5672 sit
1555 5624 1757 5685 operari

250 5829 296 5859 ⁸⁸
326 5826 498 5894 Epist.
532 5824 595 5876 ad
628 5822 877 5877 Carolum
910 5820 1342 5894 Calvumll’atr.
1375 5819 1489 5871 Lat.
1532 5826 1573 5873 ι.
1605 5816 1735 5894 (iiii,
1774 5815 1874 5869 col.
1905 5814 2017 5885 33).

179 5916 302 5972 Cap.
336 5889 425 5953 5-2.
508 5895 553 5926 δ’
584 5896 738 5963 Apud
779 5895 1024 5951 l’hottutn
1054 5896 1102 5949 in
1139 5893 1409 5954 Bibliotln,
1467 5894 1585 5944 cod.
1619 5889 1721 5944 ‘229

1858 4684 2001 4729 sunt.
2046 4673 2118 4729 At
2166 4686 2340 4739 neque
2386 4670 2668 4727 Severiani
2718 4671 2849 4727 illud
2898 4680 3049 4726 tanta
3097 4672 3421 4726 conﬁdentia

1860 4778 2291 4831 asseverassent,
2327 4766 2782 4835 nequelCatholici
2818 4780 3006 4821 eorum
3055 4767 3270 4818 tandem
3299 4765 3428 4818 sub-

1859 4862 2202 4931 scripsissent
2235 4860 2541 4922 sententiae,
2573 4860 2619 4914 si
2669 4858 2753 4913 hae
2797 4858 3199 4913 lucubrationes
3249 4874 3278 4911 a
3312 4869 3423 4913 lie-

1860 4956 2032 5010 decim
2066 4963 2273 5007 tantum
2301 4955 2481 5019 annis,
2512 4961 2569 5007 ut
2597 4951 2874 5008 contendit
2898 4950 3152 5008 Dalleus.
3193 4949 3428 5020 prodiis-

1858 5060 1975 5106 sent
2000 5050 2054 5104 in
2086 5050 2280 5105 lucem.

1930 5142 2269 5214 Quapropter
2311 5143 2400 5196 alii
2450 5156 2545 5196 eas
2590 5142 2746 5210 longe
2780 5140 2861 5194 his
2906 5141 3245 5209 temporibus
3288 5142 3431 5195 anti~

1861 5241 2082 5309 quiores
2108 5254 2227 5293 esse
2252 5238 2546 5292 aliirmant.
2586 5238 2760 5306 Atque
2790 5246 2849 5288 ut
2876 5236 2927 5288 id
2959 5236 3212 5302 probent,
3246 5243 3431 5287 osten-

1862 5337 1996 5387 dunt
2024 5335 2198 5403 primo
2226 5334 2294 5387 ab
2326 5332 2573 5401 Ephraem
2606 5328 2909 5400 patriarcha
2938 5328 3279 5379 Antiocheno
3312 5326 3431 5377 illas

1868 5426 2120 5496 Dionysio
2152 5423 2493 5493 Areopagitae
2528 5423 2609 5476 his
2640 5421 2817 5474 verbis
2858 5419 3019 5471 tribui
3049 5418 3093 5448 δ’
3126 5439 3137 5472 ;
3171 5416 3433 5481 Quoniam

1864 5533 1910 5573 et
1946 5518 2169 5587 simplex
2208 5517 2366 5571 Jesus
2410 5515 2821 5586 componebatur
2858 5515 3141 5565 secundum
3189 5516 3427 5559 sanctum

1867 5615 2172 5683 Dionysium
2199 5613 2583 5681 dreapagitam.
2624 5608 2839 5678 Ἐπειδὴ
2868 5608 2961 5661 καὶ
2988 5604 3193 5663 ἁπλοῦς
3229 5601 3430 5671 Ἰησοῦς

2105 5814 2146 5846 ⁸⁷
2183 5815 2347 5870 Marc.
2390 5813 2443 5879 9,
2472 5814 2558 5866 '57.
2639 5811 2683 5843 ⁴⁸
2718 5808 2793 5864 De
2820 5810 2908 5861 lib.
2946 5821 3157 5873 supras.
3202 5801 3404 5869 Iliongjs
