4198 6304
823 336 885 394 i‘l
1902 340 1957 394 S.
2003 338 2369 397 DlONYSiUS
2401 336 2743 396 AREOPAGI
2750 339 2858 396 TA.
3962 354 4029 408 .53

820 450 1073 527 συνετέῦη
1105 456 1247 510 κατὰ
1272 456 1360 510 τὸν
1390 457 1448 513 ἐν
1475 455 1587 519 τοῖς
1606 457 1779 533 ἁγίοις
1818 458 2224 531 Ἀρεωπαγίτην
2262 462 2376 513 Διο-
2404 468 2447 521 Α

2368 468 2447 521 -Α
2478 459 2707 514 inlibris
2752 461 2851 529 ipsi
2892 460 3142 531 ascriptis
3182 462 3348 515 etiam
3380 468 3521 516 nunc
3562 460 3741 533 legere
3777 476 3879 519 est.
3920 466 4026 521 Sed

817 537 1015 603 νύσιὸν.
1045 538 1205 618 Atqui
1235 548 1477 619 Ephraem
1502 552 1809 619 patriarcha
1831 552 2198 607 Antiochenus
2223 569 2373 607 crea-

818 653 906 695 tus
936 653 1019 697 est
1052 657 1173 696 cum
1217 638 1553 698 Jnstinianns
1595 658 1738 698 anno
1778 644 1881 699 526
1920 645 1988 699 ad
2035 642 2247 715 imperii
2276 663 2374 715 gu-

818 734 1106 791 hernacula
1153 735 1403 798 accessit,
1450 745 1503 788 et
1550 735 1775 805 ipsemet
1817 736 2061 806 Ephrzem
2102 751 2227 793 ante
2270 756 2371 793 an—

820 846 943 883 num
976 828 1079 883 545
1110 825 1217 904 fato
1262 828 1477 884 iunctus
1516 840 1618 883 est.
1658 829 1899 902 Dionysii
1945 834 2107 887 etiam
2155 832 2372 888 homine

821 930 930 974 non
976 920 1144 975 semel
1172 922 1410 975 citantur
1460 922 1526 976 ab
1562 922 1775 977 Andrea
1805 923 2126 1000 Ctesariensi
2159 930 2368 995 episco-

820 1029 913 1081 po,
936 1017 1025 1083 qui
1059 1016 1201 1070 circa
1249 1031 1445 1088 annum
1494 1015 1597 1070 500
1644 1000 1807 1073 libros
1853 1034 1980 1073 suos
2026 1006 2283 1076 edidit".
2313 1021 2367 1076 In

820 1107 889 1161 iis
913 1108 1109 1181 quippe
1139 1108 1336 1164 nullius
1364 1111 1643 1180 scriptoris
1686 1110 1842 1167 beato
1870 1110 2073 1184 Cyrillo
2105 1118 2367 1170 recentio-

820 1199 914 1266 ris,
952 1201 1042 1257 ille
1066 1202 1287 1272 protulit
1317 1202 1704 1259 testimonium.

890 1294 1045 1348 Aliud
1085 1294 1324 1363 ejusdem
1376 1297 1716 1365 antiquitatis
1746 1308 2143 1366 argumentum,
2190 1298 2370 1354 minus

819 1397 999 1441 tamen
1055 1398 1285 1452 certum,
1335 1388 1550 1443 elicitur
1588 1404 1649 1442 es
1699 1388 2088 1465 scholiisquae
2133 1390 2369 1465 Joannes

819 1480 1315 1551 Scythopolitanus,
1347 1488 1479 1535 teste
1522 1479 1806 1535 Anastasio
1846 1461 2367 1549 Bibliothecario,in

818 1575 1055 1645 Dionysii
1085 1574 1254 1643 Opera
1289 1575 1609 1644 ceniposuit.
1655 1574 1786 1629 Nam
1812 1585 1999 1629 contra
2038 1576 2176 1631 hunc
2202 1576 2369 1633 Joan-

818 1685 974 1735 nem,
1042 1669 1133 1735 qui
1200 1668 1410 1722 concilii
1480 1667 1933 1725 Chalcedonensis
2000 1671 2367 1729 defensionem

820 1776 1164 1836 susceperat,
1199 1766 1416 1833 scripsit
1446 1763 1675 1820 Basilius
1701 1765 1865 1829 Cilix,
1891 1766 2001 1834 qui,
2036 1778 2095 1822 ut
2128 1771 2202 1823 ait
2230 1768 2368 1825 Pho-

811 1861 922 1913 t‘ius
967 1854 1034 1923 “,
1085 1859 1351 1928 presbyter
1400 1858 1501 1926 fuit
1550 1856 1798 1913 Ecclesia:
1849 1858 2218 1927 Antiocheam,
2264 1880 2365 1933 quo

810 1964 1038 2021 tempore
1068 1951 1308 2007 thronum
1341 1952 1411 2004 ibi
1443 1952 1645 2004 tenebat
1699 1949 2006 2018 Flavianus,
2045 1951 2367 2026 Romanique

811 2048 1016 2102 clauum
1074 2045 1276 2115 imperii
1340 2046 1710 2098 moderabatur
1760 2047 2113 2110 Anastasius,
2163 2047 2213 2101 id
2282 2057 2366 2102 est

813 2138 957 2192 circa
990 2154 1190 2191 antnnn
1234 2136 1357 2190 500.
1388 2136 1779 2191 Verumtamen
1809 2152 1929 2191 cum
1958 2137 2100 2193 idem
2130 2139 2365 2195 Anasta-

812 2230 927 2285 sius
945 2229 1173 2300 primam
1202 2229 1525 2297 scriptorunt
1555 2228 1794 2300 Dionysii
1820 2229 2145 2285 mentionem
2164 2248 2191 2286 a
2220 2247 2364 2286 sum-

817 2302 920 2380 mis
972 2324 1316 2395 pontilicibus
1357 2320 1635 2390 Gregorio
1665 2320 1881 2393 Magno,
1923 2321 2175 2391 Martiae,
2219 2328 2363 2396 Ago--

816 2420 979 2474 thone
1010 2416 1122 2471 ﬁeri
1148 2424 1399 2479 testetur,
1434 2414 1523 2468 ille
1549 2414 1732 2484 procul
1762 2416 1925 2470 dubio
1955 2415 2037 2469 vel
2069 2432 2256 2471 errore
2280 2418 2366 2473 vel

814 2511 1085 2565 memoriae
1123 2506 1275 2577 lapsu
1330 2507 1498 2561 falsus
1534 2516 1644 2569 est;
1678 2523 1777 2562 nec
1810 2508 1940 2561 tanti
1964 2508 2197 2575 proinde
2229 2526 2363 2578 pon-

810 2602 954 2656 deris
985 2610 1161 2669 potest
1186 2615 1308 2653 esse
1348 2597 1462 2665 ejus
1499 2601 1814 2654 auctoritas.
1864 2598 2005 2653 Idem
2036 2615 2247 2669 quoque
2283 2601 2363 2653 di-

814 2695 1041 2750 cendum
1072 2694 1139 2746 de
1162 2693 1452 2746 Anastasio
1477 2690 1707 2757 Sinaita,
1736 2691 1824 2760 qui
1844 2700 1967 2744 ante
1994 2691 2170 2745 saeculi
2190 2693 2359 2761 quinti

813 2786 974 2841 ﬁnem
1026 2784 1337 2855 Dionysium
1386 2782 1674 2839 Rhetorem
1715 2782 1817 2836 alia
1868 2781 2115 2837 similiter
2158 2783 2362 2838 scholia

811 2879 865 2931 in
894 2878 1107 2932 easdem
1153 2874 1391 2946 Dionysii
1440 2873 1775 2943 AreOpagitae
1823 2874 2220 2949 lucubrationes
2264 2891 2363 2942 pu-

810 2969 1038 3023 blicasse
1082 2977 1306 3023 testatus
1349 2965 1759 3021 est..Cteterum
1787 3004 1804 3031 ,
1837 2966 2182 3035 quantumvis
2219 2977 2369 3021 uter-

813 3079 919 3131 que
948 3057 1267 3117 Anastasius
1294 3074 1545 3128 peccasse
1568 3059 1802 3125 dicatur,
1818 3068 2023 3113 certum
2047 3066 2223 3113 tamen
2247 3074 2364 3113 esse

812 3155 974 3207 debet
998 3169 1090 3207 eos
1117 3168 1212 3206 nec
1236 3152 1456 3205 ﬁnxisse
1484 3166 1584 3205 nec
1601 3151 1871 3205 divinasse
1898 3150 2101 3205 scholia
2121 3150 2366 3217 hujusce-
2392 3172 2434 3230 ο

812 3248 957 3302 tnodi
1004 3244 1172 3299 fuisse
1216 3244 1510 3312 aliquando
1554 3246 1622 3296 ah
1666 3244 1757 3297 his
1796 3240 2150 3312 scriptoribus
2198 3243 2363 3299 edita.

811 3341 914 3410 Qui
947 3350 1128 3394 autem
1159 3322 1364 3393 Scholia
1403 3338 1454 3391 in
1486 3346 1759 3391 auctorem
1806 3338 2090 3405 quemdam
2124 3337 2363 3392 conscri-

814 3437 966 3496 buttt,
999 3448 1117 3485 eum
1146 3446 1244 3498 pro
1273 3430 1439 3484 veteri
1466 3438 1520 3481 et
1555 3430 1731 3497 tnagni
1761 3430 1997 3484 nominis
2019 3430 2136 3483 viro
2167 3430 2365 3484 habere

814 3527 1005 3579 solent.
1036 3523 1134 3576 Diu
1165 3536 1296 3591 ergo
1335 3534 1461 3575 ante
1496 3520 1749 3575 satculum
1775 3521 2020 3591 quintum
2052 3520 2362 3593 Dionysiani

812 3620 931 3673 libri
962 3616 1258 3687 pervulgati
1288 3615 1523 3669 fuerunt.

888 3710 1019 3765 Illud
1049 3725 1177 3765 vero
1206 3709 1289 3762 his
1319 3708 1526 3762 accedit
1552 3706 1761 3761 roboris
1784 3715 1838 3761 et
1866 3705 2187 3761 firmamenti
2220 3708 2364 3776 quod

811 3803 1005 3859 Suidas
1035 3802 1081 3834 ⁸²
1108 3799 1548 3870 etPacbymeres
1585 3799 1634 3830 ⁸⁸
1673 3800 1910 3868 tradunt,
1949 3800 2152 3869 aliquos
2196 3810 2366 3853 exter-

812 3914 904 3950 nos
929 3895 1279 3965 philosophos,
1320 3894 1606 3962 prmertim
1640 3889 1887 3946 Proclttm
1912 3923 1928 3950 ν
1974 3892 2363 3959 contemplatio-

815 3992 964 4043 nibus
1008 3988 1246 4064 Dionysii
1276 3988 1573 4056 frequenter
1618 4000 1770 4037 usum
1821 3983 1997 4050 fuisse,
2030 3994 2185 4052 atque
2233 3985 2361 4037 adeo

810 4084 968 4138 etiam
999 4080 1153 4132 meris
1191 4080 1317 4148 ipsis
1355 4078 1688 4131 dictionibus.
1732 4076 1786 4129 Si
1831 4086 1989 4129 certa:
2036 4077 2195 4145 igitur
2238 4076 2359 4129 ﬁdei

812 4176 921 4229 sint
953 4174 1070 4227 haec
1110 4171 1444 4235 testimonia,
1480 4169 1752 4224 latendum
1782 4180 1864 4223 est
1906 4170 2363 4239 contemplationes

816 4265 1054 4335 Dionysii
1094 4262 1290 4317 Procio
1337 4261 1451 4327 illo,
1500 4260 1590 4329 qui
1638 4261 1737 4314 sub
1771 4260 1949 4313 Leone
1994 4259 2203 4314 Thrace
2252 4275 2364 4315 me-

814 4360 960 4413 dium
993 4357 1215 4412 circiter
1241 4355 1495 4410 steculum
1545 4354 1790 4423 quintum
1834 4352 1986 4407 libris
2019 4352 2362 4407 conﬁciendis

812 4467 1029 4522 operam
1075 4450 1240 4515 dedit,
1286 4463 1407 4503 esse
1450 4446 1803 4515 antiquiores.
1849 4446 2206 4513 Quamobrem
2254 4462 2358 4500 non

2473 556 2690 622 quidam
2715 554 2871 621 hujus
2902 554 3349 625 historiographi,
3378 571 3535 623 quem
3568 558 4027 613 fabulosissimunt

2470 659 2592 698 esse
2626 645 2832 713 dicunt,
2875 646 3244 701 auctoritatem
3309 646 3521 703 elevare
3563 650 3740 705 conati
3777 668 3791 705 :
3841 650 4029 715 Verba,

2475 740 2747 815 inquiunt,
2776 719 2841 794 ea:
2877 742 3067 796 nostris
3102 742 3437 813 Dionysiam’s
3464 745 3719 813 descripta
3766 745 4029 815 Nicepho-

2471 812 2561 883 rus
2584 830 2788 884 videtur
2828 833 2935 899 ipse
2964 821 3135 901 potius
3162 818 3226 884 de
3247 812 3352 885 suo
3382 812 3656 902 adjecisse,
3694 838 3762 889 ad
3789 812 4030 893 Juvena-

2471 923 2537 976 lis
2579 926 2931 978 narrationem
2978 923 3427 992 confirmandam,
3473 936 3627 995 quam
3670 945 3731 981 ea
3777 928 4032 987 Juvenali

2472 1017 2731 1071 tribuisse.
2771 1016 2862 1071 llis
2898 1030 3077 1072 autem
3124 1020 3168 1071 si
3212 1019 3441 1087 ohjicias
3492 1020 3849 1090 Nicephorum
3877 1025 4031 1080 clare

2470 1121 2526 1164 et
2558 1110 2838 1178 perspicue
2867 1109 3131 1165 allirmare
3172 1111 3441 1181 ipsissima
3473 1110 3746 1167 Juvenaiis
3783 1117 3939 1169 verba
3994 1131 4028 1171 τι

2470 1214 2531 1255 se
2556 1199 2721 1256 fuisse
2750 1202 3041 1272 descripta,
3074 1214 3343 1273 reponunt
3369 1204 3511 1257 illico
3543 1222 3556 1257 :
3590 1204 3870 1261 Historicis
3891 1225 4028 1261 scn-

2469 1295 2704 1364 ptoribus
2742 1297 2969 1351 solemne
2996 1313 3126 1361 esse,
3157 1298 3410 1360 homines,
3436 1299 3501 1351 de
3540 1300 3726 1367 quibus
3765 1303 4025 1365 scribunt,

2467 1403 2530 1440 ea
2557 1388 3068 1451 dicentes-inducere,
3097 1370 3197 1441 non
3219 1404 3336 1457 qua:
3360 1400 3477 1443 vere
3499 1407 3560 1442 ac
3588 1400 3729 1445 certo
3748 1393 4023 1457 dixerunt,

2469 1479 2561 1532 sed
2581 1496 2697 1545 qua:
2727 1480 2845 1534 illos
2874 1480 2975 1547 ipsi
2999 1479 3171 1533 dicere
3196 1484 3424 1547 patuisse
3450 1491 3655 1549 putant.

2544 1571 2650 1627 Sed
2683 1574 2807 1628 huic
2854 1574 3186 1643 responsioni
3216 1573 3372 1640 plura
3422 1588 3720 1645 repugnare
3750 1577 4026 1635 videntur.

2470 1664 2710 1720 Primum
2771 1666 2911 1720 enim
2963 1667 3028 1720 de
3086 1682 3401 1738 quocunque
3454 1670 3562 1723 alio
3610 1670 3897 1739 scriptore,
3928 1674 4026 1739 qui

2471 1743 2701 1810 aliorum
2732 1744 2919 1811 verba
2969 1771 3360 1829 sermoneque
3411 1761 3768 1825 transcribit,
3833 1763 4025 1817 eadem

2470 1849 2638 1904 etiam
2672 1851 2775 1905 diei
2809 1864 3046 1921 possent.
3080 1853 3230 1921 Quod
3264 1871 3394 1911 sane
3436 1872 3598 1925 quam
3643 1858 3834 1912 falsum
3862 1861 3930 1913 sit
3968 1865 4029 1910 et

2468 1941 2783 2011 absurdum,
2820 1958 2975 2000 nemo
3005 1962 3107 2001 non
3142 1949 3305 2005 videt.
3338 1950 3535 2003 Deinde
3588 1949 3883 2019 Nicephoro
3912 1967 4025 2007 non

2470 2036 2637 2090 moris
2670 2047 2747 2091 est
2782 2038 3024 2095 homines
3058 2052 3122 2092 ea
3150 2039 3392 2094 dicentes
3434 2038 3710 2105 inducere,
3746 2056 3863 2109 qua:
3902 2040 4027 2095 illos

2471 2130 2583 2197 ipse
2632 2128 2815 2184 dicere
2861 2130 3098 2199 patuisse
3142 2131 3389 2201 putabat,
3428 2133 3521 2186 sed
3552 2147 3673 2202 quae
3714 2135 3749 2188 ii
3794 2149 3918 2189 vere
3959 2151 4031 2190 ac

2468 2232 2618 2276 certo
2650 2222 2921 2278 dixerunt.
2972 2222 3257 2278 Postremo
3310 2222 3536 2279 Michael
3590 2224 3786 2295 Glycas
3833 2228 4031 2283 scribit

2470 2314 2521 2367 in
2559 2312 2846 2367 Annalibus
2878 2315 3182 2385 sepulcrum
3219 2314 3312 2370 Dei
3357 2315 3643 2372 Genitricis
3672 2319 3851 2373 Mariae
3877 2336 4031 2390 cum,

2469 2404 2793 2458 adveniente
2823 2402 3051 2471 Thema,
3082 2417 3324 2474 apertum
3375 2408 3588 2476 luisset,
3618 2411 3667 2463 in
3721 2412 3810 2464 illo
3830 2425 4033 2481 prater

2468 2494 2780 2563 sepulcrales
2818 2497 3031 2549 exuvias
3067 2496 3200 2550 nihil
3254 2497 3401 2553 aliud
3446 2510 3731 2567 repertum.
3766 2504 3939 2571 Atque
3976 2506 4032 2559 id

2468 2586 2685 2651 quidem
2711 2586 2911 2642 Grzecte
2950 2586 3240 2656 Nicephori
3289 2590 3588 2645 narrationi
3635 2595 3857 2647 omnino
3898 2611 4034 2649 enti-

2466 2677 2637 2744 gruit,
2671 2677 2759 2731 ubi
2795 2692 2897 2731 vox
2930 2678 3113 2733 Graeca
3139 2663 3243 2735 non
3269 2678 3597 2747 sepulcrum,
3629 2684 3723 2738 sed
3753 2687 4031 2754 sepulcra-

2468 2766 2542 2820 les
2576 2768 2793 2821 exuvias
2822 2767 3106 2838 signiﬁcat.

2538 2860 2674 2926 Quid
2729 2862 2869 2930 quod
2939 2860 3303 2930 Hieronymus
3374 2877 3476 2916 non
3532 2865 3710 2921 ntinus
3771 2858 4030 2926 distincte

2466 2946 2853 3024 quamauctor
2879 2964 3061 3006 noster
3094 2968 3287 3007 novem
3318 2955 3633 3023 angelorum
3679 2961 3894 3017 ordines
3928 2978 4034 3032 po-

2466 3044 2664 3101 suit"?
2712 3046 2863 3101 Unde
2900 3060 3030 3115 ergo
3064 3047 3201 3099 hanc
3230 3047 3295 3099 de
3332 3048 3535 3116 angelis
3575 3050 3871 3108 doctrinam
3914 3060 4032 3111 nisi

2466 3156 2531 3194 ex
2560 3140 2676 3207 ejus
2705 3141 2858 3194 libris
2883 3149 3155 3193 mutuatus
3180 3139 3303 3192 est?
3334 3136 3526 3195 Verum
3571 3140 3684 3198 haec
3713 3146 4031 3213 conjectura

2469 3248 2573 3287 non
2596 3234 2817 3288 omnino
2864 3234 2992 3288 felix
3016 3248 3137 3289 esse
3167 3224 3399 3287 videtur.
3426 3235 3555 3300 Quis
3585 3238 3728 3291 enim
3763 3238 4031 3314 Hiemny-

2467 3344 2609 3381 mum
2639 3345 2702 3384 es
2733 3330 2918 3383 eodem
2952 3343 3014 3381 ac
3057 3329 3286 3397 scriptor
3315 3338 3521 3394 noster,
3551 3346 3829 3388 sacrarum
3868 3336 4029 3393 Seri-

2467 3436 2746 3495 pturarum
2782 3422 2927 3473 fonte
2962 3419 3104 3473 illam
3132 3420 3349 3475 haurire
3380 3424 3621 3488 potuisse
3663 3426 4031 3487 inliciabitnr?

2464 3518 2596 3584 Quis
2627 3515 2791 3569 etiam
2822 3522 3096 3566 auctorem
3126 3523 3385 3577 nostrum,
3432 3522 3617 3585 utpote
3641 3522 4028 3592 recentiorem,

2463 3623 2530 3663 ex
2564 3607 2889 3677 Hieronymo
2938 3618 3032 3657 sua
3069 3603 3433 3674 desumpsisse
3462 3608 3577 3675 pari
3603 3608 3725 3679 jure
3756 3610 4031 3672 afﬁrmare

2466 3715 2569 3754 non
2608 3699 2837 3768 poterit?

2533 3791 2961 3847 Probabiliorem
3019 3788 3242 3842 forsitan
3301 3790 3366 3843 de
3422 3788 4024 3866 Pseudo-Dionysiano-

2464 3900 2585 3940 rum
2608 3884 2841 3952 Operam
2871 3880 3194 3949 antiquitate
3218 3879 3586 3947 conjecturam
3616 3885 3738 3940 inde
3763 3890 4025 3958 accipies,

2464 3975 2605 4046 quod
2658 3974 2893 4027 nonnulli
2950 3988 3011 4027 ea
3085 3971 3378 4040 Apollinari
3433 3983 3489 4028 et
3540 3977 3785 4046 Didymo,
3842 3984 4026 4043 quarti

2466 4068 2643 4123 saeculi
2669 4066 3039 4133 scriptoribus,
3071 4064 3498 4133 assignaverint;
3545 4083 3606 4119 ac
3653 4069 3876 4136 proinde
3904 4072 4024 4129 haec

2464 4162 2648 4216 eadem
2682 4159 2854 4228 Opera
2886 4158 2990 4212 illis
3021 4157 3353 4233 temporibus
3372 4157 3482 4223 jam
3509 4156 3559 4210 in
3605 4160 3791 4229 vulgus
3828 4178 4025 4233 sparsa

2462 4251 2628 4305 fuisse
2659 4250 2947 4304 habuerint
2995 4262 3337 4316 persuasum.
3376 4248 3479 4302 Sed
3526 4262 3647 4301 cunt
3699 4251 3832 4304 nihil
3873 4258 4023 4322 quod

2460 4341 2786 4412 Apollinaris
2826 4350 2879 4395 et
2936 4339 3143 4409 Didymi
3172 4340 3444 4394 erroribus
3479 4350 3637 4410 atque
3660 4342 3916 4397 doctrina:
3947 4347 4024 4399 sit

2462 4450 2761 4490 consonum
2793 4436 2845 4488 in
2898 4432 3083 4487 iisdem
3126 4431 3343 4500 scriptis
3389 4444 3666 4500 occurrat,
3706 4444 3812 4489 tota
3866 4450 4023 4492 certe

808 4547 1182 4616 jure.prorsus
1205 4538 1475 4593 immerito
1505 4537 1747 4590 Morinos
1773 4537 1817 4569 ⁸⁵
1849 4554 1861 4589 :
1895 4537 2091 4591 Saltem
2115 4538 2362 4590 librorum
2398 4528 2439 4581 D
2467 4536 2652 4583 errant
2684 4528 2787 4587 via,
2819 4528 2906 4593 qui
2945 4540 3005 4576 ea
3038 4523 3394 4616 scriptoribus
3440 4523 3543 4577 illis
3580 4527 3913 4593 adjndicatit.
3961 4530 4024 4583 Si

814 4640 1034 4690 istorum
1064 4630 1301 4697 scriptio,
1330 4630 1524 4697 inquit,
1549 4629 1700 4680 initio
1734 4629 1901 4697 quinti
1930 4630 2134 4691 saeculi,
2166 4641 2212 4682 et
2243 4643 2362 4685 ante

810 4726 1018 4783 concilii
1076 4722 1511 4776 Chalcedonensis
1586 4721 2012 4775 celebrationem'
2044 4723 2360 4792 assignandu

810 4830 909 4886 est,
958 4833 1048 4870 nec
1105 4814 1214 4867 ulla
1254 4812 1455 4865 ratione
1499 4812 1755 4880 probabili
1803 4814 1871 4866 ad
1925 4813 2142 4879 inferius
2190 4830 2359 4867 meum

811 4910 998 4966 revolvi
1044 4915 1231 4975 potest.
1272 4906 1540 4959 Lauuoius
1588 4919 1715 4959 vero
1758 4915 1996 4976 tempore
2046 4910 2230 4976 prima:
2273 4925 2359 4979 sy-

813 5004 935 5056 nodi
973 5000 1276 5068 Ephesinte,
1309 5005 1365 5047 et
1399 4994 1657 5048 Erasmus
1685 4996 1967 5064 Augustini
1994 5005 2148 5052 aetate
2174 5011 2358 5051 aucto-

812 5112 925 5152 rem
962 5104 1202 5147 nostrum
1236 5089 1429 5142 vixisse
1455 5086 1804 5140 arbitrantur.

883 5188 1078 5242 δίηται
1114 5199 1276 5253 porro
1307 5178 1639 5247 Nicephorus
1681 5177 2075 5245 l“’Juvenaletn,
2108 5182 2359 5237 Hieroso-

799 5262 1083 5354 lymttanae
1123 5275 1273 5327 urbis
1302 5272 1635 5337 episcOpum,
1667 5268 1957 5323 Pulclieria:
2000 5272 2251 5337 Augusta:
2291 5275 2355 5325 de

801 5386 1036 5441 corpore
1103 5368 1332 5436 virginis
1396 5365 1635 5432 Deiparze
1709 5364 2061 5433 interroganti
2133 5382 2351 5433 respon—

800 5473 1050 5527 dentem,
1102 5475 1163 5515 ea
1202 5470 1399 5511 omma‘
1437 5456 1672 5525 Diutiysii
1718 5456 1932 5511 nomine
1987 5456 2204 5522 citassc,
2236 5475 2355 5528 qua:

875 5656 923 5688 ⁸⁸
952 5653 1235 5707 Comment.
1284 5648 1341 5699 in
1395 5642 1630 5709 Apocal.,
1678 5655 1750 5704 XI,
1782 5654 1894 5702 stu,
1934 5655 2057 5700 va,

802 5730 901 5781 Dio
914 5742 1027 5795 ttys.

804 5815 913 5851 rers
929 5839 942 5853 .
993 5795 1237 5861 Ruﬁnum

2131 5644 2177 5677 ⁸¹
2225 5641 2473 5697 Biblioth.
2528 5638 2797 5694 rod.107.

1138 5691 1755 5773 ἱλνὸευδῑάἷηαιί
2040 5691 2495 5787 quintis-apii}.
2526 5691 2698 5762 ⁸⁷12(
2748 5708 2791 5738 ⁵⁸
2826 5707 2962 5760 llist.
2998 5707 3032 5758 l.
3064 5716 3151 5767 xv,
3182 5699 3302 5769 cap'.
3334 5696 3417 5746 M-
3493 5692 3541 5724 "
3568 5693 3788 5761 ΑρυίυέΙ·
3819 5691 3874 5744 2·
3926 5708 3994 5751 αα

2467 4639 2595 4693 ergo
2633 4624 2684 4675 in
2724 4623 2825 4675 hoc
2871 4630 2977 4671 tam
3032 4613 3338 4669 immaniter
3364 4629 3392 4666 a
3424 4629 3553 4668 vero
3596 4616 4017 4683 aberraverunt,

2465 4716 2647 4787 quidni
2679 4725 2728 4768 et
2763 4715 2907 4769 circa
2942 4721 3148 4779 tempus
3178 4727 3283 4780 quo
3310 4711 3496 4764 eadem
3522 4711 3720 4778 scripta
3751 4712 4027 4779 prodiisse

2464 4809 2855 4881 opinabantur?

2537 4905 2686 4958 Hanc
2719 4913 2901 4956 tamen
2927 4897 3184 4967 temporis
3215 4894 3634 4964 assignationetu
3662 4910 3840 4946 veram
3875 4911 4021 4961 essm

2464 5012 2529 5050 ac
2574 4998 2753 5051 omnia
2784 4992 3017 5047 auctoris
3045 4989 3210 5043 nostri
3240 4987 3439 5054 scripta
3484 4995 3769 5053 postremts
3803 4986 4021 5041 Eusebii

2467 5090 2800 5159 temporibus
2830 5086 3043 5155 vulgata
3075 5096 3194 5136 esse.
3216 5095 3280 5135 eo
3305 5079 3536 5150 probant
3561 5077 3683 5143 quia
3728 5076 3780 5129 in
3811 5077 4021 5145 Grego-

2467 5163 2531 5239 i‘ii
2586 5180 2915 5237 Nazianzetti
2964 5173 3419 5231 lucubrationibus
3464 5169 3613 5236 plura
3663 5183 3691 5219 a
3742 5168 3916 5233 Billio,
3966 5180 4024 5221 ct

2468 5273 2568 5324 alia
2598 5272 2837 5340 quaedam
2887 5285 2916 5321 a
2972 5265 3165 5318 [)allzco
3207 5262 3493 5314 observata
3537 5258 3896 5324 reperiuntur,
3954 5261 4024 5315 iis

2458 5380 2579 5434 qua:
2600 5362 2882 5429 Dionysius
2922 5357 3161 5425 scripsit,
3196 5366 3415 5420 prorsus
3447 5348 3662 5401 similia.
3699 5348 3858 5414 Atqui
3895 5348 4023 5402 Din.

2463 5462 2647 5530 nysius
2683 5459 2769 5513 illa
2802 5475 2831 5510 a
2878 5454 3135 5524 Gregorio
3183 5463 3285 5502 non
3327 5454 3411 5498 est
3454 5453 3752 5505 mutuatus,
3833 5457 4020 5513 utpote

2873 5637 2918 5667 δ’
2947 5634 3000 5688 ltt
3040 5630 3325 5686 Collectan.
3403 5623 3447 5654 ⁸³
3477 5623 3707 5675 Praaem.
3756 5624 3808 5674 in
3842 5620 4020 5690 Opem.
