  <div class='ocr_page' id='page_1' title='image "/cluster/home/n/w/nwhite01/storage/ocr_20150623/3/pst.000003853313/035.png"; bbox 0 0 4198 6304; ppageno 0'>
   <div class='ocr_carea' id='block_1_1' title="bbox 757 420 4007 481">
    <p class='ocr_par' dir='ltr' id='par_1_1' title="bbox 757 420 4007 481">
     <span class='ocr_line' id='line_1_1' title="bbox 757 420 4007 481; baseline -0.001 0"><span class='ocrx_word' id='word_1_1' title='bbox 757 427 813 481; x_wconf 72' lang='grc'>51</span> <span class='ocrx_word' id='word_1_2' title='bbox 1841 422 1899 479; x_wconf 85' lang='lat' dir='ltr'><strong>S.</strong></span> <span class='ocrx_word' id='word_1_3' title='bbox 1939 420 2304 481; x_wconf 80' lang='lat' dir='ltr'><strong>DIONYSIUS</strong></span> <span class='ocrx_word' id='word_1_4' title='bbox 2342 420 2799 479; x_wconf 79' lang='lat' dir='ltr'><strong>AREOPAGITA.</strong></span> <span class='ocrx_word' id='word_1_5' title='bbox 3932 425 4007 479; x_wconf 75' lang='lat'><strong>5::</strong></span> 
     </span>
    </p>
   </div>
   <div class='ocr_carea' id='block_1_2' title="bbox 757 514 4001 582">
    <p class='ocr_par' dir='ltr' id='par_1_2' title="bbox 757 514 4001 582">
     <span class='ocr_line' id='line_1_2' title="bbox 757 514 4001 582; baseline -0.001 -5"><span class='ocrx_word' id='word_1_6' title='bbox 757 529 879 577; x_wconf 86' lang='lat' dir='ltr'><strong>dem</strong></span> <span class='ocrx_word' id='word_1_7' title='bbox 937 516 1176 577; x_wconf 84' lang='lat' dir='ltr'><strong>auctoris</strong></span> <span class='ocrx_word' id='word_1_8' title='bbox 1237 519 1405 575; x_wconf 83' lang='lat' dir='ltr'><strong>nostri</strong></span> <span class='ocrx_word' id='word_1_9' title='bbox 1460 534 1632 573; x_wconf 67' lang='lat' dir='ltr'><strong>mvum</strong></span> <span class='ocrx_word' id='word_1_10' title='bbox 1689 519 1740 573; x_wconf 87' lang='lat' dir='ltr'><strong>in</strong></span> <span class='ocrx_word' id='word_1_11' title='bbox 1810 518 2055 573; x_wconf 83' lang='lat' dir='ltr'><strong>Ecclesia</strong></span> <span class='ocrx_word' id='word_1_12' title='bbox 2090 534 2226 574; x_wconf 88' lang='lat' dir='ltr'><strong>voce</strong></span> <span class='ocrx_word' id='word_1_13' title='bbox 2269 529 2326 571; x_wconf 87' lang='lat' dir='ltr'><strong>et</strong></span> <span class='ocrx_word' id='word_1_14' title='bbox 2357 529 2400 582; x_wconf 75' lang='grc' dir='ltr'><strong>Α</strong></span> <span class='ocrx_word' id='word_1_15' title='bbox 2430 519 2549 573; x_wconf 90' lang='lat' dir='ltr'><strong>dem</strong></span> <span class='ocrx_word' id='word_1_16' title='bbox 2578 517 2776 581; x_wconf 89' lang='lat' dir='ltr'><strong>Ficini,</strong></span> <span class='ocrx_word' id='word_1_17' title='bbox 2808 514 3028 571; x_wconf 62' lang='lat' dir='ltr'><strong>Basilea</strong></span> <span class='ocrx_word' id='word_1_18' title='bbox 3057 530 3200 572; x_wconf 89' lang='lat' dir='ltr'><strong>anno</strong></span> <span class='ocrx_word' id='word_1_19' title='bbox 3239 515 3408 582; x_wconf 82' lang='lat'><strong>1576;</strong></span> <span class='ocrx_word' id='word_1_20' title='bbox 3452 517 3592 573; x_wconf 89' lang='lat' dir='ltr'><strong>liber</strong></span> <span class='ocrx_word' id='word_1_21' title='bbox 3631 533 3765 573; x_wconf 86' lang='lat' dir='ltr'><strong>vero</strong></span> <span class='ocrx_word' id='word_1_22' title='bbox 3809 519 3882 572; x_wconf 81' lang='lat' dir='ltr'><strong>De</strong></span> <span class='ocrx_word' id='word_1_23' title='bbox 3910 536 4001 572; x_wconf 86' lang='lat' dir='ltr'><strong>ec-</strong></span> 
     </span>
    </p>
   </div>
   <div class='ocr_carea' id='block_1_3' title="bbox 756 611 2327 687">
    <p class='ocr_par' dir='ltr' id='par_1_3' title="bbox 756 611 2327 687">
     <span class='ocr_line' id='line_1_3' title="bbox 756 611 2327 687; baseline -0.004 -14"><span class='ocrx_word' id='word_1_24' title='bbox 756 616 975 687; x_wconf 82' lang='lat' dir='ltr'><strong>scriptis</strong></span> <span class='ocrx_word' id='word_1_25' title='bbox 1024 616 1229 678; x_wconf 87' lang='lat' dir='ltr'><strong>doceri,</strong></span> <span class='ocrx_word' id='word_1_26' title='bbox 1275 626 1438 685; x_wconf 82' lang='lat' dir='ltr'><strong>atque</strong></span> <span class='ocrx_word' id='word_1_27' title='bbox 1492 628 1591 669; x_wconf 88' lang='lat' dir='ltr'><strong>usu</strong></span> <span class='ocrx_word' id='word_1_28' title='bbox 1636 612 1869 682; x_wconf 90' lang='lat' dir='ltr'><strong>plurimo</strong></span> <span class='ocrx_word' id='word_1_29' title='bbox 1898 612 2087 682; x_wconf 94' lang='lat' dir='ltr'><strong>recipi.</strong></span> <span class='ocrx_word' id='word_1_30' title='bbox 2120 611 2199 666; x_wconf 86' lang='lat' dir='ltr'><strong>Ex</strong></span> <span class='ocrx_word' id='word_1_31' title='bbox 2238 611 2327 667; x_wconf 85' lang='lat' dir='ltr'><strong>his</strong></span> 
     </span>
    </p>
   </div>
   <div class='ocr_carea' id='block_1_4' title="bbox 755 702 2326 780">
    <p class='ocr_par' dir='ltr' id='par_1_4' title="bbox 755 702 2326 780">
     <span class='ocr_line' id='line_1_4' title="bbox 755 702 2326 780; baseline -0.007 -15"><span class='ocrx_word' id='word_1_32' title='bbox 755 726 885 780; x_wconf 81' lang='lat' dir='ltr'><strong>ergo</strong></span> <span class='ocrx_word' id='word_1_33' title='bbox 938 709 1159 778; x_wconf 78' lang='lat' dir='ltr'><strong>scriptis</strong></span> <span class='ocrx_word' id='word_1_34' title='bbox 1205 706 1467 762; x_wconf 78' lang='lat' dir='ltr'><strong>discimus</strong></span> <span class='ocrx_word' id='word_1_35' title='bbox 1519 705 1647 775; x_wconf 89' lang='lat' dir='ltr'><strong>quid</strong></span> <span class='ocrx_word' id='word_1_36' title='bbox 1674 704 1740 759; x_wconf 92' lang='lat' dir='ltr'><strong>iis</strong></span> <span class='ocrx_word' id='word_1_37' title='bbox 1791 702 2045 759; x_wconf 87' lang='lat' dir='ltr'><strong>omnibus</strong></span> <span class='ocrx_word' id='word_1_38' title='bbox 2112 713 2326 773; x_wconf 81' lang='lat' dir='ltr'><strong>tempo-</strong></span> 
     </span>
    </p>
   </div>
   <div class='ocr_carea' id='block_1_5' title="bbox 759 794 2325 858">
    <p class='ocr_par' dir='ltr' id='par_1_5' title="bbox 759 794 2325 858">
     <span class='ocr_line' id='line_1_5' title="bbox 759 794 2325 858; baseline -0.006 0"><span class='ocrx_word' id='word_1_39' title='bbox 759 805 907 858; x_wconf 83' lang='lat' dir='ltr'><strong>ribus</strong></span> <span class='ocrx_word' id='word_1_40' title='bbox 975 798 1213 854; x_wconf 71' lang='lat' dir='ltr'><strong>Ecclesia</strong></span> <span class='ocrx_word' id='word_1_41' title='bbox 1272 796 1522 853; x_wconf 88' lang='lat' dir='ltr'><strong>docuerit</strong></span> <span class='ocrx_word' id='word_1_42' title='bbox 1572 796 1639 851; x_wconf 91' lang='lat' dir='ltr'><strong>de</strong></span> <span class='ocrx_word' id='word_1_43' title='bbox 1698 795 1984 853; x_wconf 78' lang='lat' dir='ltr'><strong>adoranda</strong></span> <span class='ocrx_word' id='word_1_44' title='bbox 2038 794 2325 854; x_wconf 75' lang='lat' dir='ltr'><strong>Trinitatis</strong></span> 
     </span>
    </p>
   </div>
   <div class='ocr_carea' id='block_1_6' title="bbox 759 886 2323 967">
    <p class='ocr_par' dir='ltr' id='par_1_6' title="bbox 759 886 2323 967">
     <span class='ocr_line' id='line_1_6' title="bbox 759 886 2323 967; baseline -0.005 -19"><span class='ocrx_word' id='word_1_45' title='bbox 759 896 1037 967; x_wconf 89' lang='lat' dir='ltr'><strong>mysterio,</strong></span> <span class='ocrx_word' id='word_1_46' title='bbox 1074 894 1141 946; x_wconf 91' lang='lat' dir='ltr'><strong>de</strong></span> <span class='ocrx_word' id='word_1_47' title='bbox 1188 890 1393 945; x_wconf 89' lang='lat' dir='ltr'><strong>Christi</strong></span> <span class='ocrx_word' id='word_1_48' title='bbox 1426 891 1712 946; x_wconf 80' lang='lat' dir='ltr'><strong>divinitate</strong></span> <span class='ocrx_word' id='word_1_49' title='bbox 1738 899 1792 943; x_wconf 90' lang='lat' dir='ltr'><strong>et</strong></span> <span class='ocrx_word' id='word_1_50' title='bbox 1822 888 2225 952; x_wconf 83' lang='lat' dir='ltr'><strong>lncaruatione,</strong></span> <span class='ocrx_word' id='word_1_51' title='bbox 2255 886 2323 941; x_wconf 89' lang='lat' dir='ltr'><strong>de</strong></span> 
     </span>
    </p>
   </div>
   <div class='ocr_carea' id='block_1_7' title="bbox 756 981 2323 1063">
    <p class='ocr_par' dir='ltr' id='par_1_7' title="bbox 756 981 2323 1063">
     <span class='ocr_line' id='line_1_7' title="bbox 756 981 2323 1063; baseline -0.008 -15"><span class='ocrx_word' id='word_1_52' title='bbox 756 992 1077 1063; x_wconf 81' lang='lat' dir='ltr'><strong>angelorum</strong></span> <span class='ocrx_word' id='word_1_53' title='bbox 1111 988 1438 1043; x_wconf 82' lang='lat' dir='ltr'><strong>hierarchiis</strong></span> <span class='ocrx_word' id='word_1_54' title='bbox 1463 994 1515 1041; x_wconf 89' lang='lat' dir='ltr'><strong>et</strong></span> <span class='ocrx_word' id='word_1_55' title='bbox 1560 986 1845 1040; x_wconf 80' lang='lat' dir='ltr'><strong>ordinibus</strong></span> <span class='ocrx_word' id='word_1_56' title='bbox 1878 1003 1891 1038; x_wconf 91' lang='lat'><strong>:</strong></span> <span class='ocrx_word' id='word_1_57' title='bbox 1925 984 2055 1054; x_wconf 92' lang='lat' dir='ltr'><strong>quid</strong></span> <span class='ocrx_word' id='word_1_58' title='bbox 2084 981 2323 1037; x_wconf 61' lang='lat' dir='ltr'><strong>tradide«</strong></span> 
     </span>
    </p>
   </div>
   <div class='ocr_carea' id='block_1_8' title="bbox 757 1075 2325 1153">
    <p class='ocr_par' dir='ltr' id='par_1_8' title="bbox 757 1075 2325 1153">
     <span class='ocr_line' id='line_1_8' title="bbox 757 1075 2325 1153; baseline -0.008 -11"><span class='ocrx_word' id='word_1_59' title='bbox 757 1089 826 1143; x_wconf 88' lang='lat' dir='ltr'><strong>rit</strong></span> <span class='ocrx_word' id='word_1_60' title='bbox 853 1087 919 1142; x_wconf 90' lang='lat' dir='ltr'><strong>de</strong></span> <span class='ocrx_word' id='word_1_61' title='bbox 970 1084 1225 1153; x_wconf 79' lang='lat' dir='ltr'><strong>baptismi</strong></span> <span class='ocrx_word' id='word_1_62' title='bbox 1266 1092 1319 1137; x_wconf 90' lang='lat' dir='ltr'><strong>et</strong></span> <span class='ocrx_word' id='word_1_63' title='bbox 1345 1078 1690 1135; x_wconf 73' lang='lat' dir='ltr'><strong>eucharistize</strong></span> <span class='ocrx_word' id='word_1_64' title='bbox 1726 1076 2223 1142; x_wconf 79' lang='lat' dir='ltr'><strong>administratione,</strong></span> <span class='ocrx_word' id='word_1_65' title='bbox 2257 1075 2325 1130; x_wconf 91' lang='lat' dir='ltr'><strong>de</strong></span> 
     </span>
    </p>
   </div>
   <div class='ocr_carea' id='block_1_9' title="bbox 756 1168 2321 1250">
    <p class='ocr_par' dir='ltr' id='par_1_9' title="bbox 756 1168 2321 1250">
     <span class='ocr_line' id='line_1_9' title="bbox 756 1168 2321 1250; baseline -0.006 -18"><span class='ocrx_word' id='word_1_66' title='bbox 756 1176 990 1250; x_wconf 66' lang='lat' dir='ltr'><strong>liturgiaa</strong></span> <span class='ocrx_word' id='word_1_67' title='bbox 1013 1192 1110 1231; x_wconf 79' lang='lat' dir='ltr'><strong>seu</strong></span> <span class='ocrx_word' id='word_1_68' title='bbox 1165 1176 1345 1229; x_wconf 67' lang='lat' dir='ltr'><strong>missae</strong></span> <span class='ocrx_word' id='word_1_69' title='bbox 1376 1170 1767 1233; x_wconf 82' lang='lat' dir='ltr'><strong>celebratione,</strong></span> <span class='ocrx_word' id='word_1_70' title='bbox 1803 1171 1870 1224; x_wconf 85' lang='lat' dir='ltr'><strong>de</strong></span> <span class='ocrx_word' id='word_1_71' title='bbox 1891 1168 2321 1225; x_wconf 86' lang='lat' dir='ltr'><strong>consecratione</strong></span> 
     </span>
    </p>
   </div>
   <div class='ocr_carea' id='block_1_10' title="bbox 754 1265 2322 1336">
    <p class='ocr_par' dir='ltr' id='par_1_10' title="bbox 754 1265 2322 1336">
     <span class='ocr_line' id='line_1_10' title="bbox 754 1265 2322 1336; baseline -0.01 -5"><span class='ocrx_word' id='word_1_72' title='bbox 754 1273 1090 1336; x_wconf 73' lang='lat' dir='ltr'><strong>chrismatis,</strong></span> <span class='ocrx_word' id='word_1_73' title='bbox 1121 1271 1188 1325; x_wconf 92' lang='lat' dir='ltr'><strong>de</strong></span> <span class='ocrx_word' id='word_1_74' title='bbox 1216 1271 1389 1326; x_wconf 82' lang='lat' dir='ltr'><strong>sacris</strong></span> <span class='ocrx_word' id='word_1_75' title='bbox 1418 1267 1671 1323; x_wconf 60' lang='lat' dir='ltr'><strong>Ecclesiae</strong></span> <span class='ocrx_word' id='word_1_76' title='bbox 1705 1265 1991 1331; x_wconf 86' lang='lat' dir='ltr'><strong>ministris,</strong></span> <span class='ocrx_word' id='word_1_77' title='bbox 2026 1266 2092 1319; x_wconf 86' lang='lat' dir='ltr'><strong>de</strong></span> <span class='ocrx_word' id='word_1_78' title='bbox 2130 1278 2322 1317; x_wconf 82' lang='lat' dir='ltr'><strong>mona-</strong></span> 
     </span>
    </p>
   </div>
   <div class='ocr_carea' id='block_1_11' title="bbox 756 1356 2325 1433">
    <p class='ocr_par' dir='ltr' id='par_1_11' title="bbox 756 1356 2325 1433">
     <span class='ocr_line' id='line_1_11' title="bbox 756 1356 2325 1433; baseline -0.009 -8"><span class='ocrx_word' id='word_1_79' title='bbox 756 1370 881 1425; x_wconf 91' lang='lat' dir='ltr'><strong>chis</strong></span> <span class='ocrx_word' id='word_1_80' title='bbox 931 1379 1234 1433; x_wconf 84' lang='lat' dir='ltr'><strong>eorumque</strong></span> <span class='ocrx_word' id='word_1_81' title='bbox 1263 1364 1405 1418; x_wconf 85' lang='lat' dir='ltr'><strong>votis</strong></span> <span class='ocrx_word' id='word_1_82' title='bbox 1429 1371 1481 1418; x_wconf 91' lang='lat' dir='ltr'><strong>et</strong></span> <span class='ocrx_word' id='word_1_83' title='bbox 1510 1359 1869 1432; x_wconf 68' lang='lat' dir='ltr'><strong>professione,</strong></span> <span class='ocrx_word' id='word_1_84' title='bbox 1899 1374 1964 1412; x_wconf 90' lang='lat' dir='ltr'><strong>ac</strong></span> <span class='ocrx_word' id='word_1_85' title='bbox 2007 1358 2222 1414; x_wconf 86' lang='lat' dir='ltr'><strong>tandem</strong></span> <span class='ocrx_word' id='word_1_86' title='bbox 2256 1356 2325 1411; x_wconf 90' lang='lat' dir='ltr'><strong>de</strong></span> 
     </span>
    </p>
   </div>
   <div class='ocr_carea' id='block_1_12' title="bbox 754 1450 2319 1528">
    <p class='ocr_par' dir='ltr' id='par_1_12' title="bbox 754 1450 2319 1528">
     <span class='ocr_line' id='line_1_12' title="bbox 754 1450 2319 1528; baseline -0.009 -13"><span class='ocrx_word' id='word_1_87' title='bbox 754 1469 1094 1517; x_wconf 84' lang='lat' dir='ltr'><strong>mortuorum</strong></span> <span class='ocrx_word' id='word_1_88' title='bbox 1126 1457 1401 1528; x_wconf 88' lang='lat' dir='ltr'><strong>exsequiis</strong></span> <span class='ocrx_word' id='word_1_89' title='bbox 1451 1464 1509 1510; x_wconf 90' lang='lat' dir='ltr'><strong>et</strong></span> <span class='ocrx_word' id='word_1_90' title='bbox 1565 1452 1866 1521; x_wconf 84' lang='lat' dir='ltr'><strong>sepultura.</strong></span> <span class='ocrx_word' id='word_1_91' title='bbox 1922 1450 2091 1505; x_wconf 85' lang='lat' dir='ltr'><strong>Porro</strong></span> <span class='ocrx_word' id='word_1_92' title='bbox 2134 1458 2319 1505; x_wconf 87' lang='lat' dir='ltr'><strong>autem</strong></span> 
     </span>
    </p>
   </div>
   <div class='ocr_carea' id='block_1_13' title="bbox 756 1550 2322 1618">
    <p class='ocr_par' dir='ltr' id='par_1_13' title="bbox 756 1550 2322 1618">
     <span class='ocr_line' id='line_1_13' title="bbox 756 1550 2322 1618; baseline -0.009 -9"><span class='ocrx_word' id='word_1_93' title='bbox 756 1555 838 1609; x_wconf 63' lang='lat' dir='ltr'><strong>hac</strong></span> <span class='ocrx_word' id='word_1_94' title='bbox 918 1552 1259 1607; x_wconf 65' lang='lat' dir='ltr'><strong>caeremoniae</strong></span> <span class='ocrx_word' id='word_1_95' title='bbox 1307 1550 1471 1618; x_wconf 83' lang='lat' dir='ltr'><strong>hique</strong></span> <span class='ocrx_word' id='word_1_96' title='bbox 1516 1550 1652 1603; x_wconf 90' lang='lat' dir='ltr'><strong>ritus</strong></span> <span class='ocrx_word' id='word_1_97' title='bbox 1694 1561 1799 1601; x_wconf 89' lang='lat' dir='ltr'><strong>non</strong></span> <span class='ocrx_word' id='word_1_98' title='bbox 1835 1552 1896 1598; x_wconf 89' lang='lat' dir='ltr'><strong>ut</strong></span> <span class='ocrx_word' id='word_1_99' title='bbox 1948 1552 2196 1597; x_wconf 86' lang='lat' dir='ltr'><strong>recentes</strong></span> <span class='ocrx_word' id='word_1_100' title='bbox 2256 1554 2322 1595; x_wconf 90' lang='lat' dir='ltr'><strong>ac</strong></span> 
     </span>
    </p>
   </div>
   <div class='ocr_carea' id='block_1_14' title="bbox 754 1630 2323 1709">
    <p class='ocr_par' dir='ltr' id='par_1_14' title="bbox 754 1630 2323 1709">
     <span class='ocr_line' id='line_1_14' title="bbox 754 1630 2323 1709; baseline -0.01 -10"><span class='ocrx_word' id='word_1_101' title='bbox 754 1644 903 1709; x_wconf 81' lang='lat' dir='ltr'><strong>novi,</strong></span> <span class='ocrx_word' id='word_1_102' title='bbox 935 1643 1029 1698; x_wconf 89' lang='lat' dir='ltr'><strong>sed</strong></span> <span class='ocrx_word' id='word_1_103' title='bbox 1087 1651 1147 1696; x_wconf 92' lang='lat' dir='ltr'><strong>ut</strong></span> <span class='ocrx_word' id='word_1_104' title='bbox 1198 1650 1408 1703; x_wconf 75' lang='lat' dir='ltr'><strong>veteres</strong></span> <span class='ocrx_word' id='word_1_105' title='bbox 1435 1650 1598 1707; x_wconf 90' lang='lat' dir='ltr'><strong>atque</strong></span> <span class='ocrx_word' id='word_1_106' title='bbox 1655 1636 1723 1691; x_wconf 88' lang='lat' dir='ltr'><strong>ab</strong></span> <span class='ocrx_word' id='word_1_107' title='bbox 1788 1631 2052 1703; x_wconf 86' lang='lat' dir='ltr'><strong>apostolis</strong></span> <span class='ocrx_word' id='word_1_108' title='bbox 2088 1630 2323 1687; x_wconf 88' lang='lat' dir='ltr'><strong>derivati</strong></span> 
     </span>
    </p>
   </div>
   <div class='ocr_carea' id='block_1_15' title="bbox 755 1724 2323 1799">
    <p class='ocr_par' dir='ltr' id='par_1_15' title="bbox 755 1724 2323 1799">
     <span class='ocr_line' id='line_1_15' title="bbox 755 1724 2323 1799; baseline -0.009 -8"><span class='ocrx_word' id='word_1_109' title='bbox 755 1738 809 1790; x_wconf 92' lang='lat' dir='ltr'><strong>in</strong></span> <span class='ocrx_word' id='word_1_110' title='bbox 860 1734 1031 1791; x_wconf 90' lang='lat' dir='ltr'><strong>nostri</strong></span> <span class='ocrx_word' id='word_1_111' title='bbox 1065 1732 1306 1789; x_wconf 88' lang='lat' dir='ltr'><strong>auctoris</strong></span> <span class='ocrx_word' id='word_1_112' title='bbox 1336 1731 1558 1799; x_wconf 87' lang='lat' dir='ltr'><strong>scriptis</strong></span> <span class='ocrx_word' id='word_1_113' title='bbox 1584 1729 1911 1784; x_wconf 82' lang='lat' dir='ltr'><strong>referuntur.</strong></span> <span class='ocrx_word' id='word_1_114' title='bbox 1970 1724 2323 1796; x_wconf 86' lang='lat' dir='ltr'><strong>Quapropter</strong></span> 
     </span>
    </p>
   </div>
   <div class='ocr_carea' id='block_1_16' title="bbox 756 1815 2318 1897">
    <p class='ocr_par' dir='ltr' id='par_1_16' title="bbox 756 1815 2318 1897">
     <span class='ocr_line' id='line_1_16' title="bbox 756 1815 2318 1897; baseline -0.011 -14"><span class='ocrx_word' id='word_1_115' title='bbox 756 1829 848 1897; x_wconf 88' lang='lat' dir='ltr'><strong>qui</strong></span> <span class='ocrx_word' id='word_1_116' title='bbox 901 1828 1086 1882; x_wconf 88' lang='lat' dir='ltr'><strong>eadem</strong></span> <span class='ocrx_word' id='word_1_117' title='bbox 1114 1826 1314 1893; x_wconf 84' lang='lat' dir='ltr'><strong>scripta</strong></span> <span class='ocrx_word' id='word_1_118' title='bbox 1362 1821 1617 1890; x_wconf 82' lang='lat' dir='ltr'><strong>Dionysio</strong></span> <span class='ocrx_word' id='word_1_119' title='bbox 1643 1817 1987 1888; x_wconf 66' lang='lat' dir='ltr'><strong>Areopagitae</strong></span> <span class='ocrx_word' id='word_1_120' title='bbox 2018 1815 2318 1878; x_wconf 87' lang='lat' dir='ltr'><strong>vindicant,</strong></span> 
     </span>
    </p>
   </div>
   <div class='ocr_carea' id='block_1_17' title="bbox 755 1908 2323 1982">
    <p class='ocr_par' dir='ltr' id='par_1_17' title="bbox 755 1908 2323 1982">
     <span class='ocr_line' id='line_1_17' title="bbox 755 1908 2323 1982; baseline -0.01 -9"><span class='ocrx_word' id='word_1_121' title='bbox 755 1920 808 1973; x_wconf 93' lang='lat' dir='ltr'><strong>hi</strong></span> <span class='ocrx_word' id='word_1_122' title='bbox 848 1932 1038 1973; x_wconf 87' lang='lat' dir='ltr'><strong>omnes</strong></span> <span class='ocrx_word' id='word_1_123' title='bbox 1086 1916 1205 1970; x_wconf 85' lang='lat' dir='ltr'><strong>illos</strong></span> <span class='ocrx_word' id='word_1_124' title='bbox 1256 1915 1393 1969; x_wconf 89' lang='lat' dir='ltr'><strong>ritus</strong></span> <span class='ocrx_word' id='word_1_125' title='bbox 1420 1914 1489 1968; x_wconf 90' lang='lat' dir='ltr'><strong>ab</strong></span> <span class='ocrx_word' id='word_1_126' title='bbox 1524 1910 1786 1982; x_wconf 87' lang='lat' dir='ltr'><strong>apostolis</strong></span> <span class='ocrx_word' id='word_1_127' title='bbox 1831 1908 2161 1978; x_wconf 82' lang='lat' dir='ltr'><strong>proﬂuxisse</strong></span> <span class='ocrx_word' id='word_1_128' title='bbox 2190 1920 2323 1960; x_wconf 88' lang='lat' dir='ltr'><strong>con-</strong></span> 
     </span>
    </p>
   </div>
   <div class='ocr_carea' id='block_1_18' title="bbox 757 1995 2323 2075">
    <p class='ocr_par' dir='ltr' id='par_1_18' title="bbox 757 1995 2323 2075">
     <span class='ocr_line' id='line_1_18' title="bbox 757 1995 2323 2075; baseline -0.01 -10"><span class='ocrx_word' id='word_1_129' title='bbox 757 2011 1001 2066; x_wconf 86' lang='lat' dir='ltr'><strong>tendunt.</strong></span> <span class='ocrx_word' id='word_1_130' title='bbox 1065 2007 1165 2075; x_wconf 87' lang='lat' dir='ltr'><strong>Qui</strong></span> <span class='ocrx_word' id='word_1_131' title='bbox 1199 2022 1329 2061; x_wconf 89' lang='lat' dir='ltr'><strong>vero</strong></span> <span class='ocrx_word' id='word_1_132' title='bbox 1359 2019 1423 2061; x_wconf 86' lang='lat' dir='ltr'><strong>ea</strong></span> <span class='ocrx_word' id='word_1_133' title='bbox 1475 2001 1794 2057; x_wconf 88' lang='lat' dir='ltr'><strong>recentioris</strong></span> <span class='ocrx_word' id='word_1_134' title='bbox 1824 1997 2110 2067; x_wconf 87' lang='lat' dir='ltr'><strong>scriptoris</strong></span> <span class='ocrx_word' id='word_1_135' title='bbox 2155 1995 2323 2050; x_wconf 83' lang='lat' dir='ltr'><strong>fetum</strong></span> 
     </span>
    </p>
   </div>
   <div class='ocr_carea' id='block_1_19' title="bbox 754 2086 2324 2172">
    <p class='ocr_par' dir='ltr' id='par_1_19' title="bbox 754 2086 2324 2172">
     <span class='ocr_line' id='line_1_19' title="bbox 754 2086 2324 2172; baseline -0.011 -13"><span class='ocrx_word' id='word_1_136' title='bbox 754 2120 877 2160; x_wconf 86' lang='lat' dir='ltr'><strong>esse</strong></span> <span class='ocrx_word' id='word_1_137' title='bbox 931 2102 1253 2172; x_wconf 89' lang='lat' dir='ltr'><strong>opinantur,</strong></span> <span class='ocrx_word' id='word_1_138' title='bbox 1312 2098 1348 2155; x_wconf 90' lang='lat' dir='ltr'><strong>ii</strong></span> <span class='ocrx_word' id='word_1_139' title='bbox 1418 2111 1622 2167; x_wconf 87' lang='lat' dir='ltr'><strong>negare</strong></span> <span class='ocrx_word' id='word_1_140' title='bbox 1687 2109 1791 2148; x_wconf 81' lang='lat' dir='ltr'><strong>non</strong></span> <span class='ocrx_word' id='word_1_141' title='bbox 1847 2097 2077 2160; x_wconf 83' lang='lat' dir='ltr'><strong>possunt</strong></span> <span class='ocrx_word' id='word_1_142' title='bbox 2138 2086 2324 2159; x_wconf 82' lang='lat' dir='ltr'><strong>plures</strong></span> 
     </span>
    </p>
   </div>
   <div class='ocr_carea' id='block_1_20' title="bbox 755 2182 2321 2252">
    <p class='ocr_par' dir='ltr' id='par_1_20' title="bbox 755 2182 2321 2252">
     <span class='ocr_line' id='line_1_20' title="bbox 755 2182 2321 2252; baseline -0.009 -6"><span class='ocrx_word' id='word_1_143' title='bbox 755 2209 822 2248; x_wconf 71' lang='lat' dir='ltr'><strong>ex</strong></span> <span class='ocrx_word' id='word_1_144' title='bbox 850 2193 1048 2248; x_wconf 84' lang='lat' dir='ltr'><strong>iisdem</strong></span> <span class='ocrx_word' id='word_1_145' title='bbox 1081 2190 1274 2245; x_wconf 91' lang='lat' dir='ltr'><strong>ritibus</strong></span> <span class='ocrx_word' id='word_1_146' title='bbox 1300 2204 1330 2242; x_wconf 84' lang='lat' dir='ltr'><strong>a</strong></span> <span class='ocrx_word' id='word_1_147' title='bbox 1368 2187 1659 2243; x_wconf 87' lang='lat' dir='ltr'><strong>traditione</strong></span> <span class='ocrx_word' id='word_1_148' title='bbox 1698 2182 1993 2252; x_wconf 85' lang='lat' dir='ltr'><strong>apostolica</strong></span> <span class='ocrx_word' id='word_1_149' title='bbox 2029 2194 2278 2235; x_wconf 88' lang='lat' dir='ltr'><strong>manasse</strong></span> <span class='ocrx_word' id='word_1_150' title='bbox 2308 2200 2321 2234; x_wconf 89' lang='lat'><strong>:</strong></span> 
     </span>
    </p>
   </div>
   <div class='ocr_carea' id='block_1_21' title="bbox 754 2272 2323 2351">
    <p class='ocr_par' dir='ltr' id='par_1_21' title="bbox 754 2272 2323 2351">
     <span class='ocr_line' id='line_1_21' title="bbox 754 2272 2323 2351; baseline -0.009 -10"><span class='ocrx_word' id='word_1_151' title='bbox 754 2297 986 2341; x_wconf 66' lang='lat' dir='ltr'><strong>cwteros</strong></span> <span class='ocrx_word' id='word_1_152' title='bbox 1035 2297 1217 2338; x_wconf 89' lang='lat' dir='ltr'><strong>autem</strong></span> <span class='ocrx_word' id='word_1_153' title='bbox 1252 2292 1365 2337; x_wconf 91' lang='lat' dir='ltr'><strong>tum</strong></span> <span class='ocrx_word' id='word_1_154' title='bbox 1391 2278 1721 2351; x_wconf 85' lang='lat' dir='ltr'><strong>pedetentim</strong></span> <span class='ocrx_word' id='word_1_155' title='bbox 1754 2277 2053 2340; x_wconf 88' lang='lat' dir='ltr'><strong>institutos,</strong></span> <span class='ocrx_word' id='word_1_156' title='bbox 2084 2289 2205 2329; x_wconf 88' lang='lat' dir='ltr'><strong>cum</strong></span> <span class='ocrx_word' id='word_1_157' title='bbox 2224 2272 2323 2327; x_wconf 84' lang='lat' dir='ltr'><strong>Ec-</strong></span> 
     </span>
    </p>
   </div>
   <div class='ocr_carea' id='block_1_22' title="bbox 753 2362 2327 2446">
    <p class='ocr_par' dir='ltr' id='par_1_22' title="bbox 753 2362 2327 2446">
     <span class='ocr_line' id='line_1_22' title="bbox 753 2362 2327 2446; baseline -0.011 -12"><span class='ocrx_word' id='word_1_158' title='bbox 753 2379 936 2435; x_wconf 89' lang='lat' dir='ltr'><strong>clesiis</strong></span> <span class='ocrx_word' id='word_1_159' title='bbox 988 2392 1089 2446; x_wconf 74' lang='lat' dir='ltr'><strong>pax</strong></span> <span class='ocrx_word' id='word_1_160' title='bbox 1121 2384 1175 2430; x_wconf 89' lang='lat' dir='ltr'><strong>et</strong></span> <span class='ocrx_word' id='word_1_161' title='bbox 1218 2372 1583 2441; x_wconf 87' lang='lat' dir='ltr'><strong>tranquillitas</strong></span> <span class='ocrx_word' id='word_1_162' title='bbox 1610 2370 1676 2424; x_wconf 89' lang='lat' dir='ltr'><strong>ab</strong></span> <span class='ocrx_word' id='word_1_163' title='bbox 1704 2365 2124 2438; x_wconf 84' lang='lat' dir='ltr'><strong>imperatoribus</strong></span> <span class='ocrx_word' id='word_1_164' title='bbox 2168 2362 2327 2418; x_wconf 90' lang='lat' dir='ltr'><strong>Chri-</strong></span> 
     </span>
    </p>
   </div>
   <div class='ocr_carea' id='block_1_23' title="bbox 756 2454 2323 2534">
    <p class='ocr_par' dir='ltr' id='par_1_23' title="bbox 756 2454 2323 2534">
     <span class='ocr_line' id='line_1_23' title="bbox 756 2454 2323 2534; baseline -0.011 -9"><span class='ocrx_word' id='word_1_165' title='bbox 756 2469 956 2525; x_wconf 87' lang='lat' dir='ltr'><strong>stianis</strong></span> <span class='ocrx_word' id='word_1_166' title='bbox 1016 2470 1140 2524; x_wconf 87' lang='lat' dir='ltr'><strong>data</strong></span> <span class='ocrx_word' id='word_1_167' title='bbox 1173 2477 1276 2529; x_wconf 87' lang='lat' dir='ltr'><strong>est,</strong></span> <span class='ocrx_word' id='word_1_168' title='bbox 1308 2472 1467 2534; x_wconf 87' lang='lat' dir='ltr'><strong>atque</strong></span> <span class='ocrx_word' id='word_1_169' title='bbox 1496 2462 1564 2517; x_wconf 90' lang='lat' dir='ltr'><strong>ab</strong></span> <span class='ocrx_word' id='word_1_170' title='bbox 1614 2460 1747 2530; x_wconf 89' lang='lat' dir='ltr'><strong>ipsis</strong></span> <span class='ocrx_word' id='word_1_171' title='bbox 1779 2458 2001 2528; x_wconf 89' lang='lat' dir='ltr'><strong>templa,</strong></span> <span class='ocrx_word' id='word_1_172' title='bbox 2045 2455 2096 2509; x_wconf 90' lang='lat' dir='ltr'><strong>in</strong></span> <span class='ocrx_word' id='word_1_173' title='bbox 2126 2454 2323 2523; x_wconf 89' lang='lat' dir='ltr'><strong>quibus</strong></span> 
     </span>
    </p>
   </div>
   <div class='ocr_carea' id='block_1_24' title="bbox 754 2548 2325 2634">
    <p class='ocr_par' dir='ltr' id='par_1_24' title="bbox 754 2548 2325 2634">
     <span class='ocr_line' id='line_1_24' title="bbox 754 2548 2325 2634; baseline -0.011 -15"><span class='ocrx_word' id='word_1_174' title='bbox 754 2580 913 2619; x_wconf 84' lang='lat' dir='ltr'><strong>saera</strong></span> <span class='ocrx_word' id='word_1_175' title='bbox 968 2562 1179 2634; x_wconf 89' lang='lat' dir='ltr'><strong>publice</strong></span> <span class='ocrx_word' id='word_1_176' title='bbox 1227 2560 1446 2627; x_wconf 84' lang='lat' dir='ltr'><strong>ﬂerent,</strong></span> <span class='ocrx_word' id='word_1_177' title='bbox 1482 2555 1751 2611; x_wconf 67' lang='lat' dir='ltr'><strong>aediﬁcata</strong></span> <span class='ocrx_word' id='word_1_178' title='bbox 1804 2554 2041 2608; x_wconf 73' lang='lat' dir='ltr'><strong>fuerunt.</strong></span> <span class='ocrx_word' id='word_1_179' title='bbox 2094 2548 2325 2603; x_wconf 82' lang='lat' dir='ltr'><strong>liincli-</strong></span> 
     </span>
    </p>
   </div>
   <div class='ocr_carea' id='block_1_25' title="bbox 756 2645 2324 2727">
    <p class='ocr_par' dir='ltr' id='par_1_25' title="bbox 756 2645 2324 2727">
     <span class='ocr_line' id='line_1_25' title="bbox 756 2645 2324 2727; baseline -0.01 -16"><span class='ocrx_word' id='word_1_180' title='bbox 756 2658 925 2727; x_wconf 89' lang='lat' dir='ltr'><strong>quido</strong></span> <span class='ocrx_word' id='word_1_181' title='bbox 952 2656 1257 2726; x_wconf 77' lang='lat' dir='ltr'><strong>colligimus</strong></span> <span class='ocrx_word' id='word_1_182' title='bbox 1289 2650 1423 2706; x_wconf 88' lang='lat' dir='ltr'><strong>tales</strong></span> <span class='ocrx_word' id='word_1_183' title='bbox 1460 2651 1682 2704; x_wconf 87' lang='lat' dir='ltr'><strong>missam</strong></span> <span class='ocrx_word' id='word_1_184' title='bbox 1712 2645 2019 2702; x_wconf 88' lang='lat' dir='ltr'><strong>celebrandi</strong></span> <span class='ocrx_word' id='word_1_185' title='bbox 2066 2654 2120 2699; x_wconf 91' lang='lat' dir='ltr'><strong>et</strong></span> <span class='ocrx_word' id='word_1_186' title='bbox 2141 2657 2324 2698; x_wconf 85' lang='lat' dir='ltr'><strong>sacra—</strong></span> 
     </span>
    </p>
   </div>
   <div class='ocr_carea' id='block_1_26' title="bbox 754 2736 2321 2804">
    <p class='ocr_par' dir='ltr' id='par_1_26' title="bbox 754 2736 2321 2804">
     <span class='ocr_line' id='line_1_26' title="bbox 754 2736 2321 2804; baseline -0.01 0"><span class='ocrx_word' id='word_1_187' title='bbox 754 2758 934 2804; x_wconf 87' lang='lat' dir='ltr'><strong>menta</strong></span> <span class='ocrx_word' id='word_1_188' title='bbox 948 2744 1359 2803; x_wconf 87' lang='lat' dir='ltr'><strong>administrandi</strong></span> <span class='ocrx_word' id='word_1_189' title='bbox 1382 2743 1517 2797; x_wconf 91' lang='lat' dir='ltr'><strong>ritus</strong></span> <span class='ocrx_word' id='word_1_190' title='bbox 1532 2742 1599 2795; x_wconf 90' lang='lat' dir='ltr'><strong>ab</strong></span> <span class='ocrx_word' id='word_1_191' title='bbox 1616 2749 1837 2796; x_wconf 90' lang='lat' dir='ltr'><strong>auctore</strong></span> <span class='ocrx_word' id='word_1_192' title='bbox 1859 2750 2045 2792; x_wconf 90' lang='lat' dir='ltr'><strong>nostro</strong></span> <span class='ocrx_word' id='word_1_193' title='bbox 2063 2736 2321 2799; x_wconf 79' lang='lat' dir='ltr'><strong>describi,</strong></span> 
     </span>
    </p>
   </div>
   <div class='ocr_carea' id='block_1_27' title="bbox 754 2828 2324 2913">
    <p class='ocr_par' dir='ltr' id='par_1_27' title="bbox 754 2828 2324 2913">
     <span class='ocr_line' id='line_1_27' title="bbox 754 2828 2324 2913; baseline -0.006 -18"><span class='ocrx_word' id='word_1_194' title='bbox 754 2842 945 2913; x_wconf 82' lang='lat' dir='ltr'><strong>quales</strong></span> <span class='ocrx_word' id='word_1_195' title='bbox 976 2838 1319 2895; x_wconf 86' lang='lat' dir='ltr'><strong>Constantini</strong></span> <span class='ocrx_word' id='word_1_196' title='bbox 1353 2835 1530 2908; x_wconf 87' lang='lat' dir='ltr'><strong>Magni</strong></span> <span class='ocrx_word' id='word_1_197' title='bbox 1564 2846 1808 2904; x_wconf 89' lang='lat' dir='ltr'><strong>tempore</strong></span> <span class='ocrx_word' id='word_1_198' title='bbox 1832 2840 1887 2887; x_wconf 89' lang='lat' dir='ltr'><strong>et</strong></span> <span class='ocrx_word' id='word_1_199' title='bbox 1911 2840 2105 2901; x_wconf 86' lang='lat' dir='ltr'><strong>quarto</strong></span> <span class='ocrx_word' id='word_1_200' title='bbox 2125 2828 2324 2886; x_wconf 57' lang='lat' dir='ltr'><strong>seculo</strong></span> 
     </span>
    </p>
   </div>
   <div class='ocr_carea' id='block_1_28' title="bbox 753 2935 1366 3003">
    <p class='ocr_par' dir='ltr' id='par_1_28' title="bbox 753 2935 1366 3003">
     <span class='ocr_line' id='line_1_28' title="bbox 753 2935 1366 3003; baseline -0.005 -9"><span class='ocrx_word' id='word_1_201' title='bbox 753 2935 1038 2994; x_wconf 81' lang='lat' dir='ltr'><strong>observari</strong></span> <span class='ocrx_word' id='word_1_202' title='bbox 1060 2944 1366 3003; x_wconf 65' lang='lat' dir='ltr'><strong>coeperunt.</strong></span> 
     </span>
    </p>
   </div>
   <div class='ocr_carea' id='block_1_29' title="bbox 825 3013 2323 3100">
    <p class='ocr_par' dir='ltr' id='par_1_29' title="bbox 825 3013 2323 3100">
     <span class='ocr_line' id='line_1_29' title="bbox 825 3013 2323 3100; baseline -0.011 -17"><span class='ocrx_word' id='word_1_203' title='bbox 825 3029 1016 3100; x_wconf 79' lang='lat' dir='ltr'><strong>Magna</strong></span> <span class='ocrx_word' id='word_1_204' title='bbox 1050 3041 1213 3098; x_wconf 90' lang='lat' dir='ltr'><strong>porro</strong></span> <span class='ocrx_word' id='word_1_205' title='bbox 1245 3025 1436 3079; x_wconf 89' lang='lat' dir='ltr'><strong>horum</strong></span> <span class='ocrx_word' id='word_1_206' title='bbox 1488 3020 1733 3076; x_wconf 88' lang='lat' dir='ltr'><strong>auctoris</strong></span> <span class='ocrx_word' id='word_1_207' title='bbox 1773 3015 1945 3073; x_wconf 86' lang='lat' dir='ltr'><strong>nostri</strong></span> <span class='ocrx_word' id='word_1_208' title='bbox 1994 3013 2323 3084; x_wconf 90' lang='lat' dir='ltr'><strong>scriptorum</strong></span> 
     </span>
    </p>
   </div>
   <div class='ocr_carea' id='block_1_30' title="bbox 753 3112 2326 3188">
    <p class='ocr_par' dir='ltr' id='par_1_30' title="bbox 753 3112 2326 3188">
     <span class='ocr_line' id='line_1_30' title="bbox 753 3112 2326 3188; baseline -0.011 -8"><span class='ocrx_word' id='word_1_209' title='bbox 753 3126 966 3181; x_wconf 80' lang='lat' dir='ltr'><strong>utilitas</strong></span> <span class='ocrx_word' id='word_1_210' title='bbox 991 3124 1147 3177; x_wconf 84' lang='lat' dir='ltr'><strong>triste</strong></span> <span class='ocrx_word' id='word_1_211' title='bbox 1186 3117 1403 3188; x_wconf 86' lang='lat' dir='ltr'><strong>aliquod</strong></span> <span class='ocrx_word' id='word_1_212' title='bbox 1430 3116 1681 3179; x_wconf 82' lang='lat' dir='ltr'><strong>aliorum,</strong></span> <span class='ocrx_word' id='word_1_213' title='bbox 1712 3129 1835 3184; x_wconf 71' lang='lat' dir='ltr'><strong>qua:</strong></span> <span class='ocrx_word' id='word_1_214' title='bbox 1881 3112 2185 3183; x_wconf 91' lang='lat' dir='ltr'><strong>perierunt,</strong></span> <span class='ocrx_word' id='word_1_215' title='bbox 2230 3123 2326 3164; x_wconf 94' lang='lat' dir='ltr'><strong>no—</strong></span> 
     </span>
    </p>
   </div>
   <div class='ocr_carea' id='block_1_31' title="bbox 2429 610 4001 676">
    <p class='ocr_par' dir='ltr' id='par_1_31' title="bbox 2429 610 4001 676">
     <span class='ocr_line' id='line_1_31' title="bbox 2429 610 4001 676; baseline 0 -9"><span class='ocrx_word' id='word_1_216' title='bbox 2429 612 2718 667; x_wconf 85' lang='lat' dir='ltr'><strong>clesiastica</strong></span> <span class='ocrx_word' id='word_1_217' title='bbox 2748 612 3042 665; x_wconf 69' lang='lat' dir='ltr'><strong>hieran/tia</strong></span> <span class='ocrx_word' id='word_1_218' title='bbox 3071 626 3192 665; x_wconf 92' lang='lat' dir='ltr'><strong>cum</strong></span> <span class='ocrx_word' id='word_1_219' title='bbox 3220 610 3414 665; x_wconf 88' lang='lat' dir='ltr'><strong>Latina</strong></span> <span class='ocrx_word' id='word_1_220' title='bbox 3441 612 3717 676; x_wconf 84' lang='lat' dir='ltr'><strong>versione,</strong></span> <span class='ocrx_word' id='word_1_221' title='bbox 3747 610 4001 676; x_wconf 74' lang='lat' dir='ltr'><strong>Basilcae,</strong></span> 
     </span>
    </p>
   </div>
   <div class='ocr_carea' id='block_1_32' title="bbox 2427 702 4004 775">
    <p class='ocr_par' dir='ltr' id='par_1_32' title="bbox 2427 702 4004 775">
     <span class='ocr_line' id='line_1_32' title="bbox 2427 702 4004 775; baseline 0.003 -19"><span class='ocrx_word' id='word_1_222' title='bbox 2427 719 2569 759; x_wconf 89' lang='lat' dir='ltr'><strong>anno</strong></span> <span class='ocrx_word' id='word_1_223' title='bbox 2595 704 2755 759; x_wconf 77' lang='grc'><strong>1559.</strong></span> <span class='ocrx_word' id='word_1_224' title='bbox 2792 702 3028 773; x_wconf 86' lang='lat' dir='ltr'><strong>Epistula</strong></span> <span class='ocrx_word' id='word_1_225' title='bbox 3063 704 3126 757; x_wconf 89' lang='lat' dir='ltr'><strong>ad</strong></span> <span class='ocrx_word' id='word_1_226' title='bbox 3158 704 3517 774; x_wconf 83' lang='lat' dir='ltr'><strong>Polycarpum</strong></span> <span class='ocrx_word' id='word_1_227' title='bbox 3552 706 3693 760; x_wconf 87' lang='lat' dir='ltr'><strong>inter</strong></span> <span class='ocrx_word' id='word_1_228' title='bbox 3734 706 4004 775; x_wconf 85' lang='lat' dir='ltr'><strong>epistolas</strong></span> 
     </span>
    </p>
   </div>
   <div class='ocr_carea' id='block_1_33' title="bbox 2427 793 4001 866">
    <p class='ocr_par' dir='ltr' id='par_1_33' title="bbox 2427 793 4001 866">
     <span class='ocr_line' id='line_1_33' title="bbox 2427 793 4001 866; baseline 0.002 -17"><span class='ocrx_word' id='word_1_229' title='bbox 2427 793 2529 849; x_wconf 81' lang='lat' dir='ltr'><strong>SS.</strong></span> <span class='ocrx_word' id='word_1_230' title='bbox 2582 793 2802 849; x_wconf 90' lang='lat' dir='ltr'><strong>Patrum</strong></span> <span class='ocrx_word' id='word_1_231' title='bbox 2850 811 2879 849; x_wconf 91' lang='lat' dir='ltr'><strong>a</strong></span> <span class='ocrx_word' id='word_1_232' title='bbox 2932 795 3220 865; x_wconf 87' lang='lat' dir='ltr'><strong>Symphor.</strong></span> <span class='ocrx_word' id='word_1_233' title='bbox 3272 796 3599 864; x_wconf 90' lang='lat' dir='ltr'><strong>Champerio</strong></span> <span class='ocrx_word' id='word_1_234' title='bbox 3632 798 3773 866; x_wconf 86' lang='lat' dir='ltr'><strong>typis</strong></span> <span class='ocrx_word' id='word_1_235' title='bbox 3819 797 3949 852; x_wconf 79' lang='lat' dir='ltr'><strong>Ass.</strong></span> <span class='ocrx_word' id='word_1_236' title='bbox 3979 836 4001 865; x_wconf 84' lang='lat'><strong>,</strong></span> 
     </span>
    </p>
   </div>
   <div class='ocr_carea' id='block_1_34' title="bbox 2426 887 4002 958">
    <p class='ocr_par' dir='ltr' id='par_1_34' title="bbox 2426 887 4002 958">
     <span class='ocr_line' id='line_1_34' title="bbox 2426 887 4002 958; baseline 0.001 -17"><span class='ocrx_word' id='word_1_237' title='bbox 2426 887 2586 942; x_wconf 84' lang='lat'><strong>1516.</strong></span> <span class='ocrx_word' id='word_1_238' title='bbox 2643 888 2840 942; x_wconf 85' lang='lat' dir='ltr'><strong>Eadem</strong></span> <span class='ocrx_word' id='word_1_239' title='bbox 2888 904 3012 944; x_wconf 91' lang='lat' dir='ltr'><strong>cum</strong></span> <span class='ocrx_word' id='word_1_240' title='bbox 3080 888 3325 957; x_wconf 74' lang='lat' dir='ltr'><strong>epistolis</strong></span> <span class='ocrx_word' id='word_1_241' title='bbox 3378 889 3571 958; x_wconf 86' lang='lat' dir='ltr'><strong>lgnatii</strong></span> <span class='ocrx_word' id='word_1_242' title='bbox 3616 900 3669 944; x_wconf 91' lang='lat' dir='ltr'><strong>et</strong></span> <span class='ocrx_word' id='word_1_243' title='bbox 3738 890 4002 956; x_wconf 87' lang='lat' dir='ltr'><strong>alierum,</strong></span> 
     </span>
    </p>
   </div>
   <div class='ocr_carea' id='block_1_35' title="bbox 2426 979 3999 1050">
    <p class='ocr_par' dir='ltr' id='par_1_35' title="bbox 2426 979 3999 1050">
     <span class='ocr_line' id='line_1_35' title="bbox 2426 979 3999 1050; baseline 0.002 -16"><span class='ocrx_word' id='word_1_244' title='bbox 2426 981 2556 1034; x_wconf 76' lang='lat' dir='ltr'><strong>Ant.</strong></span> <span class='ocrx_word' id='word_1_245' title='bbox 2592 979 2753 1044; x_wconf 64' lang='lat'><strong>1540,</strong></span> <span class='ocrx_word' id='word_1_246' title='bbox 2802 990 2859 1036; x_wconf 89' lang='lat' dir='ltr'><strong>et</strong></span> <span class='ocrx_word' id='word_1_247' title='bbox 2907 982 3100 1036; x_wconf 77' lang='lat' dir='ltr'><strong>Venet.</strong></span> <span class='ocrx_word' id='word_1_248' title='bbox 3136 982 3296 1036; x_wconf 75' lang='grc'>1546.</span> <span class='ocrx_word' id='word_1_249' title='bbox 3330 981 3585 1050; x_wconf 75' lang='lat' dir='ltr'><strong>Epistolcn</strong></span> <span class='ocrx_word' id='word_1_250' title='bbox 3623 983 3739 1036; x_wconf 67' lang='lat' dir='ltr'><strong>duae</strong></span> <span class='ocrx_word' id='word_1_251' title='bbox 3792 984 3843 1037; x_wconf 92' lang='lat' dir='ltr'><strong>in</strong></span> <span class='ocrx_word' id='word_1_252' title='bbox 3886 982 3999 1037; x_wconf 83' lang='lat' dir='ltr'><strong>0r-</strong></span> 
     </span>
    </p>
   </div>
   <div class='ocr_carea' id='block_1_36' title="bbox 2426 1046 3993 1147">
    <p class='ocr_par' dir='ltr' id='par_1_36' title="bbox 2426 1046 3993 1147">
     <span class='ocr_line' id='line_1_36' title="bbox 2426 1046 3993 1147; baseline 0.003 -19"><span class='ocrx_word' id='word_1_253' title='bbox 2426 1077 2903 1147; x_wconf 72' lang='lat' dir='ltr'><strong>thodoxographia.</strong></span> <span class='ocrx_word' id='word_1_254' title='bbox 2974 1074 3167 1133; x_wconf 83' lang='lat' dir='ltr'><strong>Omnia</strong></span> <span class='ocrx_word' id='word_1_255' title='bbox 3218 1046 3452 1144; x_wconf 71' lang='lat' dir='ltr'><strong>denique</strong></span> <span class='ocrx_word' id='word_1_256' title='bbox 3514 1075 3753 1145; x_wconf 87' lang='lat' dir='ltr'><strong>Dionysii</strong></span> <span class='ocrx_word' id='word_1_257' title='bbox 3815 1076 3993 1133; x_wconf 83' lang='lat' dir='ltr'><strong>nostri</strong></span> 
     </span>
    </p>
   </div>
   <div class='ocr_carea' id='block_1_37' title="bbox 2434 1167 4000 1237">
    <p class='ocr_par' dir='ltr' id='par_1_37' title="bbox 2434 1167 4000 1237">
     <span class='ocr_line' id='line_1_37' title="bbox 2434 1167 4000 1237; baseline 0.001 -13"><span class='ocrx_word' id='word_1_258' title='bbox 2434 1168 2607 1237; x_wconf 83' lang='lat' dir='ltr'><strong>Opera</strong></span> <span class='ocrx_word' id='word_1_259' title='bbox 2662 1168 2855 1223; x_wconf 87' lang='lat' dir='ltr'><strong>Latine</strong></span> <span class='ocrx_word' id='word_1_260' title='bbox 2907 1169 2959 1223; x_wconf 91' lang='lat' dir='ltr'><strong>iu</strong></span> <span class='ocrx_word' id='word_1_261' title='bbox 3008 1168 3246 1237; x_wconf 88' lang='lat' dir='ltr'><strong>antiquis</strong></span> <span class='ocrx_word' id='word_1_262' title='bbox 3302 1167 3519 1222; x_wconf 83' lang='lat' dir='ltr'><strong>Patrum</strong></span> <span class='ocrx_word' id='word_1_263' title='bbox 3594 1169 3946 1225; x_wconf 84' lang='lat' dir='ltr'><strong>Bibliothecis</strong></span> <span class='ocrx_word' id='word_1_264' title='bbox 3984 1210 4000 1234; x_wconf 91' lang='lat'><strong>,</strong></span> 
     </span>
    </p>
   </div>
   <div class='ocr_carea' id='block_1_38' title="bbox 2427 1240 4003 1327">
    <p class='ocr_par' dir='ltr' id='par_1_38' title="bbox 2427 1240 4003 1327">
     <span class='ocr_line' id='line_1_38' title="bbox 2427 1240 4003 1327; baseline 0.003 -12"><span class='ocrx_word' id='word_1_265' title='bbox 2427 1278 2489 1319; x_wconf 84' lang='lat' dir='ltr'><strong>ac</strong></span> <span class='ocrx_word' id='word_1_266' title='bbox 2540 1265 2592 1319; x_wconf 91' lang='lat' dir='ltr'><strong>in</strong></span> <span class='ocrx_word' id='word_1_267' title='bbox 2629 1262 2935 1319; x_wconf 87' lang='lat' dir='ltr'><strong>Coloniensi</strong></span> <span class='ocrx_word' id='word_1_268' title='bbox 2995 1276 3061 1316; x_wconf 79' lang='lat' dir='ltr'><strong>ex</strong></span> <span class='ocrx_word' id='word_1_269' title='bbox 3114 1260 3346 1317; x_wconf 81' lang='lat' dir='ltr'><strong>editione</strong></span> <span class='ocrx_word' id='word_1_270' title='bbox 3378 1240 3662 1327; x_wconf 73' lang='lat' dir='ltr'><strong>Lansselii,</strong></span> <span class='ocrx_word' id='word_1_271' title='bbox 3693 1273 3746 1319; x_wconf 91' lang='lat' dir='ltr'><strong>et</strong></span> <span class='ocrx_word' id='word_1_272' title='bbox 3778 1254 3839 1318; x_wconf 88' lang='lat' dir='ltr'><strong>in</strong></span> <span class='ocrx_word' id='word_1_273' title='bbox 3896 1280 4003 1319; x_wconf 78' lang='lat' dir='ltr'><strong>uo-</strong></span> 
     </span>
    </p>
   </div>
   <div class='ocr_carea' id='block_1_39' title="bbox 2426 1353 4019 1428">
    <p class='ocr_par' dir='ltr' id='par_1_39' title="bbox 2426 1353 4019 1428">
     <span class='ocr_line' id='line_1_39' title="bbox 2426 1353 4019 1428; baseline 0.002 -18"><span class='ocrx_word' id='word_1_274' title='bbox 2426 1366 2539 1410; x_wconf 90' lang='lat' dir='ltr'><strong>stra</strong></span> <span class='ocrx_word' id='word_1_275' title='bbox 2598 1354 2940 1428; x_wconf 87' lang='lat' dir='ltr'><strong>Lugdunensi</strong></span> <span class='ocrx_word' id='word_1_276' title='bbox 2996 1370 3062 1409; x_wconf 83' lang='lat' dir='ltr'><strong>ex</strong></span> <span class='ocrx_word' id='word_1_277' title='bbox 3132 1353 3461 1411; x_wconf 79' lang='lat' dir='ltr'><strong>Corderiaua</strong></span> <span class='ocrx_word' id='word_1_278' title='bbox 3527 1372 3715 1412; x_wconf 84' lang='lat' dir='ltr'><strong>rursus</strong></span> <span class='ocrx_word' id='word_1_279' title='bbox 3773 1355 4019 1428; x_wconf 78' lang='lat' dir='ltr'><strong>vulgata.</strong></span> 
     </span>
    </p>
   </div>
   <div class='ocr_carea' id='block_1_40' title="bbox 2424 1459 2570 1505">
    <p class='ocr_par' dir='ltr' id='par_1_40' title="bbox 2424 1459 2570 1505">
     <span class='ocr_line' id='line_1_40' title="bbox 2424 1459 2570 1505; baseline -0.021 0"><span class='ocrx_word' id='word_1_280' title='bbox 2424 1459 2570 1505; x_wconf 82' lang='lat' dir='ltr'><strong>sunt.</strong></span> 
     </span>
    </p>
   </div>
   <div class='ocr_carea' id='block_1_41' title="bbox 2498 1530 3999 1614">
    <p class='ocr_par' dir='ltr' id='par_1_41' title="bbox 2498 1530 3999 1614">
     <span class='ocr_line' id='line_1_41' title="bbox 2498 1530 3999 1614; baseline 0.002 -18"><span class='ocrx_word' id='word_1_281' title='bbox 2498 1543 2891 1613; x_wconf 80' lang='lat' dir='ltr'><strong>Antiquissima</strong></span> <span class='ocrx_word' id='word_1_282' title='bbox 2924 1545 3113 1599; x_wconf 91' lang='lat' dir='ltr'><strong>horum</strong></span> <span class='ocrx_word' id='word_1_283' title='bbox 3150 1543 3386 1614; x_wconf 87' lang='lat' dir='ltr'><strong>Operum</strong></span> <span class='ocrx_word' id='word_1_284' title='bbox 3440 1544 3617 1600; x_wconf 91' lang='lat' dir='ltr'><strong>versio</strong></span> <span class='ocrx_word' id='word_1_285' title='bbox 3647 1530 3838 1600; x_wconf 85' lang='lat' dir='ltr'><strong>Latina</strong></span> <span class='ocrx_word' id='word_1_286' title='bbox 3895 1560 3999 1599; x_wconf 91' lang='lat' dir='ltr'><strong>ac-</strong></span> 
     </span>
    </p>
   </div>
   <div class='ocr_carea' id='block_1_42' title="bbox 2425 1634 3998 1707">
    <p class='ocr_par' dir='ltr' id='par_1_42' title="bbox 2425 1634 3998 1707">
     <span class='ocr_line' id='line_1_42' title="bbox 2425 1634 3998 1707; baseline -0.001 -16"><span class='ocrx_word' id='word_1_287' title='bbox 2425 1646 2613 1692; x_wconf 88' lang='lat' dir='ltr'><strong>curata</strong></span> <span class='ocrx_word' id='word_1_288' title='bbox 2640 1646 2727 1690; x_wconf 87' lang='lat' dir='ltr'><strong>est</strong></span> <span class='ocrx_word' id='word_1_289' title='bbox 2767 1652 2797 1690; x_wconf 90' lang='lat' dir='ltr'><strong>a</strong></span> <span class='ocrx_word' id='word_1_290' title='bbox 2828 1636 2994 1693; x_wconf 90' lang='lat' dir='ltr'><strong>Scoto</strong></span> <span class='ocrx_word' id='word_1_291' title='bbox 3029 1636 3256 1707; x_wconf 85' lang='lat' dir='ltr'><strong>Erigena</strong></span> <span class='ocrx_word' id='word_1_292' title='bbox 3283 1651 3374 1689; x_wconf 89' lang='lat' dir='ltr'><strong>seu</strong></span> <span class='ocrx_word' id='word_1_293' title='bbox 3401 1634 3712 1706; x_wconf 88' lang='lat' dir='ltr'><strong>Scotigena,</strong></span> <span class='ocrx_word' id='word_1_294' title='bbox 3744 1635 3834 1705; x_wconf 92' lang='lat' dir='ltr'><strong>qui</strong></span> <span class='ocrx_word' id='word_1_295' title='bbox 3868 1650 3998 1690; x_wconf 89' lang='lat' dir='ltr'><strong>eam</strong></span> 
     </span>
    </p>
   </div>
   <div class='ocr_carea' id='block_1_43' title="bbox 2425 1728 3999 1799">
    <p class='ocr_par' dir='ltr' id='par_1_43' title="bbox 2425 1728 3999 1799">
     <span class='ocr_line' id='line_1_43' title="bbox 2425 1728 3999 1799; baseline -0.001 -16"><span class='ocrx_word' id='word_1_296' title='bbox 2425 1743 2490 1783; x_wconf 81' lang='lat' dir='ltr'><strong>ex</strong></span> <span class='ocrx_word' id='word_1_297' title='bbox 2540 1729 2929 1799; x_wconf 85' lang='lat' dir='ltr'><strong>tnauuscriptis</strong></span> <span class='ocrx_word' id='word_1_298' title='bbox 2974 1728 3177 1784; x_wconf 80' lang='lat' dir='ltr'><strong>Grzecis</strong></span> <span class='ocrx_word' id='word_1_299' title='bbox 3230 1729 3283 1783; x_wconf 90' lang='lat' dir='ltr'><strong>in</strong></span> <span class='ocrx_word' id='word_1_300' title='bbox 3330 1728 3721 1782; x_wconf 88' lang='lat' dir='ltr'><strong>monasterium</strong></span> <span class='ocrx_word' id='word_1_301' title='bbox 3763 1728 3999 1782; x_wconf 90' lang='lat' dir='ltr'><strong>Sandio-</strong></span> 
     </span>
    </p>
   </div>
   <div class='ocr_carea' id='block_1_44' title="bbox 2430 1818 4000 1892">
    <p class='ocr_par' dir='ltr' id='par_1_44' title="bbox 2430 1818 4000 1892">
     <span class='ocr_line' id='line_1_44' title="bbox 2430 1818 4000 1892; baseline -0.001 -18"><span class='ocrx_word' id='word_1_302' title='bbox 2430 1821 2742 1892; x_wconf 90' lang='lat' dir='ltr'><strong>nysianum,</strong></span> <span class='ocrx_word' id='word_1_303' title='bbox 2762 1820 2956 1877; x_wconf 82' lang='lat' dir='ltr'><strong>Carolo</strong></span> <span class='ocrx_word' id='word_1_304' title='bbox 2998 1820 3164 1877; x_wconf 84' lang='lat' dir='ltr'><strong>Calvo</strong></span> <span class='ocrx_word' id='word_1_305' title='bbox 3194 1822 3515 1891; x_wconf 88' lang='lat' dir='ltr'><strong>imperante,</strong></span> <span class='ocrx_word' id='word_1_306' title='bbox 3548 1818 3729 1875; x_wconf 86' lang='lat' dir='ltr'><strong>allatis</strong></span> <span class='ocrx_word' id='word_1_307' title='bbox 3757 1820 4000 1880; x_wconf 84' lang='lat' dir='ltr'><strong>adorna-</strong></span> 
     </span>
    </p>
   </div>
   <div class='ocr_carea' id='block_1_45' title="bbox 2430 1914 4003 1983">
    <p class='ocr_par' dir='ltr' id='par_1_45' title="bbox 2430 1914 4003 1983">
     <span class='ocr_line' id='line_1_45' title="bbox 2430 1914 4003 1983; baseline 0 -16"><span class='ocrx_word' id='word_1_308' title='bbox 2430 1915 2525 1970; x_wconf 86' lang='lat' dir='ltr'><strong>vit.</strong></span> <span class='ocrx_word' id='word_1_309' title='bbox 2568 1914 2694 1969; x_wconf 76' lang='lat' dir='ltr'><strong>Hzee</strong></span> <span class='ocrx_word' id='word_1_310' title='bbox 2751 1916 2933 1971; x_wconf 89' lang='lat' dir='ltr'><strong>versio</strong></span> <span class='ocrx_word' id='word_1_311' title='bbox 2986 1932 3107 1970; x_wconf 90' lang='lat' dir='ltr'><strong>cum</strong></span> <span class='ocrx_word' id='word_1_312' title='bbox 3162 1915 3284 1969; x_wconf 89' lang='lat' dir='ltr'><strong>aliis</strong></span> <span class='ocrx_word' id='word_1_313' title='bbox 3341 1914 3689 1983; x_wconf 87' lang='lat' dir='ltr'><strong>quibusdam,</strong></span> <span class='ocrx_word' id='word_1_314' title='bbox 3733 1914 4003 1968; x_wconf 86' lang='lat' dir='ltr'><strong>nimirum</strong></span> 
     </span>
    </p>
   </div>
   <div class='ocr_carea' id='block_1_46' title="bbox 2424 2005 3992 2072">
    <p class='ocr_par' dir='ltr' id='par_1_46' title="bbox 2424 2005 3992 2072">
     <span class='ocr_line' id='line_1_46' title="bbox 2424 2005 3992 2072; baseline -0.001 -11"><span class='ocrx_word' id='word_1_315' title='bbox 2424 2005 2570 2061; x_wconf 89' lang='lat' dir='ltr'><strong>Petri</strong></span> <span class='ocrx_word' id='word_1_316' title='bbox 2612 2007 2903 2072; x_wconf 88' lang='lat' dir='ltr'><strong>Sarrasini,</strong></span> <span class='ocrx_word' id='word_1_317' title='bbox 2932 2007 3203 2063; x_wconf 83' lang='lat' dir='ltr'><strong>Ambrosii</strong></span> <span class='ocrx_word' id='word_1_318' title='bbox 3245 2005 3701 2070; x_wconf 85' lang='lat' dir='ltr'><strong>Camaldulensis,</strong></span> <span class='ocrx_word' id='word_1_319' title='bbox 3736 2015 3789 2061; x_wconf 87' lang='lat' dir='ltr'><strong>et</strong></span> <span class='ocrx_word' id='word_1_320' title='bbox 3840 2005 3992 2069; x_wconf 72' lang='lat' dir='ltr'><strong>Mar,-</strong></span> 
     </span>
    </p>
   </div>
   <div class='ocr_carea' id='block_1_47' title="bbox 2425 2101 3998 2159">
    <p class='ocr_par' dir='ltr' id='par_1_47' title="bbox 2425 2101 3998 2159">
     <span class='ocr_line' id='line_1_47' title="bbox 2425 2101 3998 2159; baseline 0 -4"><span class='ocrx_word' id='word_1_321' title='bbox 2425 2101 2530 2155; x_wconf 91' lang='lat' dir='ltr'><strong>silii</strong></span> <span class='ocrx_word' id='word_1_322' title='bbox 2566 2102 2737 2159; x_wconf 81' lang='lat' dir='ltr'><strong>Ficini</strong></span> <span class='ocrx_word' id='word_1_323' title='bbox 2782 2102 2925 2158; x_wconf 88' lang='lat' dir='ltr'><strong>edita</strong></span> <span class='ocrx_word' id='word_1_324' title='bbox 2973 2113 3057 2157; x_wconf 90' lang='lat' dir='ltr'><strong>est</strong></span> <span class='ocrx_word' id='word_1_325' title='bbox 3094 2101 3333 2157; x_wconf 66' lang='lat' dir='ltr'><strong>Coloniae</strong></span> <span class='ocrx_word' id='word_1_326' title='bbox 3374 2117 3514 2158; x_wconf 90' lang='lat' dir='ltr'><strong>anno</strong></span> <span class='ocrx_word' id='word_1_327' title='bbox 3562 2101 3717 2157; x_wconf 75' lang='grc'>1546.</span> <span class='ocrx_word' id='word_1_328' title='bbox 3754 2143 3756 2145; x_wconf 50' lang='grc'><strong>›</strong></span> <span class='ocrx_word' id='word_1_329' title='bbox 3788 2101 3998 2156; x_wconf 87' lang='lat' dir='ltr'><strong>Eodem</strong></span> 
     </span>
    </p>
   </div>
   <div class='ocr_carea' id='block_1_48' title="bbox 2424 2195 3999 2266">
    <p class='ocr_par' dir='ltr' id='par_1_48' title="bbox 2424 2195 3999 2266">
     <span class='ocr_line' id='line_1_48' title="bbox 2424 2195 3999 2266; baseline 0.001 -17"><span class='ocrx_word' id='word_1_330' title='bbox 2424 2209 2566 2249; x_wconf 84' lang='lat' dir='ltr'><strong>anno</strong></span> <span class='ocrx_word' id='word_1_331' title='bbox 2596 2195 2973 2251; x_wconf 86' lang='lat' dir='ltr'><strong>alia‘Clauseri</strong></span> <span class='ocrx_word' id='word_1_332' title='bbox 3014 2197 3193 2251; x_wconf 81' lang='lat' dir='ltr'><strong>studio</strong></span> <span class='ocrx_word' id='word_1_333' title='bbox 3231 2198 3579 2266; x_wconf 79' lang='lat' dir='ltr'><strong>Argentorati</strong></span> <span class='ocrx_word' id='word_1_334' title='bbox 3630 2196 3833 2266; x_wconf 87' lang='lat' dir='ltr'><strong>prodiit</strong></span> <span class='ocrx_word' id='word_1_335' title='bbox 3862 2214 3876 2249; x_wconf 93' lang='lat'><strong>:</strong></span> <span class='ocrx_word' id='word_1_336' title='bbox 3907 2208 3999 2251; x_wconf 81' lang='lat' dir='ltr'><strong>at-</strong></span> 
     </span>
    </p>
   </div>
   <div class='ocr_carea' id='block_1_49' title="bbox 2424 2286 3994 2355">
    <p class='ocr_par' dir='ltr' id='par_1_49' title="bbox 2424 2286 3994 2355">
     <span class='ocr_line' id='line_1_49' title="bbox 2424 2286 3994 2355; baseline 0.002 -16"><span class='ocrx_word' id='word_1_337' title='bbox 2424 2301 2529 2355; x_wconf 89' lang='lat' dir='ltr'><strong>que</strong></span> <span class='ocrx_word' id='word_1_338' title='bbox 2574 2288 2761 2342; x_wconf 89' lang='lat' dir='ltr'><strong>eadem</strong></span> <span class='ocrx_word' id='word_1_339' title='bbox 2816 2288 2867 2346; x_wconf 93' lang='lat' dir='ltr'><strong>in</strong></span> <span class='ocrx_word' id='word_1_340' title='bbox 2919 2290 3053 2343; x_wconf 87' lang='lat' dir='ltr'><strong>urbe</strong></span> <span class='ocrx_word' id='word_1_341' title='bbox 3114 2286 3397 2343; x_wconf 89' lang='lat' dir='ltr'><strong>Perionius</strong></span> <span class='ocrx_word' id='word_1_342' title='bbox 3462 2306 3605 2343; x_wconf 87' lang='lat' dir='ltr'><strong>anno</strong></span> <span class='ocrx_word' id='word_1_343' title='bbox 3641 2289 3771 2344; x_wconf 77' lang='lat'><strong>1557</strong></span> <span class='ocrx_word' id='word_1_344' title='bbox 3834 2305 3994 2344; x_wconf 92' lang='lat' dir='ltr'><strong>suam</strong></span> 
     </span>
    </p>
   </div>
   <div class='ocr_carea' id='block_1_50' title="bbox 2424 2380 3998 2453">
    <p class='ocr_par' dir='ltr' id='par_1_50' title="bbox 2424 2380 3998 2453">
     <span class='ocr_line' id='line_1_50' title="bbox 2424 2380 3998 2453; baseline 0.004 -20"><span class='ocrx_word' id='word_1_345' title='bbox 2424 2380 2663 2451; x_wconf 87' lang='lat' dir='ltr'><strong>vulgavit</strong></span> <span class='ocrx_word' id='word_1_346' title='bbox 2719 2396 2840 2450; x_wconf 56' lang='lat' dir='ltr'><strong>quae.</strong></span> <span class='ocrx_word' id='word_1_347' title='bbox 2892 2398 3033 2437; x_wconf 86' lang='lat' dir='ltr'><strong>anno</strong></span> <span class='ocrx_word' id='word_1_348' title='bbox 3085 2382 3222 2437; x_wconf 78' lang='grc'>1585</span> <span class='ocrx_word' id='word_1_349' title='bbox 3292 2381 3540 2453; x_wconf 87' lang='lat' dir='ltr'><strong>Lugduni</strong></span> <span class='ocrx_word' id='word_1_350' title='bbox 3596 2399 3784 2451; x_wconf 89' lang='lat' dir='ltr'><strong>rursus</strong></span> <span class='ocrx_word' id='word_1_351' title='bbox 3836 2383 3998 2452; x_wconf 90' lang='lat' dir='ltr'><strong>prelo</strong></span> 
     </span>
    </p>
   </div>
   <div class='ocr_carea' id='block_1_51' title="bbox 2424 2470 3998 2541">
    <p class='ocr_par' dir='ltr' id='par_1_51' title="bbox 2424 2470 3998 2541">
     <span class='ocr_line' id='line_1_51' title="bbox 2424 2470 3998 2541; baseline 0.002 -17"><span class='ocrx_word' id='word_1_352' title='bbox 2424 2470 2665 2540; x_wconf 85' lang='lat' dir='ltr'><strong>subjecta</strong></span> <span class='ocrx_word' id='word_1_353' title='bbox 2701 2482 2808 2526; x_wconf 90' lang='lat' dir='ltr'><strong>est.</strong></span> <span class='ocrx_word' id='word_1_354' title='bbox 2863 2471 2984 2527; x_wconf 82' lang='lat' dir='ltr'><strong>Illas</strong></span> <span class='ocrx_word' id='word_1_355' title='bbox 3030 2482 3358 2541; x_wconf 79' lang='lat' dir='ltr'><strong>exceperunt</strong></span> <span class='ocrx_word' id='word_1_356' title='bbox 3411 2474 3585 2529; x_wconf 85' lang='lat' dir='ltr'><strong>versio</strong></span> <span class='ocrx_word' id='word_1_357' title='bbox 3616 2472 3903 2539; x_wconf 87' lang='lat' dir='ltr'><strong>Lansselii,</strong></span> <span class='ocrx_word' id='word_1_358' title='bbox 3963 2490 3998 2527; x_wconf 88' lang='lat' dir='ltr'><strong>e</strong></span> 
     </span>
    </p>
   </div>
   <div class='ocr_carea' id='block_1_52' title="bbox 2413 2563 4001 2637">
    <p class='ocr_par' dir='ltr' id='par_1_52' title="bbox 2413 2563 4001 2637">
     <span class='ocr_line' id='line_1_52' title="bbox 2413 2563 4001 2637; baseline 0 -16"><span class='ocrx_word' id='word_1_359' title='bbox 2413 2566 2688 2622; x_wconf 84' lang='lat' dir='ltr'><strong>Societate</strong></span> <span class='ocrx_word' id='word_1_360' title='bbox 2712 2563 2868 2621; x_wconf 45' lang='lat' dir='ltr'><strong>-Jesu</strong></span> <span class='ocrx_word' id='word_1_361' title='bbox 2907 2567 3235 2637; x_wconf 86' lang='lat' dir='ltr'><strong>presbyteri,</strong></span> <span class='ocrx_word' id='word_1_362' title='bbox 3270 2566 3493 2622; x_wconf 87' lang='lat' dir='ltr'><strong>Parisiis</strong></span> <span class='ocrx_word' id='word_1_363' title='bbox 3526 2568 3797 2637; x_wconf 76' lang='lat' dir='ltr'><strong>publicata</strong></span> <span class='ocrx_word' id='word_1_364' title='bbox 3847 2583 4001 2621; x_wconf 85' lang='lat' dir='ltr'><strong>anno</strong></span> 
     </span>
    </p>
   </div>
   <div class='ocr_carea' id='block_1_53' title="bbox 2427 2656 3996 2726">
    <p class='ocr_par' dir='ltr' id='par_1_53' title="bbox 2427 2656 3996 2726">
     <span class='ocr_line' id='line_1_53' title="bbox 2427 2656 3996 2726; baseline 0.001 -15"><span class='ocrx_word' id='word_1_365' title='bbox 2427 2657 2585 2724; x_wconf 72' lang='grc'>1625,</span> <span class='ocrx_word' id='word_1_366' title='bbox 2644 2672 2709 2713; x_wconf 87' lang='lat' dir='ltr'><strong>ac</strong></span> <span class='ocrx_word' id='word_1_367' title='bbox 2739 2658 2951 2712; x_wconf 91' lang='lat' dir='ltr'><strong>demum</strong></span> <span class='ocrx_word' id='word_1_368' title='bbox 2996 2656 3240 2712; x_wconf 88' lang='lat' dir='ltr'><strong>Corderii</strong></span> <span class='ocrx_word' id='word_1_369' title='bbox 3307 2658 3561 2725; x_wconf 84' lang='lat' dir='ltr'><strong>theologi,</strong></span> <span class='ocrx_word' id='word_1_370' title='bbox 3610 2658 3846 2726; x_wconf 84' lang='lat' dir='ltr'><strong>ejusdem</strong></span> <span class='ocrx_word' id='word_1_371' title='bbox 3891 2659 3996 2713; x_wconf 80' lang='lat' dir='ltr'><strong>So-</strong></span> 
     </span>
    </p>
   </div>
   <div class='ocr_carea' id='block_1_54' title="bbox 2426 2752 3993 2822">
    <p class='ocr_par' dir='ltr' id='par_1_54' title="bbox 2426 2752 3993 2822">
     <span class='ocr_line' id='line_1_54' title="bbox 2426 2752 3993 2822; baseline 0.001 -16"><span class='ocrx_word' id='word_1_372' title='bbox 2426 2752 2640 2807; x_wconf 84' lang='lat' dir='ltr'><strong>cietatis</strong></span> <span class='ocrx_word' id='word_1_373' title='bbox 2670 2752 2927 2818; x_wconf 88' lang='lat' dir='ltr'><strong>doctoris,</strong></span> <span class='ocrx_word' id='word_1_374' title='bbox 2950 2767 3070 2821; x_wconf 64' lang='lat' dir='ltr'><strong>quae</strong></span> <span class='ocrx_word' id='word_1_375' title='bbox 3098 2754 3408 2822; x_wconf 73' lang='lat' dir='ltr'><strong>Antuerpiae</strong></span> <span class='ocrx_word' id='word_1_376' title='bbox 3432 2753 3570 2807; x_wconf 77' lang='lat'><strong>1635</strong></span> <span class='ocrx_word' id='word_1_377' title='bbox 3595 2754 3791 2807; x_wconf 88' lang='lat' dir='ltr'><strong>emissa</strong></span> <span class='ocrx_word' id='word_1_378' title='bbox 3818 2763 3901 2805; x_wconf 90' lang='lat' dir='ltr'><strong>est</strong></span> <span class='ocrx_word' id='word_1_379' title='bbox 3937 2753 3993 2807; x_wconf 87' lang='lat' dir='ltr'><strong>iu</strong></span> 
     </span>
    </p>
   </div>
   <div class='ocr_carea' id='block_1_55' title="bbox 2425 2846 2621 2901">
    <p class='ocr_par' dir='ltr' id='par_1_55' title="bbox 2425 2846 2621 2901">
     <span class='ocr_line' id='line_1_55' title="bbox 2425 2846 2621 2901; baseline 0 -2"><span class='ocrx_word' id='word_1_380' title='bbox 2425 2846 2621 2901; x_wconf 91' lang='lat' dir='ltr'><strong>lucem.</strong></span> 
     </span>
    </p>
   </div>
   <div class='ocr_carea' id='block_1_56' title="bbox 2496 2934 3993 3008">
    <p class='ocr_par' dir='ltr' id='par_1_56' title="bbox 2496 2934 3993 3008">
     <span class='ocr_line' id='line_1_56' title="bbox 2496 2934 3993 3008; baseline -0.002 -16"><span class='ocrx_word' id='word_1_381' title='bbox 2496 2936 2667 2992; x_wconf 82' lang='lat' dir='ltr'><strong>Porro</strong></span> <span class='ocrx_word' id='word_1_382' title='bbox 2696 2946 2876 2991; x_wconf 91' lang='lat' dir='ltr'><strong>autem</strong></span> <span class='ocrx_word' id='word_1_383' title='bbox 2930 2936 3016 2990; x_wconf 85' lang='lat' dir='ltr'><strong>vix</strong></span> <span class='ocrx_word' id='word_1_384' title='bbox 3071 2937 3170 2990; x_wconf 84' lang='lat' dir='ltr'><strong>alia</strong></span> <span class='ocrx_word' id='word_1_385' title='bbox 3227 2937 3466 3008; x_wconf 78' lang='lat' dir='ltr'><strong>reperias</strong></span> <span class='ocrx_word' id='word_1_386' title='bbox 3515 2947 3826 2991; x_wconf 90' lang='lat' dir='ltr'><strong>sanctorum</strong></span> <span class='ocrx_word' id='word_1_387' title='bbox 3878 2934 3993 2989; x_wconf 82' lang='lat' dir='ltr'><strong>Pa-</strong></span> 
     </span>
    </p>
   </div>
   <div class='ocr_carea' id='block_1_57' title="bbox 2429 3030 3999 3101">
    <p class='ocr_par' dir='ltr' id='par_1_57' title="bbox 2429 3030 3999 3101">
     <span class='ocr_line' id='line_1_57' title="bbox 2429 3030 3999 3101; baseline 0.002 -17"><span class='ocrx_word' id='word_1_388' title='bbox 2429 3041 2569 3085; x_wconf 90' lang='lat' dir='ltr'><strong>trum</strong></span> <span class='ocrx_word' id='word_1_389' title='bbox 2637 3047 2827 3101; x_wconf 90' lang='lat' dir='ltr'><strong>opera,</strong></span> <span class='ocrx_word' id='word_1_390' title='bbox 2888 3031 3085 3100; x_wconf 91' lang='lat' dir='ltr'><strong>quibus</strong></span> <span class='ocrx_word' id='word_1_391' title='bbox 3140 3030 3474 3087; x_wconf 72' lang='lat' dir='ltr'><strong>illusuandis</strong></span> <span class='ocrx_word' id='word_1_392' title='bbox 3536 3042 3590 3086; x_wconf 86' lang='lat' dir='ltr'><strong>et</strong></span> <span class='ocrx_word' id='word_1_393' title='bbox 3656 3032 3999 3101; x_wconf 83' lang='lat' dir='ltr'><strong>exponendis</strong></span> 
     </span>
    </p>
   </div>
   <div class='ocr_carea' id='block_1_58' title="bbox 2428 3122 4000 3195">
    <p class='ocr_par' dir='ltr' id='par_1_58' title="bbox 2428 3122 4000 3195">
     <span class='ocr_line' id='line_1_58' title="bbox 2428 3122 4000 3195; baseline 0.001 -17"><span class='ocrx_word' id='word_1_394' title='bbox 2428 3123 2691 3192; x_wconf 86' lang='lat' dir='ltr'><strong>majorem</strong></span> <span class='ocrx_word' id='word_1_395' title='bbox 2767 3124 3067 3195; x_wconf 88' lang='lat' dir='ltr'><strong>scriptores</strong></span> <span class='ocrx_word' id='word_1_396' title='bbox 3138 3126 3419 3194; x_wconf 91' lang='lat' dir='ltr'><strong>posuerint</strong></span> <span class='ocrx_word' id='word_1_397' title='bbox 3478 3139 3720 3193; x_wconf 90' lang='lat' dir='ltr'><strong>operam.</strong></span> <span class='ocrx_word' id='word_1_398' title='bbox 3784 3122 4000 3179; x_wconf 64' lang='lat' dir='ltr'><strong>Prteter</strong></span> 
     </span>
    </p>
   </div>
   <div class='ocr_carea' id='block_1_59' title="bbox 753 3210 3999 3308">
    <p class='ocr_par' dir='ltr' id='par_1_59' title="bbox 753 3210 3999 3308">
     <span class='ocr_line' id='line_1_59' title="bbox 753 3210 3999 3308; baseline -0.006 -33"><span class='ocrx_word' id='word_1_399' title='bbox 753 3222 840 3275; x_wconf 85' lang='lat' dir='ltr'><strong>bis</strong></span> <span class='ocrx_word' id='word_1_400' title='bbox 880 3217 1209 3273; x_wconf 69' lang='lat' dir='ltr'><strong>desiderium</strong></span> <span class='ocrx_word' id='word_1_401' title='bbox 1242 3214 1478 3283; x_wconf 89' lang='lat' dir='ltr'><strong>reliquit.</strong></span> <span class='ocrx_word' id='word_1_402' title='bbox 1512 3210 1567 3265; x_wconf 74' lang='lat'><strong>1|]</strong></span> <span class='ocrx_word' id='word_1_403' title='bbox 1601 3210 1686 3264; x_wconf 74' lang='lat'><strong>1118</strong></span> <span class='ocrx_word' id='word_1_404' title='bbox 1727 3219 1907 3263; x_wconf 85' lang='lat' dir='ltr'><strong>autem</strong></span> <span class='ocrx_word' id='word_1_405' title='bbox 1945 3216 2322 3271; x_wconf 88' lang='lat' dir='ltr'><strong>numerantur,</strong></span> <span class='ocrx_word' id='word_1_406' title='bbox 2351 3250 2393 3308; x_wconf 62' lang='grc' dir='ltr'>ϐ</span> <span class='ocrx_word' id='word_1_407' title='bbox 2432 3227 2759 3271; x_wconf 73' lang='lat' dir='ltr'><strong>memoralas</strong></span> <span class='ocrx_word' id='word_1_408' title='bbox 2785 3216 2929 3271; x_wconf 79' lang='lat' dir='ltr'><strong>enim</strong></span> <span class='ocrx_word' id='word_1_409' title='bbox 2968 3216 3267 3279; x_wconf 59' lang='lat' dir='ltr'><strong>vel-siones,</strong></span> <span class='ocrx_word' id='word_1_410' title='bbox 3302 3215 3454 3271; x_wconf 71' lang='lat' dir='ltr'><strong>mulli</strong></span> <span class='ocrx_word' id='word_1_411' title='bbox 3509 3216 3560 3271; x_wconf 75' lang='lat' dir='ltr'><strong>in</strong></span> <span class='ocrx_word' id='word_1_412' title='bbox 3600 3216 3699 3271; x_wconf 74' lang='lat' dir='ltr'><strong>has</strong></span> <span class='ocrx_word' id='word_1_413' title='bbox 3749 3215 3999 3270; x_wconf 67' lang='lat' dir='ltr'><strong>auctoris</strong></span> 
     </span>
    </p>
   </div>
   <div class='ocr_carea' id='block_1_60' title="bbox 755 3297 2325 3377">
    <p class='ocr_par' dir='ltr' id='par_1_60' title="bbox 755 3297 2325 3377">
     <span class='ocr_line' id='line_1_60' title="bbox 755 3297 2325 3377; baseline -0.008 -14"><span class='ocrx_word' id='word_1_414' title='bbox 755 3310 893 3363; x_wconf 87' lang='lat' dir='ltr'><strong>liber</strong></span> <span class='ocrx_word' id='word_1_415' title='bbox 922 3308 998 3361; x_wconf 91' lang='lat' dir='ltr'><strong>De</strong></span> <span class='ocrx_word' id='word_1_416' title='bbox 1022 3307 1229 3377; x_wconf 80' lang='lat' dir='ltr'><strong>hymnis</strong></span> <span class='ocrx_word' id='word_1_417' title='bbox 1254 3306 1441 3359; x_wconf 78' lang='lat' dir='ltr'><strong>divinis</strong></span> <span class='ocrx_word' id='word_1_418' title='bbox 1459 3303 1525 3369; x_wconf 83' lang='lat'><strong>‘°,</strong></span> <span class='ocrx_word' id='word_1_419' title='bbox 1558 3302 1691 3356; x_wconf 85' lang='lat' dir='ltr'><strong>liber</strong></span> <span class='ocrx_word' id='word_1_420' title='bbox 1709 3299 1779 3352; x_wconf 87' lang='grc' dir='ltr'><strong>ἐν</strong></span> <span class='ocrx_word' id='word_1_421' title='bbox 1809 3297 1936 3367; x_wconf 82' lang='grc' dir='ltr'><em>ταῖς</em></span> <span class='ocrx_word' id='word_1_422' title='bbox 1958 3297 2325 3367; x_wconf 58' lang='lat' dir='ltr'><strong>decim-maio;</strong></span> 
     </span>
    </p>
   </div>
   <div class='ocr_carea' id='block_1_61' title="bbox 755 3390 2323 3467">
    <p class='ocr_par' dir='ltr' id='par_1_61' title="bbox 755 3390 2323 3467">
     <span class='ocr_line' id='line_1_61' title="bbox 755 3390 2323 3467; baseline -0.012 -5"><span class='ocrx_word' id='word_1_423' title='bbox 755 3397 1188 3462; x_wconf 75' lang='grc' dir='ltr'><strong>ὑποτυπώσεσι</strong></span> <span class='ocrx_word' id='word_1_424' title='bbox 1210 3400 1278 3465; x_wconf 67' lang='grc' dir='ltr'><strong>δι,</strong></span> <span class='ocrx_word' id='word_1_425' title='bbox 1324 3399 1399 3453; x_wconf 84' lang='lat' dir='ltr'><strong>De</strong></span> <span class='ocrx_word' id='word_1_426' title='bbox 1432 3395 1892 3467; x_wconf 77' lang='lat' dir='ltr'><strong>informationibus</strong></span> <span class='ocrx_word' id='word_1_427' title='bbox 1944 3392 2153 3457; x_wconf 78' lang='lat' dir='ltr'><strong>divinis,</strong></span> <span class='ocrx_word' id='word_1_428' title='bbox 2188 3390 2323 3445; x_wconf 81' lang='lat' dir='ltr'><strong>liber</strong></span> 
     </span>
    </p>
   </div>
   <div class='ocr_carea' id='block_1_62' title="bbox 761 3486 2323 3574">
    <p class='ocr_par' dir='ltr' id='par_1_62' title="bbox 761 3486 2323 3574">
     <span class='ocr_line' id='line_1_62' title="bbox 761 3486 2323 3574; baseline -0.011 -16"><span class='ocrx_word' id='word_1_429' title='bbox 761 3504 835 3558; x_wconf 79' lang='lat' dir='ltr'><strong>De</strong></span> <span class='ocrx_word' id='word_1_430' title='bbox 869 3502 1155 3574; x_wconf 79' lang='lat' dir='ltr'><strong>symbolica</strong></span> <span class='ocrx_word' id='word_1_431' title='bbox 1214 3498 1472 3567; x_wconf 83' lang='lat' dir='ltr'><strong>theologia</strong></span> <span class='ocrx_word' id='word_1_432' title='bbox 1491 3495 1573 3561; x_wconf 80' lang='grc'><strong>’⁶’,</strong></span> <span class='ocrx_word' id='word_1_433' title='bbox 1601 3495 1739 3550; x_wconf 85' lang='lat' dir='ltr'><strong>liber</strong></span> <span class='ocrx_word' id='word_1_434' title='bbox 1770 3493 1846 3547; x_wconf 83' lang='lat' dir='ltr'><strong>De</strong></span> <span class='ocrx_word' id='word_1_435' title='bbox 1880 3492 2059 3546; x_wconf 84' lang='lat' dir='ltr'><strong>anima</strong></span> <span class='ocrx_word' id='word_1_436' title='bbox 2090 3489 2160 3555; x_wconf 79' lang='grc'><strong>⁸⁸,</strong></span> <span class='ocrx_word' id='word_1_437' title='bbox 2186 3486 2323 3543; x_wconf 80' lang='lat' dir='ltr'><strong>liber</strong></span> 
     </span>
    </p>
   </div>
   <div class='ocr_carea' id='block_1_63' title="bbox 760 3582 2324 3667">
    <p class='ocr_par' dir='ltr' id='par_1_63' title="bbox 760 3582 2324 3667">
     <span class='ocr_line' id='line_1_63' title="bbox 760 3582 2324 3667; baseline -0.012 -13"><span class='ocrx_word' id='word_1_438' title='bbox 760 3600 835 3654; x_wconf 86' lang='lat' dir='ltr'><strong>De</strong></span> <span class='ocrx_word' id='word_1_439' title='bbox 858 3598 1004 3667; x_wconf 81' lang='lat' dir='ltr'><strong>justo</strong></span> <span class='ocrx_word' id='word_1_440' title='bbox 1027 3596 1298 3663; x_wconf 87' lang='lat' dir='ltr'><strong>divinaque</strong></span> <span class='ocrx_word' id='word_1_441' title='bbox 1316 3590 1522 3662; x_wconf 81' lang='lat' dir='ltr'><strong>judicio</strong></span> <span class='ocrx_word' id='word_1_442' title='bbox 1549 3589 1617 3643; x_wconf 79' lang='lat'><strong>“.</strong></span> <span class='ocrx_word' id='word_1_443' title='bbox 1640 3589 1777 3643; x_wconf 86' lang='lat' dir='ltr'><strong>liber</strong></span> <span class='ocrx_word' id='word_1_444' title='bbox 1800 3585 1874 3640; x_wconf 84' lang='lat' dir='ltr'><strong>De</strong></span> <span class='ocrx_word' id='word_1_445' title='bbox 1896 3585 1957 3639; x_wconf 82' lang='lat' dir='ltr'><strong>iis</strong></span> <span class='ocrx_word' id='word_1_446' title='bbox 1981 3600 2097 3655; x_wconf 76' lang='lat' dir='ltr'><strong>qua:</strong></span> <span class='ocrx_word' id='word_1_447' title='bbox 2124 3582 2217 3637; x_wconf 80' lang='lat' dir='ltr'><strong>sub</strong></span> <span class='ocrx_word' id='word_1_448' title='bbox 2240 3584 2324 3637; x_wconf 84' lang='lat' dir='ltr'><strong>in-</strong></span> 
     </span>
    </p>
   </div>
   <div class='ocr_carea' id='block_1_64' title="bbox 759 3676 2325 3747">
    <p class='ocr_par' dir='ltr' id='par_1_64' title="bbox 759 3676 2325 3747">
     <span class='ocr_line' id='line_1_64' title="bbox 759 3676 2325 3747; baseline -0.01 -1"><span class='ocrx_word' id='word_1_449' title='bbox 759 3695 1019 3747; x_wconf 65' lang='lat' dir='ltr'><strong>tellectum</strong></span> <span class='ocrx_word' id='word_1_450' title='bbox 1068 3700 1115 3742; x_wconf 87' lang='lat' dir='ltr'><strong>et</strong></span> <span class='ocrx_word' id='word_1_451' title='bbox 1144 3703 1353 3743; x_wconf 77' lang='lat' dir='ltr'><strong>sensum</strong></span> <span class='ocrx_word' id='word_1_452' title='bbox 1399 3686 1591 3739; x_wconf 85' lang='lat' dir='ltr'><strong>cadunt</strong></span> <span class='ocrx_word' id='word_1_453' title='bbox 1622 3682 1691 3739; x_wconf 78' lang='lat'><strong>°&#39;.</strong></span> <span class='ocrx_word' id='word_1_454' title='bbox 1751 3680 1817 3736; x_wconf 87' lang='lat' dir='ltr'><strong>Et</strong></span> <span class='ocrx_word' id='word_1_455' title='bbox 1855 3681 1901 3735; x_wconf 88' lang='lat' dir='ltr'><strong>si</strong></span> <span class='ocrx_word' id='word_1_456' title='bbox 1937 3680 2059 3735; x_wconf 86' lang='lat' dir='ltr'><strong>divo</strong></span> <span class='ocrx_word' id='word_1_457' title='bbox 2092 3676 2325 3732; x_wconf 86' lang='lat' dir='ltr'><strong>Maximo</strong></span> 
     </span>
    </p>
   </div>
   <div class='ocr_carea' id='block_1_65' title="bbox 760 3771 2321 3847">
    <p class='ocr_par' dir='ltr' id='par_1_65' title="bbox 760 3771 2321 3847">
     <span class='ocr_line' id='line_1_65' title="bbox 760 3771 2321 3847; baseline -0.01 -6"><span class='ocrx_word' id='word_1_458' title='bbox 760 3789 897 3847; x_wconf 79' lang='lat' dir='ltr'><strong>ﬁdes</strong></span> <span class='ocrx_word' id='word_1_459' title='bbox 954 3786 1207 3841; x_wconf 88' lang='lat' dir='ltr'><strong>habenda</strong></span> <span class='ocrx_word' id='word_1_460' title='bbox 1258 3782 1395 3835; x_wconf 87' lang='lat' dir='ltr'><strong>liber</strong></span> <span class='ocrx_word' id='word_1_461' title='bbox 1431 3778 1506 3832; x_wconf 87' lang='lat' dir='ltr'><strong>De</strong></span> <span class='ocrx_word' id='word_1_462' title='bbox 1535 3777 1690 3847; x_wconf 82' lang='lat' dir='ltr'><strong>legali</strong></span> <span class='ocrx_word' id='word_1_463' title='bbox 1733 3774 2029 3830; x_wconf 81' lang='lat' dir='ltr'><strong>hierarchia</strong></span> <span class='ocrx_word' id='word_1_464' title='bbox 2062 3772 2130 3839; x_wconf 78' lang='grc'><strong>⁸⁸,</strong></span> <span class='ocrx_word' id='word_1_465' title='bbox 2174 3782 2229 3827; x_wconf 89' lang='lat' dir='ltr'><strong>et</strong></span> <span class='ocrx_word' id='word_1_466' title='bbox 2254 3771 2321 3826; x_wconf 89' lang='lat' dir='ltr'><strong>li-</strong></span> 
     </span>
    </p>
   </div>
   <div class='ocr_carea' id='block_1_66' title="bbox 759 3863 2315 3949">
    <p class='ocr_par' dir='ltr' id='par_1_66' title="bbox 759 3863 2315 3949">
     <span class='ocr_line' id='line_1_66' title="bbox 759 3863 2315 3949; baseline -0.011 -15"><span class='ocrx_word' id='word_1_467' title='bbox 759 3883 856 3935; x_wconf 90' lang='lat' dir='ltr'><strong>ber</strong></span> <span class='ocrx_word' id='word_1_468' title='bbox 881 3879 958 3933; x_wconf 86' lang='lat' dir='ltr'><strong>De</strong></span> <span class='ocrx_word' id='word_1_469' title='bbox 985 3877 1233 3949; x_wconf 77' lang='lat' dir='ltr'><strong>angelicis</strong></span> <span class='ocrx_word' id='word_1_470' title='bbox 1256 3867 1675 3929; x_wconf 82' lang='lat' dir='ltr'><strong>ordinationibus</strong></span> <span class='ocrx_word' id='word_1_471' title='bbox 1705 3878 1755 3925; x_wconf 90' lang='lat' dir='ltr'><strong>et</strong></span> <span class='ocrx_word' id='word_1_472' title='bbox 1798 3866 2203 3940; x_wconf 82' lang='lat' dir='ltr'><strong>proprietatibus</strong></span> <span class='ocrx_word' id='word_1_473' title='bbox 2228 3863 2271 3895; x_wconf 83' lang='lat'><strong>&quot;</strong></span> <span class='ocrx_word' id='word_1_474' title='bbox 2299 3880 2315 3918; x_wconf 89' lang='lat'><strong>:</strong></span> 
     </span>
    </p>
   </div>
   <div class='ocr_carea' id='block_1_67' title="bbox 758 3958 2322 4042">
    <p class='ocr_par' dir='ltr' id='par_1_67' title="bbox 758 3958 2322 4042">
     <span class='ocr_line' id='line_1_67' title="bbox 758 3958 2322 4042; baseline -0.01 -14"><span class='ocrx_word' id='word_1_475' title='bbox 758 3973 854 4028; x_wconf 86' lang='lat' dir='ltr'><strong>sed</strong></span> <span class='ocrx_word' id='word_1_476' title='bbox 893 3982 1198 4042; x_wconf 85' lang='lat' dir='ltr'><strong>postremus</strong></span> <span class='ocrx_word' id='word_1_477' title='bbox 1254 3968 1344 4023; x_wconf 92' lang='lat' dir='ltr'><strong>ille</strong></span> <span class='ocrx_word' id='word_1_478' title='bbox 1371 3966 1505 4021; x_wconf 90' lang='lat' dir='ltr'><strong>liber</strong></span> <span class='ocrx_word' id='word_1_479' title='bbox 1554 3979 1662 4019; x_wconf 89' lang='lat' dir='ltr'><strong>non</strong></span> <span class='ocrx_word' id='word_1_480' title='bbox 1704 3962 1844 4019; x_wconf 87' lang='lat' dir='ltr'><strong>alius</strong></span> <span class='ocrx_word' id='word_1_481' title='bbox 1874 3962 1939 4017; x_wconf 88' lang='lat' dir='ltr'><strong>ab</strong></span> <span class='ocrx_word' id='word_1_482' title='bbox 1968 3962 2087 4033; x_wconf 87' lang='lat' dir='ltr'><strong>ipso</strong></span> <span class='ocrx_word' id='word_1_483' title='bbox 2113 3958 2188 4014; x_wconf 88' lang='lat' dir='ltr'><strong>De</strong></span> <span class='ocrx_word' id='word_1_484' title='bbox 2214 3974 2322 4014; x_wconf 70' lang='lat' dir='ltr'><strong>cm-</strong></span> 
     </span>
    </p>
   </div>
   <div class='ocr_carea' id='block_1_68' title="bbox 757 4053 2321 4128">
    <p class='ocr_par' dir='ltr' id='par_1_68' title="bbox 757 4053 2321 4128">
     <span class='ocr_line' id='line_1_68' title="bbox 757 4053 2321 4128; baseline -0.009 -8"><span class='ocrx_word' id='word_1_485' title='bbox 757 4068 873 4121; x_wconf 84' lang='lat' dir='ltr'><strong>lesti</strong></span> <span class='ocrx_word' id='word_1_486' title='bbox 908 4065 1203 4120; x_wconf 77' lang='lat' dir='ltr'><strong>hieran/tia</strong></span> <span class='ocrx_word' id='word_1_487' title='bbox 1256 4062 1395 4118; x_wconf 91' lang='lat' dir='ltr'><strong>libro</strong></span> <span class='ocrx_word' id='word_1_488' title='bbox 1445 4060 1688 4128; x_wconf 90' lang='lat' dir='ltr'><strong>pluribus</strong></span> <span class='ocrx_word' id='word_1_489' title='bbox 1722 4057 2010 4112; x_wconf 86' lang='lat' dir='ltr'><strong>videbitur.</strong></span> <span class='ocrx_word' id='word_1_490' title='bbox 2056 4053 2321 4110; x_wconf 76' lang='lat' dir='ltr'><strong>Caeterum</strong></span> 
     </span>
    </p>
   </div>
   <div class='ocr_carea' id='block_1_69' title="bbox 759 4150 2321 4225">
    <p class='ocr_par' dir='ltr' id='par_1_69' title="bbox 759 4150 2321 4225">
     <span class='ocr_line' id='line_1_69' title="bbox 759 4150 2321 4225; baseline -0.008 -10"><span class='ocrx_word' id='word_1_491' title='bbox 759 4177 823 4215; x_wconf 88' lang='lat' dir='ltr'><strong>ea</strong></span> <span class='ocrx_word' id='word_1_492' title='bbox 859 4160 958 4213; x_wconf 91' lang='lat' dir='ltr'><strong>l&#39;uit</strong></span> <span class='ocrx_word' id='word_1_493' title='bbox 1005 4174 1194 4214; x_wconf 88' lang='lat' dir='ltr'><strong>eormn</strong></span> <span class='ocrx_word' id='word_1_494' title='bbox 1253 4158 1519 4213; x_wconf 91' lang='lat' dir='ltr'><strong>librorum</strong></span> <span class='ocrx_word' id='word_1_495' title='bbox 1574 4155 1794 4225; x_wconf 85' lang='lat' dir='ltr'><strong>jactura</strong></span> <span class='ocrx_word' id='word_1_496' title='bbox 1845 4161 1904 4207; x_wconf 92' lang='lat' dir='ltr'><strong>ut</strong></span> <span class='ocrx_word' id='word_1_497' title='bbox 1955 4150 2101 4204; x_wconf 89' lang='lat' dir='ltr'><strong>nulla</strong></span> <span class='ocrx_word' id='word_1_498' title='bbox 2135 4162 2321 4203; x_wconf 88' lang='lat' dir='ltr'><strong>eorum</strong></span> 
     </span>
    </p>
   </div>
   <div class='ocr_carea' id='block_1_70' title="bbox 761 4244 2322 4321">
    <p class='ocr_par' dir='ltr' id='par_1_70' title="bbox 761 4244 2322 4321">
     <span class='ocr_line' id='line_1_70' title="bbox 761 4244 2322 4321; baseline -0.008 -12"><span class='ocrx_word' id='word_1_499' title='bbox 761 4256 968 4309; x_wconf 86' lang='lat' dir='ltr'><strong>mentio</strong></span> <span class='ocrx_word' id='word_1_500' title='bbox 1000 4254 1315 4321; x_wconf 89' lang='lat' dir='ltr'><strong>nullumque</strong></span> <span class='ocrx_word' id='word_1_501' title='bbox 1360 4259 1537 4306; x_wconf 89' lang='lat' dir='ltr'><strong>exstet</strong></span> <span class='ocrx_word' id='word_1_502' title='bbox 1565 4249 1874 4318; x_wconf 81' lang='lat' dir='ltr'><strong>vestigium,</strong></span> <span class='ocrx_word' id='word_1_503' title='bbox 1912 4245 2016 4301; x_wconf 91' lang='lat' dir='ltr'><strong>nisi</strong></span> <span class='ocrx_word' id='word_1_504' title='bbox 2049 4245 2101 4299; x_wconf 92' lang='lat' dir='ltr'><strong>in</strong></span> <span class='ocrx_word' id='word_1_505' title='bbox 2127 4244 2322 4301; x_wconf 86' lang='lat' dir='ltr'><strong>iisdem</strong></span> 
     </span>
    </p>
   </div>
   <div class='ocr_carea' id='block_1_71' title="bbox 761 4336 2323 4415">
    <p class='ocr_par' dir='ltr' id='par_1_71' title="bbox 761 4336 2323 4415">
     <span class='ocr_line' id='line_1_71' title="bbox 761 4336 2323 4415; baseline -0.007 -13"><span class='ocrx_word' id='word_1_506' title='bbox 761 4348 1001 4403; x_wconf 87' lang='lat' dir='ltr'><strong>auctoris</strong></span> <span class='ocrx_word' id='word_1_507' title='bbox 1035 4347 1207 4401; x_wconf 85' lang='lat' dir='ltr'><strong>nostri</strong></span> <span class='ocrx_word' id='word_1_508' title='bbox 1231 4344 1514 4415; x_wconf 83' lang='lat' dir='ltr'><strong>Operibus,</strong></span> <span class='ocrx_word' id='word_1_509' title='bbox 1547 4343 1631 4398; x_wconf 89' lang='lat' dir='ltr'><strong>vel</strong></span> <span class='ocrx_word' id='word_1_510' title='bbox 1669 4342 1811 4412; x_wconf 88' lang='lat' dir='ltr'><strong>quod</strong></span> <span class='ocrx_word' id='word_1_511' title='bbox 1844 4342 2081 4406; x_wconf 89' lang='lat' dir='ltr'><strong>ipsorum</strong></span> <span class='ocrx_word' id='word_1_512' title='bbox 2129 4336 2323 4393; x_wconf 82' lang='lat' dir='ltr'><strong>fultum</strong></span> 
     </span>
    </p>
   </div>
   <div class='ocr_carea' id='block_1_72' title="bbox 763 4440 1341 4498">
    <p class='ocr_par' dir='ltr' id='par_1_72' title="bbox 763 4440 1341 4498">
     <span class='ocr_line' id='line_1_72' title="bbox 763 4440 1341 4498; baseline -0.007 -1"><span class='ocrx_word' id='word_1_513' title='bbox 763 4459 868 4498; x_wconf 90' lang='lat' dir='ltr'><strong>non</strong></span> <span class='ocrx_word' id='word_1_514' title='bbox 895 4444 968 4497; x_wconf 86' lang='lat' dir='ltr'><strong>sit</strong></span> <span class='ocrx_word' id='word_1_515' title='bbox 1005 4440 1341 4495; x_wconf 85' lang='lat' dir='ltr'><strong>testimonio.</strong></span> 
     </span>
    </p>
   </div>
   <div class='ocr_carea' id='block_1_73' title="bbox 1340 4527 1766 4586">
    <p class='ocr_par' dir='ltr' id='par_1_73' title="bbox 1340 4527 1766 4586">
     <span class='ocr_line' id='line_1_73' title="bbox 1340 4527 1766 4586; baseline -0.007 0"><span class='ocrx_word' id='word_1_516' title='bbox 1340 4527 1568 4586; x_wconf 81' lang='lat' dir='ltr'><strong>CAPUT</strong></span> <span class='ocrx_word' id='word_1_517' title='bbox 1626 4528 1766 4584; x_wconf 67' lang='lat' dir='ltr'><strong>XXI.</strong></span> 
     </span>
    </p>
   </div>
   <div class='ocr_carea' id='block_1_74' title="bbox 2427 3308 3995 3377">
    <p class='ocr_par' dir='ltr' id='par_1_74' title="bbox 2427 3308 3995 3377">
     <span class='ocr_line' id='line_1_74' title="bbox 2427 3308 3995 3377; baseline -0.002 -13"><span class='ocrx_word' id='word_1_518' title='bbox 2427 3312 2601 3366; x_wconf 89' lang='lat' dir='ltr'><strong>nostri</strong></span> <span class='ocrx_word' id='word_1_519' title='bbox 2654 3309 3060 3366; x_wconf 86' lang='lat' dir='ltr'><strong>lucubrationes</strong></span> <span class='ocrx_word' id='word_1_520' title='bbox 3128 3311 3413 3365; x_wconf 89' lang='lat' dir='ltr'><strong>ediderunt</strong></span> <span class='ocrx_word' id='word_1_521' title='bbox 3475 3308 3721 3375; x_wconf 86' lang='lat' dir='ltr'><strong>scholia,</strong></span> <span class='ocrx_word' id='word_1_522' title='bbox 3788 3319 3995 3377; x_wconf 86' lang='lat' dir='ltr'><strong>notas,</strong></span> 
     </span>
    </p>
   </div>
   <div class='ocr_carea' id='block_1_75' title="bbox 2426 3400 3996 3474">
    <p class='ocr_par' dir='ltr' id='par_1_75' title="bbox 2426 3400 3996 3474">
     <span class='ocr_line' id='line_1_75' title="bbox 2426 3400 3996 3474; baseline -0.003 -15"><span class='ocrx_word' id='word_1_523' title='bbox 2426 3403 2829 3459; x_wconf 83' lang='lat' dir='ltr'><strong>observationes</strong></span> <span class='ocrx_word' id='word_1_524' title='bbox 2876 3414 2929 3458; x_wconf 90' lang='lat' dir='ltr'><strong>et</strong></span> <span class='ocrx_word' id='word_1_525' title='bbox 2989 3405 3370 3474; x_wconf 85' lang='lat' dir='ltr'><strong>paraphrases.</strong></span> <span class='ocrx_word' id='word_1_526' title='bbox 3420 3400 3507 3459; x_wconf 49' lang='lat' dir='ltr'><strong>Et&#39;</strong></span> <span class='ocrx_word' id='word_1_527' title='bbox 3538 3419 3669 3458; x_wconf 87' lang='lat' dir='ltr'><strong>vero</strong></span> <span class='ocrx_word' id='word_1_528' title='bbox 3704 3402 3996 3474; x_wconf 83' lang='lat' dir='ltr'><strong>Dionysius</strong></span> 
     </span>
    </p>
   </div>
   <div class='ocr_carea' id='block_1_76' title="bbox 2426 3496 3994 3570">
    <p class='ocr_par' dir='ltr' id='par_1_76' title="bbox 2426 3496 3994 3570">
     <span class='ocr_line' id='line_1_76' title="bbox 2426 3496 3994 3570; baseline 0.001 -19"><span class='ocrx_word' id='word_1_529' title='bbox 2426 3496 2632 3552; x_wconf 80' lang='lat' dir='ltr'><strong>Rhetor</strong></span> <span class='ocrx_word' id='word_1_530' title='bbox 2680 3507 2735 3553; x_wconf 93' lang='lat' dir='ltr'><strong>et</strong></span> <span class='ocrx_word' id='word_1_531' title='bbox 2780 3496 3015 3553; x_wconf 81' lang='lat' dir='ltr'><strong>Joannes</strong></span> <span class='ocrx_word' id='word_1_532' title='bbox 3045 3498 3518 3570; x_wconf 79' lang='lat' dir='ltr'><strong>Scytlwpolitauus</strong></span> <span class='ocrx_word' id='word_1_533' title='bbox 3549 3508 3703 3554; x_wconf 87' lang='lat' dir='ltr'><strong>sexto</strong></span> <span class='ocrx_word' id='word_1_534' title='bbox 3732 3497 3994 3553; x_wconf 80' lang='lat' dir='ltr'><strong>Ecclesia:</strong></span> 
     </span>
    </p>
   </div>
   <div class='ocr_carea' id='block_1_77' title="bbox 2426 3576 3994 3664">
    <p class='ocr_par' dir='ltr' id='par_1_77' title="bbox 2426 3576 3994 3664">
     <span class='ocr_line' id='line_1_77' title="bbox 2426 3576 3994 3664; baseline -0.001 -16"><span class='ocrx_word' id='word_1_535' title='bbox 2426 3592 2622 3648; x_wconf 69' lang='lat' dir='ltr'><strong>saeculo</strong></span> <span class='ocrx_word' id='word_1_536' title='bbox 2647 3593 2895 3664; x_wconf 68' lang='lat' dir='ltr'><strong>quaedam</strong></span> <span class='ocrx_word' id='word_1_537' title='bbox 2923 3593 2973 3647; x_wconf 92' lang='lat' dir='ltr'><strong>in</strong></span> <span class='ocrx_word' id='word_1_538' title='bbox 3011 3576 3106 3649; x_wconf 70' lang='lat' dir='ltr'><strong>eas</strong></span> <span class='ocrx_word' id='word_1_539' title='bbox 3147 3592 3351 3647; x_wconf 86' lang='lat' dir='ltr'><strong>scholia</strong></span> <span class='ocrx_word' id='word_1_540' title='bbox 3378 3594 3816 3664; x_wconf 88' lang='lat' dir='ltr'><strong>conscripserunt</strong></span> <span class='ocrx_word' id='word_1_541' title='bbox 3846 3608 3860 3645; x_wconf 88' lang='lat'><strong>:</strong></span> <span class='ocrx_word' id='word_1_542' title='bbox 3894 3592 3994 3646; x_wconf 85' lang='lat' dir='ltr'><strong>sed</strong></span> 
     </span>
    </p>
   </div>
   <div class='ocr_carea' id='block_1_78' title="bbox 2422 3687 3989 3760">
    <p class='ocr_par' dir='ltr' id='par_1_78' title="bbox 2422 3687 3989 3760">
     <span class='ocr_line' id='line_1_78' title="bbox 2422 3687 3989 3760; baseline -0.002 -17"><span class='ocrx_word' id='word_1_543' title='bbox 2422 3700 2611 3743; x_wconf 87' lang='lat' dir='ltr'><strong>eorum</strong></span> <span class='ocrx_word' id='word_1_544' title='bbox 2649 3688 2703 3741; x_wconf 92' lang='lat' dir='ltr'><strong>in</strong></span> <span class='ocrx_word' id='word_1_545' title='bbox 2754 3688 2965 3758; x_wconf 89' lang='lat' dir='ltr'><strong>primis,</strong></span> <span class='ocrx_word' id='word_1_546' title='bbox 2994 3703 3113 3760; x_wconf 65' lang='lat' dir='ltr'><strong>quae</strong></span> <span class='ocrx_word' id='word_1_547' title='bbox 3152 3705 3179 3740; x_wconf 89' lang='lat' dir='ltr'><strong>a</strong></span> <span class='ocrx_word' id='word_1_548' title='bbox 3234 3688 3490 3760; x_wconf 89' lang='lat' dir='ltr'><strong>Dionysio</strong></span> <span class='ocrx_word' id='word_1_549' title='bbox 3534 3687 3776 3759; x_wconf 80' lang='lat' dir='ltr'><strong>profecta</strong></span> <span class='ocrx_word' id='word_1_550' title='bbox 3837 3696 3989 3753; x_wconf 88' lang='lat' dir='ltr'><strong>sunt,</strong></span> 
     </span>
    </p>
   </div>
   <div class='ocr_carea' id='block_1_79' title="bbox 2423 3780 3991 3853">
    <p class='ocr_par' dir='ltr' id='par_1_79' title="bbox 2423 3780 3991 3853">
     <span class='ocr_line' id='line_1_79' title="bbox 2423 3780 3991 3853; baseline -0.001 -16"><span class='ocrx_word' id='word_1_551' title='bbox 2423 3782 2695 3852; x_wconf 90' lang='lat' dir='ltr'><strong>jacturam</strong></span> <span class='ocrx_word' id='word_1_552' title='bbox 2738 3783 2994 3853; x_wconf 86' lang='lat' dir='ltr'><strong>patimur.</strong></span> <span class='ocrx_word' id='word_1_553' title='bbox 3048 3781 3525 3851; x_wconf 74' lang='lat' dir='ltr'><strong>Septitno-szeculo</strong></span> <span class='ocrx_word' id='word_1_554' title='bbox 3563 3791 3787 3836; x_wconf 89' lang='lat' dir='ltr'><strong>sanctus</strong></span> <span class='ocrx_word' id='word_1_555' title='bbox 3817 3780 3991 3835; x_wconf 84' lang='lat' dir='ltr'><strong>Maxi-</strong></span> 
     </span>
    </p>
   </div>
   <div class='ocr_carea' id='block_1_80' title="bbox 2427 3874 3986 3947">
    <p class='ocr_par' dir='ltr' id='par_1_80' title="bbox 2427 3874 3986 3947">
     <span class='ocr_line' id='line_1_80' title="bbox 2427 3874 3986 3947; baseline -0.003 -15"><span class='ocrx_word' id='word_1_556' title='bbox 2427 3893 2565 3942; x_wconf 89' lang='lat' dir='ltr'><strong>mus,</strong></span> <span class='ocrx_word' id='word_1_557' title='bbox 2610 3886 2820 3947; x_wconf 82' lang='lat' dir='ltr'><strong>martyr</strong></span> <span class='ocrx_word' id='word_1_558' title='bbox 2867 3875 3278 3943; x_wconf 89' lang='lat' dir='ltr'><strong>celeberrimus,</strong></span> <span class='ocrx_word' id='word_1_559' title='bbox 3335 3876 3543 3931; x_wconf 82' lang='lat' dir='ltr'><strong>scholia</strong></span> <span class='ocrx_word' id='word_1_560' title='bbox 3595 3875 3763 3929; x_wconf 88' lang='lat' dir='ltr'><strong>etiam</strong></span> <span class='ocrx_word' id='word_1_561' title='bbox 3811 3874 3986 3929; x_wconf 84' lang='lat' dir='ltr'><strong>conti-</strong></span> 
     </span>
    </p>
   </div>
   <div class='ocr_carea' id='block_1_81' title="bbox 2427 3969 3990 4043">
    <p class='ocr_par' dir='ltr' id='par_1_81' title="bbox 2427 3969 3990 4043">
     <span class='ocr_line' id='line_1_81' title="bbox 2427 3969 3990 4043; baseline -0.002 -15"><span class='ocrx_word' id='word_1_562' title='bbox 2427 3987 2534 4028; x_wconf 88' lang='lat' dir='ltr'><strong>nua</strong></span> <span class='ocrx_word' id='word_1_563' title='bbox 2564 3979 2619 4027; x_wconf 89' lang='lat' dir='ltr'><strong>et</strong></span> <span class='ocrx_word' id='word_1_564' title='bbox 2661 3970 2911 4028; x_wconf 90' lang='lat' dir='ltr'><strong>uberiora</strong></span> <span class='ocrx_word' id='word_1_565' title='bbox 2956 3974 3276 4043; x_wconf 88' lang='lat' dir='ltr'><strong>composuit.</strong></span> <span class='ocrx_word' id='word_1_566' title='bbox 3312 3970 3382 4027; x_wconf 92' lang='lat' dir='ltr'><strong>lis</strong></span> <span class='ocrx_word' id='word_1_567' title='bbox 3438 3981 3618 4026; x_wconf 90' lang='lat' dir='ltr'><strong>autem</strong></span> <span class='ocrx_word' id='word_1_568' title='bbox 3672 3985 3849 4041; x_wconf 90' lang='lat' dir='ltr'><strong>neque</strong></span> <span class='ocrx_word' id='word_1_569' title='bbox 3887 3969 3990 4025; x_wconf 90' lang='lat' dir='ltr'><strong>do-</strong></span> 
     </span>
    </p>
   </div>
   <div class='ocr_carea' id='block_1_82' title="bbox 2426 4064 3991 4139">
    <p class='ocr_par' dir='ltr' id='par_1_82' title="bbox 2426 4064 3991 4139">
     <span class='ocr_line' id='line_1_82' title="bbox 2426 4064 3991 4139; baseline -0.003 -15"><span class='ocrx_word' id='word_1_570' title='bbox 2426 4069 2625 4137; x_wconf 86' lang='lat' dir='ltr'><strong>ctrina,</strong></span> <span class='ocrx_word' id='word_1_571' title='bbox 2662 4084 2831 4139; x_wconf 87' lang='lat' dir='ltr'><strong>neque</strong></span> <span class='ocrx_word' id='word_1_572' title='bbox 2863 4070 3018 4135; x_wconf 87' lang='lat' dir='ltr'><strong>ritus,</strong></span> <span class='ocrx_word' id='word_1_573' title='bbox 3049 4082 3105 4126; x_wconf 90' lang='lat' dir='ltr'><strong>et</strong></span> <span class='ocrx_word' id='word_1_574' title='bbox 3127 4064 3407 4139; x_wconf 88' lang='lat' dir='ltr'><strong>disciplina</strong></span> <span class='ocrx_word' id='word_1_575' title='bbox 3444 4068 3511 4123; x_wconf 91' lang='lat' dir='ltr'><strong>ab</strong></span> <span class='ocrx_word' id='word_1_576' title='bbox 3548 4080 3771 4121; x_wconf 83' lang='lat' dir='ltr'><strong>anetore</strong></span> <span class='ocrx_word' id='word_1_577' title='bbox 3799 4074 3991 4120; x_wconf 89' lang='lat' dir='ltr'><strong>nostro</strong></span> 
     </span>
    </p>
   </div>
   <div class='ocr_carea' id='block_1_83' title="bbox 2430 4160 3993 4232">
    <p class='ocr_par' dir='ltr' id='par_1_83' title="bbox 2430 4160 3993 4232">
     <span class='ocr_line' id='line_1_83' title="bbox 2430 4160 3993 4232; baseline -0.003 -16"><span class='ocrx_word' id='word_1_578' title='bbox 2430 4162 2624 4217; x_wconf 88' lang='lat' dir='ltr'><strong>tradita</strong></span> <span class='ocrx_word' id='word_1_579' title='bbox 2668 4161 3027 4232; x_wconf 76' lang='lat' dir='ltr'><strong>explicantur,</strong></span> <span class='ocrx_word' id='word_1_580' title='bbox 3067 4162 3159 4217; x_wconf 90' lang='lat' dir='ltr'><strong>sed</strong></span> <span class='ocrx_word' id='word_1_581' title='bbox 3191 4163 3437 4231; x_wconf 67' lang='lat' dir='ltr'><strong>quaedam</strong></span> <span class='ocrx_word' id='word_1_582' title='bbox 3490 4161 3543 4217; x_wconf 91' lang='lat' dir='ltr'><strong>in</strong></span> <span class='ocrx_word' id='word_1_583' title='bbox 3606 4170 3861 4215; x_wconf 86' lang='lat' dir='ltr'><strong>auctores</strong></span> <span class='ocrx_word' id='word_1_584' title='bbox 3918 4160 3993 4213; x_wconf 88' lang='lat' dir='ltr'><strong>ab</strong></span> 
     </span>
    </p>
   </div>
   <div class='ocr_carea' id='block_1_84' title="bbox 2428 4252 3991 4324">
    <p class='ocr_par' dir='ltr' id='par_1_84' title="bbox 2428 4252 3991 4324">
     <span class='ocr_line' id='line_1_84' title="bbox 2428 4252 3991 4324; baseline -0.001 -14"><span class='ocrx_word' id='word_1_585' title='bbox 2428 4254 2520 4310; x_wconf 89' lang='lat' dir='ltr'><strong>illo</strong></span> <span class='ocrx_word' id='word_1_586' title='bbox 2571 4255 2765 4310; x_wconf 74' lang='lat' dir='ltr'><strong>citatos</strong></span> <span class='ocrx_word' id='word_1_587' title='bbox 2816 4254 3211 4320; x_wconf 86' lang='lat' dir='ltr'><strong>observantur,</strong></span> <span class='ocrx_word' id='word_1_588' title='bbox 3272 4255 3470 4324; x_wconf 84' lang='lat' dir='ltr'><strong>quibus</strong></span> <span class='ocrx_word' id='word_1_589' title='bbox 3551 4252 3821 4309; x_wconf 79' lang='lat' dir='ltr'><strong>Maximus</strong></span> <span class='ocrx_word' id='word_1_590' title='bbox 3873 4254 3991 4309; x_wconf 56' lang='lat' dir='ltr'><strong>hac</strong></span> 
     </span>
    </p>
   </div>
   <div class='ocr_carea' id='block_1_85' title="bbox 2427 4348 3990 4420">
    <p class='ocr_par' dir='ltr' id='par_1_85' title="bbox 2427 4348 3990 4420">
     <span class='ocr_line' id='line_1_85' title="bbox 2427 4348 3990 4420; baseline 0.001 -17"><span class='ocrx_word' id='word_1_591' title='bbox 2427 4349 2627 4420; x_wconf 82' lang='lat' dir='ltr'><strong>scripta</strong></span> <span class='ocrx_word' id='word_1_592' title='bbox 2694 4348 2949 4420; x_wconf 89' lang='lat' dir='ltr'><strong>Dionysio</strong></span> <span class='ocrx_word' id='word_1_593' title='bbox 3020 4348 3360 4418; x_wconf 72' lang='lat' dir='ltr'><strong>Areopagitze</strong></span> <span class='ocrx_word' id='word_1_594' title='bbox 3420 4348 3703 4402; x_wconf 85' lang='lat' dir='ltr'><strong>vindicare</strong></span> <span class='ocrx_word' id='word_1_595' title='bbox 3758 4358 3990 4405; x_wconf 89' lang='lat' dir='ltr'><strong>conatus</strong></span> 
     </span>
    </p>
   </div>
   <div class='ocr_carea' id='block_1_86' title="bbox 2426 4442 3984 4514">
    <p class='ocr_par' dir='ltr' id='par_1_86' title="bbox 2426 4442 3984 4514">
     <span class='ocr_line' id='line_1_86' title="bbox 2426 4442 3984 4514; baseline -0.003 -17"><span class='ocrx_word' id='word_1_596' title='bbox 2426 4453 2528 4497; x_wconf 86' lang='lat' dir='ltr'><strong>cst.</strong></span> <span class='ocrx_word' id='word_1_597' title='bbox 2584 4444 2640 4499; x_wconf 90' lang='lat' dir='ltr'><strong>In</strong></span> <span class='ocrx_word' id='word_1_598' title='bbox 2704 4442 2950 4514; x_wconf 89' lang='lat' dir='ltr'><strong>plurimis</strong></span> <span class='ocrx_word' id='word_1_599' title='bbox 2988 4454 3165 4498; x_wconf 85' lang='lat' dir='ltr'><strong>autem</strong></span> <span class='ocrx_word' id='word_1_600' title='bbox 3200 4442 3418 4497; x_wconf 84' lang='lat' dir='ltr'><strong>scholiis</strong></span> <span class='ocrx_word' id='word_1_601' title='bbox 3469 4457 3531 4496; x_wconf 90' lang='lat' dir='ltr'><strong>ea</strong></span> <span class='ocrx_word' id='word_1_602' title='bbox 3582 4457 3700 4511; x_wconf 68' lang='lat' dir='ltr'><strong>quae</strong></span> <span class='ocrx_word' id='word_1_603' title='bbox 3748 4443 3799 4496; x_wconf 93' lang='lat' dir='ltr'><strong>in</strong></span> <span class='ocrx_word' id='word_1_604' title='bbox 3834 4452 3984 4496; x_wconf 90' lang='lat' dir='ltr'><strong>textu</strong></span> 
     </span>
    </p>
   </div>
   <div class='ocr_carea' id='block_1_87' title="bbox 2415 4532 3979 4604">
    <p class='ocr_par' dir='ltr' id='par_1_87' title="bbox 2415 4532 3979 4604">
     <span class='ocr_line' id='line_1_87' title="bbox 2415 4532 3979 4604; baseline -0.004 -14"><span class='ocrx_word' id='word_1_605' title='bbox 2415 4534 2655 4591; x_wconf 83' lang='lat' dir='ltr'><strong>auctoris</strong></span> <span class='ocrx_word' id='word_1_606' title='bbox 2716 4534 2992 4589; x_wconf 80' lang='lat' dir='ltr'><strong>attention</strong></span> <span class='ocrx_word' id='word_1_607' title='bbox 3054 4532 3488 4588; x_wconf 86' lang='lat' dir='ltr'><strong>consideratione</strong></span> <span class='ocrx_word' id='word_1_608' title='bbox 3542 4532 3764 4604; x_wconf 87' lang='lat' dir='ltr'><strong>legenda</strong></span> <span class='ocrx_word' id='word_1_609' title='bbox 3810 4538 3979 4599; x_wconf 59' lang='lat' dir='ltr'><strong>sunt,</strong></span> 
     </span>
    </p>
   </div>
   <div class='ocr_carea' id='block_1_88' title="bbox 758 4617 3983 4700">
    <p class='ocr_par' dir='ltr' id='par_1_88' title="bbox 758 4617 3983 4700">
     <span class='ocr_line' id='line_1_88' title="bbox 758 4617 3983 4700; baseline -0.005 -17"><span class='ocrx_word' id='word_1_610' title='bbox 758 4629 837 4683; x_wconf 86' lang='lat' dir='ltr'><strong>Ds</strong></span> <span class='ocrx_word' id='word_1_611' title='bbox 864 4628 1191 4700; x_wconf 79' lang='lat' dir='ltr'><strong>editiouibus</strong></span> <span class='ocrx_word' id='word_1_612' title='bbox 1219 4638 1267 4678; x_wconf 82' lang='lat' dir='ltr'><strong>et</strong></span> <span class='ocrx_word' id='word_1_613' title='bbox 1300 4625 1621 4700; x_wconf 75' lang='lat' dir='ltr'><strong>versionibus</strong></span> <span class='ocrx_word' id='word_1_614' title='bbox 1653 4630 1950 4700; x_wconf 69' lang='lat' dir='ltr'><strong>earumdem</strong></span> <span class='ocrx_word' id='word_1_615' title='bbox 1982 4622 2233 4700; x_wconf 75' lang='lat' dir='ltr'><strong>Qperum,</strong></span> <span class='ocrx_word' id='word_1_616' title='bbox 2262 4637 2324 4676; x_wconf 88' lang='lat' dir='ltr'><strong>ac</strong></span> <span class='ocrx_word' id='word_1_617' title='bbox 2356 4617 2668 4686; x_wconf 80' lang='lat' dir='ltr'><strong>Domnjbus</strong></span> <span class='ocrx_word' id='word_1_618' title='bbox 2714 4630 3186 4685; x_wconf 51' lang='lat' dir='ltr'><strong>animadvertenda</strong></span> <span class='ocrx_word' id='word_1_619' title='bbox 3250 4631 3523 4700; x_wconf 68' lang='grc' dir='ltr'><strong>ρπιοροηίι,</strong></span> <span class='ocrx_word' id='word_1_620' title='bbox 3583 4628 3712 4694; x_wconf 52' lang='lat' dir='ltr'><strong>Qua;</strong></span> <span class='ocrx_word' id='word_1_621' title='bbox 3762 4626 3983 4696; x_wconf 74' lang='lat' dir='ltr'><strong>quidem</strong></span> 
     </span>
    </p>
   </div>
   <div class='ocr_carea' id='block_1_89' title="bbox 990 4696 2113 4752">
    <p class='ocr_par' dir='ltr' id='par_1_89' title="bbox 990 4696 2113 4752">
     <span class='ocr_line' id='line_1_89' title="bbox 990 4696 2113 4752; baseline -0.003 0"><span class='ocrx_word' id='word_1_622' title='bbox 990 4699 1152 4752; x_wconf 83' lang='lat' dir='ltr'><strong>variis</strong></span> <span class='ocrx_word' id='word_1_623' title='bbox 1177 4697 1232 4751; x_wconf 84' lang='lat' dir='ltr'><strong>in</strong></span> <span class='ocrx_word' id='word_1_624' title='bbox 1258 4711 1318 4749; x_wconf 83' lang='lat' dir='ltr'><strong>ea</strong></span> <span class='ocrx_word' id='word_1_625' title='bbox 1340 4696 1550 4749; x_wconf 81' lang='lat' dir='ltr'><strong>schotiis</strong></span> <span class='ocrx_word' id='word_1_626' title='bbox 1578 4708 1625 4751; x_wconf 89' lang='lat' dir='ltr'><strong>et</strong></span> <span class='ocrx_word' id='word_1_627' title='bbox 1654 4696 2113 4750; x_wconf 78' lang='lat' dir='ltr'><strong>observationibus.</strong></span> 
     </span>
    </p>
   </div>
   <div class='ocr_carea' id='block_1_90' title="bbox 830 4807 2328 4884">
    <p class='ocr_par' dir='ltr' id='par_1_90' title="bbox 830 4807 2328 4884">
     <span class='ocr_line' id='line_1_90' title="bbox 830 4807 2328 4884; baseline -0.004 -17"><span class='ocrx_word' id='word_1_628' title='bbox 830 4812 948 4868; x_wconf 87' lang='lat' dir='ltr'><strong>Jam</strong></span> <span class='ocrx_word' id='word_1_629' title='bbox 983 4828 1111 4868; x_wconf 88' lang='lat' dir='ltr'><strong>vero</strong></span> <span class='ocrx_word' id='word_1_630' title='bbox 1142 4822 1199 4868; x_wconf 91' lang='lat' dir='ltr'><strong>ut</strong></span> <span class='ocrx_word' id='word_1_631' title='bbox 1233 4812 1301 4867; x_wconf 89' lang='lat' dir='ltr'><strong>ad</strong></span> <span class='ocrx_word' id='word_1_632' title='bbox 1334 4810 1787 4884; x_wconf 83' lang='lat' dir='ltr'><strong>Dionysiauorum</strong></span> <span class='ocrx_word' id='word_1_633' title='bbox 1844 4808 2079 4879; x_wconf 91' lang='lat' dir='ltr'><strong>Operum</strong></span> <span class='ocrx_word' id='word_1_634' title='bbox 2135 4807 2328 4863; x_wconf 88' lang='lat' dir='ltr'><strong>editio-</strong></span> 
     </span>
    </p>
   </div>
   <div class='ocr_carea' id='block_1_91' title="bbox 2410 4718 3984 4793">
    <p class='ocr_par' dir='ltr' id='par_1_91' title="bbox 2410 4718 3984 4793">
     <span class='ocr_line' id='line_1_91' title="bbox 2410 4718 3984 4793; baseline -0.005 -14"><span class='ocrx_word' id='word_1_635' title='bbox 2410 4724 2595 4779; x_wconf 85' lang='lat' dir='ltr'><strong>omnia</strong></span> <span class='ocrx_word' id='word_1_636' title='bbox 2647 4738 2919 4777; x_wconf 88' lang='lat' dir='ltr'><strong>summam</strong></span> <span class='ocrx_word' id='word_1_637' title='bbox 2971 4723 3210 4793; x_wconf 87' lang='lat' dir='ltr'><strong>ejusdem</strong></span> <span class='ocrx_word' id='word_1_638' title='bbox 3257 4721 3498 4785; x_wconf 84' lang='lat' dir='ltr'><strong>Maximi,</strong></span> <span class='ocrx_word' id='word_1_639' title='bbox 3551 4721 3685 4776; x_wconf 85' lang='lat' dir='ltr'><strong>tanti</strong></span> <span class='ocrx_word' id='word_1_640' title='bbox 3735 4718 3984 4774; x_wconf 83' lang='lat' dir='ltr'><strong>videlicet</strong></span> 
     </span>
    </p>
   </div>
   <div class='ocr_carea' id='block_1_92' title="bbox 2414 4813 3983 4889">
    <p class='ocr_par' dir='ltr' id='par_1_92' title="bbox 2414 4813 3983 4889">
     <span class='ocr_line' id='line_1_92' title="bbox 2414 4813 3983 4889; baseline -0.004 -16"><span class='ocrx_word' id='word_1_641' title='bbox 2414 4816 2685 4889; x_wconf 83' lang='lat' dir='ltr'><strong>martyris,</strong></span> <span class='ocrx_word' id='word_1_642' title='bbox 2712 4816 2965 4887; x_wconf 89' lang='lat' dir='ltr'><strong>pietatem</strong></span> <span class='ocrx_word' id='word_1_643' title='bbox 2998 4827 3050 4872; x_wconf 90' lang='lat' dir='ltr'><strong>et</strong></span> <span class='ocrx_word' id='word_1_644' title='bbox 3076 4817 3491 4873; x_wconf 88' lang='lat' dir='ltr'><strong>sanctimoniam</strong></span> <span class='ocrx_word' id='word_1_645' title='bbox 3518 4815 3739 4871; x_wconf 91' lang='lat' dir='ltr'><strong>omnino</strong></span> <span class='ocrx_word' id='word_1_646' title='bbox 3770 4813 3983 4883; x_wconf 89' lang='lat' dir='ltr'><strong>spirant</strong></span> 
     </span>
    </p>
   </div>
   <div class='ocr_carea' id='block_1_93' title="bbox 760 4903 2758 4979">
    <p class='ocr_par' dir='ltr' id='par_1_93' title="bbox 760 4903 2758 4979">
     <span class='ocr_line' id='line_1_93' title="bbox 760 4903 2758 4979; baseline -0.003 -18"><span class='ocrx_word' id='word_1_647' title='bbox 760 4924 855 4962; x_wconf 89' lang='lat' dir='ltr'><strong>nes</strong></span> <span class='ocrx_word' id='word_1_648' title='bbox 898 4909 1194 4973; x_wconf 86' lang='lat' dir='ltr'><strong>veniamus,</strong></span> <span class='ocrx_word' id='word_1_649' title='bbox 1221 4922 1282 4961; x_wconf 89' lang='lat' dir='ltr'><strong>ea</strong></span> <span class='ocrx_word' id='word_1_650' title='bbox 1324 4908 1463 4979; x_wconf 87' lang='lat' dir='ltr'><strong>typis</strong></span> <span class='ocrx_word' id='word_1_651' title='bbox 1502 4907 1705 4962; x_wconf 73' lang='lat' dir='ltr'><strong>Graecis</strong></span> <span class='ocrx_word' id='word_1_652' title='bbox 1752 4920 1950 4960; x_wconf 90' lang='lat' dir='ltr'><strong>excusa</strong></span> <span class='ocrx_word' id='word_1_653' title='bbox 2009 4915 2138 4960; x_wconf 91' lang='lat' dir='ltr'><strong>sunt</strong></span> <span class='ocrx_word' id='word_1_654' title='bbox 2171 4903 2330 4958; x_wconf 86' lang='lat' dir='ltr'><strong>Basi-</strong></span> <span class='ocrx_word' id='word_1_655' title='bbox 2410 4920 2465 4965; x_wconf 68' lang='lat' dir='ltr'><strong>et</strong></span> <span class='ocrx_word' id='word_1_656' title='bbox 2498 4910 2758 4965; x_wconf 67' lang='lat' dir='ltr'><strong>redolent.</strong></span> 
     </span>
    </p>
   </div>
   <div class='ocr_carea' id='block_1_94' title="bbox 760 4994 2330 5065">
    <p class='ocr_par' dir='ltr' id='par_1_94' title="bbox 760 4994 2330 5065">
     <span class='ocr_line' id='line_1_94' title="bbox 760 4994 2330 5065; baseline -0.002 -9"><span class='ocrx_word' id='word_1_657' title='bbox 760 5004 855 5057; x_wconf 70' lang='lat' dir='ltr'><strong>lem</strong></span> <span class='ocrx_word' id='word_1_658' title='bbox 904 5002 1232 5065; x_wconf 75' lang='lat' dir='ltr'><strong>ann01539,</strong></span> <span class='ocrx_word' id='word_1_659' title='bbox 1259 5000 1493 5055; x_wconf 70' lang='lat' dir='ltr'><strong>Colonia:</strong></span> <span class='ocrx_word' id='word_1_660' title='bbox 1528 5000 1687 5064; x_wconf 85' lang='lat'><strong>1577,</strong></span> <span class='ocrx_word' id='word_1_661' title='bbox 1716 4998 1889 5053; x_wconf 86' lang='lat' dir='ltr'><strong>Paris.</strong></span> <span class='ocrx_word' id='word_1_662' title='bbox 1954 4998 2112 5062; x_wconf 81' lang='grc'>1565,</span> <span class='ocrx_word' id='word_1_663' title='bbox 2152 4994 2330 5053; x_wconf 78' lang='lat' dir='ltr'><strong>Vene-</strong></span> 
     </span>
    </p>
   </div>
   <div class='ocr_carea' id='block_1_95' title="bbox 761 5090 2326 5162">
    <p class='ocr_par' dir='ltr' id='par_1_95' title="bbox 761 5090 2326 5162">
     <span class='ocr_line' id='line_1_95' title="bbox 761 5090 2326 5162; baseline -0.001 -14"><span class='ocrx_word' id='word_1_664' title='bbox 761 5096 1039 5161; x_wconf 76' lang='lat' dir='ltr'><strong>tiis1558,</strong></span> <span class='ocrx_word' id='word_1_665' title='bbox 1066 5104 1120 5149; x_wconf 89' lang='lat' dir='ltr'><strong>et</strong></span> <span class='ocrx_word' id='word_1_666' title='bbox 1162 5094 1303 5162; x_wconf 84' lang='lat' dir='ltr'><strong>apud</strong></span> <span class='ocrx_word' id='word_1_667' title='bbox 1358 5094 1656 5148; x_wconf 85' lang='lat' dir='ltr'><strong>Morellium</strong></span> <span class='ocrx_word' id='word_1_668' title='bbox 1712 5108 1854 5147; x_wconf 79' lang='lat' dir='ltr'><strong>almo</strong></span> <span class='ocrx_word' id='word_1_669' title='bbox 1897 5094 2053 5147; x_wconf 78' lang='grc'>1562.</span> <span class='ocrx_word' id='word_1_670' title='bbox 2116 5090 2326 5147; x_wconf 86' lang='lat' dir='ltr'><strong>Latinis</strong></span> 
     </span>
    </p>
   </div>
   <div class='ocr_carea' id='block_1_96' title="bbox 758 5188 2325 5254">
    <p class='ocr_par' dir='ltr' id='par_1_96' title="bbox 758 5188 2325 5254">
     <span class='ocr_line' id='line_1_96' title="bbox 758 5188 2325 5254; baseline -0.003 -10"><span class='ocrx_word' id='word_1_671' title='bbox 758 5207 887 5245; x_wconf 85' lang='lat' dir='ltr'><strong>vero</strong></span> <span class='ocrx_word' id='word_1_672' title='bbox 910 5190 1070 5244; x_wconf 89' lang='lat' dir='ltr'><strong>simul</strong></span> <span class='ocrx_word' id='word_1_673' title='bbox 1096 5206 1158 5243; x_wconf 89' lang='lat' dir='ltr'><strong>ac</strong></span> <span class='ocrx_word' id='word_1_674' title='bbox 1176 5188 1399 5254; x_wconf 72' lang='lat' dir='ltr'><strong>Gmcis,</strong></span> <span class='ocrx_word' id='word_1_675' title='bbox 1433 5188 1656 5243; x_wconf 87' lang='lat' dir='ltr'><strong>Parisiis</strong></span> <span class='ocrx_word' id='word_1_676' title='bbox 1686 5204 1828 5241; x_wconf 82' lang='lat' dir='ltr'><strong>anno</strong></span> <span class='ocrx_word' id='word_1_677' title='bbox 1863 5188 2023 5253; x_wconf 85' lang='lat'><strong>1615,</strong></span> <span class='ocrx_word' id='word_1_678' title='bbox 2050 5197 2104 5241; x_wconf 91' lang='lat' dir='ltr'><strong>et</strong></span> <span class='ocrx_word' id='word_1_679' title='bbox 2138 5201 2325 5241; x_wconf 83' lang='lat' dir='ltr'><strong>rursus</strong></span> 
     </span>
    </p>
   </div>
   <div class='ocr_carea' id='block_1_97' title="bbox 761 5280 2324 5349">
    <p class='ocr_par' dir='ltr' id='par_1_97' title="bbox 761 5280 2324 5349">
     <span class='ocr_line' id='line_1_97' title="bbox 761 5280 2324 5349; baseline -0.003 -12"><span class='ocrx_word' id='word_1_680' title='bbox 761 5283 959 5337; x_wconf 87' lang='lat' dir='ltr'><strong>ibidem</strong></span> <span class='ocrx_word' id='word_1_681' title='bbox 1004 5282 1163 5343; x_wconf 68' lang='lat' dir='ltr'><strong>16H,</strong></span> <span class='ocrx_word' id='word_1_682' title='bbox 1220 5293 1274 5336; x_wconf 89' lang='lat' dir='ltr'><strong>et</strong></span> <span class='ocrx_word' id='word_1_683' title='bbox 1305 5280 1617 5349; x_wconf 72' lang='lat' dir='ltr'><strong>Antucrpiaa</strong></span> <span class='ocrx_word' id='word_1_684' title='bbox 1649 5296 1793 5334; x_wconf 85' lang='lat' dir='ltr'><strong>anno</strong></span> <span class='ocrx_word' id='word_1_685' title='bbox 1847 5281 2005 5335; x_wconf 80' lang='grc'>1665.</span> <span class='ocrx_word' id='word_1_686' title='bbox 2064 5280 2324 5346; x_wconf 65' lang='lat' dir='ltr'><strong>Quaedam</strong></span> 
     </span>
    </p>
   </div>
   <div class='ocr_carea' id='block_1_98' title="bbox 761 5372 2325 5445">
    <p class='ocr_par' dir='ltr' id='par_1_98' title="bbox 761 5372 2325 5445">
     <span class='ocr_line' id='line_1_98' title="bbox 761 5372 2325 5445; baseline -0.002 -15"><span class='ocrx_word' id='word_1_687' title='bbox 761 5388 947 5431; x_wconf 85' lang='lat' dir='ltr'><strong>autem</strong></span> <span class='ocrx_word' id='word_1_688' title='bbox 988 5392 1052 5430; x_wconf 80' lang='lat' dir='ltr'><strong>ex</strong></span> <span class='ocrx_word' id='word_1_689' title='bbox 1101 5376 1185 5430; x_wconf 88' lang='lat' dir='ltr'><strong>his</strong></span> <span class='ocrx_word' id='word_1_690' title='bbox 1210 5377 1465 5445; x_wconf 88' lang='lat' dir='ltr'><strong>operibus</strong></span> <span class='ocrx_word' id='word_1_691' title='bbox 1493 5375 1787 5444; x_wconf 83' lang='lat' dir='ltr'><strong>separatim</strong></span> <span class='ocrx_word' id='word_1_692' title='bbox 1815 5376 1955 5428; x_wconf 85' lang='lat' dir='ltr'><strong>edita</strong></span> <span class='ocrx_word' id='word_1_693' title='bbox 1994 5386 2139 5436; x_wconf 87' lang='lat' dir='ltr'><strong>sunt,</strong></span> <span class='ocrx_word' id='word_1_694' title='bbox 2165 5372 2325 5428; x_wconf 84' lang='lat' dir='ltr'><strong>nitui—</strong></span> 
     </span>
    </p>
   </div>
   <div class='ocr_carea' id='block_1_99' title="bbox 759 5470 2327 5541">
    <p class='ocr_par' dir='ltr' id='par_1_99' title="bbox 759 5470 2327 5541">
     <span class='ocr_line' id='line_1_99' title="bbox 759 5470 2327 5541; baseline -0.003 -14"><span class='ocrx_word' id='word_1_695' title='bbox 759 5487 878 5527; x_wconf 78' lang='lat' dir='ltr'><strong>mm</strong></span> <span class='ocrx_word' id='word_1_696' title='bbox 910 5473 1030 5525; x_wconf 85' lang='lat' dir='ltr'><strong>Iihri</strong></span> <span class='ocrx_word' id='word_1_697' title='bbox 1070 5475 1199 5535; x_wconf 86' lang='lat' dir='ltr'><strong>duo,</strong></span> <span class='ocrx_word' id='word_1_698' title='bbox 1233 5473 1369 5526; x_wconf 79' lang='lat' dir='ltr'><strong>alter</strong></span> <span class='ocrx_word' id='word_1_699' title='bbox 1402 5470 1475 5524; x_wconf 78' lang='lat' dir='ltr'><strong>De</strong></span> <span class='ocrx_word' id='word_1_700' title='bbox 1496 5472 1719 5541; x_wconf 83' lang='lat' dir='ltr'><strong>mystica</strong></span> <span class='ocrx_word' id='word_1_701' title='bbox 1754 5472 2036 5537; x_wconf 82' lang='lat' dir='ltr'><strong>theologia,</strong></span> <span class='ocrx_word' id='word_1_702' title='bbox 2083 5470 2221 5524; x_wconf 87' lang='lat' dir='ltr'><strong>alter</strong></span> <span class='ocrx_word' id='word_1_703' title='bbox 2255 5470 2327 5522; x_wconf 87' lang='lat' dir='ltr'><strong>De</strong></span> 
     </span>
    </p>
   </div>
   <div class='ocr_carea' id='block_1_100' title="bbox 759 5568 2327 5638">
    <p class='ocr_par' dir='ltr' id='par_1_100' title="bbox 759 5568 2327 5638">
     <span class='ocr_line' id='line_1_100' title="bbox 759 5568 2327 5638; baseline 0.001 -17"><span class='ocrx_word' id='word_1_704' title='bbox 759 5572 952 5623; x_wconf 81' lang='lat' dir='ltr'><strong>divinis</strong></span> <span class='ocrx_word' id='word_1_705' title='bbox 978 5568 1474 5633; x_wconf 81' lang='lat' dir='ltr'><strong>nominibus,Mars.</strong></span> <span class='ocrx_word' id='word_1_706' title='bbox 1510 5569 1697 5623; x_wconf 58' lang='lat' dir='ltr'><strong>lt‘icino</strong></span> <span class='ocrx_word' id='word_1_707' title='bbox 1730 5569 2029 5638; x_wconf 87' lang='lat' dir='ltr'><strong>interprete</strong></span> <span class='ocrx_word' id='word_1_708' title='bbox 2056 5578 2108 5624; x_wconf 90' lang='lat' dir='ltr'><strong>et</strong></span> <span class='ocrx_word' id='word_1_709' title='bbox 2140 5570 2327 5637; x_wconf 69' lang='lat' dir='ltr'><strong>expla-</strong></span> 
     </span>
    </p>
   </div>
   <div class='ocr_carea' id='block_1_101' title="bbox 760 5662 2324 5733">
    <p class='ocr_par' dir='ltr' id='par_1_101' title="bbox 760 5662 2324 5733">
     <span class='ocr_line' id='line_1_101' title="bbox 760 5662 2324 5733; baseline -0.001 -14"><span class='ocrx_word' id='word_1_710' title='bbox 760 5675 972 5730; x_wconf 80' lang='lat' dir='ltr'><strong>natore,</strong></span> <span class='ocrx_word' id='word_1_711' title='bbox 1000 5662 1245 5718; x_wconf 80' lang='lat' dir='ltr'><strong>Venetiis</strong></span> <span class='ocrx_word' id='word_1_712' title='bbox 1274 5663 1595 5728; x_wconf 75' lang='lat' dir='ltr'><strong>snu01558,</strong></span> <span class='ocrx_word' id='word_1_713' title='bbox 1626 5674 1788 5731; x_wconf 82' lang='lat' dir='ltr'><strong>atque</strong></span> <span class='ocrx_word' id='word_1_714' title='bbox 1806 5664 1947 5720; x_wconf 77' lang='lat' dir='ltr'><strong>inter</strong></span> <span class='ocrx_word' id='word_1_715' title='bbox 1976 5663 2149 5733; x_wconf 85' lang='lat' dir='ltr'><strong>Opera</strong></span> <span class='ocrx_word' id='word_1_716' title='bbox 2178 5666 2324 5733; x_wconf 82' lang='lat' dir='ltr'><strong>ejus-</strong></span> 
     </span>
    </p>
   </div>
   <div class='ocr_carea' id='block_1_102' title="bbox 2494 4988 3985 5067">
    <p class='ocr_par' dir='ltr' id='par_1_102' title="bbox 2494 4988 3985 5067">
     <span class='ocr_line' id='line_1_102' title="bbox 2494 4988 3985 5067; baseline -0.006 -18"><span class='ocrx_word' id='word_1_717' title='bbox 2494 4995 2881 5067; x_wconf 86' lang='lat' dir='ltr'><strong>Pachymerius</strong></span> <span class='ocrx_word' id='word_1_718' title='bbox 2937 4994 3309 5063; x_wconf 84' lang='lat' dir='ltr'><strong>paraphrasnn</strong></span> <span class='ocrx_word' id='word_1_719' title='bbox 3363 5006 3459 5044; x_wconf 88' lang='lat' dir='ltr'><strong>seu</strong></span> <span class='ocrx_word' id='word_1_720' title='bbox 3519 4988 3985 5043; x_wconf 87' lang='lat' dir='ltr'><strong>Commentarium</strong></span> 
     </span>
    </p>
   </div>
   <div class='ocr_carea' id='block_1_103' title="bbox 2428 5082 3972 5159">
    <p class='ocr_par' dir='ltr' id='par_1_103' title="bbox 2428 5082 3972 5159">
     <span class='ocr_line' id='line_1_103' title="bbox 2428 5082 3972 5159; baseline -0.009 -13"><span class='ocrx_word' id='word_1_721' title='bbox 2428 5108 2481 5146; x_wconf 87' lang='lat' dir='ltr'><strong>tn</strong></span> <span class='ocrx_word' id='word_1_722' title='bbox 2534 5093 2722 5145; x_wconf 87' lang='lat' dir='ltr'><strong>eadem</strong></span> <span class='ocrx_word' id='word_1_723' title='bbox 2806 5089 3043 5159; x_wconf 88' lang='lat' dir='ltr'><strong>Dionysii</strong></span> <span class='ocrx_word' id='word_1_724' title='bbox 3090 5089 3265 5156; x_wconf 83' lang='lat' dir='ltr'><strong>Opera</strong></span> <span class='ocrx_word' id='word_1_725' title='bbox 3318 5088 3582 5154; x_wconf 84' lang='lat' dir='ltr'><strong>scripsit,</strong></span> <span class='ocrx_word' id='word_1_726' title='bbox 3642 5082 3732 5153; x_wconf 88' lang='lat' dir='ltr'><strong>qui</strong></span> <span class='ocrx_word' id='word_1_727' title='bbox 3784 5100 3972 5137; x_wconf 82' lang='lat' dir='ltr'><strong>ntemn-</strong></span> 
     </span>
    </p>
   </div>
   <div class='ocr_carea' id='block_1_104' title="bbox 2430 5175 3981 5250">
    <p class='ocr_par' dir='ltr' id='par_1_104' title="bbox 2430 5175 3981 5250">
     <span class='ocr_line' id='line_1_104' title="bbox 2430 5175 3981 5250; baseline -0.006 -11"><span class='ocrx_word' id='word_1_728' title='bbox 2430 5186 2564 5240; x_wconf 87' lang='lat' dir='ltr'><strong>ratis</strong></span> <span class='ocrx_word' id='word_1_729' title='bbox 2610 5184 2825 5238; x_wconf 81' lang='lat' dir='ltr'><strong>Maximi</strong></span> <span class='ocrx_word' id='word_1_730' title='bbox 2872 5184 3093 5237; x_wconf 87' lang='lat' dir='ltr'><strong>scholiis</strong></span> <span class='ocrx_word' id='word_1_731' title='bbox 3120 5181 3315 5250; x_wconf 71' lang='lat' dir='ltr'><strong>szepius</strong></span> <span class='ocrx_word' id='word_1_732' title='bbox 3364 5178 3725 5247; x_wconf 85' lang='lat' dir='ltr'><strong>subjuugitur.</strong></span> <span class='ocrx_word' id='word_1_733' title='bbox 3787 5175 3981 5230; x_wconf 65' lang='lat' dir='ltr'><strong>Pestee</strong></span> 
     </span>
    </p>
   </div>
   <div class='ocr_carea' id='block_1_105' title="bbox 2431 5270 3989 5349">
    <p class='ocr_par' dir='ltr' id='par_1_105' title="bbox 2431 5270 3989 5349">
     <span class='ocr_line' id='line_1_105' title="bbox 2431 5270 3989 5349; baseline -0.005 -18"><span class='ocrx_word' id='word_1_734' title='bbox 2431 5297 2560 5335; x_wconf 77' lang='lat' dir='ltr'><strong>vero</strong></span> <span class='ocrx_word' id='word_1_735' title='bbox 2593 5280 2742 5349; x_wconf 80' lang='lat' dir='ltr'><strong>[iugo</strong></span> <span class='ocrx_word' id='word_1_736' title='bbox 2768 5295 2797 5333; x_wconf 87' lang='lat' dir='ltr'><strong>a</strong></span> <span class='ocrx_word' id='word_1_737' title='bbox 2816 5280 3026 5334; x_wconf 83' lang='lat' dir='ltr'><strong>Sancto</strong></span> <span class='ocrx_word' id='word_1_738' title='bbox 3054 5275 3270 5331; x_wconf 76' lang='lat' dir='ltr'><strong>Victore</strong></span> <span class='ocrx_word' id='word_1_739' title='bbox 3291 5315 3305 5338; x_wconf 94' lang='lat'><strong>,</strong></span> <span class='ocrx_word' id='word_1_740' title='bbox 3336 5274 3590 5328; x_wconf 79' lang='lat' dir='ltr'><strong>Albertus</strong></span> <span class='ocrx_word' id='word_1_741' title='bbox 3609 5271 3859 5342; x_wconf 86' lang='lat' dir='ltr'><strong>Magnus,</strong></span> <span class='ocrx_word' id='word_1_742' title='bbox 3906 5270 3989 5323; x_wconf 85' lang='lat' dir='ltr'><strong>di-</strong></span> 
     </span>
    </p>
   </div>
   <div class='ocr_carea' id='block_1_106' title="bbox 2431 5364 3991 5439">
    <p class='ocr_par' dir='ltr' id='par_1_106' title="bbox 2431 5364 3991 5439">
     <span class='ocr_line' id='line_1_106' title="bbox 2431 5364 3991 5439; baseline -0.007 -13"><span class='ocrx_word' id='word_1_743' title='bbox 2431 5390 2530 5428; x_wconf 81' lang='lat' dir='ltr'><strong>vus</strong></span> <span class='ocrx_word' id='word_1_744' title='bbox 2554 5374 2761 5428; x_wconf 85' lang='lat' dir='ltr'><strong>&#39;l‘homa</strong></span> <span class='ocrx_word' id='word_1_745' title='bbox 2822 5373 3085 5439; x_wconf 76' lang='lat' dir='ltr'><strong>Aquinas,</strong></span> <span class='ocrx_word' id='word_1_746' title='bbox 3140 5369 3427 5438; x_wconf 91' lang='lat' dir='ltr'><strong>Dionysius</strong></span> <span class='ocrx_word' id='word_1_747' title='bbox 3489 5364 3888 5419; x_wconf 84' lang='lat' dir='ltr'><strong>Carthnsianus</strong></span> <span class='ocrx_word' id='word_1_748' title='bbox 3934 5374 3991 5415; x_wconf 90' lang='lat' dir='ltr'><strong>et</strong></span> 
     </span>
    </p>
   </div>
   <div class='ocr_carea' id='block_1_107' title="bbox 2430 5456 3994 5539">
    <p class='ocr_par' dir='ltr' id='par_1_107' title="bbox 2430 5456 3994 5539">
     <span class='ocr_line' id='line_1_107' title="bbox 2430 5456 3994 5539; baseline -0.009 -16"><span class='ocrx_word' id='word_1_749' title='bbox 2430 5471 2650 5539; x_wconf 80' lang='lat' dir='ltr'><strong>quidam</strong></span> <span class='ocrx_word' id='word_1_750' title='bbox 2689 5468 2775 5519; x_wconf 89' lang='lat' dir='ltr'><strong>alii</strong></span> <span class='ocrx_word' id='word_1_751' title='bbox 2810 5465 3063 5519; x_wconf 86' lang='lat' dir='ltr'><strong>nonnulla</strong></span> <span class='ocrx_word' id='word_1_752' title='bbox 3100 5466 3150 5518; x_wconf 91' lang='lat' dir='ltr'><strong>iu</strong></span> <span class='ocrx_word' id='word_1_753' title='bbox 3179 5462 3437 5532; x_wconf 80' lang='lat' dir='ltr'><strong>quasdam</strong></span> <span class='ocrx_word' id='word_1_754' title='bbox 3474 5460 3715 5530; x_wconf 83' lang='lat' dir='ltr'><strong>ejusdem</strong></span> <span class='ocrx_word' id='word_1_755' title='bbox 3748 5456 3994 5510; x_wconf 86' lang='lat' dir='ltr'><strong>auctoris</strong></span> 
     </span>
    </p>
   </div>
   <div class='ocr_carea' id='block_1_108' title="bbox 2432 5563 3213 5627">
    <p class='ocr_par' dir='ltr' id='par_1_108' title="bbox 2432 5563 3213 5627">
     <span class='ocr_line' id='line_1_108' title="bbox 2432 5563 3213 5627; baseline -0.01 -10"><span class='ocrx_word' id='word_1_756' title='bbox 2432 5564 2835 5618; x_wconf 82' lang='lat' dir='ltr'><strong>lucubrationes</strong></span> <span class='ocrx_word' id='word_1_757' title='bbox 2858 5563 3213 5627; x_wconf 85' lang='lat' dir='ltr'><strong>scripserunt.</strong></span> 
     </span>
    </p>
   </div>
   <div class='ocr_carea' id='block_1_109' title="bbox 2504 5643 3991 5717">
    <p class='ocr_par' dir='ltr' id='par_1_109' title="bbox 2504 5643 3991 5717">
     <span class='ocr_line' id='line_1_109' title="bbox 2504 5643 3991 5717; baseline -0.012 -5"><span class='ocrx_word' id='word_1_758' title='bbox 2504 5658 2767 5713; x_wconf 67' lang='lat' dir='ltr'><strong>Prmterea</strong></span> <span class='ocrx_word' id='word_1_759' title='bbox 2808 5657 3097 5711; x_wconf 88' lang='lat' dir='ltr'><strong>editionem</strong></span> <span class='ocrx_word' id='word_1_760' title='bbox 3127 5659 3440 5707; x_wconf 82' lang='lat' dir='ltr'><strong>eorttmdem</strong></span> <span class='ocrx_word' id='word_1_761' title='bbox 3476 5649 3710 5717; x_wconf 89' lang='lat' dir='ltr'><strong>Operum</strong></span> <span class='ocrx_word' id='word_1_762' title='bbox 3743 5643 3991 5697; x_wconf 86' lang='lat' dir='ltr'><strong>Latinam</strong></span> 
     </span>
    </p>
   </div>
   <div class='ocr_carea' id='block_1_110' title="bbox 835 5826 3996 5917">
    <p class='ocr_par' dir='ltr' id='par_1_110' title="bbox 835 5826 3996 5917">
     <span class='ocr_line' id='line_1_110' title="bbox 835 5826 3996 5917; baseline -0.007 -16"><span class='ocrx_word' id='word_1_763' title='bbox 835 5849 879 5878; x_wconf 79' lang='grc'><strong>⁶⁶</strong></span> <span class='ocrx_word' id='word_1_764' title='bbox 913 5848 986 5903; x_wconf 82' lang='lat' dir='ltr'><strong>De</strong></span> <span class='ocrx_word' id='word_1_765' title='bbox 1017 5850 1128 5903; x_wconf 61' lang='grc' dir='ltr'><strong>ταδί.</strong></span> <span class='ocrx_word' id='word_1_766' title='bbox 1162 5851 1293 5903; x_wconf 83' lang='lat' dir='ltr'><strong>hier.</strong></span> <span class='ocrx_word' id='word_1_767' title='bbox 1327 5865 1445 5917; x_wconf 85' lang='lat' dir='ltr'><strong>cap.</strong></span> <span class='ocrx_word' id='word_1_768' title='bbox 1472 5849 1528 5902; x_wconf 92' lang='lat'><strong>7.</strong></span> <span class='ocrx_word' id='word_1_769' title='bbox 1606 5846 1643 5877; x_wconf 79' lang='lat'>“</span> <span class='ocrx_word' id='word_1_770' title='bbox 1682 5846 1755 5899; x_wconf 86' lang='lat' dir='ltr'><strong>De</strong></span> <span class='ocrx_word' id='word_1_771' title='bbox 1778 5846 1942 5917; x_wconf 77' lang='lat' dir='ltr'><strong>divin.</strong></span> <span class='ocrx_word' id='word_1_772' title='bbox 1977 5847 2211 5917; x_wconf 82' lang='lat' dir='ltr'><strong>nomin.,_</strong></span> <span class='ocrx_word' id='word_1_773' title='bbox 2234 5858 2350 5913; x_wconf 85' lang='lat' dir='ltr'><strong>cap.</strong></span> <span class='ocrx_word' id='word_1_774' title='bbox 2389 5842 2438 5907; x_wconf 90' lang='lat'><strong>1,</strong></span> <span class='ocrx_word' id='word_1_775' title='bbox 2462 5842 2574 5917; x_wconf 50' lang='lat' dir='ltr'><strong>Eiet</strong></span> <span class='ocrx_word' id='word_1_776' title='bbox 2602 5842 2692 5917; x_wconf 65' lang='lat'><strong>11_1</strong></span> <span class='ocrx_word' id='word_1_777' title='bbox 2715 5849 2769 5917; x_wconf 75' lang='lat' dir='ltr'><strong>et</strong></span> <span class='ocrx_word' id='word_1_778' title='bbox 2789 5838 2878 5892; x_wconf 86' lang='lat' dir='ltr'><strong>lib.</strong></span> <span class='ocrx_word' id='word_1_779' title='bbox 2907 5834 3514 5917; x_wconf 32' lang='lat' dir='ltr'><strong>Oculi-lyﬂ.ihf&quot;ﬂl.,l’Clip.</strong></span> <span class='ocrx_word' id='word_1_780' title='bbox 3550 5831 3647 5909; x_wconf 33' lang='grc'><strong>12..</strong></span> <span class='ocrx_word' id='word_1_781' title='bbox 3711 5829 3755 5857; x_wconf 67' lang='grc' dir='ltr'><strong>θ’</strong></span> <span class='ocrx_word' id='word_1_782' title='bbox 3908 5826 3996 5917; x_wconf 65' lang='lat' dir='ltr'><strong>di-</strong></span> 
     </span>
    </p>
   </div>
   <div class='ocr_carea' id='block_1_111' title="bbox 764 5908 3086 6039">
    <p class='ocr_par' dir='ltr' id='par_1_111' title="bbox 764 5908 3086 6039">
     <span class='ocr_line' id='line_1_111' title="bbox 764 5908 3086 5989; baseline -0.006 -15"><span class='ocrx_word' id='word_1_783' title='bbox 764 5922 866 5974; x_wconf 77' lang='lat' dir='ltr'><strong>vin.</strong></span> <span class='ocrx_word' id='word_1_784' title='bbox 902 5925 1122 5983; x_wconf 85' lang='lat' dir='ltr'><strong>nomin.,</strong></span> <span class='ocrx_word' id='word_1_785' title='bbox 1156 5937 1273 5989; x_wconf 75' lang='lat' dir='ltr'><strong>cap.</strong></span> <span class='ocrx_word' id='word_1_786' title='bbox 1311 5921 1358 5983; x_wconf 86' lang='lat'><strong>1,</strong></span> <span class='ocrx_word' id='word_1_787' title='bbox 1388 5908 1441 5985; x_wconf 63' lang='grc' dir='ltr'>λ,</span> <span class='ocrx_word' id='word_1_788' title='bbox 1475 5919 1530 5978; x_wconf 84' lang='grc'><strong>9.</strong></span> <span class='ocrx_word' id='word_1_789' title='bbox 1580 5918 1665 5983; x_wconf 79' lang='lat'><strong>1&#39;5,</strong></span> <span class='ocrx_word' id='word_1_790' title='bbox 1693 5928 1742 5972; x_wconf 87' lang='lat' dir='ltr'><strong>et</strong></span> <span class='ocrx_word' id='word_1_791' title='bbox 1776 5915 1848 5969; x_wconf 79' lang='lat' dir='ltr'><strong>De</strong></span> <span class='ocrx_word' id='word_1_792' title='bbox 1894 5928 2048 5986; x_wconf 81' lang='lat' dir='ltr'><strong>myst.</strong></span> <span class='ocrx_word' id='word_1_793' title='bbox 2074 5914 2259 5975; x_wconf 77' lang='lat' dir='ltr'><strong>tlieol.,</strong></span> <span class='ocrx_word' id='word_1_794' title='bbox 2302 5908 2425 5981; x_wconf 67' lang='lat' dir='ltr'><strong>cap.</strong></span> <span class='ocrx_word' id='word_1_795' title='bbox 2474 5912 2527 5973; x_wconf 77' lang='grc'>2,</span> <span class='ocrx_word' id='word_1_796' title='bbox 2566 5924 2618 5966; x_wconf 90' lang='lat' dir='ltr'><strong>et</strong></span> <span class='ocrx_word' id='word_1_797' title='bbox 2642 5909 2816 5979; x_wconf 80' lang='lat' dir='ltr'><strong>Epist.</strong></span> <span class='ocrx_word' id='word_1_798' title='bbox 2864 5913 2931 5961; x_wconf 84' lang='lat' dir='ltr'><strong>ad</strong></span> <span class='ocrx_word' id='word_1_799' title='bbox 2981 5908 3086 5963; x_wconf 71' lang='lat' dir='ltr'><strong>&#39;l&#39;it.</strong></span> 
     </span>
     <span class='ocr_line' id='line_1_112' title="bbox 765 5980 3086 6039; baseline -0.005 0"><span class='ocrx_word' id='word_1_800' title='bbox 765 5992 808 6020; x_wconf 80' lang='lat'>&quot;</span> <span class='ocrx_word' id='word_1_801' title='bbox 846 5990 978 6039; x_wconf 85' lang='lat' dir='ltr'><strong>Il-id.</strong></span> <span class='ocrx_word' id='word_1_802' title='bbox 1060 5992 1103 6023; x_wconf 72' lang='grc'><strong>⁸⁵</strong></span> <span class='ocrx_word' id='word_1_803' title='bbox 1142 5991 1213 6039; x_wconf 76' lang='lat' dir='ltr'><strong>De</strong></span> <span class='ocrx_word' id='word_1_804' title='bbox 1243 5992 1423 6039; x_wconf 64' lang='grc' dir='ltr'><strong>ρεειρι.</strong></span> <span class='ocrx_word' id='word_1_805' title='bbox 1471 5992 1623 6039; x_wconf 61' lang='grc' dir='ltr'><strong>ΜΗ..</strong></span> <span class='ocrx_word' id='word_1_806' title='bbox 1664 6004 1781 6039; x_wconf 79' lang='lat' dir='ltr'><strong>can.</strong></span> <span class='ocrx_word' id='word_1_807' title='bbox 1815 5988 1862 6039; x_wconf 91' lang='lat'><strong>1.</strong></span> <span class='ocrx_word' id='word_1_808' title='bbox 1941 5986 1983 6017; x_wconf 65' lang='grc'><strong>⁸⁸</strong></span> <span class='ocrx_word' id='word_1_809' title='bbox 2012 5985 2175 6039; x_wconf 67' lang='lat' dir='ltr'><strong>Ibid.</strong></span> <span class='ocrx_word' id='word_1_810' title='bbox 2217 6002 2331 6039; x_wconf 77' lang='lat' dir='ltr'><strong>cun.</strong></span> <span class='ocrx_word' id='word_1_811' title='bbox 2376 5983 2425 6038; x_wconf 77' lang='grc'><strong>5.</strong></span> <span class='ocrx_word' id='word_1_812' title='bbox 2506 5987 2548 6021; x_wconf 64' lang='grc'><strong>⁸⁷</strong></span> <span class='ocrx_word' id='word_1_813' title='bbox 2579 5983 2649 6035; x_wconf 89' lang='lat' dir='ltr'><strong>Dc</strong></span> <span class='ocrx_word' id='word_1_814' title='bbox 2687 5980 2850 6035; x_wconf 82' lang='lat' dir='ltr'><strong>divin.</strong></span> <span class='ocrx_word' id='word_1_815' title='bbox 2897 5981 3086 6032; x_wconf 82' lang='lat' dir='ltr'><strong>nomin.</strong></span> 
     </span>
    </p>
   </div>
   <div class='ocr_carea' id='block_1_112' title="bbox 2078 6002 2425 6046">
    <p class='ocr_par' dir='ltr' id='par_1_112' title="bbox 2078 6002 2425 6046">
     <span class='ocr_line' id='line_1_113' title="bbox 2078 6002 2425 6046; baseline -0.006 -7"><span class='ocrx_word' id='word_1_816' title='bbox 2078 6002 2175 6045; x_wconf 72' lang='grc' dir='ltr'><strong>ιιι..</strong></span> <span class='ocrx_word' id='word_1_817' title='bbox 2217 6002 2331 6046; x_wconf 68' lang='lat' dir='ltr'><strong>Cilll.</strong></span> <span class='ocrx_word' id='word_1_818' title='bbox 2376 6002 2425 6038; x_wconf 81' lang='grc' dir='ltr'><strong>Ο.</strong></span> 
     </span>
    </p>
   </div>
   <div class='ocr_carea' id='block_1_113' title="bbox 765 5988 1862 6046">
    <p class='ocr_par' dir='ltr' id='par_1_113' title="bbox 765 5988 1862 6046">
     <span class='ocr_line' id='line_1_114' title="bbox 765 5988 1862 6046; baseline -0.003 -2"><span class='ocrx_word' id='word_1_819' title='bbox 765 5992 808 6020; x_wconf 83' lang='lat'>&quot;</span> <span class='ocrx_word' id='word_1_820' title='bbox 846 5990 978 6044; x_wconf 83' lang='lat' dir='ltr'><strong>Il-id.</strong></span> <span class='ocrx_word' id='word_1_821' title='bbox 1060 5992 1103 6023; x_wconf 74' lang='grc'><strong>⁸⁵</strong></span> <span class='ocrx_word' id='word_1_822' title='bbox 1138 5988 1423 6046; x_wconf 63' lang='grc' dir='ltr'><strong>Πετίσιος.</strong></span> <span class='ocrx_word' id='word_1_823' title='bbox 1470 5992 1623 6045; x_wconf 62' lang='grc' dir='ltr'><strong>ἡξει-μ</strong></span> <span class='ocrx_word' id='word_1_824' title='bbox 1664 6004 1781 6045; x_wconf 79' lang='lat' dir='ltr'><strong>can.</strong></span> <span class='ocrx_word' id='word_1_825' title='bbox 1815 5988 1862 6041; x_wconf 89' lang='lat'><strong>1.</strong></span> 
     </span>
    </p>
   </div>
   <div class='ocr_carea' id='block_1_114' title="bbox 3164 5898 3989 5964">
    <p class='ocr_par' dir='ltr' id='par_1_114' title="bbox 3164 5898 3989 5964">
     <span class='ocr_line' id='line_1_115' title="bbox 3164 5898 3989 5964; baseline -0.01 -6"><span class='ocrx_word' id='word_1_826' title='bbox 3164 5908 3206 5935; x_wconf 87' lang='grc'><strong><em>⁶³</em></strong></span> <span class='ocrx_word' id='word_1_827' title='bbox 3230 5906 3305 5957; x_wconf 85' lang='lat' dir='ltr'><strong>De</strong></span> <span class='ocrx_word' id='word_1_828' title='bbox 3340 5898 3731 5963; x_wconf 73' lang='lat' dir='ltr'><strong>divin..iontin.,</strong></span> <span class='ocrx_word' id='word_1_829' title='bbox 3760 5913 3880 5964; x_wconf 84' lang='lat' dir='ltr'><strong>cup.</strong></span> <span class='ocrx_word' id='word_1_830' title='bbox 3935 5898 3989 5951; x_wconf 68' lang='grc' dir='ltr'><strong>ιι.</strong></span> 
     </span>
    </p>
   </div>
   <div class='ocr_carea' id='block_1_115' title="bbox 2506 5974 3345 6043">
    <p class='ocr_par' dir='ltr' id='par_1_115' title="bbox 2506 5974 3345 6043">
     <span class='ocr_line' id='line_1_116' title="bbox 2506 5974 3345 6043; baseline -0.015 -7"><span class='ocrx_word' id='word_1_831' title='bbox 2506 5987 2548 6021; x_wconf 64' lang='grc'><strong>⁸⁷</strong></span> <span class='ocrx_word' id='word_1_832' title='bbox 2579 5983 2649 6035; x_wconf 89' lang='lat' dir='ltr'><strong>Dc</strong></span> <span class='ocrx_word' id='word_1_833' title='bbox 2687 5974 2850 6035; x_wconf 77' lang='lat' dir='ltr'><strong>divin.</strong></span> <span class='ocrx_word' id='word_1_834' title='bbox 2897 5981 3115 6039; x_wconf 59' lang='lat' dir='ltr'><strong>uomitu,</strong></span> <span class='ocrx_word' id='word_1_835' title='bbox 3149 5991 3267 6043; x_wconf 76' lang='lat' dir='ltr'><strong>cap.</strong></span> <span class='ocrx_word' id='word_1_836' title='bbox 3297 5974 3345 6026; x_wconf 65' lang='grc' dir='ltr'><strong>ιε.</strong></span> 
     </span>
    </p>
   </div>
  </div>
