4196 6306
220 374 290 430 53
1562 353 2091 416 PROLEGOMENA.
3396 341 3464 398 δι

221 488 491 544 habemus
523 485 754 542 Parisiis
793 486 928 558 typis
949 482 1169 540 Heurici
1199 481 1461 550 Stephani
1493 495 1633 534 anno
1664 476 1799 532 1515
1831 484 1870 536 Α
1906 471 2094 526 nullibi
2145 483 2380 538 unquam
2439 474 2632 520 auctor
2679 476 2869 548 noster
2926 460 3168 520 tradidit.
3226 459 3290 516 Et
3318 473 3466 516 certe

223 596 507 645 excusant,
553 594 675 648 quae
743 577 1049 632 versionem
1092 576 1362 630 Ambrosii
1414 573 1796 630 Catttahlulen-

225 678 328 740 sis,
373 683 537 729 notas
595 671 757 726 Fabri
819 669 1171 739 Stapulensis,
1224 679 1278 723 et
1329 665 1792 723 commentarium

224 763 414 822 ιιιὰοοί
443 762 742 818 Clichtovei
792 761 1186 830 complectitur.
1242 759 1412 814 Porro
1433 757 1594 813 Fabri
1632 756 1796 812 scho-

226 858 297 911 lia
333 857 527 926 saepius
563 855 616 908 in
665 861 854 924 vulgus
907 854 1249 922 prodierunt,
1299 849 1650 922 Argentorati
1704 864 1800 901 an-

228 967 300 1003 no
343 948 744 1011 1498-61502,
799 965 854 1004 et
902 945 1126 1001 Parisiis
1183 944 1340 1000 1505'.
1400 944 1454 998 In
1497 943 1562 997 iis
1616 950 1796 995 autem

228 1041 408 1096 Faber
462 1041 768 1096 versionem
811 1040 1083 1094 Ambrosii
1125 1036 1555 1093 Cama'dulensis
1586 1042 1679 1088 aut
1734 1031 1799 1086 il-

227 1133 779 1203 lustratautcorrigit
807 1154 818 1188 :
845 1141 1005 1200 atque
1031 1142 1090 1185 ut
1121 1131 1176 1184 id
1195 1139 1478 1200 pnestaret
1511 1127 1796 1198 integrius,

227 1227 434 1285 Graecis
460 1226 866 1295 manuscriptis,
889 1239 1007 1295 qua!
1033 1223 1087 1279 in
1115 1223 1445 1292 Dioaysiano
1467 1219 1800 1275 monasterio

225 1320 613 1382 servabantur,
651 1333 780 1371 usus
809 1325 912 1370 est.

305 1410 468 1466 Notas
491 1410 543 1463 iu
574 1409 780 1478 singula
807 1406 1044 1479 Dionysii
1075 1405 1247 1476 Opcra
1267 1405 1510 1460 omnium
1539 1403 1801 1458 maximas

221 1510 338 1576 1am
371 1503 628 1575 pra-fatus
651 1501 942 1557 Corderius
965 1501 1288 1571 divulgavit,
1348 1513 1536 1568 eaeque
1563 1498 1629 1551 ab
1685 1497 1803 1568 ipso

225 1601 533 1668 theologica:
565 1597 927 1668 appellantur.
986 1595 1052 1650 Et
1108 1610 1164 1649 re
1187 1595 1406 1664 quidem
1439 1594 1552 1663 ipsa
1592 1591 1696 1646 illa:
1732 1591 1801 1644 ad

231 1691 557 1760 theologiam
603 1691 982 1746 scltolastiCam
1015 1687 1307 1758 pertinent,
1357 1697 1522 1755 atque
1556 1683 1608 1738 in
1663 1683 1798 1750 illis,

225 1785 428 1856 quibus
463 1785 659 1840 librum
692 1784 767 1839 De
791 1785 977 1840 divinis
1020 1782 1315 1837 nominibus
1341 1780 1617 1834 illustrare
1666 1792 1802 1833 con-

229 1881 428 1946 tendit,
452 1879 627 1936 fusius
656 1880 989 1950 uberiusque
1022 1880 1284 1949 disputat.

802 1972 1030 2030 CAPUT
1069 1970 1234 2026 XXII.

585 2068 635 2124 Ν
643 2085 749 2123 ora:
796 2067 1038 2138 quaedam
1081 2066 1486 2119 observationes.

301 2164 501 2218 Auctor
528 2161 785 2217 Hebraice
821 2161 1099 2216 nesciebat.
1151 2157 1381 2214 —Nulli
1421 2156 1801 2228 injucundum,

229 2272 330 2312 nec
354 2255 578 2312 forsitan
608 2255 795 2310 inutile
813 2255 917 2308 erit
940 2252 1022 2307 his
1043 2251 1517 2308 observationibus
1555 2249 1802 2321 quasdam

231 2351 488 2420 adjicere,
526 2365 644 2418 quae
668 2347 967 2401 attentione
1019 2345 1199 2414 aliqua
1223 2358 1330 2398 non
1384 2342 1547 2413 plane
1574 2343 1794 2413 indigna

231 2441 576 2497 videbuntur.
627 2439 859 2494 Primum
891 2440 1037 2493 enim
1067 2446 1261 2492 auctor
1305 2445 1490 2490 noster
1518 2433 1787 2489 Ilebraice

232 2535 532 2600 nesciebat,
573 2534 768 2603 quippe
809 2531 899 2601 qui
939 2533 1026 2586 ubi
1059 2530 1344 2585 nonnullas
1396 2528 1786 2584 Ichraicorum

231 2628 529 2680 verborum
577 2623 1060 2693 interpretationes
1101 2621 1280 2683 εαξη.
1316 2619 1593 2689 subjungit
1621 2616 1798 2670 conti-

234 2731 341 2772 nuo
363 2717 409 2748 ⁸⁸
436 2733 448 2769 :
483 2715 738 2771 Hebr-uice
767 2715 920 2786 periti
971 2716 1144 2778 aiunt,
1176 2712 1260 2768 vel
1279 2731 1301 2776 ,ε
1344 2710 1526 2781 [liqui
1551 2708 1806 2762 Hebraice

234 2821 448 2864 norunt.

304 2904 576 2959 Praeterea
597 2904 817 2957 dubium
845 2903 1018 2957 adhuc
1046 2908 1100 2956 et
1127 2909 1389 2955 Incertum
1409 2913 1528 2954 esse
1555 2898 1796 2963 videtur,

236 3008 416 3051 utrum
477 2998 560 3051 hac
619 3012 780 3050 voces
840 3011 958 3064 quae
1020 2995 1070 3048 in
1121 2995 1381 3048 librorum
1437 2989 1807 3061 inscriptioni-

237 3090 336 3143 bus
388 3091 676 3158 lcguntur,
733 3088 815 3154 Τῷ
839 3087 1343 3157 συμπρεσϐυτέρῳ
1380 3086 1630 3155 Τιμοθέῳ
1677 3086 1804 3137 Διο-

235 3183 468 3248 νύσιος,
504 3183 571 3236 ab
607 3193 829 3236 auctore
879 3184 993 3251 ipso
1041 3180 1297 3250 profectae
1347 3181 1474 3234 sint.
1521 3179 1622 3245 Qui
1660 3176 1802 3232 enim

236 3276 351 3330 fieri
382 3276 560 3345 potuit
592 3286 646 3328 ut
681 3275 770 3330 ille
821 3276 873 3329 in
907 3273 1144 3344 Operum
1171 3289 1391 3327 suorum
1451 3271 1624 3326 titulis
1650 3271 1805 3324 adhi-

235 3368 418 3423 buerit
451 3369 849 3434 πρεσϐύτερος
903 3381 1108 3434 vocem,
1174 3381 1276 3436 qua
1322 3363 1511 3418 nullibi
1561 3377 1801 3431 unquam

236 3462 291 3516 in
357 3463 546 3517 iisdem
607 3460 873 3529 Operibus
922 3461 1034 3514 suis
1081 3459 1157 3514 uti
1205 3457 1481 3511 voluerit?
1535 3437 1804 3510 Dissimu-

235 3555 349 3610 lare
400 3565 579 3609 tamen
649 3571 750 3608 non
799 3569 1085 3621 possumus
1137 3553 1354 3607 easdem
1419 3549 1802 3618 inscriptiones

234 3649 428 3700 eodem
476 3646 633 3700 modo
660 3647 711 3699 in
769 3644 975 3699 (Ξτωιτὶε
1024 3658 1090 3698 ac
1148 3629 1358 3698 Latinis
1408 3638 1802 3708 ntaunscriptis

238 3751 407 3808 atque
463 3737 519 3793 in
553 3741 712 3794 editis
754 3740 1040 3802 exhiberi;
1076 3738 1172 3792 sed
1237 3737 1291 3790 in
1347 3737 1628 3791 codicibus
1701 3733 1804 3788 illis

237 3848 400 3886 manu
429 3834 687 3898 exaratis,
721 3849 946 3903 quorum
973 3830 1334 3901 antiquissimi
1371 3839 1588 3884 aetatem
1625 3827 1799 3882 sancti

235 3924 454 3977 Maximi
517 3940 618 3978 non
662 3935 963 3993 superant,
1014 3940 1178 3978 voces
1239 3919 1612 3993 hujuscemodi
1664 3935 1691 3971 a
1730 3917 1796 3973 li-

234 4017 436 4071 brariis
499 4017 864 4086 scriptoribus
891 4017 941 4070 in
971 4017 1156 4071 titulos
1180 4011 1566 4069 facileinlrudi
1608 4021 1799 4081 potue-

235 4120 383 4166 runt.
421 4109 616 4165 Verum
648 4113 744 4164 bas
772 4111 1114 4180 conjecturas
1139 4119 1354 4163 nostras
1383 4107 1618 4161 aliorum
1650 4105 1800 4174 judi-

235 4206 324 4260 cio
347 4205 580 4259 libenter
604 4205 987 4271 permittimus.

305 4297 381 4352 De
412 4300 644 4365 capitum
675 4297 1086 4352 .snmmariis.—
1109 4294 1256 4348 Idem
1282 4306 1495 4364 quoque
1513 4290 1799 4346 dicendmu

230 4395 301 4449 de
339 4397 581 4462 capitum
611 4391 942 4455 summariis,
997 4401 1054 4443 ut
1093 4399 1308 4452 vocant,
1364 4387 1668 4453 sententiis,
1705 4401 1800 4441 seu

234 4487 599 4559 argumentis,
633 4500 752 4554 qua?
808 4484 858 4537 in
916 4482 1299 4551 manuscriptis
1347 4491 1401 4534 et
1455 4481 1618 4535 editis
1646 4479 1800 4533 libris

1904 565 1954 617 id
2001 563 2226 618 cuilibet
2271 561 2426 616 facile
2458 544 2873 630 persuadebitur
2894 599 2910 623 ,
2939 557 2983 612 si
3011 557 3194 611 animo
3220 555 3468 615 attend-at

1903 671 2006 710 non
2056 654 2218 709 alium
2265 654 2549 722 scriptoris
2609 652 2779 706 nostri
2841 665 3069 719 scepum
3115 665 3236 704 csse
3301 663 3468 719 quam

1902 743 2322 800 ecclesiasticam
2367 741 2733 798 hierarcbiam
2763 781 2781 806 ,
2821 739 3078 810 angelica:
3127 749 3182 794 et
3228 738 3469 794 cmlestis

1906 837 2093 904 instar,
2127 835 2179 890 in
2214 844 2321 891 tres
2346 842 2572 899 tantum,
2594 833 2997 900 episcoporum,
3025 830 3463 901 presbyterorum

1900 943 1956 984 et
1973 931 2344 996 diaconorum,
2363 944 2391 983 a
2419 927 2572 983 nobis
2593 941 2756 995 supra
2775 935 3229 979 commemoratos
3251 921 3470 978 ordines

1903 1021 2282 1091 distinguendi.

1973 1115 2051 1170 De
2072 1115 2259 1169 ritibus
2321 1115 2706 1182 praetermissis.
2730 1143 2799 1154 —-
2836 1110 3021 1181 Neque
3057 1111 3223 1165 etiam
3276 1121 3470 1164 omnes

1902 1209 2260 1265 caeretnonias
2282 1218 2339 1264 et
2366 1207 2527 1275 ritus,
2560 1209 2705 1263 sicut
2757 1205 2938 1276 operis
2989 1204 3110 1273 ejus
3176 1199 3468 1256 consilium

1902 1299 2076 1370 magis
2132 1298 2408 1368 postulare
2464 1299 2808 1364 videbatur,
2869 1296 2923 1349 in
2997 1301 3466 1349 sacramentorum

1901 1393 2375 1448 administratione
2406 1390 2687 1446 observari
2739 1389 2932 1445 solitos
2985 1385 3076 1442 ille
3126 1395 3468 1442 commemo-

1906 1496 2010 1542 rat.
2073 1486 2146 1542 De
2200 1485 2627 1542 confirmatioais
2698 1482 2843 1537 enim
2920 1487 3269 1536 sacramento
3345 1484 3472 1546 post

1907 1579 2229 1648 baptismum
2291 1575 2725 1633 administrando
2779 1573 2867 1630 ubi
2933 1572 3211 1642 disputat,
3261 1569 3468 1622 nullum

1906 1670 1972 1725 de
2001 1685 2252 1724 manuum
2272 1668 2612 1740 hnpOsitione
2643 1667 2864 1721 verbum
2900 1664 3050 1723 fecit.
3085 1662 3259 1719 Nemo
3285 1669 3466 1715 tamen

1910 1761 2078 1816 nescit
2109 1775 2228 1816 eam
2279 1760 2348 1814 ab
2385 1761 2649 1830 apostolis
2702 1772 3000 1826 eorumque
3063 1753 3470 1810 successoribus

1833 1852 1878 1908 Β
1905 1857 2069 1910 fuisse
2100 1855 2415 1909 adhibitam.
2450 1852 2586 1918 Quid
2614 1853 2755 1921 quod
2788 1862 2843 1907 et
2873 1853 2988 1921 ipse
3024 1850 3078 1903 in
3114 1849 3253 1904 libro
3286 1846 3359 1901 De
3385 1861 3471 1900 ec-

1903 1949 2542 2013 clesiasticahierarchin,
2585 1948 2635 2001 in
2690 1948 2932 2002 secunda
2981 1945 3245 2015 cujusque
3275 1942 3470 2012 capitis

1903 2054 2075 2113 parte,
2109 2043 2196 2096 ubi
2229 2042 2294 2096 de
2321 2040 2696 2111 hujuscemodi
2734 2049 2944 2093 tantum
2983 2037 3177 2093 ritibus
3223 2035 3468 2098 disserit,

1903 2135 2190 2190 nonnullos
2229 2135 2592 2205 przctertnisit,
2623 2148 2856 2204 quorum
2905 2130 3161 2201 deinceps
3218 2129 3272 2184 in
3306 2128 3466 2184 tertia

1905 2238 2061 2299 parte
2104 2226 2327 2282 refricat
2373 2227 2714 2282 memoriam.

1978 2322 2052 2378 De
2085 2325 2187 2377 ritu
2213 2321 2491 2393 singulari.
2514 2350 2585 2362 —-
2609 2323 2684 2376 De
2708 2319 3032 2391 quibusdam
3081 2317 3243 2372 etiam
3301 2328 3473 2370 caere-

1908 2417 2101 2474 moniis
2124 2425 2343 2480 tractat,
2368 2429 2487 2485 quae
2514 2415 2567 2469 in
2601 2428 2701 2469 sua
2733 2424 2940 2471 tantum
2965 2409 3209 2466 Ecclesia
3241 2418 3297 2464 et
3327 2424 3471 2464 non-

1907 2511 2068 2566 nullis
2113 2509 2338 2564 forsitan
2382 2508 2735 2563 vicinloribus
2763 2516 2922 2562 erant
2955 2507 3005 2559 in
3039 2520 3160 2560 usu.
3211 2502 3360 2558 Talis
3383 2513 3472 2558 cst

1909 2604 1994 2659 ille
2023 2615 2128 2658 tam
2160 2602 2452 2673 singularis
2475 2601 2759 2655 duodecim
2781 2599 2979 2670 plumis
2994 2613 3211 2653 sacrum
3232 2597 3473 2653 chrisma

1906 2695 2246 2765 cooperiendi
2281 2695 2433 2750 ritus.
2493 2692 2624 2746 Illud
2684 2691 2845 2747 etiam
2881 2692 2932 2744 in
2992 2690 3171 2745 missae
3227 2690 3474 2744 celebra-

1909 2791 2053 2843 tione
2111 2787 2380 2857 peculiare
2432 2787 2646 2840 videtnr
2694 2786 2865 2856 quod,
2911 2786 3150 2839 recitatis
3191 2782 3471 2838 defuncto-

1910 2897 2027 2936 rum
2093 2880 2442 2942 nominibus,
2505 2879 2658 2934 fieret
2716 2895 2972 2933 manuum
3044 2877 3215 2942 lotio,
3271 2889 3471 2932 conse-

1908 2975 2134 3030 crationi
2160 2973 2531 3030 eucharisticze
2573 2972 2982 3043 qnamproxime
3014 2968 3411 3042 prmmittenda.

1978 3072 2052 3126 De
2072 3087 2196 3126 mss.
2215 3071 2413 3140 Reg.—
2437 3068 2624 3123 Plures
2651 3068 2949 3121 etiamnum
2969 3075 3186 3119 exstant
3204 3063 3255 3118 in
3278 3061 3473 3117 biblio-

1911 3165 2065 3219 theca
2117 3163 2280 3235 Regia
2341 3164 2534 3218 horum
2583 3160 2816 3231 Operum
2869 3157 3470 3228 manuscripticodiccs

1909 3255 2350 3323 Graaci,qu0rum
2371 3255 2691 3325 praecipuus,
2709 3269 2937 3308 numero
2961 3251 3103 3305 2:262
3126 3252 3474 3314 subnotatns,

1905 3351 2144 3404 omnium
2178 3349 2449 3417 antiquior
2477 3357 2576 3413 est,
2609 3357 2664 3402 et
2687 3362 2952 3400 annorum
2975 3343 3078 3399 600
3106 3352 3322 3397 aetatem
3372 3357 3470 3398 no-

1907 3446 1986 3500 bis
2016 3442 2331 3513 pneseferre
2367 3441 2596 3495 videtur.
2657 3439 2736 3494 Ex
2783 3441 2886 3495 hoc
2925 3439 3112 3494 codice
3152 3438 3287 3502 solo,
3320 3436 3468 3500 aliis,

1905 3539 1994 3606 qui
2038 3534 2388 3604 sequentibus
2418 3534 2658 3586 numeris
2691 3541 2968 3595 notantur,
3027 3547 3127 3585 nec
3182 3531 3468 3598 inspectis,

1907 3646 2004 3684 nec
2030 3629 2372 3690 examinatis,
2397 3643 2548 3683 suam
2579 3625 2879 3689 Morcllius,
2897 3626 2972 3680 uti
3001 3634 3246 3694 putatur,
3271 3625 3465 3680 editio-

1908 3738 2028 3776 nem
2063 3721 2368 3775 adornavit.

1977 3814 2054 3867 De
2081 3829 2206 3866 mss.
2234 3809 2567 3866 Colbertinis.
2593 3841 2662 3851 —
2694 3812 2838 3866 Duos
2861 3811 2999 3866 alios
3025 3825 3092 3865 ex
3112 3808 3468 3866 celeberrima

1905 3901 2139 3956 Colberti
2177 3901 2502 3957 bibliotheca
2535 3903 2749 3957 codices
2796 3917 2963 3972 penes
2997 3916 3100 3957 nos
3155 3902 3471 3969 habuimus,

1907 4012 2136 4066 quorum
2188 3997 2354 4065 prior,
2386 3995 2700 4049 charactere
2742 3995 3147 4065 elegantissimo
3179 4005 3470 4059 exaratus,

1907 4098 2121 4143 (etatem
2166 4104 2316 4140 suam
2351 4087 2434 4141 his
2487 4087 2684 4152 verbis,
2738 4087 2790 4140 in
2836 4086 2985 4142 calce
3027 4087 3172 4142 illius
3221 4088 3471 4156 adjectis,

1908 4183 2112 4235 indicat
2137 4197 2150 4235 :
2189 4178 2502 4250 Ἐτελειώθη
2533 4181 2565 4250 ἡ
2592 4178 2842 4252 παροῦσα
2869 4179 3047 4248 βίϐλος
3081 4179 3210 4250 μηνὶ
3239 4180 3469 4234 ἰανουαο

1909 4277 2007 4348 ριῷ
2053 4276 2117 4342 ζ’,
2167 4276 2280 4329 ἰνδι,
2313 4281 2372 4340 ε’,
2411 4274 2553 4336 ἔτοις
2584 4280 2720 4345 ιςφκ
2767 4274 2817 4326 id
2878 4285 2959 4327 cst
3001 4291 3015 4328 :
3059 4271 3332 4341 Perfectus
3395 4282 3472 4328 est

1907 4376 1991 4425 hic
2019 4374 2151 4424 Lber
2193 4387 2364 4423 mense
2415 4369 2699 4435 Januario,
2735 4366 2864 4434 [cria
2892 4367 3138 4435 septima,
3186 4367 3473 4419 indictione

1908 4481 1960 4521 v.
2000 4482 2135 4518 anno
2185 4465 2366 4518 mundi
2392 4463 2552 4518 6500.
2609 4462 2670 4516 lIi
2724 4462 2828 4517 duo
2903 4462 3252 4514 characteres
3292 4457 3470 4513 Graeci

231 4581 478 4634 similiter
531 4585 848 4634 occurrunt.
909 4575 1066 4628 Plura
1132 4576 1331 4644 quippe
1406 4575 1643 4642 capitum
1701 4587 1794 4624 ar-
1833 4565 1873 4620 D
1905 4576 1986 4627 ςφ
2057 4557 2110 4610 in
2139 4557 2324 4610 codice
2366 4556 2739 4622 manuscripto
2772 4555 2910 4608 inter
2939 4568 2998 4607 se
3051 4551 3470 4614 conuexi,nihil

233 4685 526 4742 gnmenta,
596 4672 663 4724 ab
715 4664 781 4724 iis
839 4686 958 4738 qua:
1030 4668 1081 4721 in
1146 4678 1294 4721 textu
1351 4676 1798 4738 pertractantur,

235 4765 692 4834 reprzcscntandis
756 4763 890 4818 adeo
949 4771 1075 4816 sunt
1134 4760 1346 4823 aliena,
1408 4770 1467 4812 ut
1522 4774 1550 4811 a
1599 4757 1798 4828 quovis

234 4860 340 4912 alio
386 4858 568 4928 potius
604 4873 763 4926 quam
810 4857 878 4911 ab
936 4868 1162 4912 auctore
1209 4866 1395 4909 nostro
1446 4852 1647 4922 scripta
1682 4865 1801 4905 esse

233 4953 541 5005 videantur.

303 5045 380 5100 De
408 5045 679 5100 ordinibus
733 5043 1044 5097 minoribus.
1065 5073 1132 5082 —-
1155 5042 1507 5097 Arbitrantur
1540 5038 1788 5094 nonnulli

231 5141 314 5195 his
350 5141 403 5194 in
457 5141 674 5209 scriptis
727 5139 962 5208 aliquam
1017 5140 1283 5193 minorum
1341 5134 1594 5189 Ecclesia:
1645 5133 1796 5186 ordi-

230 5251 354 5289 num
389 5275 405 5300 ,
475 5249 631 5288 sacro
703 5233 988 5287 diaconatn
1040 5231 1407 5292 inferiorum,
1466 5227 1797 5281 mentionem

231 5327 440 5382 haberi.
488 5327 560 5379 Iis
624 5336 798 5380 tamen
858 5326 1102 5392 lectione,
1151 5342 1254 5395 qua
1301 5327 1594 5396 potuimus,
1643 5343 1803 5381 aecn-

235 5423 440 5475 ratiore
477 5420 823 5484 examinatis,
864 5419 1064 5472 nullum
1113 5419 1269 5474 nobis
1318 5433 1502 5473 eorum
1544 5420 1795 5473 ordinum

229 5513 516 5582 vestigium
548 5511 692 5565 ullibi
719 5513 988 5581 apparuit.
1018 5511 1137 5566 Non
1166 5527 1354 5566 sumtts
1381 5511 1595 5581 quidem
1626 5510 1795 5564 nescii

229 5605 556 5658 mentionem
609 5604 679 5656 ibi
747 5603 862 5658 lieri
933 5613 1270 5670 cantorum;
1320 5605 1413 5658 sed
1467 5603 1794 5672 peculiarem

225 5696 514 5763 quemdam
577 5694 823 5747 ordinem
892 5708 958 5747 ex
1005 5693 1069 5747 iis
1113 5692 1162 5745 in
1219 5692 1457 5748 Ecclesia
1511 5688 1770 5744 constitui

1904 4652 2047 4703 aliud
2080 4652 2146 4704 ibi
2178 4650 2485 4718 signiﬁcare
2531 4647 2783 4702 videntur
2817 4659 2982 4716 quant
3037 4660 3242 4699 annum
3280 4645 3467 4698 mundi

1903 4744 2043 4800 6500
2073 4753 2126 4797 et
2153 4741 2351 4797 Christi
2377 4740 2500 4795 992.

1978 4837 2050 4889 De
2088 4856 2210 4890 mss.
2261 4835 2434 4888 Latin.
2479 4864 2546 4874 -—-
2574 4834 2630 4887 In
2670 4835 2768 4888 hoc
2803 4845 2984 4887 autent
3021 4831 3210 4888 codice
3238 4830 3468 4901 adjecta:

1903 4941 2027 4984 sunt
2065 4930 2234 4984 sancti
2287 4928 2503 4983 Maximi
2537 4937 2696 4991 noue,
2755 4927 2824 4979 ab
2880 4928 2964 4980 his
3011 4940 3131 4996 quae
3189 4926 3242 4980 in
3306 4925 3471 4981 editis

1905 5033 2171 5094 prostant,
2231 5022 2521 5095 plurimum
2583 5023 2978 5088 discrepantes.
3054 5019 3201 5086 Quas
3247 5021 3466 5089 quidem

1906 5122 2231 5176 variationes
2255 5133 2374 5173 cum
2414 5132 2605 5172 omnes
2661 5116 2969 5169 describere
3029 5131 3132 5168 non
3169 5116 3468 5184 possimus,

1907 5218 1955 5271 id
1988 5214 2152 5271 semel
2185 5215 2504 5268 observasse
2546 5209 2793 5265 sulliciat.
2829 5207 2980 5263 Unde
3036 5218 3357 5263 autemorta
3403 5210 3474 5263 sit

1904 5311 1992 5366 illa
2042 5319 2289 5362 notarum
2321 5304 2705 5372 discrepantia,
2740 5303 2782 5356 si
2812 5317 2990 5372 roges,
3018 5303 3167 5358 disce
3195 5319 3259 5357 ex
3297 5304 3468 5358 Atha-

1907 5404 2043 5458 nasii
2094 5401 2420 5458 testimonio.
2449 5414 2476 5450 a
2510 5398 2663 5451 nobis
2695 5411 2815 5451 mox
2872 5396 3223 5466 proferendo,
3259 5414 3366 5468 quo
3412 5411 3470 5454 se

1909 5497 2112 5556 scholia
2174 5495 2342 5549 sancti
2385 5492 2602 5546 Maximi
2663 5499 2717 5545 et
2762 5491 2988 5546 Joannis
3024 5491 3461 5562 Scythopolitani

1908 5606 1937 5644 a
1963 5605 2018 5643 se
2039 5591 2265 5645 invicem
2287 5589 2600 5644 distinxisse
2628 5585 2880 5640 allirmat.
2908 5584 3044 5639 lIine
3067 5587 3211 5639 enim
3247 5585 3472 5652 colliges

1905 5701 1964 5739 ea
1990 5686 2383 5756 imperitiorum
2419 5683 2765 5738 librariorum
2801 5681 3008 5736 incuria
3037 5682 3281 5749 potuisse
3312 5678 3473 5734 facile

295 5874 339 5905 “
370 5873 443 5928 De
469 5875 644 5929 caelat
703 5875 859 5940 hicn,
886 5889 1004 5943 cap.
1037 5875 1099 5943 7;
1129 5874 1201 5931 De
1225 5874 1409 5934 ecclcs.
1433 5872 1720 5940 hieran/tu
1740 5886 1859 5942 cap.
1894 5869 1942 5937 4,
1971 5872 2034 5927 dc
2069 5887 2198 5926 voce
2229 5865 2546 5935 Presbyteri.
