4198 6304
790 306 858 368 55
1923 312 1980 369 S.
2026 309 2390 370 DIONYSIUS
2422 312 2875 373 AREOPAGITA.
3934 326 4008 381 53

790 428 842 479 iu
866 423 1054 480 codice
1103 424 1417 479 Colbertino
1444 424 1673 494 aliisque
1720 425 1966 494 pluribus
2012 440 2340 496 przepostera
2372 433 2414 487 Ᾱ
2448 444 2637 499 regem.
2681 429 2760 484 lbi
2790 431 3255 499 interpretationis
3292 450 3318 487 a
3348 434 3575 502 Joanne,
3625 453 3784 509 quem
3813 442 4003 496 Scoti-

789 518 1201 586 perturbatione
1223 518 1507 573 confundi.

856 610 1131 665 Posterior
1150 610 1363 663 tandem
1383 610 1550 664 codex
1575 608 1916 665 Colbertinus
1936 627 1965 664 a
1986 612 2217 682 quodam
2237 628 2342 666 mo-

787 702 961 757 nacho
995 703 1215 757 nomine
1236 699 1502 772 Longino,
1542 717 1681 755 anno
1708 704 1916 764 mundi.
1952 714 2006 757 ut
2039 706 2107 760 ab
2148 706 2335 759 eodem

782 795 1027 863 Longino
1057 795 1401 858 subnotatur,
1422 793 1581 857 6780,
1600 795 1651 848 id
1682 804 1763 849 est
1785 794 1990 851 Christi
2014 812 2162 852 anno
2180 796 2333 858 1272,

782 889 1085 958 descriptus
1110 898 1214 942 est.

853 980 926 1033 De
958 998 1059 1035 ms.
1111 979 1561 1048 Sandionysiano.
1587 1008 1657 1018 ——-
1677 977 2117 1037 Observabamus
2172 997 2334 1051 supra

780 1075 1042 1144 quosdam
1075 1072 1293 1128 Gnaeos
1327 1072 1567 1137 codices,
1596 1070 1795 1127 Carolo
1821 1072 1989 1128 Calvo
2011 1075 2332 1144 imperante,

780 1167 832 1219 in
866 1166 1051 1221 Sancti
1104 1166 1343 1235 Dionysii
1403 1181 1567 1234 prope
1622 1166 1890 1222 Lutetiam
1939 1170 2330 1223 monasterium

778 1258 941 1313 fuisse
966 1267 1312 1326 asportatos;
1362 1263 1455 1312 sed
1482 1259 1769 1329 lugendam
1792 1275 1980 1315 eorum
2016 1276 2138 1313 cum
2170 1273 2329 1315 caete-

775 1352 847 1404 ris
902 1350 1070 1404 ferme
1102 1350 1352 1404 omnibus
1384 1351 1661 1405 ditissima:
1704 1352 1943 1423 ejusdem
1995 1352 2331 1409 bibliothecae

777 1442 1158 1510 manuscriptis
1201 1444 1468 1511 jacturam
1501 1446 1749 1500 fecimus.
1780 1446 1935 1500 Alius
1966 1447 2056 1515 qui
2087 1448 2157 1502 ibi
2186 1464 2330 1503 nunc

774 1534 1021 1600 habetur,
1050 1535 1175 1589 illuc
1192 1537 1259 1590 ab
1284 1537 1603 1604 imperatore
1625 1537 1866 1592 Manuale
1885 1538 2183 1610 Palzeologo
2206 1542 2332 1594 mis-

770 1641 862 1680 sus
903 1637 1001 1679 est.
1044 1627 1216 1696 Atque
1246 1630 1297 1683 iu
1349 1629 1577 1698 hujusce
1609 1632 1685 1685 rei
1728 1632 1886 1687 fidem
1933 1634 2047 1689 hac
2078 1635 2241 1688 verba
2274 1635 2326 1688 in

772 1716 875 1769 line
901 1716 1140 1785 ejusdem
1197 1719 1337 1781 libri,
1397 1724 1491 1774 sed
1543 1738 1701 1775 manu
1749 1725 2045 1779 recentiori
2087 1724 2326 1793 subjecta

2442 532 2635 585 genam
2674 529 2853 593 vocat,
2903 522 3059 575 editae
3110 524 3375 583 meminit.
3421 528 3806 596 Imperatorem
3866 550 4007 589 vero

2439 610 2724 664 certiorem
2756 611 2888 665 facit
2914 627 2973 667 se
3016 614 3081 665 ad
3109 630 3232 667 eum
3265 620 3569 673 versionem
3608 623 3827 679 mittere
3849 624 4005 681 Grae-

2440 714 2624 754 corum
2656 699 2868 755 Maximi
2899 712 2953 756 et
3005 702 3236 759 Joannis
3267 706 3697 777 Scythopolitaui
3758 714 4002 769 scholio-

2443 809 2557 849 rum
2593 811 2606 847 :
2644 810 2760 862 quae
2790 796 3001 862 quidem
3033 800 3303 864 quomodo
3326 814 3353 851 a
3379 815 3436 853 se
3470 802 3699 856 inviccm
3729 804 4005 859 distinxe-

2439 886 2529 948 rit,
2557 887 2642 941 his
2672 887 2849 941 verbis
2890 888 3199 958 significat:
3234 888 3480 958 Ipsorum
3538 902 3711 946 autem
3762 896 4001 951 scholic-

2436 993 2551 1030 rum
2573 995 2660 1030 seu
2682 982 3047 1046 paratheseon,
3064 997 3385 1051 quicumque
3412 985 3464 1036 in
3492 986 3635 1039 calce
3659 990 3743 1040 sui
3773 991 3991 1057 signum

2436 1070 2650 1137 vivi/ica
2677 1072 2842 1124 crucis
2866 1073 3093 1137 habent,
3134 1092 3166 1131 α
3212 1075 3360 1129 beato
3418 1076 3651 1133 Maximo
3695 1082 3999 1151 confessore

2435 1177 2495 1213 ac
2531 1161 2781 1215 monacho
2806 1163 3014 1217 inventa
3061 1178 3347 1220 narrantur
3372 1182 3391 1220 :
3422 1178 3612 1225 caetera
3661 1188 3778 1225 vero
3813 1175 3996 1228 sancti

2432 1252 2655 1308 Joannis
2705 1253 3123 1324 Scythopotitani
3175 1261 3430 1316 antistitis
3471 1279 3581 1317 esse
3626 1265 3892 1330 feruntur.

2506 1409 2578 1465 De
2599 1410 2817 1478 epistola
2838 1413 3109 1467 undecima
3125 1414 3194 1467 ad
3215 1414 3852 1484 Apollophanem.—Illud
3872 1436 3998 1483 tan-

2432 1503 2550 1558 dem
2582 1505 2699 1558 sine
2730 1506 3107 1562 observatione
3149 1509 3333 1579 aliqua
3368 1517 3704 1581 praatermitti
3764 1534 3866 1573 non
3895 1523 3996 1575 de-

2432 1596 2539 1661 bet,
2594 1597 2737 1664 quod
2780 1613 2951 1679 neque
3008 1600 3058 1653 in
3083 1601 3167 1654 bis
3216 1606 3467 1666 prunibus
3513 1609 3817 1677 codicibus,
3870 1615 3993 1667 sive

2431 1682 2633 1742 Graecis
2673 1689 2783 1742 sive
2813 1688 3039 1757 Latinis,
3090 1708 3262 1761 neque
3319 1695 3371 1749 in
3402 1699 3659 1755 omnibus
3698 1700 3813 1757 fere
3866 1703 3991 1759 edi-

766 1817 891 1859 sunt
1122 1769 1293 1879 mpbv
1317 1769 1519 1881 ῥιόλίον
1563 1814 1839 1885 ἀπεστάλη
1880 1769 2329 1890 uagari;va—
2360 1769 2385 1824 ἒ

2376 1770 2690 1843 3tiouibus,
2723 1783 2825 1835 nisi
2893 1783 2945 1836 in
2990 1783 3325 1840 Bibliotheca
3382 1799 3561 1843 nostra
3617 1791 3989 1862 Lugdunensi,

765 1901 981 1955 Αοτάτου
1018 1894 1299 1971 βασιλέώς,
1336 1904 1429 1958 καὶ
1459 1906 1855 1978 αὐτοκράτορος
1910 1908 2199 1979 Ῥωμαίων
2228 1925 2329 1963 κυο-

767 1984 858 2062 ῥοῦ
885 1991 1161 2063 ’Μανουὴλ
1196 1994 1291 2048 τοῦ
1336 1996 1695 2064 Παλαιολόγου
1742 2000 1821 2060 εἰς
1850 1998 1909 2051 τὸ
1960 2000 2304 2071 μοναστήριοκ

762 2084 854 2137 τοῦ
879 2085 1057 2151 ’Δγίου
1074 2087 1349 2140 Διονυσίου
1397 2087 1475 2157 τῷ
1504 2088 1561 2141 ἐν
1602 2089 1859 2160 Παρυσίῳ
1894 2090 1993 2161 τῆς
2046 2091 2325 2161 Φραγγίας

763 2176 793 2246 ἢ
831 2177 1113 2244 Γαλατίας,
1144 2180 1250 2233 ἀπὸ
1299 2180 1397 2250 τῆς
1431 2182 2046 2247 Κωνσταντινουπόλεως·
2085 2184 2153 2237 δι’
2187 2183 2323 2255 ἐμοῦ

765 2270 1017 2342 Μανουὴλ
1084 2272 1179 2326 τοῦ
1225 2273 1586 2346 Χρυσολωρᾶ,
1650 2276 1988 2347 πεμφθέντος
2047 2279 2325 2350 πρεσϐἑως

761 2366 914 2436 παρὰ
943 2367 1035 2419 τοῦ
1061 2370 1348 2439 εἰρημένου
1376 2369 1654 2440 βασιλέως,
1688 2372 1797 2426 ἔτει
1840 2374 1947 2427 ἀπὸ
1975 2376 2201 2439 κτίσεως
2229 2378 2321 2430 κό-

762 2472 897 2525 σμου
928 2454 1369 2529 ἑξακισχιλίοπῷ
1399 2461 1898 2534 ὲννεακισχιλιοστῷ
1928 2466 2319 2536 ἐξκαιδεκάτῳ,

757 2546 863 2599 ἀπὸ
880 2549 1202 2620 σαρκώσεως
1223 2551 1279 2603 δὲ
1296 2550 1390 2603 τοῦ
1405 2554 1607 2624 Κυρίου
1626 2555 1876 2627 χιλιοστῷ
1894 2558 2320 2629 τετρακοσιοστῴ

760 2640 952 2710 ὀγδοῷ.
975 2642 1161 2705 Ὅστις
1193 2642 1478 2716 εἰρημένος
1503 2644 1753 2715 βασιλεὺς
1782 2642 1911 2718 ἦλθε
1948 2648 2209 2719 πρότερον
2242 2650 2322 2709 εἰς

754 2733 814 2785 τὸ
829 2733 1096 2805 Παρύσιον
1113 2734 1217 2808 πρὸ
1244 2735 1377 2789 ἐτῶν
1406 2739 1705 2810 τεσσάρων.
1723 2758 1739 2789 ι
1772 2738 1870 2793 llic
1900 2741 2035 2794 liber
2058 2741 2318 2797 Constan-

754 2828 971 2892 tinopoli
995 2830 1063 2880 ad
1079 2831 1451 2883 monasterium
1468 2830 1652 2883 Sancti
1672 2831 1909 2901 Dionysii
1930 2833 2246 2888 Parisiensis
2264 2836 2319 2888 ia

757 2915 987 2973 Francia
1008 2922 1110 2972 sive
1124 2916 1300 2972 Callia
1326 2921 1514 2974 missus
1540 2930 1619 2974 est
1640 2939 1669 2975 a
1702 2922 1984 2977 celsissimo
2008 2926 2241 2994 principe
2265 2938 2313 2980 et

754 3014 1065 3076 imperatore
1095 3012 1448 3066 Romanorum
1477 3014 1689 3068 domino
1734 3014 1979 3069 Manuele
2010 3016 2312 3088 Palwologo

751 3120 842 3170 per
872 3122 952 3157 me
1001 3103 1294 3159 Munuelem
1323 3104 1721 3174 Cltrysoloram,
1751 3107 1979 3173 legatum
2023 3109 2253 3173 missurn
2274 3128 2303 3160 a
2340 3107 2385 3170 C

752 3196 888 3247 dicto
916 3196 1255 3262 imperatore,
1312 3214 1451 3249 anno
1496 3216 1525 3249 α
1578 3200 1841 3250 creatione
1895 3200 2076 3250 mundi
2143 3198 2312 3254 sexies

752 3285 1024 3339 millesimo
1058 3289 1442 3355 nongentesimo
1491 3288 1689 3340 decimo
1738 3301 1905 3351 sexto,
1951 3290 2016 3339 ab
2052 3288 2315 3341 lacerna-

752 3380 889 3432 tione
920 3396 1035 3433 vero
1080 3379 1291 3433 Domini
1325 3380 1601 3433 millesimo
1629 3382 2146 3450 quadringentesimo
2173 3390 2313 3433 octa-

751 3485 834 3521 vo.
873 3467 975 3533 Qui
1004 3472 1177 3523 dictus
1234 3472 1515 3538 imperator
1544 3472 1693 3540 prius
1749 3469 1986 3524 Parisios
2022 3473 2158 3524 venit
2191 3481 2311 3525 ante

750 3576 977 3632 quatuor
1030 3560 1215 3617 annos.

820 3656 964 3712 Duos
994 3658 1211 3725 insuper
1236 3657 1455 3711 Latinos
1490 3658 1631 3711 nacti
1684 3673 1873 3711 sumus
1907 3672 2069 3709 manu
2105 3672 2303 3710 exara-

752 3762 836 3805 tos
864 3750 1101 3817 codices,
1146 3752 1345 3819 quibus
1396 3752 1574 3805 versio
1626 3750 1850 3805 Joannis
1903 3750 2206 3818 Scotigeute
2244 3765 2307 3803 ac

750 3847 858 3900 divi
906 3845 1146 3909 Maximi,
1199 3843 1549 3912 ejusdemque
1610 3842 1836 3897 Joannis
1894 3843 2195 3912 Scotigenae
2227 3843 2307 3914 (l)

751 3951 891 3992 nota:
931 3948 986 3993 et
1028 3938 1228 3991 scholia
1284 3936 1630 3991 exhibentur.
1699 3935 1914 3990 Primus
1961 3936 2308 3991 Bibliotheca:

754 4031 931 4101 Regia:
970 4039 1071 4093 est,
1105 4030 1373 4083 secundus
1427 4027 1790 4082 Colbertime:
1828 4029 1967 4082 alter
2025 4030 2092 4083 ab
2149 4030 2308 4083 annis

747 4122 966 4177 circiter
996 4120 1118 4185 600,
1148 4122 1282 4174 alter
1308 4134 1434 4174 vero
1454 4118 1558 4172 400
1586 4119 1915 4188 descriptus.
1973 4120 2026 4173 in
2069 4130 2300 4189 utroque

748 4214 1151 4280 prtemittuntur
1176 4211 1413 4279 ejusdem
1438 4210 1661 4265 Joannis
1700 4207 2131 4279 Scythopolitaui
2155 4210 2230 4279 (2)
2253 4218 2309 4262 et

750 4306 1023 4360 Anastasii
1074 4304 1475 4359 BibliOthecarii
1528 4306 1591 4358 ad
1636 4305 1884 4359 Carolum
1940 4304 2163 4359 Calvum
2194 4304 2308 4371 epi-

748 4399 919 4459 stol:e,
950 4398 1149 4466 quibus
1192 4397 1240 4451 ei
1292 4398 1555 4451 versiouis
1582 4398 1873 4466 operisque
1933 4396 2017 4449 sui
2077 4396 2307 4448 reddunt

751 4488 1037 4542 rationem.
1104 4488 1336 4558 Epistula
1356 4487 1577 4541 Joannis
1600 4488 1676 4541 sic
1701 4486 2014 4540 inscribitur
2046 4504 2058 4537 :
2094 4484 2305 4537 Glorio-

753 4580 959 4632 sissimo
988 4581 1363 4634 catholicorum
1418 4595 1595 4649 regum
1628 4578 1817 4634 Carolo
1865 4577 2093 4632 Joannes
2138 4584 2305 4627 extre-

751 4689 865 4725 mus
920 4674 1119 4738 sapitia:
1174 4673 1515 4726 studentium.
1566 4671 1927 4725 Anastasiana
1962 4684 2122 4723 vero:
2161 4666 2305 4719 Prw-

749 4766 884 4831 ]atio
911 4764 1205 4827 Anastasii,
1252 4764 1553 4827 apostolica:
1592 4764 1731 4815 sedis
1772 4759 2177 4822 bibliothecarii,
2234 4757 2303 4809 ad

748 4858 1234 4911 excellentissimum
1264 4872 1427 4927 regem
1455 4867 1499 4910 et
1522 4854 2030 4908 Christianissinmm
2054 4849 2302 4903 Caruium

827 5016 908 5086 (l)
940 5012 1082 5086 Lege
1111 5013 1432 5085 Joannisque
1458 5016 1894 5086 Scythopolitaai.
1930 5016 2082 5071 Eutr.
2109 5013 2275 5067 Pun.

2429 1874 2652 1941 epistola
2696 1876 3000 1939 undecima,
3042 1876 3283 1947 Dionysii
3323 1882 3495 1935 nostri
3530 1886 3750 1940 nomine
3783 1888 3989 1943 inscri-

2428 1976 2541 2033 pta,
2574 1968 2758 2019 decem
2807 1966 2927 2020 aliis
2977 1970 3351 2037 superioribus
3396 1975 3767 2030 subnectitur.
3812 1980 3871 2031 In
3921 1996 3990 2035 ea

2427 2068 2614 2112 anetor
2677 2058 3031 2127 Apollophani
3111 2060 3456 2132 philosopho,
3516 2066 3583 2119 ad
3639 2082 3796 2136 quem
3861 2072 3991 2125 data

2425 2159 2545 2218 est,
2596 2153 2663 2204 de
2697 2151 2839 2205 illius
2885 2156 2949 2205 ad
2997 2154 3360 2208 Christianam
3416 2158 3575 2211 fidem
3623 2162 3993 2217 cenversione

2427 2244 2711 2311 plurimum
2742 2245 3062 2313 gratulatur,
3114 2256 3169 2301 et
3207 2249 3273 2303 de
3321 2250 3453 2304 solis
3496 2251 3827 2319 defectione,
3858 2271 3984 2321 quae

2424 2332 2639 2388 Christo
2696 2337 3000 2399 moriente,
3038 2338 3361 2410 contigerat,
3419 2356 3728 2399 sermonem
3781 2363 3983 2403 rursus

2424 2423 2680 2483 instituit.

2496 2518 2624 2573 "me
2655 2531 2835 2575 autem
2899 2524 3129 2591 epistola
3167 2542 3269 2580 non
3329 2529 3501 2582 solum
3536 2530 3841 2585 certissima
3871 2531 3993 2587 evi-

2424 2610 2599 2665 dentis
2635 2612 2851 2680 praefert
2890 2613 3143 2672 falsitatis
3169 2618 3390 2683 indicia,
3421 2620 3513 2673 sed
3564 2636 3663 2674 nec
3685 2620 3753 2674 ab
3787 2622 3990 2677 eodem

2423 2713 2643 2755 auctore
2691 2719 2754 2757 ac
2785 2706 2968 2760 decem
3028 2709 3365 2775 superiores,
3418 2710 3620 2780 aliique
3660 2711 3980 2784 Dionysiaui

2423 2793 2563 2861 libri,
2606 2796 2845 2865 profecta
2878 2814 2997 2852 esse
3046 2801 3281 2852 videtur.
3332 2800 3619 2857 Enimvero
3650 2804 3739 2858 illa
3773 2821 3873 2860 nec
3923 2806 3989 2861 in

2421 2891 2825 2958 manuscriptis,
2873 2894 2949 2946 uti
2988 2893 3245 2957 diximus,
3294 2911 3394 2950 nec
3450 2897 3500 2949 in
3562 2899 3802 2955 melioris
3838 2910 3992 2956 notae

2420 2980 2744 3037 editionibus
2765 2979 2975 3049 vulgata
2992 2983 3308 3039 est.Deinde
3337 2988 3403 3039 ab
3433 2986 3659 3040 aliarum
3702 3006 3825 3043 cum
3856 2993 3945 3059 epi
3966 3025 3983 3035 ο

2420 3072 2707 3137 stolarum,
2746 3081 2853 3125 tum
2880 3073 3317 3130 lucubrationum
3354 3077 3595 3149 Dionysii
3634 3084 3810 3135 nostri
3838 3084 3992 3154 stylo

2423 3177 2643 3230 prorsus
2693 3162 2973 3217 abhorret.
3024 3162 3262 3233 Denique
3286 3167 3409 3219 divo
3447 3167 3704 3231 Maximo,
3736 3169 3980 3239 Operum

2416 3254 2654 3323 Dionysii
2685 3253 3101 3322 diligentissimo
3124 3255 3451 3325 iudagatori,
3476 3258 3631 3325 plane
3657 3261 3989 3331 penitusque

2416 3345 2684 3414 incognita
2710 3344 2831 3397 fuit.
2871 3344 3056 3399 Nullas
3076 3348 3272 3400 etenim
3292 3348 3341 3399 iu
3374 3363 3517 3411 eam,
3537 3348 3677 3401 sicut
3700 3350 3749 3402 in
3770 3361 3978 3406 czetera

2414 3438 2647 3508 Dionysii
2678 3422 2878 3505 Opera,
2900 3438 2985 3491 ille
3001 3439 3167 3492 edidit
3188 3440 3618 3493 observationes.
3665 3440 3801 3507 Quid
3828 3447 3979 3512 quod

2412 3541 2465 3586 et
2491 3532 2604 3601 ipse
2631 3530 2888 3585 Maximus
2915 3530 3223 3601 Dionysium
3242 3548 3362 3586 cum
3388 3532 3515 3587 solis
3534 3532 3773 3601 eclipsim
3796 3535 3989 3592 obser-

2416 3635 2587 3688 varet,
2628 3640 2827 3677 annum
2861 3622 3036 3677 :etatis
3068 3606 3387 3700 yicesimum
3417 3626 3664 3692 quintum
3720 3626 3979 3696 attigisse

2414 3718 2576 3772 meris
2595 3717 2838 3786 conjecto
2850 3721 2921 3771 ris
2940 3718 3171 3787 probare
3189 3728 3433 3773 conatur.
3452 3718 3519 3770 At
3539 3718 3677 3770 nulla
3711 3717 3811 3787 ipsi
3841 3734 3985 3788 opus

2411 3821 2530 3866 erat
2555 3810 2888 3877 conjectura,
2910 3811 2952 3864 si
2981 3810 3093 3863 haec
3118 3809 3367 3877 epistola,
3400 3810 3487 3863 ubi
3518 3810 3567 3863 id
3594 3820 3780 3879 aperte
3795 3808 3981 3865 decla.

2413 3916 2583 3969 ratur,
2602 3904 2655 3957 in
2685 3903 2797 3971 ejus
2824 3918 3015 3956 manus
3043 3901 3329 3971 aliquando
3350 3902 3607 3958 venisset.
3647 3902 3787 3955 Vero
3812 3898 3979 3972 igitur

2411 3996 2623 4049 videtur
2651 3994 2870 4048 onmino
2901 3993 3075 4047 simile
3106 4009 3223 4047 eam
3252 4010 3277 4045 a
3319 3994 3456 4046 male
3495 3992 3689 4047 feriato
3734 3994 3979 4063 quodam

2410 4087 2670 4155 scriptore
2701 4100 2767 4139 ex
2798 4085 3024 4153 septima
3055 4084 3296 4137 auctoris
3330 4083 3499 4137 nostri
3542 4084 3606 4136 ad
3636 4082 3975 4152 Apollopha-

2410 4196 2531 4233 nem
2553 4178 2803 4248 epistola,
2838 4177 2888 4228 iu
2918 4192 3022 4243 qua
3049 4176 3115 4229 de
3154 4183 3448 4229 memorata
3478 4174 3608 4229 solis
3634 4174 3820 4241 eclipsi
3870 4175 3977 4231 dis-

2411 4282 2582 4342 putat,
2622 4279 2744 4339 post
2762 4269 2975 4322 Maximi
2992 4268 3196 4323 obitum
3214 4267 3377 4322 fuisse
3397 4268 3770 4336 compositam.
3801 4267 3977 4324 Porro

2409 4374 2586 4417 autem
2608 4378 2711 4416 non
2725 4361 2827 4414 alia
2845 4360 3059 4430 quidem
3090 4360 3294 4413 ratione
3322 4358 3411 4412 ille
3434 4357 3963 4427 Pseudo-Dionysius

2340 4444 2383 4499 Ῑ)
2412 4472 2528 4511 eam
2552 4456 2832 4522 scripsisse
2864 4454 3099 4514 videtur,
3134 4452 3235 4505 nisi
3272 4459 3327 4503 ut
3352 4452 3599 4504 eumdem
3634 4449 3966 4518 Apollopha-

2411 4563 2529 4602 nem
2559 4546 2881 4600 Christianae
2916 4544 3184 4612 religioni,
3213 4543 3279 4595 ad
3312 4557 3472 4610 quam
3502 4550 3693 4595 auctor
3722 4540 3973 4609 epistola:

2408 4641 2648 4709 septima:
2671 4654 2791 4693 eum
2817 4637 3084 4691 adducere
3114 4644 3434 4698 teutaverat,
3464 4649 3659 4689 nomen
3687 4649 3840 4686 suum
3871 4633 3973 4686 ali-

2410 4733 2624 4803 quando
2654 4731 2864 4786 dedisse
2906 4730 3158 4784 omuibus
3180 4743 3507 4798 quocunque
3545 4727 3766 4781 tandem
3806 4725 3975 4780 modo

2411 4824 2781 4897 persuaderet.

2426 5013 2520 5083 (2)
2557 5012 2695 5082 Lege
2735 5008 3042 5078 Scotigeutc.
3070 5009 3142 5062 lo.
