  <div class='ocr_page' id='page_1' title='image "/cluster/home/n/w/nwhite01/storage/ocr_20150623/3/pst.000003853313/038.png"; bbox 0 0 4196 6306; ppageno 0'>
   <div class='ocr_carea' id='block_1_1' title="bbox 168 322 1742 400">
    <p class='ocr_par' dir='ltr' id='par_1_1' title="bbox 168 322 1738 390">
     <span class='ocr_line' id='line_1_1' title="bbox 168 322 1738 390; baseline 0.001 -2"><span class='ocrx_word' id='word_1_1' title='bbox 168 322 236 378; x_wconf 75' lang='lat'><strong>57</strong></span> <span class='ocrx_word' id='word_1_2' title='bbox 1512 330 1738 390; x_wconf 75' lang='lat' dir='ltr'><strong>PItOLE</strong></span> 
     </span>
    </p>
   </div>
   <div class='ocr_carea' id='block_1_2' title="bbox 1841 322 3429 400">
    <p class='ocr_par' dir='ltr' id='par_1_2' title="bbox 1841 337 3429 400">
     <span class='ocr_line' id='line_1_2' title="bbox 1841 337 3429 400; baseline 0.004 -9"><span class='ocrx_word' id='word_1_3' title='bbox 1841 337 2025 398; x_wconf 66' lang='lat' dir='ltr'><strong>)II&#39;ZSA</strong></span> <span class='ocrx_word' id='word_1_4' title='bbox 3362 345 3429 400; x_wconf 65' lang='lat'><strong>1&#39;58</strong></span> 
     </span>
    </p>
   </div>
   <div class='ocr_carea' id='block_1_3' title="bbox 174 461 3414 499">
    <p class='ocr_par' dir='ltr' id='par_1_3' title="bbox 174 461 3414 499">
     <span class='ocr_line' id='line_1_3' title="bbox 174 461 3414 499; baseline -0.002 -15"><span class='ocrx_word' id='word_1_5' title='bbox 174 461 3414 499; x_wconf 56' lang='lat' dir='ltr'><strong>CM</strong></span> 
     </span>
    </p>
   </div>
   <div class='ocr_carea' id='block_1_4' title="bbox 444 582 1742 714">
    <p class='ocr_par' dir='ltr' id='par_1_4' title="bbox 444 582 1742 702">
     <span class='ocr_line' id='line_1_4' title="bbox 444 582 1742 702; baseline 0.007 -8"><span class='ocrx_word' id='word_1_6' title='bbox 444 582 726 698; x_wconf 61' lang='grc' dir='ltr'><strong>ιβιῑ.</strong></span> <span class='ocrx_word' id='word_1_7' title='bbox 811 586 950 702; x_wconf 67' lang='grc' dir='ltr'><strong>επ.</strong></span> <span class='ocrx_word' id='word_1_8' title='bbox 1029 585 1184 698; x_wconf 74' lang='lat' dir='ltr'><strong>P.</strong></span> <span class='ocrx_word' id='word_1_9' title='bbox 1277 587 1742 702; x_wconf 62' lang='lat' dir='ltr'><strong>BERN</strong></span> 
     </span>
    </p>
   </div>
   <div class='ocr_carea' id='block_1_5' title="bbox 1351 766 2241 827">
    <p class='ocr_par' dir='ltr' id='par_1_5' title="bbox 1351 766 2241 827">
     <span class='ocr_line' id='line_1_5' title="bbox 1351 766 2241 827; baseline 0.002 -3"><span class='ocrx_word' id='word_1_10' title='bbox 1351 766 1630 824; x_wconf 76' lang='lat' dir='ltr'><strong>OBDINIS</strong></span> <span class='ocrx_word' id='word_1_11' title='bbox 1665 769 2241 827; x_wconf 70' lang='lat' dir='ltr'><strong>PRAEDICATORUM</strong></span> 
     </span>
    </p>
   </div>
   <div class='ocr_carea' id='block_1_6' title="bbox 741 896 2846 979">
    <p class='ocr_par' dir='ltr' id='par_1_6' title="bbox 741 896 2846 979">
     <span class='ocr_line' id='line_1_6' title="bbox 741 896 2846 979; baseline 0.003 -24"><span class='ocrx_word' id='word_1_12' title='bbox 741 896 812 956; x_wconf 87' lang='lat' dir='ltr'><strong>lu</strong></span> <span class='ocrx_word' id='word_1_13' title='bbox 846 896 1150 957; x_wconf 76' lang='lat' dir='ltr'><strong>Venetam</strong></span> <span class='ocrx_word' id='word_1_14' title='bbox 1184 897 1467 975; x_wconf 77' lang='lat' dir='ltr'><strong>Operam</strong></span> <span class='ocrx_word' id='word_1_15' title='bbox 1501 915 1646 977; x_wconf 67' lang='lat' dir='ltr'><strong>quae</strong></span> <span class='ocrx_word' id='word_1_16' title='bbox 1673 898 2118 978; x_wconf 79' lang='lat' dir='ltr'><strong>Areopagitica</strong></span> <span class='ocrx_word' id='word_1_17' title='bbox 2155 898 2846 979; x_wconf 18' lang='lat' dir='ltr'><strong>dicunturgeditionem</strong></span> 
     </span>
    </p>
   </div>
   <div class='ocr_carea' id='block_1_7' title="bbox 1130 1061 2490 1160">
    <p class='ocr_par' dir='ltr' id='par_1_7' title="bbox 1130 1061 2490 1160">
     <span class='ocr_line' id='line_1_7' title="bbox 1130 1061 2490 1160; baseline 0.009 -13"><span class='ocrx_word' id='word_1_18' title='bbox 1130 1061 1928 1160; x_wconf 80' lang='lat' dir='ltr'><strong>DISSERTATIO</strong></span> <span class='ocrx_word' id='word_1_19' title='bbox 2001 1067 2490 1160; x_wconf 76' lang='lat' dir='ltr'><strong>PIUEVIA</strong></span> 
     </span>
    </p>
   </div>
   <div class='ocr_carea' id='block_1_8' title="bbox 165 1211 3429 1345">
    <p class='ocr_par' dir='ltr' id='par_1_8' title="bbox 165 1211 3429 1345">
     <span class='ocr_line' id='line_1_8' title="bbox 165 1211 3429 1345; baseline 0.003 -77"><span class='ocrx_word' id='word_1_20' title='bbox 165 1215 230 1268; x_wconf 81' lang='lat' dir='ltr'><strong>In</strong></span> <span class='ocrx_word' id='word_1_21' title='bbox 254 1232 357 1267; x_wconf 88' lang='lat' dir='ltr'><strong>ana</strong></span> <span class='ocrx_word' id='word_1_22' title='bbox 405 1216 704 1270; x_wconf 68' lang='lat' dir='ltr'><strong>ora&#39;sertim</strong></span> <span class='ocrx_word' id='word_1_23' title='bbox 731 1215 906 1284; x_wconf 88' lang='lat' dir='ltr'><strong>agitur</strong></span> <span class='ocrx_word' id='word_1_24' title='bbox 935 1215 999 1268; x_wconf 91' lang='lat' dir='ltr'><strong>de</strong></span> <span class='ocrx_word' id='word_1_25' title='bbox 1031 1211 1256 1269; x_wconf 80' lang='lat' dir='ltr'><strong>Scltoliis</strong></span> <span class='ocrx_word' id='word_1_26' title='bbox 1283 1213 1470 1270; x_wconf 89' lang='lat' dir='ltr'><strong>Sancti</strong></span> <span class='ocrx_word' id='word_1_27' title='bbox 1503 1216 1750 1344; x_wconf 55' lang='lat' dir='ltr'><strong>Mlaxiini,</strong></span> <span class='ocrx_word' id='word_1_28' title='bbox 1783 1231 1836 1274; x_wconf 86' lang='lat' dir='ltr'><strong>et</strong></span> <span class='ocrx_word' id='word_1_29' title='bbox 1855 1220 2097 1345; x_wconf 61' lang='lat' dir='ltr'><strong>dou/nnis</strong></span> <span class='ocrx_word' id='word_1_30' title='bbox 2127 1220 2570 1293; x_wconf 80' lang='lat' dir='ltr'><strong>Scythopolitani,</strong></span> <span class='ocrx_word' id='word_1_31' title='bbox 2608 1239 2670 1276; x_wconf 89' lang='lat' dir='ltr'><strong>ac</strong></span> <span class='ocrx_word' id='word_1_32' title='bbox 2690 1221 2956 1294; x_wconf 54' lang='lat' dir='ltr'><strong>,Germani</strong></span> <span class='ocrx_word' id='word_1_33' title='bbox 2983 1223 3429 1288; x_wconf 74' lang='lat' dir='ltr'><strong>Constantinopo-</strong></span> 
     </span>
     <span class='ocr_line' id='line_1_9' title="bbox 1567 1297 2089 1345; baseline 0.006 -3"><span class='ocrx_word' id='word_1_34' title='bbox 1567 1301 1697 1345; x_wconf 82' lang='lat' dir='ltr'><strong>itam</strong></span> <span class='ocrx_word' id='word_1_35' title='bbox 1727 1304 1958 1345; x_wconf 81' lang='lat' dir='ltr'><strong>natnarc</strong></span> <span class='ocrx_word' id='word_1_36' title='bbox 1979 1297 2089 1345; x_wconf 59' lang='grc' dir='ltr'><em>παρ’.</em></span> 
     </span>
    </p>
   </div>
   <div class='ocr_carea' id='block_1_9' title="bbox 1567 1297 2089 1360">
    <p class='ocr_par' dir='ltr' id='par_1_9' title="bbox 1567 1297 2089 1360">
     <span class='ocr_line' id='line_1_10' title="bbox 1567 1297 2089 1360; baseline 0.013 -18"><span class='ocrx_word' id='word_1_37' title='bbox 1567 1297 1698 1346; x_wconf 87' lang='lat' dir='ltr'><strong>itani</strong></span> <span class='ocrx_word' id='word_1_38' title='bbox 1726 1297 2089 1360; x_wconf 71' lang='lat' dir='ltr'><strong>patriarchat&#39;.</strong></span> 
     </span>
    </p>
   </div>
   <div class='ocr_carea' id='block_1_10' title="bbox 664 1523 1226 1581">
    <p class='ocr_par' dir='ltr' id='par_1_10' title="bbox 664 1523 1226 1581">
     <span class='ocr_line' id='line_1_11' title="bbox 664 1523 1226 1581; baseline 0.002 -1"><span class='ocrx_word' id='word_1_39' title='bbox 664 1523 890 1580; x_wconf 83' lang='lat' dir='ltr'><strong>CAPUT</strong></span> <span class='ocrx_word' id='word_1_40' title='bbox 934 1523 1226 1581; x_wconf 78' lang='lat' dir='ltr'><strong>PRIMUM.</strong></span> 
     </span>
    </p>
   </div>
   <div class='ocr_carea' id='block_1_11' title="bbox 162 1640 1748 1713">
    <p class='ocr_par' dir='ltr' id='par_1_11' title="bbox 162 1640 1748 1713">
     <span class='ocr_line' id='line_1_12' title="bbox 162 1640 1748 1713; baseline 0 -16"><span class='ocrx_word' id='word_1_41' title='bbox 162 1642 399 1713; x_wconf 77' lang='lat' dir='ltr'><strong>Operam</strong></span> <span class='ocrx_word' id='word_1_42' title='bbox 441 1640 930 1713; x_wconf 78' lang='lat' dir='ltr'><strong>AreOpagiticornm</strong></span> <span class='ocrx_word' id='word_1_43' title='bbox 957 1641 1120 1692; x_wconf 86' lang='lat' dir='ltr'><strong>editio</strong></span> <span class='ocrx_word' id='word_1_44' title='bbox 1150 1641 1552 1713; x_wconf 72' lang='lat' dir='ltr'><strong>.lntnerpiensis</strong></span> <span class='ocrx_word' id='word_1_45' title='bbox 1579 1654 1599 1691; x_wconf 83' lang='lat'><strong>.&#39;</strong></span> <span class='ocrx_word' id='word_1_46' title='bbox 1621 1644 1748 1706; x_wconf 86' lang='lat' dir='ltr'><strong>quid</strong></span> 
     </span>
    </p>
   </div>
   <div class='ocr_carea' id='block_1_12' title="bbox 234 1709 1744 1780">
    <p class='ocr_par' dir='ltr' id='par_1_12' title="bbox 234 1709 1744 1780">
     <span class='ocr_line' id='line_1_13' title="bbox 234 1709 1744 1780; baseline 0.001 -13"><span class='ocrx_word' id='word_1_47' title='bbox 234 1716 291 1767; x_wconf 80' lang='lat' dir='ltr'><strong>in</strong></span> <span class='ocrx_word' id='word_1_48' title='bbox 322 1731 382 1766; x_wconf 89' lang='lat' dir='ltr'><strong>ea</strong></span> <span class='ocrx_word' id='word_1_49' title='bbox 411 1711 730 1780; x_wconf 78' lang='lat' dir='ltr'><strong>prtcstitum.</strong></span> <span class='ocrx_word' id='word_1_50' title='bbox 771 1709 1042 1763; x_wconf 78' lang='lat' dir='ltr'><strong>Posterior</strong></span> <span class='ocrx_word' id='word_1_51' title='bbox 1063 1712 1170 1764; x_wconf 76' lang='lat' dir='ltr'><strong>alia</strong></span> <span class='ocrx_word' id='word_1_52' title='bbox 1211 1710 1533 1766; x_wconf 83' lang='lat' dir='ltr'><strong>l’arisiensis</strong></span> <span class='ocrx_word' id='word_1_53' title='bbox 1558 1715 1744 1768; x_wconf 80' lang='lat' dir='ltr'><strong>editio.</strong></span> 
     </span>
    </p>
   </div>
   <div class='ocr_carea' id='block_1_13' title="bbox 234 1783 1084 1852">
    <p class='ocr_par' dir='ltr' id='par_1_13' title="bbox 234 1783 1084 1852">
     <span class='ocr_line' id='line_1_14' title="bbox 234 1783 1084 1852; baseline -0.002 -13"><span class='ocrx_word' id='word_1_54' title='bbox 234 1785 533 1839; x_wconf 81' lang='lat' dir='ltr'><strong>Casimirus</strong></span> <span class='ocrx_word' id='word_1_55' title='bbox 566 1783 813 1852; x_wconf 80' lang='lat' dir='ltr'><strong>Uudinus</strong></span> <span class='ocrx_word' id='word_1_56' title='bbox 847 1790 1084 1837; x_wconf 86' lang='lat' dir='ltr'><strong>notatus.</strong></span> 
     </span>
    </p>
   </div>
   <div class='ocr_carea' id='block_1_14' title="bbox 233 1893 1744 1968">
    <p class='ocr_par' dir='ltr' id='par_1_14' title="bbox 233 1893 1744 1968">
     <span class='ocr_line' id='line_1_15' title="bbox 233 1893 1744 1968; baseline 0.003 -17"><span class='ocrx_word' id='word_1_57' title='bbox 233 1897 275 1952; x_wconf 94' lang='lat' dir='ltr'><strong>I.</strong></span> <span class='ocrx_word' id='word_1_58' title='bbox 307 1897 569 1963; x_wconf 74' lang='lat' dir='ltr'><strong>Quaruam</strong></span> <span class='ocrx_word' id='word_1_59' title='bbox 629 1912 774 1951; x_wconf 71' lang='lat' dir='ltr'><strong>curm</strong></span> <span class='ocrx_word' id='word_1_60' title='bbox 823 1893 1080 1949; x_wconf 77' lang='lat' dir='ltr'><strong>adhibin</strong></span> <span class='ocrx_word' id='word_1_61' title='bbox 1124 1895 1348 1964; x_wconf 76' lang='lat' dir='ltr'><strong>fuerint,</strong></span> <span class='ocrx_word' id='word_1_62' title='bbox 1401 1899 1532 1968; x_wconf 93' lang='lat' dir='ltr'><strong>quid</strong></span> <span class='ocrx_word' id='word_1_63' title='bbox 1576 1899 1744 1955; x_wconf 76' lang='lat' dir='ltr'><strong>etiam</strong></span> 
     </span>
    </p>
   </div>
   <div class='ocr_carea' id='block_1_15' title="bbox 181 1990 1744 2061">
    <p class='ocr_par' dir='ltr' id='par_1_15' title="bbox 181 1990 1744 2061">
     <span class='ocr_line' id='line_1_16' title="bbox 181 1990 1744 2061; baseline 0.003 -17"><span class='ocrx_word' id='word_1_64' title='bbox 181 1991 455 2060; x_wconf 82' lang='lat' dir='ltr'><strong>.mplioris</strong></span> <span class='ocrx_word' id='word_1_65' title='bbox 489 1991 842 2046; x_wconf 82' lang='lat' dir='ltr'><strong>emolumenti</strong></span> <span class='ocrx_word' id='word_1_66' title='bbox 875 1990 927 2044; x_wconf 92' lang='lat' dir='ltr'><strong>in</strong></span> <span class='ocrx_word' id='word_1_67' title='bbox 963 2007 1100 2045; x_wconf 77' lang='lat' dir='ltr'><strong>nova</strong></span> <span class='ocrx_word' id='word_1_68' title='bbox 1121 1991 1383 2060; x_wconf 84' lang='lat' dir='ltr'><strong>Operum,</strong></span> <span class='ocrx_word' id='word_1_69' title='bbox 1425 2008 1544 2061; x_wconf 68' lang='lat' dir='ltr'><strong>qua!</strong></span> <span class='ocrx_word' id='word_1_70' title='bbox 1577 1994 1744 2048; x_wconf 81' lang='lat' dir='ltr'><strong>Areo-</strong></span> 
     </span>
    </p>
   </div>
   <div class='ocr_carea' id='block_1_16' title="bbox 153 2086 1742 2159">
    <p class='ocr_par' dir='ltr' id='par_1_16' title="bbox 153 2086 1742 2159">
     <span class='ocr_line' id='line_1_17' title="bbox 153 2086 1742 2159; baseline 0.001 -18"><span class='ocrx_word' id='word_1_71' title='bbox 153 2089 395 2159; x_wconf 76' lang='lat' dir='ltr'><strong>pagitica</strong></span> <span class='ocrx_word' id='word_1_72' title='bbox 442 2088 719 2152; x_wconf 89' lang='lat' dir='ltr'><strong>dicuntur,</strong></span> <span class='ocrx_word' id='word_1_73' title='bbox 739 2087 952 2142; x_wconf 78' lang='lat' dir='ltr'><strong>Veneta</strong></span> <span class='ocrx_word' id='word_1_74' title='bbox 994 2086 1236 2141; x_wconf 84' lang='lat' dir='ltr'><strong>editione</strong></span> <span class='ocrx_word' id='word_1_75' title='bbox 1261 2092 1591 2156; x_wconf 64' lang='lat' dir='ltr'><strong>praestitum,</strong></span> <span class='ocrx_word' id='word_1_76' title='bbox 1623 2106 1742 2142; x_wconf 93' lang='lat' dir='ltr'><strong>mu-</strong></span> 
     </span>
    </p>
   </div>
   <div class='ocr_carea' id='block_1_17' title="bbox 155 2168 1742 2252">
    <p class='ocr_par' dir='ltr' id='par_1_17' title="bbox 155 2168 1742 2252">
     <span class='ocr_line' id='line_1_18' title="bbox 155 2168 1742 2252; baseline -0.001 -13"><span class='ocrx_word' id='word_1_77' title='bbox 155 2199 268 2239; x_wconf 91' lang='lat' dir='ltr'><strong>nus</strong></span> <span class='ocrx_word' id='word_1_78' title='bbox 311 2183 446 2236; x_wconf 78' lang='lat' dir='ltr'><strong>milii</strong></span> <span class='ocrx_word' id='word_1_79' title='bbox 479 2181 870 2235; x_wconf 82' lang='lat' dir='ltr'><strong>demandatum</strong></span> <span class='ocrx_word' id='word_1_80' title='bbox 895 2168 1001 2246; x_wconf 72' lang='lat' dir='ltr'><strong>esi,</strong></span> <span class='ocrx_word' id='word_1_81' title='bbox 1027 2192 1083 2234; x_wconf 89' lang='lat' dir='ltr'><strong>ut</strong></span> <span class='ocrx_word' id='word_1_82' title='bbox 1113 2182 1310 2251; x_wconf 62' lang='lat' dir='ltr'><strong>praevia</strong></span> <span class='ocrx_word' id='word_1_83' title='bbox 1350 2183 1584 2252; x_wconf 90' lang='lat' dir='ltr'><strong>quadam</strong></span> <span class='ocrx_word' id='word_1_84' title='bbox 1627 2183 1742 2238; x_wconf 89' lang='lat' dir='ltr'><strong>dis-</strong></span> 
     </span>
    </p>
   </div>
   <div class='ocr_carea' id='block_1_18' title="bbox 152 2266 1742 2348">
    <p class='ocr_par' dir='ltr' id='par_1_18' title="bbox 152 2266 1742 2348">
     <span class='ocr_line' id='line_1_19' title="bbox 152 2266 1742 2348; baseline 0.003 -16"><span class='ocrx_word' id='word_1_85' title='bbox 152 2279 461 2332; x_wconf 87' lang='lat' dir='ltr'><strong>sertatione</strong></span> <span class='ocrx_word' id='word_1_86' title='bbox 505 2266 881 2331; x_wconf 83' lang='lat' dir='ltr'><strong>admonerem.</strong></span> <span class='ocrx_word' id='word_1_87' title='bbox 938 2278 1106 2345; x_wconf 82' lang='lat' dir='ltr'><strong>Agam</strong></span> <span class='ocrx_word' id='word_1_88' title='bbox 1150 2277 1318 2346; x_wconf 83' lang='lat' dir='ltr'><strong>igitur</strong></span> <span class='ocrx_word' id='word_1_89' title='bbox 1366 2294 1465 2348; x_wconf 86' lang='lat' dir='ltr'><strong>pro</strong></span> <span class='ocrx_word' id='word_1_90' title='bbox 1516 2295 1742 2336; x_wconf 86' lang='lat' dir='ltr'><strong>munere</strong></span> 
     </span>
    </p>
   </div>
   <div class='ocr_carea' id='block_1_19' title="bbox 153 2375 1742 2444">
    <p class='ocr_par' dir='ltr' id='par_1_19' title="bbox 153 2375 1742 2444">
     <span class='ocr_line' id='line_1_20' title="bbox 153 2375 1742 2444; baseline 0.001 -17"><span class='ocrx_word' id='word_1_91' title='bbox 153 2383 444 2444; x_wconf 84' lang='lat' dir='ltr'><strong>assumpto</strong></span> <span class='ocrx_word' id='word_1_92' title='bbox 472 2392 486 2428; x_wconf 87' lang='lat'><strong>:</strong></span> <span class='ocrx_word' id='word_1_93' title='bbox 513 2382 568 2427; x_wconf 87' lang='lat' dir='ltr'><strong>et</strong></span> <span class='ocrx_word' id='word_1_94' title='bbox 617 2389 864 2443; x_wconf 80' lang='lat' dir='ltr'><strong>quamam</strong></span> <span class='ocrx_word' id='word_1_95' title='bbox 917 2375 1082 2430; x_wconf 87' lang='lat' dir='ltr'><strong>luerit</strong></span> <span class='ocrx_word' id='word_1_96' title='bbox 1130 2376 1376 2428; x_wconf 79' lang='lat' dir='ltr'><strong>anterior</strong></span> <span class='ocrx_word' id='word_1_97' title='bbox 1411 2375 1577 2429; x_wconf 87' lang='lat' dir='ltr'><strong>editio</strong></span> <span class='ocrx_word' id='word_1_98' title='bbox 1605 2378 1742 2430; x_wconf 87' lang='lat' dir='ltr'><strong>sele-</strong></span> 
     </span>
    </p>
   </div>
   <div class='ocr_carea' id='block_1_20' title="bbox 149 2467 1737 2538">
    <p class='ocr_par' dir='ltr' id='par_1_20' title="bbox 149 2467 1737 2538">
     <span class='ocr_line' id='line_1_21' title="bbox 149 2467 1737 2538; baseline 0.001 -16"><span class='ocrx_word' id='word_1_99' title='bbox 149 2479 269 2530; x_wconf 84' lang='lat' dir='ltr'><strong>cta,</strong></span> <span class='ocrx_word' id='word_1_100' title='bbox 300 2483 422 2538; x_wconf 65' lang='lat' dir='ltr'><strong>qua:</strong></span> <span class='ocrx_word' id='word_1_101' title='bbox 466 2467 663 2522; x_wconf 90' lang='lat' dir='ltr'><strong>iterum</strong></span> <span class='ocrx_word' id='word_1_102' title='bbox 708 2468 1040 2532; x_wconf 87' lang='lat' dir='ltr'><strong>cuderetur;</strong></span> <span class='ocrx_word' id='word_1_103' title='bbox 1077 2469 1406 2538; x_wconf 78' lang='lat' dir='ltr'><strong>numaliqua</strong></span> <span class='ocrx_word' id='word_1_104' title='bbox 1451 2485 1572 2523; x_wconf 83' lang='lat' dir='ltr'><strong>cum</strong></span> <span class='ocrx_word' id='word_1_105' title='bbox 1606 2485 1737 2525; x_wconf 91' lang='lat' dir='ltr'><strong>mss.</strong></span> 
     </span>
    </p>
   </div>
   <div class='ocr_carea' id='block_1_21' title="bbox 152 2560 1740 2630">
    <p class='ocr_par' dir='ltr' id='par_1_21' title="bbox 152 2560 1740 2630">
     <span class='ocr_line' id='line_1_22' title="bbox 152 2560 1740 2630; baseline 0.004 -18"><span class='ocrx_word' id='word_1_106' title='bbox 152 2562 464 2626; x_wconf 80' lang='lat' dir='ltr'><strong>codicibus,</strong></span> <span class='ocrx_word' id='word_1_107' title='bbox 522 2569 576 2614; x_wconf 86' lang='lat' dir='ltr'><strong>et</strong></span> <span class='ocrx_word' id='word_1_108' title='bbox 639 2561 989 2630; x_wconf 85' lang='lat' dir='ltr'><strong>quibusnam,</strong></span> <span class='ocrx_word' id='word_1_109' title='bbox 1050 2562 1276 2617; x_wconf 89' lang='lat' dir='ltr'><strong>collatio</strong></span> <span class='ocrx_word' id='word_1_110' title='bbox 1327 2560 1504 2616; x_wconf 64' lang='lat' dir='ltr'><strong>Graeci</strong></span> <span class='ocrx_word' id='word_1_111' title='bbox 1562 2571 1740 2618; x_wconf 79' lang='lat' dir='ltr'><strong>textus</strong></span> 
     </span>
    </p>
   </div>
   <div class='ocr_carea' id='block_1_22' title="bbox 152 2651 1739 2724">
    <p class='ocr_par' dir='ltr' id='par_1_22' title="bbox 152 2651 1739 2724">
     <span class='ocr_line' id='line_1_23' title="bbox 152 2651 1739 2724; baseline 0 -17"><span class='ocrx_word' id='word_1_112' title='bbox 152 2653 302 2709; x_wconf 83' lang='lat' dir='ltr'><strong>facta</strong></span> <span class='ocrx_word' id='word_1_113' title='bbox 360 2651 557 2721; x_wconf 78' lang='lat' dir='ltr'><strong>fuerit;</strong></span> <span class='ocrx_word' id='word_1_114' title='bbox 598 2669 847 2723; x_wconf 78' lang='lat' dir='ltr'><strong>quamam</strong></span> <span class='ocrx_word' id='word_1_115' title='bbox 903 2655 1161 2724; x_wconf 88' lang='lat' dir='ltr'><strong>opuscula</strong></span> <span class='ocrx_word' id='word_1_116' title='bbox 1224 2653 1462 2723; x_wconf 85' lang='lat' dir='ltr'><strong>adjecta,</strong></span> <span class='ocrx_word' id='word_1_117' title='bbox 1503 2669 1623 2723; x_wconf 76' lang='lat' dir='ltr'><strong>qua:</strong></span> <span class='ocrx_word' id='word_1_118' title='bbox 1655 2654 1739 2707; x_wconf 80' lang='lat' dir='ltr'><strong>vel</strong></span> 
     </span>
    </p>
   </div>
   <div class='ocr_carea' id='block_1_23' title="bbox 151 2744 1738 2817">
    <p class='ocr_par' dir='ltr' id='par_1_23' title="bbox 151 2744 1738 2817">
     <span class='ocr_line' id='line_1_24' title="bbox 151 2744 1738 2817; baseline -0.001 -19"><span class='ocrx_word' id='word_1_119' title='bbox 151 2746 224 2800; x_wconf 88' lang='lat' dir='ltr'><strong>de</strong></span> <span class='ocrx_word' id='word_1_120' title='bbox 267 2746 512 2816; x_wconf 73' lang='lat' dir='ltr'><strong>genuino</strong></span> <span class='ocrx_word' id='word_1_121' title='bbox 558 2756 791 2817; x_wconf 85' lang='lat' dir='ltr'><strong>parente</strong></span> <span class='ocrx_word' id='word_1_122' title='bbox 823 2746 1144 2814; x_wconf 85' lang='lat' dir='ltr'><strong>perquiraut</strong></span> <span class='ocrx_word' id='word_1_123' title='bbox 1177 2744 1258 2798; x_wconf 82' lang='lat' dir='ltr'><strong>vel</strong></span> <span class='ocrx_word' id='word_1_124' title='bbox 1298 2745 1416 2812; x_wconf 84' lang='lat' dir='ltr'><strong>ejus</strong></span> <span class='ocrx_word' id='word_1_125' title='bbox 1452 2746 1610 2798; x_wconf 82' lang='lat' dir='ltr'><strong>ﬁdem</strong></span> <span class='ocrx_word' id='word_1_126' title='bbox 1645 2759 1738 2814; x_wconf 79' lang='grc' dir='ltr'><strong>ρει-</strong></span> 
     </span>
    </p>
   </div>
   <div class='ocr_carea' id='block_1_24' title="bbox 155 2838 1736 2906">
    <p class='ocr_par' dir='ltr' id='par_1_24' title="bbox 155 2838 1736 2906">
     <span class='ocr_line' id='line_1_25' title="bbox 155 2838 1736 2906; baseline -0.002 -12"><span class='ocrx_word' id='word_1_127' title='bbox 155 2839 423 2894; x_wconf 85' lang='lat' dir='ltr'><strong>tel&#39;aciaut</strong></span> <span class='ocrx_word' id='word_1_128' title='bbox 445 2891 461 2906; x_wconf 76' lang='grc'>,</span> <span class='ocrx_word' id='word_1_129' title='bbox 493 2855 561 2893; x_wconf 81' lang='lat' dir='ltr'><strong>an</strong></span> <span class='ocrx_word' id='word_1_130' title='bbox 594 2841 738 2894; x_wconf 87' lang='lat' dir='ltr'><strong>edita</strong></span> <span class='ocrx_word' id='word_1_131' title='bbox 773 2839 979 2895; x_wconf 86' lang='lat' dir='ltr'><strong>scholia</strong></span> <span class='ocrx_word' id='word_1_132' title='bbox 1017 2841 1126 2895; x_wconf 90' lang='lat' dir='ltr'><strong>sint</strong></span> <span class='ocrx_word' id='word_1_133' title='bbox 1160 2841 1317 2894; x_wconf 91' lang='lat' dir='ltr'><strong>unius</strong></span> <span class='ocrx_word' id='word_1_134' title='bbox 1343 2839 1532 2894; x_wconf 80' lang='lat' dir='ltr'><strong>Sancti</strong></span> <span class='ocrx_word' id='word_1_135' title='bbox 1565 2838 1736 2892; x_wconf 77' lang='lat' dir='ltr'><strong>Maxi-</strong></span> 
     </span>
    </p>
   </div>
   <div class='ocr_carea' id='block_1_25' title="bbox 153 2917 1813 3004">
    <p class='ocr_par' dir='ltr' id='par_1_25' title="bbox 153 2917 1813 3004">
     <span class='ocr_line' id='line_1_26' title="bbox 153 2917 1813 3004; baseline -0.001 -20"><span class='ocrx_word' id='word_1_136' title='bbox 153 2934 254 2996; x_wconf 92' lang='lat' dir='ltr'><strong>mi,</strong></span> <span class='ocrx_word' id='word_1_137' title='bbox 299 2947 368 2985; x_wconf 92' lang='lat' dir='ltr'><strong>an</strong></span> <span class='ocrx_word' id='word_1_138' title='bbox 405 2932 590 3003; x_wconf 83' lang='lat' dir='ltr'><strong>aliqua</strong></span> <span class='ocrx_word' id='word_1_139' title='bbox 626 2934 710 2988; x_wconf 82' lang='lat' dir='ltr'><strong>vel</strong></span> <span class='ocrx_word' id='word_1_140' title='bbox 755 2935 919 2988; x_wconf 87' lang='lat' dir='ltr'><strong>etiam</strong></span> <span class='ocrx_word' id='word_1_141' title='bbox 966 2933 1115 3004; x_wconf 79' lang='lat' dir='ltr'><strong>plura</strong></span> <span class='ocrx_word' id='word_1_142' title='bbox 1149 2929 1378 2988; x_wconf 81' lang='lat' dir='ltr'><strong>Joannis</strong></span> <span class='ocrx_word' id='word_1_143' title='bbox 1422 2931 1734 3003; x_wconf 87' lang='lat' dir='ltr'><strong>Scythopo-</strong></span> <span class='ocrx_word' id='word_1_144' title='bbox 1771 2917 1813 2971; x_wconf 83' lang='grc' dir='ltr'><strong>Β</strong></span> 
     </span>
    </p>
   </div>
   <div class='ocr_carea' id='block_1_26' title="bbox 153 3024 1737 3097">
    <p class='ocr_par' dir='ltr' id='par_1_26' title="bbox 153 3024 1737 3097">
     <span class='ocr_line' id='line_1_27' title="bbox 153 3024 1737 3097; baseline 0.003 -21"><span class='ocrx_word' id='word_1_145' title='bbox 153 3024 340 3091; x_wconf 82' lang='lat' dir='ltr'><strong>lituni,</strong></span> <span class='ocrx_word' id='word_1_146' title='bbox 393 3042 460 3079; x_wconf 86' lang='lat' dir='ltr'><strong>an</strong></span> <span class='ocrx_word' id='word_1_147' title='bbox 518 3028 681 3080; x_wconf 85' lang='lat' dir='ltr'><strong>etiam</strong></span> <span class='ocrx_word' id='word_1_148' title='bbox 735 3029 980 3097; x_wconf 70' lang='lat' dir='ltr'><strong>quaedam</strong></span> <span class='ocrx_word' id='word_1_149' title='bbox 1034 3027 1318 3090; x_wconf 83' lang='lat' dir='ltr'><strong>Germani,</strong></span> <span class='ocrx_word' id='word_1_150' title='bbox 1375 3028 1533 3097; x_wconf 69' lang='lat' dir='ltr'><strong>regis:</strong></span> <span class='ocrx_word' id='word_1_151' title='bbox 1584 3026 1737 3081; x_wconf 80' lang='lat' dir='ltr'><strong>urbis</strong></span> 
     </span>
    </p>
   </div>
   <div class='ocr_carea' id='block_1_27' title="bbox 153 3119 1738 3192">
    <p class='ocr_par' dir='ltr' id='par_1_27' title="bbox 153 3119 1738 3192">
     <span class='ocr_line' id='line_1_28' title="bbox 153 3119 1738 3192; baseline 0.003 -20"><span class='ocrx_word' id='word_1_152' title='bbox 153 3119 712 3190; x_wconf 73' lang='lat' dir='ltr'><strong>Constantinopoleos</strong></span> <span class='ocrx_word' id='word_1_153' title='bbox 757 3122 1120 3192; x_wconf 79' lang='lat' dir='ltr'><strong>patriarclue;</strong></span> <span class='ocrx_word' id='word_1_154' title='bbox 1165 3123 1390 3176; x_wconf 86' lang='lat' dir='ltr'><strong>totidem</strong></span> <span class='ocrx_word' id='word_1_155' title='bbox 1439 3122 1738 3177; x_wconf 85' lang='lat' dir='ltr'><strong>eruutdis-</strong></span> 
     </span>
    </p>
   </div>
   <div class='ocr_carea' id='block_1_28' title="bbox 151 3215 1589 3284">
    <p class='ocr_par' dir='ltr' id='par_1_28' title="bbox 151 3215 1589 3284">
     <span class='ocr_line' id='line_1_29' title="bbox 151 3215 1589 3284; baseline 0.001 -15"><span class='ocrx_word' id='word_1_156' title='bbox 151 3215 473 3269; x_wconf 77' lang='lat' dir='ltr'><strong>sertationis</strong></span> <span class='ocrx_word' id='word_1_157' title='bbox 497 3225 844 3284; x_wconf 73' lang='lat' dir='ltr'><strong>argumenta,</strong></span> <span class='ocrx_word' id='word_1_158' title='bbox 878 3233 941 3271; x_wconf 90' lang='lat' dir='ltr'><strong>ac</strong></span> <span class='ocrx_word' id='word_1_159' title='bbox 969 3218 1074 3271; x_wconf 87' lang='lat' dir='ltr'><strong>alia</strong></span> <span class='ocrx_word' id='word_1_160' title='bbox 1107 3232 1240 3272; x_wconf 89' lang='lat' dir='ltr'><strong>sane</strong></span> <span class='ocrx_word' id='word_1_161' title='bbox 1275 3218 1358 3272; x_wconf 90' lang='lat' dir='ltr'><strong>his</strong></span> <span class='ocrx_word' id='word_1_162' title='bbox 1388 3215 1589 3270; x_wconf 75' lang='lat' dir='ltr'><strong>aliinia.</strong></span> 
     </span>
    </p>
   </div>
   <div class='ocr_carea' id='block_1_29' title="bbox 228 3310 1737 3383">
    <p class='ocr_par' dir='ltr' id='par_1_29' title="bbox 228 3310 1737 3383">
     <span class='ocr_line' id='line_1_30' title="bbox 228 3310 1737 3383; baseline 0.001 -18"><span class='ocrx_word' id='word_1_163' title='bbox 228 3311 742 3382; x_wconf 80' lang='lat' dir='ltr'><strong>AreOpagiticorum</strong></span> <span class='ocrx_word' id='word_1_164' title='bbox 794 3310 1032 3383; x_wconf 89' lang='lat' dir='ltr'><strong>Operum</strong></span> <span class='ocrx_word' id='word_1_165' title='bbox 1080 3312 1349 3376; x_wconf 74' lang='lat' dir='ltr'><strong>editiones</strong></span> <span class='ocrx_word' id='word_1_166' title='bbox 1403 3327 1594 3366; x_wconf 90' lang='lat' dir='ltr'><strong>omnes</strong></span> <span class='ocrx_word' id='word_1_167' title='bbox 1635 3311 1737 3367; x_wconf 87' lang='lat' dir='ltr'><strong>hoc</strong></span> 
     </span>
    </p>
   </div>
   <div class='ocr_carea' id='block_1_30' title="bbox 151 3405 1737 3475">
    <p class='ocr_par' dir='ltr' id='par_1_30' title="bbox 151 3405 1737 3475">
     <span class='ocr_line' id='line_1_31' title="bbox 151 3405 1737 3475; baseline 0.001 -17"><span class='ocrx_word' id='word_1_168' title='bbox 151 3405 278 3460; x_wconf 89' lang='lat' dir='ltr'><strong>loco</strong></span> <span class='ocrx_word' id='word_1_169' title='bbox 313 3421 608 3460; x_wconf 83' lang='lat' dir='ltr'><strong>numerare</strong></span> <span class='ocrx_word' id='word_1_170' title='bbox 638 3421 1044 3475; x_wconf 75' lang='lat' dir='ltr'><strong>sopervacanea</strong></span> <span class='ocrx_word' id='word_1_171' title='bbox 1081 3423 1209 3460; x_wconf 86' lang='lat' dir='ltr'><strong>cura</strong></span> <span class='ocrx_word' id='word_1_172' title='bbox 1245 3407 1408 3460; x_wconf 79' lang='lat' dir='ltr'><strong>foret.</strong></span> <span class='ocrx_word' id='word_1_173' title='bbox 1457 3405 1737 3459; x_wconf 85' lang='lat' dir='ltr'><strong>Nitidissi-</strong></span> 
     </span>
    </p>
   </div>
   <div class='ocr_carea' id='block_1_31' title="bbox 155 3499 1727 3569">
    <p class='ocr_par' dir='ltr' id='par_1_31' title="bbox 155 3499 1727 3569">
     <span class='ocr_line' id='line_1_32' title="bbox 155 3499 1727 3569; baseline 0.001 -18"><span class='ocrx_word' id='word_1_174' title='bbox 155 3514 301 3551; x_wconf 89' lang='lat' dir='ltr'><strong>mam</strong></span> <span class='ocrx_word' id='word_1_175' title='bbox 333 3499 788 3565; x_wconf 80' lang='lat' dir='ltr'><strong>Antuerpiensem</strong></span> <span class='ocrx_word' id='word_1_176' title='bbox 825 3515 1068 3554; x_wconf 87' lang='lat' dir='ltr'><strong>memoro</strong></span> <span class='ocrx_word' id='word_1_177' title='bbox 1102 3516 1165 3554; x_wconf 75' lang='lat' dir='ltr'><strong>ex</strong></span> <span class='ocrx_word' id='word_1_178' title='bbox 1189 3500 1392 3569; x_wconf 72' lang='lat' dir='ltr'><strong>ofﬁcina</strong></span> <span class='ocrx_word' id='word_1_179' title='bbox 1428 3499 1727 3552; x_wconf 86' lang='lat' dir='ltr'><strong>Plantinia-</strong></span> 
     </span>
    </p>
   </div>
   <div class='ocr_carea' id='block_1_32' title="bbox 151 3588 1730 3663">
    <p class='ocr_par' dir='ltr' id='par_1_32' title="bbox 151 3588 1730 3663">
     <span class='ocr_line' id='line_1_33' title="bbox 151 3588 1730 3663; baseline 0.003 -20"><span class='ocrx_word' id='word_1_180' title='bbox 151 3608 223 3643; x_wconf 81' lang='lat' dir='ltr'><strong>na</strong></span> <span class='ocrx_word' id='word_1_181' title='bbox 249 3588 588 3644; x_wconf 83' lang='lat' dir='ltr'><strong>Balthasaris</strong></span> <span class='ocrx_word' id='word_1_182' title='bbox 624 3590 814 3645; x_wconf 88' lang='lat' dir='ltr'><strong>Moreti</strong></span> <span class='ocrx_word' id='word_1_183' title='bbox 842 3593 999 3647; x_wconf 68' lang='grc'><strong>1654.</strong></span> <span class='ocrx_word' id='word_1_184' title='bbox 1037 3591 1209 3647; x_wconf 79' lang='lat' dir='ltr'><strong>Frons</strong></span> <span class='ocrx_word' id='word_1_185' title='bbox 1239 3595 1400 3663; x_wconf 86' lang='lat' dir='ltr'><strong>primi</strong></span> <span class='ocrx_word' id='word_1_186' title='bbox 1441 3595 1571 3647; x_wconf 78' lang='lat' dir='ltr'><strong>Ionii</strong></span> <span class='ocrx_word' id='word_1_187' title='bbox 1607 3603 1688 3648; x_wconf 90' lang='lat' dir='ltr'><strong>est</strong></span> <span class='ocrx_word' id='word_1_188' title='bbox 1717 3613 1730 3647; x_wconf 87' lang='lat'><strong>:</strong></span> 
     </span>
    </p>
   </div>
   <div class='ocr_carea' id='block_1_33' title="bbox 154 3683 1730 3755">
    <p class='ocr_par' dir='ltr' id='par_1_33' title="bbox 154 3683 1730 3755">
     <span class='ocr_line' id='line_1_34' title="bbox 154 3683 1730 3755; baseline 0.004 -18"><span class='ocrx_word' id='word_1_189' title='bbox 154 3683 332 3750; x_wconf 81' lang='lat' dir='ltr'><strong>Opera</strong></span> <span class='ocrx_word' id='word_1_190' title='bbox 396 3684 459 3737; x_wconf 87' lang='lat' dir='ltr'><strong>S.</strong></span> <span class='ocrx_word' id='word_1_191' title='bbox 518 3684 764 3755; x_wconf 81' lang='lat' dir='ltr'><strong>Dionysii</strong></span> <span class='ocrx_word' id='word_1_192' title='bbox 821 3687 1180 3755; x_wconf 55' lang='lat' dir='ltr'><strong>Areopagitat,</strong></span> <span class='ocrx_word' id='word_1_193' title='bbox 1237 3704 1354 3739; x_wconf 90' lang='lat' dir='ltr'><strong>cum</strong></span> <span class='ocrx_word' id='word_1_194' title='bbox 1405 3685 1636 3742; x_wconf 79' lang='lat' dir='ltr'><strong>Scholiis</strong></span> <span class='ocrx_word' id='word_1_195' title='bbox 1670 3690 1730 3742; x_wconf 86' lang='lat' dir='ltr'><strong>S.</strong></span> 
     </span>
    </p>
   </div>
   <div class='ocr_carea' id='block_1_34' title="bbox 153 3771 1736 3848">
    <p class='ocr_par' dir='ltr' id='par_1_34' title="bbox 153 3771 1736 3848">
     <span class='ocr_line' id='line_1_35' title="bbox 153 3771 1736 3848; baseline 0.003 -18"><span class='ocrx_word' id='word_1_196' title='bbox 153 3771 408 3842; x_wconf 66' lang='lat' dir='ltr'><strong>Maximi,</strong></span> <span class='ocrx_word' id='word_1_197' title='bbox 449 3787 514 3832; x_wconf 92' lang='lat' dir='ltr'><strong>et.</strong></span> <span class='ocrx_word' id='word_1_198' title='bbox 545 3776 874 3845; x_wconf 84' lang='lat' dir='ltr'><strong>Paraphrasi</strong></span> <span class='ocrx_word' id='word_1_199' title='bbox 927 3779 1291 3848; x_wconf 77' lang='lat' dir='ltr'><strong>Pachymerte,</strong></span> <span class='ocrx_word' id='word_1_200' title='bbox 1340 3797 1370 3832; x_wconf 83' lang='grc' dir='ltr'><em>α</em></span> <span class='ocrx_word' id='word_1_201' title='bbox 1415 3779 1736 3834; x_wconf 80' lang='lat' dir='ltr'><strong>Balthasare</strong></span> 
     </span>
    </p>
   </div>
   <div class='ocr_carea' id='block_1_35' title="bbox 153 3869 1732 3940">
    <p class='ocr_par' dir='ltr' id='par_1_35' title="bbox 153 3869 1732 3940">
     <span class='ocr_line' id='line_1_36' title="bbox 153 3869 1732 3940; baseline 0.003 -20"><span class='ocrx_word' id='word_1_202' title='bbox 153 3869 413 3927; x_wconf 82' lang='lat' dir='ltr'><strong>Corderio</strong></span> <span class='ocrx_word' id='word_1_203' title='bbox 442 3872 566 3926; x_wconf 88' lang='lat' dir='ltr'><strong>Soc.</strong></span> <span class='ocrx_word' id='word_1_204' title='bbox 591 3872 718 3925; x_wconf 83' lang='lat' dir='ltr'><strong>Jesu</strong></span> <span class='ocrx_word' id='word_1_205' title='bbox 749 3872 890 3926; x_wconf 85' lang='lat' dir='ltr'><strong>doct.</strong></span> <span class='ocrx_word' id='word_1_206' title='bbox 931 3872 1089 3926; x_wconf 87' lang='lat' dir='ltr'><strong>theol.</strong></span> <span class='ocrx_word' id='word_1_207' title='bbox 1122 3871 1309 3925; x_wconf 79' lang='lat' dir='ltr'><strong>Latine</strong></span> <span class='ocrx_word' id='word_1_208' title='bbox 1364 3873 1732 3940; x_wconf 85' lang='lat' dir='ltr'><strong>interpretata,</strong></span> 
     </span>
    </p>
   </div>
   <div class='ocr_carea' id='block_1_36' title="bbox 152 3965 1734 4034">
    <p class='ocr_par' dir='ltr' id='par_1_36' title="bbox 152 3965 1734 4034">
     <span class='ocr_line' id='line_1_37' title="bbox 152 3965 1734 4034; baseline -0.002 -13"><span class='ocrx_word' id='word_1_209' title='bbox 152 3979 203 4021; x_wconf 82' lang='lat' dir='ltr'><strong>et</strong></span> <span class='ocrx_word' id='word_1_210' title='bbox 248 3968 391 4021; x_wconf 89' lang='lat' dir='ltr'><strong>notis</strong></span> <span class='ocrx_word' id='word_1_211' title='bbox 433 3965 738 4034; x_wconf 88' lang='lat' dir='ltr'><strong>theologicis</strong></span> <span class='ocrx_word' id='word_1_212' title='bbox 787 3965 1080 4020; x_wconf 89' lang='lat' dir='ltr'><strong>illustrata.</strong></span> <span class='ocrx_word' id='word_1_213' title='bbox 1127 3965 1344 4020; x_wconf 86' lang='lat' dir='ltr'><strong>Primus</strong></span> <span class='ocrx_word' id='word_1_214' title='bbox 1379 3967 1520 4020; x_wconf 87' lang='lat' dir='ltr'><strong>idem</strong></span> <span class='ocrx_word' id='word_1_215' title='bbox 1553 3976 1734 4020; x_wconf 88' lang='lat' dir='ltr'><strong>tomus</strong></span> 
     </span>
    </p>
   </div>
   <div class='ocr_carea' id='block_1_37' title="bbox 155 4057 1734 4115">
    <p class='ocr_par' dir='ltr' id='par_1_37' title="bbox 155 4057 1734 4115">
     <span class='ocr_line' id='line_1_38' title="bbox 155 4057 1734 4115; baseline -0.003 -1"><span class='ocrx_word' id='word_1_216' title='bbox 155 4061 402 4114; x_wconf 79' lang='lat' dir='ltr'><strong>continet</strong></span> <span class='ocrx_word' id='word_1_217' title='bbox 431 4058 617 4115; x_wconf 67' lang='lat' dir='ltr'><strong>Graiae</strong></span> <span class='ocrx_word' id='word_1_218' title='bbox 657 4070 712 4112; x_wconf 89' lang='lat' dir='ltr'><strong>et</strong></span> <span class='ocrx_word' id='word_1_219' title='bbox 745 4057 938 4111; x_wconf 86' lang='lat' dir='ltr'><strong>Latine</strong></span> <span class='ocrx_word' id='word_1_220' title='bbox 997 4057 1162 4112; x_wconf 84' lang='lat' dir='ltr'><strong>libros</strong></span> <span class='ocrx_word' id='word_1_221' title='bbox 1197 4057 1275 4111; x_wconf 88' lang='lat' dir='ltr'><strong>De</strong></span> <span class='ocrx_word' id='word_1_222' title='bbox 1299 4059 1495 4111; x_wconf 80' lang='lat' dir='ltr'><strong>ctelesti</strong></span> <span class='ocrx_word' id='word_1_223' title='bbox 1525 4060 1734 4111; x_wconf 84' lang='lat' dir='ltr'><strong>hierar-</strong></span> 
     </span>
    </p>
   </div>
   <div class='ocr_carea' id='block_1_38' title="bbox 153 4138 1737 4214">
    <p class='ocr_par' dir='ltr' id='par_1_38' title="bbox 153 4138 1737 4214">
     <span class='ocr_line' id='line_1_39' title="bbox 153 4138 1737 4214; baseline -0.001 -9"><span class='ocrx_word' id='word_1_224' title='bbox 153 4138 300 4214; x_wconf 67' lang='lat' dir='ltr'><strong>chio.</strong></span> <span class='ocrx_word' id='word_1_225' title='bbox 332 4151 407 4206; x_wconf 92' lang='lat' dir='ltr'><strong>De</strong></span> <span class='ocrx_word' id='word_1_226' title='bbox 437 4151 794 4205; x_wconf 87' lang='lat' dir='ltr'><strong>ecclesiastica</strong></span> <span class='ocrx_word' id='word_1_227' title='bbox 824 4152 1124 4205; x_wconf 87' lang='lat' dir='ltr'><strong>hierarchia</strong></span> <span class='ocrx_word' id='word_1_228' title='bbox 1192 4162 1247 4206; x_wconf 88' lang='lat' dir='ltr'><strong>et</strong></span> <span class='ocrx_word' id='word_1_229' title='bbox 1296 4151 1370 4206; x_wconf 90' lang='lat' dir='ltr'><strong>De</strong></span> <span class='ocrx_word' id='word_1_230' title='bbox 1419 4153 1616 4205; x_wconf 82' lang='lat' dir='ltr'><strong>divinis</strong></span> <span class='ocrx_word' id='word_1_231' title='bbox 1646 4168 1737 4204; x_wconf 87' lang='lat' dir='ltr'><strong>no-</strong></span> 
     </span>
    </p>
   </div>
   <div class='ocr_carea' id='block_1_39' title="bbox 154 4243 1805 4332">
    <p class='ocr_par' dir='ltr' id='par_1_39' title="bbox 154 4243 1805 4332">
     <span class='ocr_line' id='line_1_40' title="bbox 154 4243 1805 4332; baseline 0 -34"><span class='ocrx_word' id='word_1_232' title='bbox 154 4247 410 4310; x_wconf 78' lang='lat' dir='ltr'><strong>minibus,</strong></span> <span class='ocrx_word' id='word_1_233' title='bbox 467 4245 783 4299; x_wconf 81' lang='lat' dir='ltr'><strong>Baltliasare</strong></span> <span class='ocrx_word' id='word_1_234' title='bbox 835 4244 1098 4299; x_wconf 88' lang='lat' dir='ltr'><strong>Corderio</strong></span> <span class='ocrx_word' id='word_1_235' title='bbox 1158 4245 1478 4314; x_wconf 86' lang='lat' dir='ltr'><strong>interprete.</strong></span> <span class='ocrx_word' id='word_1_236' title='bbox 1535 4243 1805 4332; x_wconf 74' lang='lat' dir='ltr'><strong>Librosc</strong></span> 
     </span>
    </p>
   </div>
   <div class='ocr_carea' id='block_1_40' title="bbox 156 4334 1731 4406">
    <p class='ocr_par' dir='ltr' id='par_1_40' title="bbox 156 4334 1731 4406">
     <span class='ocr_line' id='line_1_41' title="bbox 156 4334 1731 4406; baseline -0.001 -17"><span class='ocrx_word' id='word_1_237' title='bbox 156 4337 474 4406; x_wconf 70' lang='lat' dir='ltr'><strong>praecedunt</strong></span> <span class='ocrx_word' id='word_1_238' title='bbox 506 4336 679 4405; x_wconf 85' lang='lat' dir='ltr'><strong>ipsius</strong></span> <span class='ocrx_word' id='word_1_239' title='bbox 713 4335 960 4390; x_wconf 88' lang='lat' dir='ltr'><strong>Corderii</strong></span> <span class='ocrx_word' id='word_1_240' title='bbox 994 4334 1401 4389; x_wconf 71' lang='lat' dir='ltr'><strong>Observationes</strong></span> <span class='ocrx_word' id='word_1_241' title='bbox 1461 4341 1731 4405; x_wconf 88' lang='lat' dir='ltr'><strong>generates</strong></span> 
     </span>
    </p>
   </div>
   <div class='ocr_carea' id='block_1_41' title="bbox 156 4427 1734 4498">
    <p class='ocr_par' dir='ltr' id='par_1_41' title="bbox 156 4427 1734 4498">
     <span class='ocr_line' id='line_1_42' title="bbox 156 4427 1734 4498; baseline 0 -18"><span class='ocrx_word' id='word_1_242' title='bbox 156 4445 253 4496; x_wconf 88' lang='lat' dir='ltr'><strong>pro</strong></span> <span class='ocrx_word' id='word_1_243' title='bbox 283 4429 626 4498; x_wconf 79' lang='lat' dir='ltr'><strong>intelligentia</strong></span> <span class='ocrx_word' id='word_1_244' title='bbox 656 4427 717 4483; x_wconf 91' lang='lat' dir='ltr'><strong>S.</strong></span> <span class='ocrx_word' id='word_1_245' title='bbox 756 4427 1016 4498; x_wconf 50' lang='lat' dir='ltr'><strong>Dionysii,</strong></span> <span class='ocrx_word' id='word_1_246' title='bbox 1045 4438 1098 4482; x_wconf 88' lang='lat' dir='ltr'><strong>et</strong></span> <span class='ocrx_word' id='word_1_247' title='bbox 1128 4429 1301 4481; x_wconf 85' lang='lat' dir='ltr'><strong>sancti</strong></span> <span class='ocrx_word' id='word_1_248' title='bbox 1336 4427 1560 4482; x_wconf 67' lang='lat' dir='ltr'><strong>Maximi</strong></span> <span class='ocrx_word' id='word_1_249' title='bbox 1595 4427 1734 4480; x_wconf 79' lang='lat' dir='ltr'><strong>Pro-</strong></span> 
     </span>
    </p>
   </div>
   <div class='ocr_carea' id='block_1_42' title="bbox 156 4519 1738 4592">
    <p class='ocr_par' dir='ltr' id='par_1_42' title="bbox 156 4519 1738 4592">
     <span class='ocr_line' id='line_1_43' title="bbox 156 4519 1738 4592; baseline 0 -17"><span class='ocrx_word' id='word_1_250' title='bbox 156 4523 330 4591; x_wconf 85' lang='lat' dir='ltr'><strong>logus,</strong></span> <span class='ocrx_word' id='word_1_251' title='bbox 372 4531 426 4576; x_wconf 87' lang='lat' dir='ltr'><strong>et</strong></span> <span class='ocrx_word' id='word_1_252' title='bbox 474 4523 688 4592; x_wconf 79' lang='lat' dir='ltr'><strong>Georgii</strong></span> <span class='ocrx_word' id='word_1_253' title='bbox 721 4519 1068 4592; x_wconf 80' lang='lat' dir='ltr'><strong>Pachymerte</strong></span> <span class='ocrx_word' id='word_1_254' title='bbox 1101 4519 1424 4575; x_wconf 73' lang='lat' dir='ltr'><strong>Prooemium</strong></span> <span class='ocrx_word' id='word_1_255' title='bbox 1459 4536 1478 4575; x_wconf 83' lang='lat'><strong>.&#39;</strong></span> <span class='ocrx_word' id='word_1_256' title='bbox 1505 4521 1738 4589; x_wconf 81' lang='lat' dir='ltr'><strong>singulis</strong></span> 
     </span>
    </p>
   </div>
   <div class='ocr_carea' id='block_1_43' title="bbox 159 4612 1737 4684">
    <p class='ocr_par' dir='ltr' id='par_1_43' title="bbox 159 4612 1737 4684">
     <span class='ocr_line' id='line_1_44' title="bbox 159 4612 1737 4684; baseline -0.002 -14"><span class='ocrx_word' id='word_1_257' title='bbox 159 4631 292 4670; x_wconf 79' lang='lat' dir='ltr'><strong>vero</strong></span> <span class='ocrx_word' id='word_1_258' title='bbox 348 4616 610 4670; x_wconf 89' lang='lat' dir='ltr'><strong>librorum</strong></span> <span class='ocrx_word' id='word_1_259' title='bbox 643 4615 913 4684; x_wconf 85' lang='lat' dir='ltr'><strong>capitibus</strong></span> <span class='ocrx_word' id='word_1_260' title='bbox 960 4614 1342 4666; x_wconf 74' lang='lat' dir='ltr'><strong>Atlnotationes</strong></span> <span class='ocrx_word' id='word_1_261' title='bbox 1373 4612 1643 4677; x_wconf 83' lang='lat' dir='ltr'><strong>Corderii,</strong></span> <span class='ocrx_word' id='word_1_262' title='bbox 1681 4623 1737 4667; x_wconf 88' lang='lat' dir='ltr'><strong>et</strong></span> 
     </span>
    </p>
   </div>
   <div class='ocr_carea' id='block_1_44' title="bbox 160 4701 1738 4774">
    <p class='ocr_par' dir='ltr' id='par_1_44' title="bbox 160 4701 1738 4774">
     <span class='ocr_line' id='line_1_45' title="bbox 160 4701 1738 4774; baseline -0.001 -13"><span class='ocrx_word' id='word_1_263' title='bbox 160 4706 387 4762; x_wconf 81' lang='lat' dir='ltr'><strong>Scholia</strong></span> <span class='ocrx_word' id='word_1_264' title='bbox 415 4705 474 4760; x_wconf 89' lang='lat' dir='ltr'><strong>S.</strong></span> <span class='ocrx_word' id='word_1_265' title='bbox 510 4704 758 4769; x_wconf 75' lang='lat' dir='ltr'><strong>Maximi,</strong></span> <span class='ocrx_word' id='word_1_266' title='bbox 796 4713 852 4760; x_wconf 86' lang='lat' dir='ltr'><strong>et</strong></span> <span class='ocrx_word' id='word_1_267' title='bbox 883 4703 1197 4768; x_wconf 83' lang='lat' dir='ltr'><strong>Paraprasis</strong></span> <span class='ocrx_word' id='word_1_268' title='bbox 1237 4701 1581 4774; x_wconf 79' lang='lat' dir='ltr'><strong>Pachymera:</strong></span> <span class='ocrx_word' id='word_1_269' title='bbox 1611 4705 1738 4759; x_wconf 87' lang='lat' dir='ltr'><strong>sub-</strong></span> 
     </span>
    </p>
   </div>
   <div class='ocr_carea' id='block_1_45' title="bbox 154 4794 1740 4868">
    <p class='ocr_par' dir='ltr' id='par_1_45' title="bbox 154 4794 1740 4868">
     <span class='ocr_line' id='line_1_46' title="bbox 154 4794 1740 4868; baseline -0.001 -17"><span class='ocrx_word' id='word_1_270' title='bbox 154 4798 456 4868; x_wconf 87' lang='lat' dir='ltr'><strong>jiciuntur;</strong></span> <span class='ocrx_word' id='word_1_271' title='bbox 493 4811 613 4865; x_wconf 75' lang='lat' dir='ltr'><strong>qua:</strong></span> <span class='ocrx_word' id='word_1_272' title='bbox 654 4795 838 4850; x_wconf 83' lang='lat' dir='ltr'><strong>omnia</strong></span> <span class='ocrx_word' id='word_1_273' title='bbox 872 4795 955 4848; x_wconf 86' lang='lat' dir='ltr'><strong>vir</strong></span> <span class='ocrx_word' id='word_1_274' title='bbox 985 4795 1128 4849; x_wconf 88' lang='lat' dir='ltr'><strong>idem</strong></span> <span class='ocrx_word' id='word_1_275' title='bbox 1164 4794 1514 4850; x_wconf 85' lang='lat' dir='ltr'><strong>doctissimus</strong></span> <span class='ocrx_word' id='word_1_276' title='bbox 1535 4795 1740 4850; x_wconf 89' lang='lat' dir='ltr'><strong>Corde-</strong></span> 
     </span>
    </p>
   </div>
   <div class='ocr_carea' id='block_1_46' title="bbox 161 4888 813 4944">
    <p class='ocr_par' dir='ltr' id='par_1_46' title="bbox 161 4888 813 4944">
     <span class='ocr_line' id='line_1_47' title="bbox 161 4888 813 4944; baseline 0 -1"><span class='ocrx_word' id='word_1_277' title='bbox 161 4891 276 4943; x_wconf 85' lang='lat' dir='ltr'><strong>rins</strong></span> <span class='ocrx_word' id='word_1_278' title='bbox 300 4888 492 4944; x_wconf 82' lang='lat' dir='ltr'><strong>Latine</strong></span> <span class='ocrx_word' id='word_1_279' title='bbox 516 4889 813 4943; x_wconf 89' lang='lat' dir='ltr'><strong>transtulit.</strong></span> 
     </span>
    </p>
   </div>
   <div class='ocr_carea' id='block_1_47' title="bbox 231 4979 1736 5051">
    <p class='ocr_par' dir='ltr' id='par_1_47' title="bbox 231 4979 1736 5051">
     <span class='ocr_line' id='line_1_48' title="bbox 231 4979 1736 5051; baseline 0.003 -21"><span class='ocrx_word' id='word_1_280' title='bbox 231 4980 438 5036; x_wconf 85' lang='lat' dir='ltr'><strong>&#39;l‘omus</strong></span> <span class='ocrx_word' id='word_1_281' title='bbox 472 4981 612 5035; x_wconf 86' lang='lat' dir='ltr'><strong>alter</strong></span> <span class='ocrx_word' id='word_1_282' title='bbox 657 4981 1039 5048; x_wconf 81' lang='lat' dir='ltr'><strong>complectitur</strong></span> <span class='ocrx_word' id='word_1_283' title='bbox 1071 4979 1313 5034; x_wconf 86' lang='lat' dir='ltr'><strong>Corderii</strong></span> <span class='ocrx_word' id='word_1_284' title='bbox 1353 4979 1635 5051; x_wconf 82' lang='lat' dir='ltr'><strong>lsagsgem</strong></span> <span class='ocrx_word' id='word_1_285' title='bbox 1666 4983 1736 5034; x_wconf 87' lang='lat' dir='ltr'><strong>ad</strong></span> 
     </span>
    </p>
   </div>
   <div class='ocr_carea' id='block_1_48' title="bbox 173 5075 1740 5147">
    <p class='ocr_par' dir='ltr' id='par_1_48' title="bbox 173 5075 1740 5147">
     <span class='ocr_line' id='line_1_49' title="bbox 173 5075 1740 5147; baseline 0.002 -19"><span class='ocrx_word' id='word_1_286' title='bbox 173 5077 446 5144; x_wconf 82' lang='lat' dir='ltr'><strong>mysticam</strong></span> <span class='ocrx_word' id='word_1_287' title='bbox 476 5075 814 5145; x_wconf 80' lang='lat' dir='ltr'><strong>theologiam,</strong></span> <span class='ocrx_word' id='word_1_288' title='bbox 862 5085 972 5128; x_wconf 89' lang='lat' dir='ltr'><strong>tum</strong></span> <span class='ocrx_word' id='word_1_289' title='bbox 1015 5079 1192 5143; x_wconf 88' lang='lat' dir='ltr'><strong>ipsum</strong></span> <span class='ocrx_word' id='word_1_290' title='bbox 1219 5077 1295 5131; x_wconf 91' lang='lat' dir='ltr'><strong>De</strong></span> <span class='ocrx_word' id='word_1_291' title='bbox 1323 5079 1546 5147; x_wconf 81' lang='lat' dir='ltr'><strong>mystica</strong></span> <span class='ocrx_word' id='word_1_292' title='bbox 1585 5076 1740 5131; x_wconf 83' lang='lat' dir='ltr'><strong>theo-</strong></span> 
     </span>
    </p>
   </div>
   <div class='ocr_carea' id='block_1_49' title="bbox 163 5168 1740 5236">
    <p class='ocr_par' dir='ltr' id='par_1_49' title="bbox 163 5168 1740 5236">
     <span class='ocr_line' id='line_1_50' title="bbox 163 5168 1740 5236; baseline 0.003 -19"><span class='ocrx_word' id='word_1_293' title='bbox 163 5168 304 5236; x_wconf 82' lang='lat' dir='ltr'><strong>logia</strong></span> <span class='ocrx_word' id='word_1_294' title='bbox 345 5168 565 5231; x_wconf 81' lang='lat' dir='ltr'><strong>libruuz,</strong></span> <span class='ocrx_word' id='word_1_295' title='bbox 616 5183 741 5222; x_wconf 89' lang='lat' dir='ltr'><strong>cum</strong></span> <span class='ocrx_word' id='word_1_296' title='bbox 795 5169 1246 5222; x_wconf 81' lang='lat' dir='ltr'><strong>Adnotationibus</strong></span> <span class='ocrx_word' id='word_1_297' title='bbox 1274 5168 1653 5229; x_wconf 87' lang='lat' dir='ltr'><strong>Corderianis.</strong></span> <span class='ocrx_word' id='word_1_298' title='bbox 1683 5177 1740 5223; x_wconf 89' lang='lat' dir='ltr'><strong>et</strong></span> 
     </span>
    </p>
   </div>
   <div class='ocr_carea' id='block_1_50' title="bbox 166 5258 1731 5329">
    <p class='ocr_par' dir='ltr' id='par_1_50' title="bbox 166 5258 1731 5329">
     <span class='ocr_line' id='line_1_51' title="bbox 166 5258 1731 5329; baseline 0.001 -15"><span class='ocrx_word' id='word_1_299' title='bbox 166 5259 230 5314; x_wconf 84' lang='lat' dir='ltr'><strong>S.</strong></span> <span class='ocrx_word' id='word_1_300' title='bbox 258 5259 484 5313; x_wconf 72' lang='lat' dir='ltr'><strong>Maximi</strong></span> <span class='ocrx_word' id='word_1_301' title='bbox 514 5258 849 5325; x_wconf 86' lang='lat' dir='ltr'><strong>Scholiis,‘et</strong></span> <span class='ocrx_word' id='word_1_302' title='bbox 871 5260 1216 5328; x_wconf 81' lang='lat' dir='ltr'><strong>Puchymera:</strong></span> <span class='ocrx_word' id='word_1_303' title='bbox 1245 5259 1596 5329; x_wconf 77' lang='lat' dir='ltr'><strong>Par&#39;aphrasi,</strong></span> <span class='ocrx_word' id='word_1_304' title='bbox 1635 5277 1731 5316; x_wconf 83' lang='lat' dir='ltr'><strong>eo-</strong></span> 
     </span>
    </p>
   </div>
   <div class='ocr_carea' id='block_1_51' title="bbox 165 5353 1741 5426">
    <p class='ocr_par' dir='ltr' id='par_1_51' title="bbox 165 5353 1741 5426">
     <span class='ocr_line' id='line_1_52' title="bbox 165 5353 1741 5426; baseline 0.002 -18"><span class='ocrx_word' id='word_1_305' title='bbox 165 5355 287 5409; x_wconf 86' lang='lat' dir='ltr'><strong>dem</strong></span> <span class='ocrx_word' id='word_1_306' title='bbox 313 5354 579 5408; x_wconf 78' lang='lat' dir='ltr'><strong>Corderio</strong></span> <span class='ocrx_word' id='word_1_307' title='bbox 611 5353 930 5422; x_wconf 85' lang='lat' dir='ltr'><strong>interprete.</strong></span> <span class='ocrx_word' id='word_1_308' title='bbox 966 5355 1210 5426; x_wconf 83' lang='lat' dir='ltr'><strong>Dionysii</strong></span> <span class='ocrx_word' id='word_1_309' title='bbox 1235 5356 1473 5424; x_wconf 71' lang='lat' dir='ltr'><strong>epistola:</strong></span> <span class='ocrx_word' id='word_1_310' title='bbox 1497 5372 1741 5426; x_wconf 85' lang='lat' dir='ltr'><strong>sequun-</strong></span> 
     </span>
    </p>
   </div>
   <div class='ocr_carea' id='block_1_52' title="bbox 167 5451 1738 5522">
    <p class='ocr_par' dir='ltr' id='par_1_52' title="bbox 167 5451 1738 5522">
     <span class='ocr_line' id='line_1_53' title="bbox 167 5451 1738 5522; baseline 0.004 -20"><span class='ocrx_word' id='word_1_311' title='bbox 167 5459 273 5512; x_wconf 82' lang='lat' dir='ltr'><strong>tur,</strong></span> <span class='ocrx_word' id='word_1_312' title='bbox 303 5464 423 5517; x_wconf 64' lang='lat' dir='ltr'><strong>quin</strong></span> <span class='ocrx_word' id='word_1_313' title='bbox 446 5451 634 5502; x_wconf 86' lang='lat' dir='ltr'><strong>decem</strong></span> <span class='ocrx_word' id='word_1_314' title='bbox 662 5457 814 5508; x_wconf 77' lang='lat' dir='ltr'><strong>sunt.</strong></span> <span class='ocrx_word' id='word_1_315' title='bbox 838 5464 901 5504; x_wconf 87' lang='lat' dir='ltr'><strong>ea</strong></span> <span class='ocrx_word' id='word_1_316' title='bbox 926 5451 1128 5520; x_wconf 79' lang='lat' dir='ltr'><strong>rejec1a</strong></span> <span class='ocrx_word' id='word_1_317' title='bbox 1165 5466 1286 5514; x_wconf 73' lang='lat' dir='ltr'><strong>qua:</strong></span> <span class='ocrx_word' id='word_1_318' title='bbox 1323 5453 1388 5506; x_wconf 87' lang='lat' dir='ltr'><strong>ad</strong></span> <span class='ocrx_word' id='word_1_319' title='bbox 1415 5454 1738 5522; x_wconf 77' lang='lat' dir='ltr'><strong>Apollopha-</strong></span> 
     </span>
    </p>
   </div>
   <div class='ocr_carea' id='block_1_53' title="bbox 168 5541 1739 5610">
    <p class='ocr_par' dir='ltr' id='par_1_53' title="bbox 168 5541 1739 5610">
     <span class='ocr_line' id='line_1_54' title="bbox 168 5541 1739 5610; baseline 0.003 -18"><span class='ocrx_word' id='word_1_320' title='bbox 168 5555 280 5592; x_wconf 76' lang='lat' dir='ltr'><strong>nem</strong></span> <span class='ocrx_word' id='word_1_321' title='bbox 334 5541 706 5610; x_wconf 80' lang='lat' dir='ltr'><strong>philosophum</strong></span> <span class='ocrx_word' id='word_1_322' title='bbox 761 5542 1101 5606; x_wconf 83' lang='lat' dir='ltr'><strong>inscribitur,</strong></span> <span class='ocrx_word' id='word_1_323' title='bbox 1148 5542 1472 5599; x_wconf 84' lang='lat' dir='ltr'><strong>certissimis</strong></span> <span class='ocrx_word' id='word_1_324' title='bbox 1522 5543 1739 5608; x_wconf 75' lang='grc' dir='ltr'><strong>νοθείας</strong></span> 
     </span>
    </p>
   </div>
   <div class='ocr_carea' id='block_1_54' title="bbox 1775 1525 3426 1602">
    <p class='ocr_par' dir='ltr' id='par_1_54' title="bbox 1775 1525 3426 1602">
     <span class='ocr_line' id='line_1_55' title="bbox 1775 1525 3426 1602; baseline -0.001 -20"><span class='ocrx_word' id='word_1_325' title='bbox 1775 1540 1820 1596; x_wconf 76' lang='grc' dir='ltr'>Α</span> <span class='ocrx_word' id='word_1_326' title='bbox 1851 1529 2187 1602; x_wconf 71' lang='lat' dir='ltr'><strong>argumentis</strong></span> <span class='ocrx_word' id='word_1_327' title='bbox 2215 1531 2468 1583; x_wconf 76' lang='lat' dir='ltr'><strong>damnata</strong></span> <span class='ocrx_word' id='word_1_328' title='bbox 2494 1547 2506 1583; x_wconf 94' lang='lat'>:</span> <span class='ocrx_word' id='word_1_329' title='bbox 2529 1543 2735 1598; x_wconf 86' lang='lat' dir='ltr'><strong>easque</strong></span> <span class='ocrx_word' id='word_1_330' title='bbox 2758 1529 3002 1599; x_wconf 83' lang='lat' dir='ltr'><strong>subjecta</strong></span> <span class='ocrx_word' id='word_1_331' title='bbox 3036 1537 3230 1583; x_wconf 86' lang='lat' dir='ltr'><strong>ornant</strong></span> <span class='ocrx_word' id='word_1_332' title='bbox 3260 1525 3426 1582; x_wconf 86' lang='lat' dir='ltr'><strong>Scho-</strong></span> 
     </span>
    </p>
   </div>
   <div class='ocr_carea' id='block_1_55' title="bbox 1851 1621 3429 1697">
    <p class='ocr_par' dir='ltr' id='par_1_55' title="bbox 1851 1621 3429 1697">
     <span class='ocr_line' id='line_1_56' title="bbox 1851 1621 3429 1697; baseline -0.003 -18"><span class='ocrx_word' id='word_1_333' title='bbox 1851 1627 1923 1679; x_wconf 85' lang='lat' dir='ltr'><strong>lia</strong></span> <span class='ocrx_word' id='word_1_334' title='bbox 1962 1625 2211 1691; x_wconf 77' lang='lat' dir='ltr'><strong>Maximi,</strong></span> <span class='ocrx_word' id='word_1_335' title='bbox 2272 1625 2617 1697; x_wconf 78' lang='lat' dir='ltr'><strong>Pachymera:</strong></span> <span class='ocrx_word' id='word_1_336' title='bbox 2669 1623 3054 1691; x_wconf 84' lang='lat' dir='ltr'><strong>Paraphrasis,</strong></span> <span class='ocrx_word' id='word_1_337' title='bbox 3093 1634 3149 1678; x_wconf 90' lang='lat' dir='ltr'><strong>et</strong></span> <span class='ocrx_word' id='word_1_338' title='bbox 3185 1621 3429 1678; x_wconf 82' lang='lat' dir='ltr'><strong>Corderii</strong></span> 
     </span>
    </p>
   </div>
   <div class='ocr_carea' id='block_1_56' title="bbox 1849 1715 3427 1786">
    <p class='ocr_par' dir='ltr' id='par_1_56' title="bbox 1849 1715 3427 1786">
     <span class='ocr_line' id='line_1_57' title="bbox 1849 1715 3427 1786; baseline -0.003 -14"><span class='ocrx_word' id='word_1_339' title='bbox 1849 1719 2250 1784; x_wconf 83' lang='lat' dir='ltr'><strong>Adnotationes,</strong></span> <span class='ocrx_word' id='word_1_340' title='bbox 2285 1728 2338 1774; x_wconf 90' lang='lat' dir='ltr'><strong>et</strong></span> <span class='ocrx_word' id='word_1_341' title='bbox 2368 1718 2569 1774; x_wconf 78' lang='lat' dir='ltr'><strong>Latiare</strong></span> <span class='ocrx_word' id='word_1_342' title='bbox 2593 1719 3081 1786; x_wconf 79' lang='lat' dir='ltr'><strong>interpretationes.</strong></span> <span class='ocrx_word' id='word_1_343' title='bbox 3111 1715 3303 1772; x_wconf 78' lang='lat' dir='ltr'><strong>Molem</strong></span> <span class='ocrx_word' id='word_1_344' title='bbox 3333 1729 3427 1768; x_wconf 80' lang='lat' dir='ltr'><strong>vo-</strong></span> 
     </span>
    </p>
   </div>
   <div class='ocr_carea' id='block_1_57' title="bbox 1848 1808 3421 1881">
    <p class='ocr_par' dir='ltr' id='par_1_57' title="bbox 1848 1808 3421 1881">
     <span class='ocr_line' id='line_1_58' title="bbox 1848 1808 3421 1881; baseline 0 -19"><span class='ocrx_word' id='word_1_345' title='bbox 1848 1808 2068 1864; x_wconf 89' lang='lat' dir='ltr'><strong>luminis</strong></span> <span class='ocrx_word' id='word_1_346' title='bbox 2132 1821 2332 1881; x_wconf 79' lang='lat' dir='ltr'><strong>augent</strong></span> <span class='ocrx_word' id='word_1_347' title='bbox 2384 1812 2642 1880; x_wconf 85' lang='lat' dir='ltr'><strong>opuscula</strong></span> <span class='ocrx_word' id='word_1_348' title='bbox 2702 1811 2880 1880; x_wconf 83' lang='lat' dir='ltr'><strong>plura,</strong></span> <span class='ocrx_word' id='word_1_349' title='bbox 2927 1827 3050 1880; x_wconf 66' lang='lat' dir='ltr'><strong>quae</strong></span> <span class='ocrx_word' id='word_1_350' title='bbox 3099 1819 3421 1878; x_wconf 87' lang='lat' dir='ltr'><strong>sequuntur.</strong></span> 
     </span>
    </p>
   </div>
   <div class='ocr_carea' id='block_1_58' title="bbox 1847 1901 3423 1976">
    <p class='ocr_par' dir='ltr' id='par_1_58' title="bbox 1847 1901 3423 1976">
     <span class='ocr_line' id='line_1_59' title="bbox 1847 1901 3423 1976; baseline -0.001 -18"><span class='ocrx_word' id='word_1_351' title='bbox 1847 1903 1888 1960; x_wconf 93' lang='lat' dir='ltr'><strong>I.</strong></span> <span class='ocrx_word' id='word_1_352' title='bbox 1927 1903 2040 1957; x_wconf 75' lang='lat' dir='ltr'><strong>Vita</strong></span> <span class='ocrx_word' id='word_1_353' title='bbox 2062 1913 2112 1957; x_wconf 91' lang='lat' dir='ltr'><strong>et</strong></span> <span class='ocrx_word' id='word_1_354' title='bbox 2133 1901 2444 1958; x_wconf 83' lang='lat' dir='ltr'><strong>Encomium</strong></span> <span class='ocrx_word' id='word_1_355' title='bbox 2471 1905 2711 1976; x_wconf 74' lang='lat' dir='ltr'><strong>Dionysii</strong></span> <span class='ocrx_word' id='word_1_356' title='bbox 2735 1906 2774 1958; x_wconf 77' lang='grc' dir='ltr'><em>Α</em></span> <span class='ocrx_word' id='word_1_357' title='bbox 2786 1905 3068 1974; x_wconf 79' lang='lat' dir='ltr'><strong>reopagitte</strong></span> <span class='ocrx_word' id='word_1_358' title='bbox 3093 1921 3157 1958; x_wconf 73' lang='lat' dir='ltr'><strong>ex</strong></span> <span class='ocrx_word' id='word_1_359' title='bbox 3184 1901 3423 1968; x_wconf 72' lang='lat' dir='ltr'><strong>Mena&#39;is,</strong></span> 
     </span>
    </p>
   </div>
   <div class='ocr_carea' id='block_1_59' title="bbox 1846 1995 3424 2068">
    <p class='ocr_par' dir='ltr' id='par_1_59' title="bbox 1846 1995 3424 2068">
     <span class='ocr_line' id='line_1_60' title="bbox 1846 1995 3424 2068; baseline 0.001 -17"><span class='ocrx_word' id='word_1_360' title='bbox 1846 1999 2131 2068; x_wconf 79' lang='lat' dir='ltr'><strong>interprete</strong></span> <span class='ocrx_word' id='word_1_361' title='bbox 2197 1995 2356 2052; x_wconf 80' lang='lat' dir='ltr'><strong>Petro</strong></span> <span class='ocrx_word' id='word_1_362' title='bbox 2418 1995 2644 2052; x_wconf 81' lang='lat' dir='ltr'><strong>Halloia:</strong></span> <span class='ocrx_word' id='word_1_363' title='bbox 2702 1998 2825 2054; x_wconf 90' lang='lat' dir='ltr'><strong>Soc.</strong></span> <span class='ocrx_word' id='word_1_364' title='bbox 2879 1999 3028 2053; x_wconf 81' lang='lat' dir='ltr'><strong>Jesn.</strong></span> <span class='ocrx_word' id='word_1_365' title='bbox 3063 1998 3128 2051; x_wconf 91' lang='lat' dir='ltr'><strong>II.</strong></span> <span class='ocrx_word' id='word_1_366' title='bbox 3164 1997 3424 2054; x_wconf 86' lang='lat' dir='ltr'><strong>Simeonis</strong></span> 
     </span>
    </p>
   </div>
   <div class='ocr_carea' id='block_1_60' title="bbox 1848 2090 3422 2162">
    <p class='ocr_par' dir='ltr' id='par_1_60' title="bbox 1848 2090 3422 2162">
     <span class='ocr_line' id='line_1_61' title="bbox 1848 2090 3422 2162; baseline -0.003 -12"><span class='ocrx_word' id='word_1_367' title='bbox 1848 2094 2226 2158; x_wconf 78' lang='lat' dir='ltr'><strong>Metaphrasta:</strong></span> <span class='ocrx_word' id='word_1_368' title='bbox 2261 2091 2383 2146; x_wconf 82' lang='lat' dir='ltr'><strong>Vita</strong></span> <span class='ocrx_word' id='word_1_369' title='bbox 2416 2104 2462 2146; x_wconf 90' lang='lat' dir='ltr'><strong>et</strong></span> <span class='ocrx_word' id='word_1_370' title='bbox 2507 2092 2852 2148; x_wconf 76' lang='lat' dir='ltr'><strong>Cont&#39;eisntio</strong></span> <span class='ocrx_word' id='word_1_371' title='bbox 2889 2091 2950 2147; x_wconf 91' lang='lat' dir='ltr'><strong>S.</strong></span> <span class='ocrx_word' id='word_1_372' title='bbox 2985 2090 3225 2162; x_wconf 73' lang='lat' dir='ltr'><strong>Dionysii</strong></span> <span class='ocrx_word' id='word_1_373' title='bbox 3259 2098 3422 2146; x_wconf 75' lang='lat' dir='ltr'><strong>Areo-</strong></span> 
     </span>
    </p>
   </div>
   <div class='ocr_carea' id='block_1_61' title="bbox 1846 2181 3423 2258">
    <p class='ocr_par' dir='ltr' id='par_1_61' title="bbox 1846 2181 3423 2258">
     <span class='ocr_line' id='line_1_62' title="bbox 1846 2181 3423 2258; baseline -0.001 -18"><span class='ocrx_word' id='word_1_374' title='bbox 1846 2189 2064 2258; x_wconf 80' lang='lat' dir='ltr'><strong>pagitw,</strong></span> <span class='ocrx_word' id='word_1_375' title='bbox 2089 2188 2154 2240; x_wconf 87' lang='lat' dir='ltr'><strong>ab</strong></span> <span class='ocrx_word' id='word_1_376' title='bbox 2201 2188 2400 2240; x_wconf 85' lang='lat' dir='ltr'><strong>incerto</strong></span> <span class='ocrx_word' id='word_1_377' title='bbox 2434 2187 2715 2255; x_wconf 86' lang='lat' dir='ltr'><strong>interprete</strong></span> <span class='ocrx_word' id='word_1_378' title='bbox 2742 2181 3030 2239; x_wconf 82' lang='lat' dir='ltr'><strong>Latinitate</strong></span> <span class='ocrx_word' id='word_1_379' title='bbox 3057 2187 3277 2252; x_wconf 88' lang='lat' dir='ltr'><strong>donata,</strong></span> <span class='ocrx_word' id='word_1_380' title='bbox 3313 2198 3359 2240; x_wconf 91' lang='lat' dir='ltr'><strong>et</strong></span> <span class='ocrx_word' id='word_1_381' title='bbox 3392 2203 3423 2238; x_wconf 90' lang='lat' dir='ltr'><strong>a</strong></span> 
     </span>
    </p>
   </div>
   <div class='ocr_carea' id='block_1_62' title="bbox 1846 2278 3422 2349">
    <p class='ocr_par' dir='ltr' id='par_1_62' title="bbox 1846 2278 3422 2349">
     <span class='ocr_line' id='line_1_63' title="bbox 1846 2278 3422 2349; baseline -0.002 -14"><span class='ocrx_word' id='word_1_382' title='bbox 1846 2281 2101 2335; x_wconf 84' lang='lat' dir='ltr'><strong>Corderio</strong></span> <span class='ocrx_word' id='word_1_383' title='bbox 2134 2281 2413 2336; x_wconf 88' lang='lat' dir='ltr'><strong>recensita.</strong></span> <span class='ocrx_word' id='word_1_384' title='bbox 2451 2278 2538 2334; x_wconf 93' lang='lat' dir='ltr'><strong>III.</strong></span> <span class='ocrx_word' id='word_1_385' title='bbox 2600 2279 2673 2333; x_wconf 88' lang='lat' dir='ltr'><strong>De</strong></span> <span class='ocrx_word' id='word_1_386' title='bbox 2704 2278 2961 2349; x_wconf 82' lang='lat' dir='ltr'><strong>Dionysio</strong></span> <span class='ocrx_word' id='word_1_387' title='bbox 3012 2280 3326 2347; x_wconf 73' lang='lat' dir='ltr'><strong>Areopagita</strong></span> <span class='ocrx_word' id='word_1_388' title='bbox 3358 2295 3422 2332; x_wconf 80' lang='lat' dir='ltr'><strong>ea:</strong></span> 
     </span>
    </p>
   </div>
   <div class='ocr_carea' id='block_1_63' title="bbox 1846 2369 3420 2443">
    <p class='ocr_par' dir='ltr' id='par_1_63' title="bbox 1846 2369 3420 2443">
     <span class='ocr_line' id='line_1_64' title="bbox 1846 2369 3420 2443; baseline -0.004 -13"><span class='ocrx_word' id='word_1_389' title='bbox 1846 2376 2040 2439; x_wconf 83' lang='lat' dir='ltr'><strong>Suida,</strong></span> <span class='ocrx_word' id='word_1_390' title='bbox 2063 2377 2339 2443; x_wconf 83' lang='lat' dir='ltr'><strong>interprete</strong></span> <span class='ocrx_word' id='word_1_391' title='bbox 2366 2373 2524 2427; x_wconf 85' lang='lat' dir='ltr'><strong>Petro</strong></span> <span class='ocrx_word' id='word_1_392' title='bbox 2543 2369 2819 2426; x_wconf 86' lang='lat' dir='ltr'><strong>Lansselio</strong></span> <span class='ocrx_word' id='word_1_393' title='bbox 2843 2371 2964 2426; x_wconf 87' lang='lat' dir='ltr'><strong>Soc.</strong></span> <span class='ocrx_word' id='word_1_394' title='bbox 2995 2371 3144 2428; x_wconf 82' lang='lat' dir='ltr'><strong>Jesu.</strong></span> <span class='ocrx_word' id='word_1_395' title='bbox 3177 2369 3266 2426; x_wconf 94' lang='lat' dir='ltr'><strong>IV.</strong></span> <span class='ocrx_word' id='word_1_396' title='bbox 3301 2369 3420 2425; x_wconf 83' lang='lat' dir='ltr'><strong>Vita</strong></span> 
     </span>
    </p>
   </div>
   <div class='ocr_carea' id='block_1_64' title="bbox 1845 2463 3418 2540">
    <p class='ocr_par' dir='ltr' id='par_1_64' title="bbox 1845 2463 3418 2540">
     <span class='ocr_line' id='line_1_65' title="bbox 1845 2463 3418 2540; baseline -0.003 -18"><span class='ocrx_word' id='word_1_397' title='bbox 1845 2471 2179 2540; x_wconf 74' lang='lat' dir='ltr'><strong>Areopagitte</strong></span> <span class='ocrx_word' id='word_1_398' title='bbox 2217 2485 2280 2522; x_wconf 78' lang='lat' dir='ltr'><strong>ea:</strong></span> <span class='ocrx_word' id='word_1_399' title='bbox 2313 2467 2466 2520; x_wconf 87' lang='lat' dir='ltr'><strong>Libro</strong></span> <span class='ocrx_word' id='word_1_400' title='bbox 2513 2469 2741 2520; x_wconf 86' lang='lat' dir='ltr'><strong>secundo</strong></span> <span class='ocrx_word' id='word_1_401' title='bbox 2798 2468 3104 2540; x_wconf 77' lang='lat' dir='ltr'><strong>Nicephori,</strong></span> <span class='ocrx_word' id='word_1_402' title='bbox 3141 2463 3320 2518; x_wconf 67' lang='lat' dir='ltr'><strong>Greece</strong></span> <span class='ocrx_word' id='word_1_403' title='bbox 3372 2478 3418 2518; x_wconf 85' lang='lat' dir='ltr'><strong>et</strong></span> 
     </span>
    </p>
   </div>
   <div class='ocr_carea' id='block_1_65' title="bbox 1843 2540 3421 2629">
    <p class='ocr_par' dir='ltr' id='par_1_65' title="bbox 1843 2540 3421 2629">
     <span class='ocr_line' id='line_1_66' title="bbox 1843 2540 3421 2629; baseline -0.003 -11"><span class='ocrx_word' id='word_1_404' title='bbox 1843 2563 2030 2618; x_wconf 78' lang='lat' dir='ltr'><strong>Latine</strong></span> <span class='ocrx_word' id='word_1_405' title='bbox 2061 2563 2125 2616; x_wconf 87' lang='lat' dir='ltr'><strong>ab</strong></span> <span class='ocrx_word' id='word_1_406' title='bbox 2159 2567 2341 2616; x_wconf 80' lang='lat' dir='ltr'><strong>eodem</strong></span> <span class='ocrx_word' id='word_1_407' title='bbox 2381 2561 2654 2616; x_wconf 86' lang='lat' dir='ltr'><strong>Lansselio</strong></span> <span class='ocrx_word' id='word_1_408' title='bbox 2686 2540 2846 2615; x_wconf 79' lang='lat' dir='ltr'><strong>edita.</strong></span> <span class='ocrx_word' id='word_1_409' title='bbox 2882 2559 2944 2614; x_wconf 88' lang='lat' dir='ltr'><strong>V.</strong></span> <span class='ocrx_word' id='word_1_410' title='bbox 2981 2559 3252 2614; x_wconf 75' lang='lat' dir='ltr'><strong>Michaelis</strong></span> <span class='ocrx_word' id='word_1_411' title='bbox 3281 2557 3421 2629; x_wconf 83' lang='lat' dir='ltr'><strong>Syn-</strong></span> 
     </span>
    </p>
   </div>
   <div class='ocr_carea' id='block_1_66' title="bbox 1842 2651 3421 2728">
    <p class='ocr_par' dir='ltr' id='par_1_66' title="bbox 1842 2651 3421 2728">
     <span class='ocr_line' id='line_1_67' title="bbox 1842 2651 3421 2728; baseline -0.003 -18"><span class='ocrx_word' id='word_1_412' title='bbox 1842 2658 1941 2728; x_wconf 90' lang='lat' dir='ltr'><strong>geli</strong></span> <span class='ocrx_word' id='word_1_413' title='bbox 1975 2656 2283 2710; x_wconf 86' lang='lat' dir='ltr'><strong>Encomium</strong></span> <span class='ocrx_word' id='word_1_414' title='bbox 2317 2654 2368 2709; x_wconf 89' lang='lat' dir='ltr'><strong>in</strong></span> <span class='ocrx_word' id='word_1_415' title='bbox 2405 2655 2464 2710; x_wconf 89' lang='lat' dir='ltr'><strong>S.</strong></span> <span class='ocrx_word' id='word_1_416' title='bbox 2505 2655 2842 2725; x_wconf 80' lang='lat' dir='ltr'><strong>Dionysium,</strong></span> <span class='ocrx_word' id='word_1_417' title='bbox 2881 2654 3166 2720; x_wconf 86' lang='lat' dir='ltr'><strong>interprete</strong></span> <span class='ocrx_word' id='word_1_418' title='bbox 3219 2651 3421 2706; x_wconf 86' lang='lat' dir='ltr'><strong>Basilio</strong></span> 
     </span>
    </p>
   </div>
   <div class='ocr_carea' id='block_1_67' title="bbox 1843 2732 3421 2815">
    <p class='ocr_par' dir='ltr' id='par_1_67' title="bbox 1843 2732 3421 2815">
     <span class='ocr_line' id='line_1_68' title="bbox 1843 2732 3421 2815; baseline -0.004 -12"><span class='ocrx_word' id='word_1_419' title='bbox 1843 2748 2114 2812; x_wconf 81' lang='lat' dir='ltr'><strong>Mil/auio,</strong></span> <span class='ocrx_word' id='word_1_420' title='bbox 2173 2761 2217 2802; x_wconf 92' lang='lat' dir='ltr'><strong>et</strong></span> <span class='ocrx_word' id='word_1_421' title='bbox 2263 2767 2293 2801; x_wconf 95' lang='lat' dir='ltr'><strong>a</strong></span> <span class='ocrx_word' id='word_1_422' title='bbox 2344 2746 2501 2802; x_wconf 83' lang='lat' dir='ltr'><strong>Petro</strong></span> <span class='ocrx_word' id='word_1_423' title='bbox 2554 2745 2828 2801; x_wconf 87' lang='lat' dir='ltr'><strong>Lansselio</strong></span> <span class='ocrx_word' id='word_1_424' title='bbox 2883 2732 3125 2815; x_wconf 81' lang='lat' dir='ltr'><strong>pluribus</strong></span> <span class='ocrx_word' id='word_1_425' title='bbox 3175 2746 3229 2797; x_wconf 88' lang='lat' dir='ltr'><strong>in</strong></span> <span class='ocrx_word' id='word_1_426' title='bbox 3287 2743 3421 2797; x_wconf 84' lang='lat' dir='ltr'><strong>locis</strong></span> 
     </span>
    </p>
   </div>
   <div class='ocr_carea' id='block_1_68' title="bbox 1843 2836 3420 2912">
    <p class='ocr_par' dir='ltr' id='par_1_68' title="bbox 1843 2836 3420 2912">
     <span class='ocr_line' id='line_1_69' title="bbox 1843 2836 3420 2912; baseline -0.004 -16"><span class='ocrx_word' id='word_1_427' title='bbox 1843 2843 2183 2912; x_wconf 85' lang='lat' dir='ltr'><strong>castigatum.</strong></span> <span class='ocrx_word' id='word_1_428' title='bbox 2229 2839 2312 2895; x_wconf 90' lang='lat' dir='ltr'><strong>VI.</strong></span> <span class='ocrx_word' id='word_1_429' title='bbox 2348 2839 2670 2911; x_wconf 74' lang='lat' dir='ltr'><strong>Martyrium</strong></span> <span class='ocrx_word' id='word_1_430' title='bbox 2710 2838 2768 2895; x_wconf 86' lang='lat' dir='ltr'><strong>S.</strong></span> <span class='ocrx_word' id='word_1_431' title='bbox 2806 2838 3050 2908; x_wconf 78' lang='lat' dir='ltr'><strong>Dionysii</strong></span> <span class='ocrx_word' id='word_1_432' title='bbox 3084 2836 3420 2907; x_wconf 82' lang='lat' dir='ltr'><strong>Areopagita:</strong></span> 
     </span>
    </p>
   </div>
   <div class='ocr_carea' id='block_1_69' title="bbox 1843 2929 3418 3004">
    <p class='ocr_par' dir='ltr' id='par_1_69' title="bbox 1843 2929 3418 3004">
     <span class='ocr_line' id='line_1_70' title="bbox 1843 2929 3418 3004; baseline -0.005 -17"><span class='ocrx_word' id='word_1_433' title='bbox 1843 2952 1935 3004; x_wconf 88' lang='lat' dir='ltr'><strong>per</strong></span> <span class='ocrx_word' id='word_1_434' title='bbox 1988 2934 2336 2999; x_wconf 88' lang='lat' dir='ltr'><strong>Methodium,</strong></span> <span class='ocrx_word' id='word_1_435' title='bbox 2391 2935 2485 2995; x_wconf 82' lang='lat' dir='ltr'><strong>vel.</strong></span> <span class='ocrx_word' id='word_1_436' title='bbox 2539 2943 2595 2986; x_wconf 86' lang='lat' dir='ltr'><strong>ut</strong></span> <span class='ocrx_word' id='word_1_437' title='bbox 2642 2933 2756 2999; x_wconf 85' lang='lat' dir='ltr'><strong>alii,</strong></span> <span class='ocrx_word' id='word_1_438' title='bbox 2806 2930 3193 2995; x_wconf 83' lang='lat' dir='ltr'><strong>Metrodorum,</strong></span> <span class='ocrx_word' id='word_1_439' title='bbox 3249 2929 3418 2982; x_wconf 87' lang='lat' dir='ltr'><strong>inter-</strong></span> 
     </span>
    </p>
   </div>
   <div class='ocr_carea' id='block_1_70' title="bbox 1843 3020 3420 3096">
    <p class='ocr_par' dir='ltr' id='par_1_70' title="bbox 1843 3020 3420 3096">
     <span class='ocr_line' id='line_1_71' title="bbox 1843 3020 3420 3096; baseline -0.003 -16"><span class='ocrx_word' id='word_1_440' title='bbox 1843 3039 1986 3096; x_wconf 86' lang='lat' dir='ltr'><strong>prete</strong></span> <span class='ocrx_word' id='word_1_441' title='bbox 2035 3025 2329 3080; x_wconf 84' lang='lat' dir='ltr'><strong>Lnnsselio.</strong></span> <span class='ocrx_word' id='word_1_442' title='bbox 2387 3024 2494 3080; x_wconf 87' lang='lat' dir='ltr'><strong>VII.</strong></span> <span class='ocrx_word' id='word_1_443' title='bbox 2560 3024 2674 3080; x_wconf 84' lang='lat' dir='ltr'><strong>I’ita</strong></span> <span class='ocrx_word' id='word_1_444' title='bbox 2721 3027 2957 3095; x_wconf 78' lang='lat' dir='ltr'><strong>ejusdem</strong></span> <span class='ocrx_word' id='word_1_445' title='bbox 2989 3041 3079 3088; x_wconf 88' lang='lat' dir='ltr'><strong>per</strong></span> <span class='ocrx_word' id='word_1_446' title='bbox 3130 3022 3190 3076; x_wconf 81' lang='lat' dir='ltr'><strong>Il.</strong></span> <span class='ocrx_word' id='word_1_447' title='bbox 3222 3022 3286 3076; x_wconf 84' lang='grc' dir='ltr'><strong>Ρ.</strong></span> <span class='ocrx_word' id='word_1_448' title='bbox 3324 3020 3420 3076; x_wconf 80' lang='lat' dir='ltr'><strong>Ps-</strong></span> 
     </span>
    </p>
   </div>
   <div class='ocr_carea' id='block_1_71' title="bbox 1843 3116 3418 3197">
    <p class='ocr_par' dir='ltr' id='par_1_71' title="bbox 1843 3116 3418 3197">
     <span class='ocr_line' id='line_1_72' title="bbox 1843 3116 3418 3197; baseline -0.004 -23"><span class='ocrx_word' id='word_1_449' title='bbox 1843 3132 1982 3175; x_wconf 90' lang='lat' dir='ltr'><strong>trum</strong></span> <span class='ocrx_word' id='word_1_450' title='bbox 2019 3120 2238 3174; x_wconf 75' lang='lat' dir='ltr'><strong>Ilalloix</strong></span> <span class='ocrx_word' id='word_1_451' title='bbox 2265 3120 2335 3197; x_wconf 30' lang='lat' dir='ltr'><strong>S.‘</strong></span> <span class='ocrx_word' id='word_1_452' title='bbox 2357 3119 2410 3172; x_wconf 84' lang='lat' dir='ltr'><strong>J.</strong></span> <span class='ocrx_word' id='word_1_453' title='bbox 2443 3121 2784 3182; x_wconf 83' lang='lat' dir='ltr'><strong>concinnata,</strong></span> <span class='ocrx_word' id='word_1_454' title='bbox 2812 3120 3151 3188; x_wconf 81' lang='lat' dir='ltr'><strong>ejusdemque</strong></span> <span class='ocrx_word' id='word_1_455' title='bbox 3184 3116 3418 3168; x_wconf 86' lang='lat' dir='ltr'><strong>notatio-</strong></span> 
     </span>
    </p>
   </div>
   <div class='ocr_carea' id='block_1_72' title="bbox 1844 3207 3417 3270">
    <p class='ocr_par' dir='ltr' id='par_1_72' title="bbox 1844 3207 3417 3270">
     <span class='ocr_line' id='line_1_73' title="bbox 1844 3207 3417 3270; baseline -0.005 -2"><span class='ocrx_word' id='word_1_456' title='bbox 1844 3217 1998 3270; x_wconf 85' lang='lat' dir='ltr'><strong>nibus</strong></span> <span class='ocrx_word' id='word_1_457' title='bbox 2030 3215 2322 3268; x_wconf 85' lang='lat' dir='ltr'><strong>illustratu.</strong></span> <span class='ocrx_word' id='word_1_458' title='bbox 2359 3211 2496 3267; x_wconf 90' lang='lat' dir='ltr'><strong>VIII.</strong></span> <span class='ocrx_word' id='word_1_459' title='bbox 2536 3210 2768 3265; x_wconf 86' lang='lat' dir='ltr'><strong>Laudati</strong></span> <span class='ocrx_word' id='word_1_460' title='bbox 2802 3211 3069 3264; x_wconf 68' lang='lat' dir='ltr'><strong>Ilalloixii</strong></span> <span class='ocrx_word' id='word_1_461' title='bbox 3102 3213 3165 3263; x_wconf 85' lang='lat' dir='ltr'><strong>de</strong></span> <span class='ocrx_word' id='word_1_462' title='bbox 3196 3207 3255 3263; x_wconf 86' lang='lat' dir='ltr'><strong>S.</strong></span> <span class='ocrx_word' id='word_1_463' title='bbox 3285 3207 3417 3261; x_wconf 85' lang='lat' dir='ltr'><strong>Dio-</strong></span> 
     </span>
    </p>
   </div>
   <div class='ocr_carea' id='block_1_73' title="bbox 1843 3303 3440 3380">
    <p class='ocr_par' dir='ltr' id='par_1_73' title="bbox 1843 3303 3440 3380">
     <span class='ocr_line' id='line_1_74' title="bbox 1843 3303 3440 3380; baseline -0.006 -18"><span class='ocrx_word' id='word_1_464' title='bbox 1843 3311 1980 3380; x_wconf 82' lang='lat' dir='ltr'><strong>nysii</strong></span> <span class='ocrx_word' id='word_1_465' title='bbox 2030 3311 2356 3379; x_wconf 73' lang='lat' dir='ltr'><strong>AreOpagita:</strong></span> <span class='ocrx_word' id='word_1_466' title='bbox 2396 3305 2517 3360; x_wconf 85' lang='lat' dir='ltr'><strong>Vita</strong></span> <span class='ocrx_word' id='word_1_467' title='bbox 2547 3317 2592 3360; x_wconf 88' lang='lat' dir='ltr'><strong>et</strong></span> <span class='ocrx_word' id='word_1_468' title='bbox 2628 3305 2886 3372; x_wconf 84' lang='lat' dir='ltr'><strong>Operibus</strong></span> <span class='ocrx_word' id='word_1_469' title='bbox 2923 3303 3254 3369; x_wconf 73' lang='lat' dir='ltr'><strong>Qua&#39;stiones</strong></span> <span class='ocrx_word' id='word_1_470' title='bbox 3286 3318 3440 3373; x_wconf 68' lang='grc' dir='ltr'><strong>(με-ι</strong></span> 
     </span>
    </p>
   </div>
   <div class='ocr_carea' id='block_1_74' title="bbox 1841 3397 3414 3471">
    <p class='ocr_par' dir='ltr' id='par_1_74' title="bbox 1841 3397 3414 3471">
     <span class='ocr_line' id='line_1_75' title="bbox 1841 3397 3414 3471; baseline -0.003 -14"><span class='ocrx_word' id='word_1_471' title='bbox 1841 3416 1980 3457; x_wconf 89' lang='lat' dir='ltr'><strong>tuor.</strong></span> <span class='ocrx_word' id='word_1_472' title='bbox 2015 3401 2104 3458; x_wconf 80' lang='lat' dir='ltr'><strong>IX.</strong></span> <span class='ocrx_word' id='word_1_473' title='bbox 2132 3404 2454 3471; x_wconf 82' lang='lat' dir='ltr'><strong>Argumenta</strong></span> <span class='ocrx_word' id='word_1_474' title='bbox 2485 3412 2529 3453; x_wconf 90' lang='lat' dir='ltr'><strong>et</strong></span> <span class='ocrx_word' id='word_1_475' title='bbox 2566 3400 2888 3454; x_wconf 83' lang='lat' dir='ltr'><strong>Testimonia</strong></span> <span class='ocrx_word' id='word_1_476' title='bbox 2941 3416 3037 3468; x_wconf 88' lang='lat' dir='ltr'><strong>pro</strong></span> <span class='ocrx_word' id='word_1_477' title='bbox 3067 3397 3325 3467; x_wconf 89' lang='lat' dir='ltr'><strong>Operibus</strong></span> <span class='ocrx_word' id='word_1_478' title='bbox 3351 3397 3414 3452; x_wconf 88' lang='lat' dir='ltr'><strong>S.</strong></span> 
     </span>
    </p>
   </div>
   <div class='ocr_carea' id='block_1_75' title="bbox 1839 3486 3416 3564">
    <p class='ocr_par' dir='ltr' id='par_1_75' title="bbox 1839 3486 3416 3564">
     <span class='ocr_line' id='line_1_76' title="bbox 1839 3486 3416 3564; baseline -0.005 -16"><span class='ocrx_word' id='word_1_479' title='bbox 1839 3493 2084 3564; x_wconf 75' lang='lat' dir='ltr'><strong>Dionysii</strong></span> <span class='ocrx_word' id='word_1_480' title='bbox 2130 3510 2194 3546; x_wconf 74' lang='lat' dir='ltr'><strong>ea:</strong></span> <span class='ocrx_word' id='word_1_481' title='bbox 2251 3492 2506 3545; x_wconf 85' lang='lat' dir='ltr'><strong>Vindiciis</strong></span> <span class='ocrx_word' id='word_1_482' title='bbox 2556 3491 2944 3559; x_wconf 77' lang='lat' dir='ltr'><strong>Areopagiticis</strong></span> <span class='ocrx_word' id='word_1_483' title='bbox 2976 3488 3042 3541; x_wconf 72' lang='lat' dir='ltr'><strong>Ii.</strong></span> <span class='ocrx_word' id='word_1_484' title='bbox 3097 3489 3161 3542; x_wconf 68' lang='grc' dir='ltr'><strong>Ι).</strong></span> <span class='ocrx_word' id='word_1_485' title='bbox 3195 3486 3416 3543; x_wconf 80' lang='lat' dir='ltr'><strong>Martini</strong></span> 
     </span>
    </p>
   </div>
   <div class='ocr_carea' id='block_1_76' title="bbox 1839 3583 3415 3654">
    <p class='ocr_par' dir='ltr' id='par_1_76' title="bbox 1839 3583 3415 3654">
     <span class='ocr_line' id='line_1_77' title="bbox 1839 3583 3415 3654; baseline -0.005 -11"><span class='ocrx_word' id='word_1_486' title='bbox 1839 3589 2022 3642; x_wconf 89' lang='lat' dir='ltr'><strong>Delrio</strong></span> <span class='ocrx_word' id='word_1_487' title='bbox 2054 3585 2177 3642; x_wconf 83' lang='lat' dir='ltr'><strong>Soc.</strong></span> <span class='ocrx_word' id='word_1_488' title='bbox 2208 3587 2360 3642; x_wconf 82' lang='lat' dir='ltr'><strong>Jesu.</strong></span> <span class='ocrx_word' id='word_1_489' title='bbox 2395 3585 2460 3642; x_wconf 73' lang='grc' dir='ltr'><strong>Χ.</strong></span> <span class='ocrx_word' id='word_1_490' title='bbox 2495 3585 2570 3640; x_wconf 81' lang='lat' dir='ltr'><strong>De</strong></span> <span class='ocrx_word' id='word_1_491' title='bbox 2611 3585 2863 3654; x_wconf 83' lang='lat' dir='ltr'><strong>Dionysio</strong></span> <span class='ocrx_word' id='word_1_492' title='bbox 2897 3583 3239 3651; x_wconf 84' lang='lat' dir='ltr'><strong>Areopagita,</strong></span> <span class='ocrx_word' id='word_1_493' title='bbox 3266 3585 3415 3651; x_wconf 86' lang='lat' dir='ltr'><strong>ejus-</strong></span> 
     </span>
    </p>
   </div>
   <div class='ocr_carea' id='block_1_77' title="bbox 1839 3673 3416 3753">
    <p class='ocr_par' dir='ltr' id='par_1_77' title="bbox 1839 3673 3416 3753">
     <span class='ocr_line' id='line_1_78' title="bbox 1839 3673 3416 3753; baseline -0.006 -18"><span class='ocrx_word' id='word_1_494' title='bbox 1839 3699 1939 3753; x_wconf 87' lang='lat' dir='ltr'><strong>que</strong></span> <span class='ocrx_word' id='word_1_495' title='bbox 1965 3684 2179 3752; x_wconf 85' lang='lat' dir='ltr'><strong>scriptis</strong></span> <span class='ocrx_word' id='word_1_496' title='bbox 2214 3682 2518 3750; x_wconf 89' lang='lat' dir='ltr'><strong>Disputatio</strong></span> <span class='ocrx_word' id='word_1_497' title='bbox 2571 3678 2915 3750; x_wconf 78' lang='lat' dir='ltr'><strong>Apologctica</strong></span> <span class='ocrx_word' id='word_1_498' title='bbox 2953 3673 3098 3728; x_wconf 80' lang='lat' dir='ltr'><strong>Petri</strong></span> <span class='ocrx_word' id='word_1_499' title='bbox 3134 3673 3416 3726; x_wconf 86' lang='lat' dir='ltr'><strong>Lansselii.</strong></span> 
     </span>
    </p>
   </div>
   <div class='ocr_carea' id='block_1_78' title="bbox 1838 3765 3412 3833">
    <p class='ocr_par' dir='ltr' id='par_1_78' title="bbox 1838 3765 3412 3833">
     <span class='ocr_line' id='line_1_79' title="bbox 1838 3765 3412 3833; baseline -0.006 -7"><span class='ocrx_word' id='word_1_500' title='bbox 1838 3772 1932 3828; x_wconf 71' lang='lat' dir='ltr'><strong>XI.</strong></span> <span class='ocrx_word' id='word_1_501' title='bbox 2007 3771 2290 3826; x_wconf 84' lang='lat' dir='ltr'><strong>Variantes</strong></span> <span class='ocrx_word' id='word_1_502' title='bbox 2348 3771 2601 3824; x_wconf 83' lang='lat' dir='ltr'><strong>lectiones</strong></span> <span class='ocrx_word' id='word_1_503' title='bbox 2660 3772 2714 3822; x_wconf 88' lang='lat' dir='ltr'><strong>in</strong></span> <span class='ocrx_word' id='word_1_504' title='bbox 2774 3767 2950 3820; x_wconf 88' lang='lat' dir='ltr'><strong>Libris</strong></span> <span class='ocrx_word' id='word_1_505' title='bbox 3009 3765 3412 3833; x_wconf 82' lang='lat' dir='ltr'><strong>Areopagiticis.</strong></span> 
     </span>
    </p>
   </div>
   <div class='ocr_carea' id='block_1_79' title="bbox 1837 3856 3415 3932">
    <p class='ocr_par' dir='ltr' id='par_1_79' title="bbox 1837 3856 3415 3932">
     <span class='ocr_line' id='line_1_80' title="bbox 1837 3856 3415 3932; baseline -0.008 -10"><span class='ocrx_word' id='word_1_506' title='bbox 1837 3867 1956 3923; x_wconf 78' lang='lat' dir='ltr'><strong>XII.</strong></span> <span class='ocrx_word' id='word_1_507' title='bbox 1989 3866 2387 3921; x_wconf 87' lang='lat' dir='ltr'><strong>Onomasticum</strong></span> <span class='ocrx_word' id='word_1_508' title='bbox 2419 3863 2810 3932; x_wconf 86' lang='lat' dir='ltr'><strong>Dionysianum</strong></span> <span class='ocrx_word' id='word_1_509' title='bbox 2842 3861 3184 3914; x_wconf 85' lang='lat' dir='ltr'><strong>Balthasuris</strong></span> <span class='ocrx_word' id='word_1_510' title='bbox 3214 3856 3415 3910; x_wconf 85' lang='lat' dir='ltr'><strong>Corde-</strong></span> 
     </span>
    </p>
   </div>
   <div class='ocr_carea' id='block_1_80' title="bbox 1841 3948 3417 4022">
    <p class='ocr_par' dir='ltr' id='par_1_80' title="bbox 1841 3948 3417 4022">
     <span class='ocr_line' id='line_1_81' title="bbox 1841 3948 3417 4022; baseline -0.008 -8"><span class='ocrx_word' id='word_1_511' title='bbox 1841 3964 1930 4015; x_wconf 88' lang='lat' dir='ltr'><strong>rii.</strong></span> <span class='ocrx_word' id='word_1_512' title='bbox 1965 3961 2108 4014; x_wconf 75' lang='lat' dir='ltr'><strong>XIII.</strong></span> <span class='ocrx_word' id='word_1_513' title='bbox 2149 3959 2321 4012; x_wconf 70' lang='lat' dir='ltr'><strong>Index</strong></span> <span class='ocrx_word' id='word_1_514' title='bbox 2351 3957 2586 4010; x_wconf 89' lang='lat' dir='ltr'><strong>locorum</strong></span> <span class='ocrx_word' id='word_1_515' title='bbox 2617 3971 2785 4008; x_wconf 80' lang='lat' dir='ltr'><strong>sacra!</strong></span> <span class='ocrx_word' id='word_1_516' title='bbox 2810 3954 3129 4022; x_wconf 69' lang='lat' dir='ltr'><strong>Scriptum.</strong></span> <span class='ocrx_word' id='word_1_517' title='bbox 3155 3949 3297 4004; x_wconf 78' lang='lat' dir='ltr'><strong>XIV.</strong></span> <span class='ocrx_word' id='word_1_518' title='bbox 3323 3948 3417 4003; x_wconf 78' lang='lat' dir='ltr'><strong>In-</strong></span> 
     </span>
    </p>
   </div>
   <div class='ocr_carea' id='block_1_81' title="bbox 1838 4050 3145 4123">
    <p class='ocr_par' dir='ltr' id='par_1_81' title="bbox 1838 4050 3145 4123">
     <span class='ocr_line' id='line_1_82' title="bbox 1838 4050 3145 4123; baseline -0.008 -13"><span class='ocrx_word' id='word_1_519' title='bbox 1838 4059 1939 4112; x_wconf 69' lang='lat' dir='ltr'><strong>dex</strong></span> <span class='ocrx_word' id='word_1_520' title='bbox 1967 4059 2020 4109; x_wconf 88' lang='lat' dir='ltr'><strong>in</strong></span> <span class='ocrx_word' id='word_1_521' title='bbox 2053 4056 2198 4108; x_wconf 85' lang='lat' dir='ltr'><strong>binos</strong></span> <span class='ocrx_word' id='word_1_522' title='bbox 2231 4052 2455 4123; x_wconf 79' lang='lat' dir='ltr'><strong>Operam</strong></span> <span class='ocrx_word' id='word_1_523' title='bbox 2491 4054 2661 4105; x_wconf 84' lang='lat' dir='ltr'><strong>sancti</strong></span> <span class='ocrx_word' id='word_1_524' title='bbox 2695 4050 2928 4118; x_wconf 78' lang='lat' dir='ltr'><strong>Dionysii</strong></span> <span class='ocrx_word' id='word_1_525' title='bbox 2959 4059 3145 4101; x_wconf 90' lang='lat' dir='ltr'><strong>tomos.</strong></span> 
     </span>
    </p>
   </div>
   <div class='ocr_carea' id='block_1_82' title="bbox 1909 4141 3413 4208">
    <p class='ocr_par' dir='ltr' id='par_1_82' title="bbox 1909 4141 3413 4208">
     <span class='ocr_line' id='line_1_83' title="bbox 1909 4141 3413 4208; baseline -0.009 -3"><span class='ocrx_word' id='word_1_526' title='bbox 1909 4152 1975 4206; x_wconf 92' lang='lat' dir='ltr'><strong>II.</strong></span> <span class='ocrx_word' id='word_1_527' title='bbox 2012 4150 2140 4204; x_wconf 89' lang='lat' dir='ltr'><strong>Post</strong></span> <span class='ocrx_word' id='word_1_528' title='bbox 2174 4163 2348 4202; x_wconf 87' lang='lat' dir='ltr'><strong>annos</strong></span> <span class='ocrx_word' id='word_1_529' title='bbox 2378 4147 2592 4208; x_wconf 86' lang='lat' dir='ltr'><strong>decem,</strong></span> <span class='ocrx_word' id='word_1_530' title='bbox 2626 4159 2766 4198; x_wconf 82' lang='lat' dir='ltr'><strong>nova</strong></span> <span class='ocrx_word' id='word_1_531' title='bbox 2799 4143 3026 4195; x_wconf 69' lang='lat' dir='ltr'><strong>Lutetia:</strong></span> <span class='ocrx_word' id='word_1_532' title='bbox 3062 4141 3413 4205; x_wconf 84' lang='lat' dir='ltr'><strong>Parisiorum,</strong></span> 
     </span>
    </p>
   </div>
   <div class='ocr_carea' id='block_1_83' title="bbox 1840 4233 3414 4303">
    <p class='ocr_par' dir='ltr' id='par_1_83' title="bbox 1840 4233 3414 4303">
     <span class='ocr_line' id='line_1_84' title="bbox 1840 4233 3414 4303; baseline -0.008 -5"><span class='ocrx_word' id='word_1_533' title='bbox 1840 4260 1983 4298; x_wconf 88' lang='lat' dir='ltr'><strong>anno</strong></span> <span class='ocrx_word' id='word_1_534' title='bbox 2011 4245 2223 4298; x_wconf 87' lang='lat' dir='ltr'><strong>scilicet</strong></span> <span class='ocrx_word' id='word_1_535' title='bbox 2268 4241 2434 4302; x_wconf 70' lang='grc'>1644.</span> <span class='ocrx_word' id='word_1_536' title='bbox 2483 4248 2742 4292; x_wconf 83' lang='lat' dir='ltr'><strong>accurata</strong></span> <span class='ocrx_word' id='word_1_537' title='bbox 2772 4249 2858 4291; x_wconf 80' lang='lat' dir='ltr'><strong>est</strong></span> <span class='ocrx_word' id='word_1_538' title='bbox 2891 4239 3032 4303; x_wconf 86' lang='lat' dir='ltr'><strong>apud</strong></span> <span class='ocrx_word' id='word_1_539' title='bbox 3059 4233 3414 4289; x_wconf 84' lang='lat' dir='ltr'><strong>Laurentium</strong></span> 
     </span>
    </p>
   </div>
   <div class='ocr_carea' id='block_1_84' title="bbox 1841 4328 3415 4394">
    <p class='ocr_par' dir='ltr' id='par_1_84' title="bbox 1841 4328 3415 4394">
     <span class='ocr_line' id='line_1_85' title="bbox 1841 4328 3415 4394; baseline -0.007 -1"><span class='ocrx_word' id='word_1_540' title='bbox 1841 4340 2122 4394; x_wconf 87' lang='lat' dir='ltr'><strong>Cottereau</strong></span> <span class='ocrx_word' id='word_1_541' title='bbox 2172 4336 2340 4390; x_wconf 90' lang='lat' dir='ltr'><strong>editio</strong></span> <span class='ocrx_word' id='word_1_542' title='bbox 2394 4334 2582 4388; x_wconf 69' lang='lat' dir='ltr'><strong>Graece</strong></span> <span class='ocrx_word' id='word_1_543' title='bbox 2633 4343 2689 4386; x_wconf 88' lang='lat' dir='ltr'><strong>et</strong></span> <span class='ocrx_word' id='word_1_544' title='bbox 2739 4331 2953 4386; x_wconf 86' lang='lat' dir='ltr'><strong>Latine.</strong></span> <span class='ocrx_word' id='word_1_545' title='bbox 3013 4328 3229 4382; x_wconf 87' lang='lat' dir='ltr'><strong>Titulus</strong></span> <span class='ocrx_word' id='word_1_546' title='bbox 3277 4337 3415 4383; x_wconf 83' lang='lat' dir='ltr'><strong>est:</strong></span> 
     </span>
    </p>
   </div>
   <div class='ocr_carea' id='block_1_85' title="bbox 1843 4421 3417 4499">
    <p class='ocr_par' dir='ltr' id='par_1_85' title="bbox 1843 4421 3417 4499">
     <span class='ocr_line' id='line_1_86' title="bbox 1843 4421 3417 4499; baseline -0.008 -12"><span class='ocrx_word' id='word_1_547' title='bbox 1843 4433 2031 4488; x_wconf 87' lang='lat' dir='ltr'><strong>Sancti</strong></span> <span class='ocrx_word' id='word_1_548' title='bbox 2085 4429 2329 4499; x_wconf 79' lang='lat' dir='ltr'><strong>Dionysii</strong></span> <span class='ocrx_word' id='word_1_549' title='bbox 2374 4426 2710 4495; x_wconf 69' lang='lat' dir='ltr'><strong>Areopagitae</strong></span> <span class='ocrx_word' id='word_1_550' title='bbox 2763 4424 2998 4492; x_wconf 85' lang='lat' dir='ltr'><strong>Opernm</strong></span> <span class='ocrx_word' id='word_1_551' title='bbox 3028 4421 3267 4475; x_wconf 80' lang='lat' dir='ltr'><strong>omnium</strong></span> <span class='ocrx_word' id='word_1_552' title='bbox 3297 4436 3417 4490; x_wconf 74' lang='lat' dir='ltr'><strong>que</strong></span> 
     </span>
    </p>
   </div>
   <div class='ocr_carea' id='block_1_86' title="bbox 1842 4514 3415 4591">
    <p class='ocr_par' dir='ltr' id='par_1_86' title="bbox 1842 4514 3415 4591">
     <span class='ocr_line' id='line_1_87' title="bbox 1842 4514 3415 4591; baseline -0.009 -12"><span class='ocrx_word' id='word_1_553' title='bbox 1842 4535 2087 4591; x_wconf 79' lang='lat' dir='ltr'><strong>exstant,</strong></span> <span class='ocrx_word' id='word_1_554' title='bbox 2134 4533 2182 4576; x_wconf 87' lang='lat' dir='ltr'><strong>et</strong></span> <span class='ocrx_word' id='word_1_555' title='bbox 2240 4519 2757 4575; x_wconf 83' lang='lat' dir='ltr'><strong>Commentariorum</strong></span> <span class='ocrx_word' id='word_1_556' title='bbox 2807 4517 2997 4582; x_wconf 87' lang='lat' dir='ltr'><strong>quibus</strong></span> <span class='ocrx_word' id='word_1_557' title='bbox 3045 4514 3415 4566; x_wconf 86' lang='lat' dir='ltr'><strong>illustrantur.</strong></span> 
     </span>
    </p>
   </div>
   <div class='ocr_carea' id='block_1_87' title="bbox 1847 4603 3419 4681">
    <p class='ocr_par' dir='ltr' id='par_1_87' title="bbox 1847 4603 3419 4681">
     <span class='ocr_line' id='line_1_88' title="bbox 1847 4603 3419 4681; baseline -0.011 -9"><span class='ocrx_word' id='word_1_558' title='bbox 1847 4617 1998 4672; x_wconf 86' lang='lat' dir='ltr'><strong>Tom.</strong></span> <span class='ocrx_word' id='word_1_559' title='bbox 2022 4617 2112 4670; x_wconf 91' lang='lat' dir='ltr'><strong>I...</strong></span> <span class='ocrx_word' id='word_1_560' title='bbox 2150 4615 2300 4668; x_wconf 83' lang='lat' dir='ltr'><strong>Tom.</strong></span> <span class='ocrx_word' id='word_1_561' title='bbox 2341 4614 2458 4667; x_wconf 88' lang='lat' dir='ltr'><strong>Il...</strong></span> <span class='ocrx_word' id='word_1_562' title='bbox 2493 4628 2652 4681; x_wconf 87' lang='lat' dir='ltr'><strong>opera</strong></span> <span class='ocrx_word' id='word_1_563' title='bbox 2682 4621 2728 4662; x_wconf 93' lang='lat' dir='ltr'><strong>et</strong></span> <span class='ocrx_word' id='word_1_564' title='bbox 2753 4608 2927 4662; x_wconf 85' lang='lat' dir='ltr'><strong>studio</strong></span> <span class='ocrx_word' id='word_1_565' title='bbox 2955 4607 3101 4659; x_wconf 85' lang='lat' dir='ltr'><strong>Petri</strong></span> <span class='ocrx_word' id='word_1_566' title='bbox 3129 4603 3419 4668; x_wconf 82' lang='lat' dir='ltr'><strong>Lansselii,</strong></span> 
     </span>
    </p>
   </div>
   <div class='ocr_carea' id='block_1_88' title="bbox 1843 4697 3417 4770">
    <p class='ocr_par' dir='ltr' id='par_1_88' title="bbox 1843 4697 3417 4770">
     <span class='ocr_line' id='line_1_89' title="bbox 1843 4697 3417 4770; baseline -0.009 -6"><span class='ocrx_word' id='word_1_567' title='bbox 1843 4721 1894 4764; x_wconf 89' lang='lat' dir='ltr'><strong>et</strong></span> <span class='ocrx_word' id='word_1_568' title='bbox 1924 4708 2260 4762; x_wconf 86' lang='lat' dir='ltr'><strong>Bulthasaris</strong></span> <span class='ocrx_word' id='word_1_569' title='bbox 2302 4706 2544 4762; x_wconf 81' lang='lat' dir='ltr'><strong>Corderii</strong></span> <span class='ocrx_word' id='word_1_570' title='bbox 2591 4701 2712 4757; x_wconf 85' lang='lat' dir='ltr'><strong>Sac.</strong></span> <span class='ocrx_word' id='word_1_571' title='bbox 2746 4700 2803 4754; x_wconf 84' lang='lat' dir='ltr'><strong>J.</strong></span> <span class='ocrx_word' id='word_1_572' title='bbox 2831 4701 3274 4770; x_wconf 79' lang='lat' dir='ltr'><strong>presbyterorum.</strong></span> <span class='ocrx_word' id='word_1_573' title='bbox 3311 4697 3417 4750; x_wconf 79' lang='lat' dir='ltr'><strong>Ac—</strong></span> 
     </span>
    </p>
   </div>
   <div class='ocr_carea' id='block_1_89' title="bbox 1844 4793 3420 4868">
    <p class='ocr_par' dir='ltr' id='par_1_89' title="bbox 1844 4793 3420 4868">
     <span class='ocr_line' id='line_1_90' title="bbox 1844 4793 3420 4868; baseline -0.009 -11"><span class='ocrx_word' id='word_1_574' title='bbox 1844 4805 1996 4857; x_wconf 88' lang='lat' dir='ltr'><strong>cessit</strong></span> <span class='ocrx_word' id='word_1_575' title='bbox 2053 4819 2190 4855; x_wconf 89' lang='lat' dir='ltr'><strong>nunc</strong></span> <span class='ocrx_word' id='word_1_576' title='bbox 2242 4801 2473 4868; x_wconf 84' lang='lat' dir='ltr'><strong>primum</strong></span> <span class='ocrx_word' id='word_1_577' title='bbox 2517 4795 2850 4865; x_wconf 64' lang='lat' dir='ltr'><strong>Areopagitae</strong></span> <span class='ocrx_word' id='word_1_578' title='bbox 2894 4794 3125 4861; x_wconf 75' lang='lat' dir='ltr'><strong>defensio</strong></span> <span class='ocrx_word' id='word_1_579' title='bbox 3169 4793 3420 4844; x_wconf 80' lang='lat' dir='ltr'><strong>adversus</strong></span> 
     </span>
    </p>
   </div>
   <div class='ocr_carea' id='block_1_90' title="bbox 1846 4885 3385 4960">
    <p class='ocr_par' dir='ltr' id='par_1_90' title="bbox 1846 4885 3385 4960">
     <span class='ocr_line' id='line_1_91' title="bbox 1846 4885 3385 4960; baseline -0.011 -7"><span class='ocrx_word' id='word_1_580' title='bbox 1846 4899 2150 4953; x_wconf 76' lang='lat' dir='ltr'><strong>hwreticum</strong></span> <span class='ocrx_word' id='word_1_581' title='bbox 2181 4895 2551 4957; x_wconf 78' lang='lat' dir='ltr'><strong>Calvinistam,</strong></span> <span class='ocrx_word' id='word_1_582' title='bbox 2577 4906 2671 4960; x_wconf 90' lang='lat' dir='ltr'><strong>per</strong></span> <span class='ocrx_word' id='word_1_583' title='bbox 2701 4889 2926 4942; x_wconf 81' lang='lat' dir='ltr'><strong>clariss.-</strong></span> <span class='ocrx_word' id='word_1_584' title='bbox 2953 4896 3002 4939; x_wconf 88' lang='lat' dir='ltr'><strong>et</strong></span> <span class='ocrx_word' id='word_1_585' title='bbox 3056 4886 3299 4939; x_wconf 88' lang='lat' dir='ltr'><strong>nobiliss.</strong></span> <span class='ocrx_word' id='word_1_586' title='bbox 3333 4885 3385 4938; x_wconf 77' lang='lat' dir='ltr'><strong>vi</strong></span> 
     </span>
    </p>
   </div>
   <div class='ocr_carea' id='block_1_91' title="bbox 1846 4975 3420 5058">
    <p class='ocr_par' dir='ltr' id='par_1_91' title="bbox 1846 4975 3420 5058">
     <span class='ocr_line' id='line_1_92' title="bbox 1846 4975 3420 5058; baseline -0.011 -12"><span class='ocrx_word' id='word_1_587' title='bbox 1846 5009 1962 5056; x_wconf 77' lang='lat' dir='ltr'><strong>rum</strong></span> <span class='ocrx_word' id='word_1_588' title='bbox 2009 4992 2278 5044; x_wconf 87' lang='lat' dir='ltr'><strong>dominum</strong></span> <span class='ocrx_word' id='word_1_589' title='bbox 2320 4987 2386 5041; x_wconf 92' lang='lat' dir='ltr'><strong>D.</strong></span> <span class='ocrx_word' id='word_1_590' title='bbox 2417 4985 2680 5039; x_wconf 83' lang='lat' dir='ltr'><strong>Joannem</strong></span> <span class='ocrx_word' id='word_1_591' title='bbox 2711 4986 2775 5037; x_wconf 87' lang='lat' dir='ltr'><strong>de</strong></span> <span class='ocrx_word' id='word_1_592' title='bbox 2802 4981 3122 5058; x_wconf 81' lang='lat' dir='ltr'><strong>Chaumont,</strong></span> <span class='ocrx_word' id='word_1_593' title='bbox 3157 4975 3420 5030; x_wconf 84' lang='lat' dir='ltr'><strong>Christia-</strong></span> 
     </span>
    </p>
   </div>
   <div class='ocr_carea' id='block_1_92' title="bbox 1855 5071 3422 5151">
    <p class='ocr_par' dir='ltr' id='par_1_92' title="bbox 1855 5071 3422 5151">
     <span class='ocr_line' id='line_1_93' title="bbox 1855 5071 3422 5151; baseline -0.01 -13"><span class='ocrx_word' id='word_1_594' title='bbox 1855 5085 2056 5139; x_wconf 88' lang='lat' dir='ltr'><strong>nissimi</strong></span> <span class='ocrx_word' id='word_1_595' title='bbox 2107 5083 2242 5151; x_wconf 90' lang='lat' dir='ltr'><strong>regis</strong></span> <span class='ocrx_word' id='word_1_596' title='bbox 2273 5082 2331 5132; x_wconf 86' lang='lat' dir='ltr'><strong>in</strong></span> <span class='ocrx_word' id='word_1_597' title='bbox 2365 5079 2534 5132; x_wconf 79' lang='lat' dir='ltr'><strong>sacris</strong></span> <span class='ocrx_word' id='word_1_598' title='bbox 2571 5095 2633 5131; x_wconf 83' lang='lat' dir='ltr'><strong>ac</strong></span> <span class='ocrx_word' id='word_1_599' title='bbox 2667 5076 3039 5131; x_wconf 85' lang='lat' dir='ltr'><strong>secretioribus</strong></span> <span class='ocrx_word' id='word_1_600' title='bbox 3071 5073 3214 5142; x_wconf 85' lang='lat' dir='ltr'><strong>regni</strong></span> <span class='ocrx_word' id='word_1_601' title='bbox 3249 5071 3422 5124; x_wconf 81' lang='lat' dir='ltr'><strong>consi-</strong></span> 
     </span>
    </p>
   </div>
   <div class='ocr_carea' id='block_1_93' title="bbox 1845 5164 3421 5235">
    <p class='ocr_par' dir='ltr' id='par_1_93' title="bbox 1845 5164 3421 5235">
     <span class='ocr_line' id='line_1_94' title="bbox 1845 5164 3421 5235; baseline -0.01 -4"><span class='ocrx_word' id='word_1_602' title='bbox 1845 5178 1930 5231; x_wconf 88' lang='lat' dir='ltr'><strong>liis</strong></span> <span class='ocrx_word' id='word_1_603' title='bbox 1977 5176 2367 5233; x_wconf 85' lang='lat' dir='ltr'><strong>consiliarium,</strong></span> <span class='ocrx_word' id='word_1_604' title='bbox 2421 5180 2472 5225; x_wconf 90' lang='lat' dir='ltr'><strong>et</strong></span> <span class='ocrx_word' id='word_1_605' title='bbox 2529 5169 2825 5222; x_wconf 87' lang='lat' dir='ltr'><strong>arcanioris</strong></span> <span class='ocrx_word' id='word_1_606' title='bbox 2866 5167 3036 5235; x_wconf 62' lang='lat' dir='ltr'><strong>Regia:</strong></span> <span class='ocrx_word' id='word_1_607' title='bbox 3093 5164 3421 5216; x_wconf 74' lang='lat' dir='ltr'><strong>bibliotheca&#39;</strong></span> 
     </span>
    </p>
   </div>
   <div class='ocr_carea' id='block_1_94' title="bbox 1847 5250 3423 5336">
    <p class='ocr_par' dir='ltr' id='par_1_94' title="bbox 1847 5250 3423 5336">
     <span class='ocr_line' id='line_1_95' title="bbox 1847 5250 3423 5336; baseline -0.01 -13"><span class='ocrx_word' id='word_1_608' title='bbox 1847 5268 2180 5336; x_wconf 74' lang='lat' dir='ltr'><strong>prtvfectum.</strong></span> <span class='ocrx_word' id='word_1_609' title='bbox 2211 5263 2365 5318; x_wconf 80' lang='lat' dir='ltr'><strong>Nora</strong></span> <span class='ocrx_word' id='word_1_610' title='bbox 2395 5263 2561 5316; x_wconf 84' lang='lat' dir='ltr'><strong>editio</strong></span> <span class='ocrx_word' id='word_1_611' title='bbox 2581 5301 2597 5327; x_wconf 88' lang='lat'><strong>,</strong></span> <span class='ocrx_word' id='word_1_612' title='bbox 2624 5259 3038 5328; x_wconf 71' lang='lat' dir='ltr'><strong>pracedentibus</strong></span> <span class='ocrx_word' id='word_1_613' title='bbox 3091 5250 3423 5310; x_wconf 75' lang='lat' dir='ltr'><strong>emendatior</strong></span> 
     </span>
    </p>
   </div>
   <div class='ocr_carea' id='block_1_95' title="bbox 1846 5349 3421 5425">
    <p class='ocr_par' dir='ltr' id='par_1_95' title="bbox 1846 5349 3421 5425">
     <span class='ocr_line' id='line_1_96' title="bbox 1846 5349 3421 5425; baseline -0.01 -10"><span class='ocrx_word' id='word_1_614' title='bbox 1846 5371 1894 5415; x_wconf 89' lang='lat' dir='ltr'><strong>et</strong></span> <span class='ocrx_word' id='word_1_615' title='bbox 1919 5361 2147 5414; x_wconf 89' lang='lat' dir='ltr'><strong>auctior.</strong></span> <span class='ocrx_word' id='word_1_616' title='bbox 2179 5357 2329 5413; x_wconf 89' lang='lat' dir='ltr'><strong>Ordo</strong></span> <span class='ocrx_word' id='word_1_617' title='bbox 2367 5355 2568 5425; x_wconf 86' lang='lat' dir='ltr'><strong>prioris</strong></span> <span class='ocrx_word' id='word_1_618' title='bbox 2595 5354 2858 5406; x_wconf 86' lang='lat' dir='ltr'><strong>editionis</strong></span> <span class='ocrx_word' id='word_1_619' title='bbox 2914 5351 3163 5406; x_wconf 88' lang='lat' dir='ltr'><strong>cernitur</strong></span> <span class='ocrx_word' id='word_1_620' title='bbox 3213 5350 3267 5403; x_wconf 93' lang='lat' dir='ltr'><strong>in</strong></span> <span class='ocrx_word' id='word_1_621' title='bbox 3319 5349 3421 5402; x_wconf 82' lang='lat' dir='ltr'><strong>ista</strong></span> 
     </span>
    </p>
   </div>
   <div class='ocr_carea' id='block_1_96' title="bbox 1847 5441 3423 5521">
    <p class='ocr_par' dir='ltr' id='par_1_96' title="bbox 1847 5441 3423 5521">
     <span class='ocr_line' id='line_1_97' title="bbox 1847 5441 3423 5521; baseline -0.008 -17"><span class='ocrx_word' id='word_1_622' title='bbox 1847 5451 2128 5521; x_wconf 89' lang='lat' dir='ltr'><strong>paululum</strong></span> <span class='ocrx_word' id='word_1_623' title='bbox 2156 5450 2502 5515; x_wconf 84' lang='lat' dir='ltr'><strong>immutatus,</strong></span> <span class='ocrx_word' id='word_1_624' title='bbox 2532 5462 2597 5500; x_wconf 86' lang='lat' dir='ltr'><strong>ac</strong></span> <span class='ocrx_word' id='word_1_625' title='bbox 2626 5444 2993 5500; x_wconf 68' lang='lat' dir='ltr'><strong>Lansseliaum</strong></span> <span class='ocrx_word' id='word_1_626' title='bbox 3025 5442 3220 5509; x_wconf 77' lang='lat' dir='ltr'><strong>aliqua:</strong></span> <span class='ocrx_word' id='word_1_627' title='bbox 3257 5441 3423 5494; x_wconf 83' lang='lat' dir='ltr'><strong>inter-</strong></span> 
     </span>
    </p>
   </div>
   <div class='ocr_carea' id='block_1_97' title="bbox 1848 5530 3416 5612">
    <p class='ocr_par' dir='ltr' id='par_1_97' title="bbox 1848 5530 3416 5612">
     <span class='ocr_line' id='line_1_98' title="bbox 1848 5530 3416 5612; baseline -0.008 -15"><span class='ocrx_word' id='word_1_628' title='bbox 1848 5546 2185 5612; x_wconf 78' lang='lat' dir='ltr'><strong>pretationes</strong></span> <span class='ocrx_word' id='word_1_629' title='bbox 2219 5541 2428 5596; x_wconf 69' lang='lat' dir='ltr'><strong>Latina:</strong></span> <span class='ocrx_word' id='word_1_630' title='bbox 2472 5541 2692 5595; x_wconf 75' lang='lat' dir='ltr'><strong>selectae</strong></span> <span class='ocrx_word' id='word_1_631' title='bbox 2732 5546 2865 5592; x_wconf 92' lang='lat' dir='ltr'><strong>sunt</strong></span> <span class='ocrx_word' id='word_1_632' title='bbox 2910 5551 3020 5606; x_wconf 79' lang='lat' dir='ltr'><strong>pra:</strong></span> <span class='ocrx_word' id='word_1_633' title='bbox 3050 5530 3416 5589; x_wconf 75' lang='lat' dir='ltr'><strong>Gorderianis.</strong></span> 
     </span>
    </p>
   </div>
   <div class='ocr_carea' id='block_1_98' title="bbox 216 5652 3424 5722">
    <p class='ocr_par' dir='ltr' id='par_1_98' title="bbox 216 5652 3424 5722">
     <span class='ocr_line' id='line_1_99' title="bbox 216 5652 3424 5722; baseline -0.002 -14"><span class='ocrx_word' id='word_1_634' title='bbox 216 5661 231 5675; x_wconf 89' lang='grc'><strong>⁹</strong></span> <span class='ocrx_word' id='word_1_635' title='bbox 253 5659 523 5722; x_wconf 84' lang='lat' dir='ltr'><strong>Lectoretn</strong></span> <span class='ocrx_word' id='word_1_636' title='bbox 569 5659 811 5706; x_wconf 86' lang='lat' dir='ltr'><strong>monitum</strong></span> <span class='ocrx_word' id='word_1_637' title='bbox 847 5659 1074 5706; x_wconf 69' lang='lat' dir='ltr'><strong>volumus</strong></span> <span class='ocrx_word' id='word_1_638' title='bbox 1113 5660 1162 5707; x_wconf 86' lang='lat' dir='ltr'><strong>in</strong></span> <span class='ocrx_word' id='word_1_639' title='bbox 1199 5660 1288 5708; x_wconf 85' lang='lat' dir='ltr'><strong>hac</strong></span> <span class='ocrx_word' id='word_1_640' title='bbox 1317 5657 1681 5722; x_wconf 81' lang='lat' dir='ltr'><strong>Dissertatione</strong></span> <span class='ocrx_word' id='word_1_641' title='bbox 1706 5661 1778 5708; x_wconf 88' lang='lat' dir='ltr'><strong>et&#39;</strong></span> <span class='ocrx_word' id='word_1_642' title='bbox 1802 5660 2032 5722; x_wconf 85' lang='lat' dir='ltr'><strong>sequenti</strong></span> <span class='ocrx_word' id='word_1_643' title='bbox 2059 5659 2293 5707; x_wconf 83' lang='lat' dir='ltr'><strong>nonnulla</strong></span> <span class='ocrx_word' id='word_1_644' title='bbox 2337 5656 2586 5719; x_wconf 74' lang='lat' dir='ltr'><strong>indigitari</strong></span> <span class='ocrx_word' id='word_1_645' title='bbox 2627 5669 2742 5722; x_wconf 72' lang='lat' dir='ltr'><strong>quin</strong></span> <span class='ocrx_word' id='word_1_646' title='bbox 2763 5654 2956 5722; x_wconf 77' lang='lat' dir='ltr'><strong>nonnisi</strong></span> <span class='ocrx_word' id='word_1_647' title='bbox 2981 5652 3043 5701; x_wconf 82' lang='lat' dir='ltr'><strong>ad</strong></span> <span class='ocrx_word' id='word_1_648' title='bbox 3067 5653 3288 5722; x_wconf 50' lang='lat' dir='ltr'><strong>Graecum</strong></span> <span class='ocrx_word' id='word_1_649' title='bbox 3312 5658 3424 5700; x_wconf 77' lang='lat' dir='ltr'><strong>tex-</strong></span> 
     </span>
    </p>
   </div>
   <div class='ocr_carea' id='block_1_99' title="bbox 163 5716 3422 5781">
    <p class='ocr_par' dir='ltr' id='par_1_99' title="bbox 163 5716 3422 5781">
     <span class='ocr_line' id='line_1_100' title="bbox 163 5716 3422 5781; baseline -0.002 -13"><span class='ocrx_word' id='word_1_650' title='bbox 163 5728 263 5770; x_wconf 88' lang='lat' dir='ltr'><strong>tum</strong></span> <span class='ocrx_word' id='word_1_651' title='bbox 292 5725 344 5771; x_wconf 87' lang='lat' dir='ltr'><strong>S.</strong></span> <span class='ocrx_word' id='word_1_652' title='bbox 371 5721 601 5780; x_wconf 84' lang='lat' dir='ltr'><strong>Dionysii</strong></span> <span class='ocrx_word' id='word_1_653' title='bbox 625 5726 871 5780; x_wconf 79' lang='lat' dir='ltr'><strong>spectant,</strong></span> <span class='ocrx_word' id='word_1_654' title='bbox 897 5734 1109 5780; x_wconf 65' lang='lat' dir='ltr'><strong>quaeque</strong></span> <span class='ocrx_word' id='word_1_655' title='bbox 1137 5721 1197 5770; x_wconf 87' lang='lat' dir='ltr'><strong>ab</strong></span> <span class='ocrx_word' id='word_1_656' title='bbox 1225 5722 1369 5781; x_wconf 85' lang='lat' dir='ltr'><strong>hujus</strong></span> <span class='ocrx_word' id='word_1_657' title='bbox 1392 5721 1628 5769; x_wconf 87' lang='lat' dir='ltr'><strong>editionis</strong></span> <span class='ocrx_word' id='word_1_658' title='bbox 1650 5716 1897 5778; x_wconf 51' lang='lat' dir='ltr'><strong>instituto}</strong></span> <span class='ocrx_word' id='word_1_659' title='bbox 1926 5729 1981 5770; x_wconf 90' lang='lat' dir='ltr'><strong>ul.</strong></span> <span class='ocrx_word' id='word_1_660' title='bbox 2010 5730 2150 5770; x_wconf 82' lang='lat' dir='ltr'><strong>mere</strong></span> <span class='ocrx_word' id='word_1_661' title='bbox 2180 5722 2384 5776; x_wconf 63' lang='lat' dir='ltr'><strong>Latinae.</strong></span> <span class='ocrx_word' id='word_1_662' title='bbox 2409 5716 2569 5768; x_wconf 78' lang='lat' dir='ltr'><strong>aliena</strong></span> <span class='ocrx_word' id='word_1_663' title='bbox 2593 5721 2836 5768; x_wconf 72' lang='lat' dir='ltr'><strong>videnlur.</strong></span> <span class='ocrx_word' id='word_1_664' title='bbox 2882 5716 2994 5781; x_wconf 61' lang='lat' dir='ltr'><strong>[huc</strong></span> <span class='ocrx_word' id='word_1_665' title='bbox 3019 5717 3282 5781; x_wconf 76' lang='lat' dir='ltr'><strong>maluimus</strong></span> <span class='ocrx_word' id='word_1_666' title='bbox 3307 5723 3422 5762; x_wconf 70' lang='lat' dir='ltr'><strong>cru-</strong></span> 
     </span>
    </p>
   </div>
   <div class='ocr_carea' id='block_1_100' title="bbox 159 5776 3421 5847">
    <p class='ocr_par' dir='ltr' id='par_1_100' title="bbox 159 5776 3421 5847">
     <span class='ocr_line' id='line_1_101' title="bbox 159 5776 3421 5847; baseline -0.002 -15"><span class='ocrx_word' id='word_1_667' title='bbox 159 5782 262 5832; x_wconf 72' lang='lat' dir='ltr'><strong>tiito</strong></span> <span class='ocrx_word' id='word_1_668' title='bbox 288 5784 488 5833; x_wconf 89' lang='lat' dir='ltr'><strong>Lectori</strong></span> <span class='ocrx_word' id='word_1_669' title='bbox 505 5776 1161 5847; x_wconf 64' lang='lat' dir='ltr'><strong>discernendarelinquere</strong></span> <span class='ocrx_word' id='word_1_670' title='bbox 1188 5776 1334 5846; x_wconf 82' lang='lat' dir='ltr'><strong>quain</strong></span> <span class='ocrx_word' id='word_1_671' title='bbox 1360 5785 1572 5832; x_wconf 71' lang='lat' dir='ltr'><strong>virorum</strong></span> <span class='ocrx_word' id='word_1_672' title='bbox 1598 5785 1852 5832; x_wconf 89' lang='lat' dir='ltr'><strong>doctorum</strong></span> <span class='ocrx_word' id='word_1_673' title='bbox 1875 5776 2081 5847; x_wconf 82' lang='lat' dir='ltr'><strong>quorum</strong></span> <span class='ocrx_word' id='word_1_674' title='bbox 2130 5785 2400 5834; x_wconf 80' lang='lat' dir='ltr'><strong>editionem</strong></span> <span class='ocrx_word' id='word_1_675' title='bbox 2425 5785 2698 5847; x_wconf 78' lang='lat' dir='ltr'><strong>sequimur,</strong></span> <span class='ocrx_word' id='word_1_676' title='bbox 2739 5779 3121 5829; x_wconf 77' lang='lat' dir='ltr'><strong>elucubratione.</strong></span> <span class='ocrx_word' id='word_1_677' title='bbox 3183 5776 3421 5826; x_wconf 72' lang='lat' dir='ltr'><strong>frustatim</strong></span> 
     </span>
    </p>
   </div>
   <div class='ocr_carea' id='block_1_101' title="bbox 159 5844 1082 5895">
    <p class='ocr_par' dir='ltr' id='par_1_101' title="bbox 159 5844 1082 5895">
     <span class='ocr_line' id='line_1_102' title="bbox 159 5844 1082 5895; baseline 0.002 -3"><span class='ocrx_word' id='word_1_678' title='bbox 159 5848 431 5895; x_wconf 72' lang='lat' dir='ltr'><strong>scindendo</strong></span> <span class='ocrx_word' id='word_1_679' title='bbox 455 5847 741 5894; x_wconf 82' lang='lat' dir='ltr'><strong>deeurtare.</strong></span> <span class='ocrx_word' id='word_1_680' title='bbox 770 5844 902 5894; x_wconf 76' lang='lat' dir='ltr'><strong>Eon.</strong></span> <span class='ocrx_word' id='word_1_681' title='bbox 935 5845 1082 5894; x_wconf 71' lang='lat' dir='ltr'><strong>I’nu.</strong></span> 
     </span>
    </p>
   </div>
  </div>
