4198 6304
815 373 881 431 59
1941 362 1998 418 S.
2039 357 2400 417 DIONYSIUS
2436 353 2894 414 AREOPAGITA.
3977 350 4049 404 60

809 489 996 542 Primo
1023 486 1074 538 in
1112 483 1383 537 volumine
1415 483 1814 552 prmmittnutur
1843 475 2083 530 Corderii
2116 475 2374 529 Observa-
2407 481 2451 535 Α
2482 485 2704 539 prorsus
2738 468 2979 523 laborem
3011 467 3332 536 susciperet,
3373 466 3464 537 qui
3491 475 3868 535 argumentum
3898 466 4047 520 idem

811 581 976 632 tiones
1007 583 1295 648 generales,
1343 576 1692 644 ejusdemque
1731 580 1956 642 lsagoge
1995 573 2050 625 in
2094 571 2374 640 Mysticam

813 668 1172 738 Theologiam,
1199 677 1258 722 et
1291 668 1616 722 Prooemium
1650 665 1993 735 Pachymera:
2020 681 2141 719 cum
2188 663 2374 717 Latina

808 757 1142 812 Corderiaua
1187 758 1557 813 translatione.
1621 758 1926 811 Succedunt
1964 757 2153 811 Graece
2180 772 2236 812 et
2266 756 2374 810 La-

812 850 940 911 tine,
976 848 1234 903 Curderiu
1285 850 1600 913 interprete,
1639 850 1758 903 libri
1809 851 1882 902 De
1917 851 2114 904 caelesti
2169 853 2374 904 liierar-

808 941 952 1008 chio,
995 940 1070 994 De
1099 941 1462 994 ecclesiastica
1503 942 1820 1005 hierarchia,
1853 941 1926 996 De
1971 942 2161 996 divinis
2207 943 2377 996 nomi-

811 1034 984 1097 nibus,
1019 1033 1096 1088 De
1127 1035 1347 1102 mystica
1380 1034 1661 1104 theologia,
1689 1050 1812 1088 cum
1844 1033 2084 1102 ejusdem
2123 1036 2223 1090 viri
2272 1037 2372 1090 do-

809 1123 1041 1176 ctissimi
1112 1124 1579 1192 interpretatione,
1636 1126 2103 1190 adnotationibus,
2163 1138 2219 1182 et
2266 1127 2372 1180 Pa-

806 1216 1082 1284 chymera:
1136 1218 1476 1287 paraphrasi.
1551 1219 1806 1287 Epistula:
1871 1230 2191 1288 sequuntur,
2255 1235 2375 1289 quas

806 1307 992 1362 decem
1041 1320 1416 1376 numerantur,
1455 1311 1697 1367 Corderii
1747 1313 2177 1368 adnotationibus
2233 1313 2370 1367 dun-

807 1406 955 1453 taxat
988 1401 1291 1457 illustratre.

882 1488 1015 1556 Quae
1054 1507 1184 1546 vero
1238 1493 1487 1547 volumen
1537 1496 1767 1551 alterum
1810 1498 2212 1567 complectitur,
2255 1500 2371 1556 ha‘c

805 1592 956 1636 sunt.
991 1583 1032 1637 1.
1071 1580 1330 1654 Prologus
1387 1585 1574 1640 Sancti
1609 1587 1851 1651 Maximi,
1881 1590 2179 1661 interprete
2211 1591 2369 1648 Petro

807 1670 1102 1730 Lansselio.
1150 1674 1215 1731 li.
1271 1677 1458 1732 Graece
1511 1688 1741 1743 tantum,
1786 1680 2082 1752 Ἐρμηνεία
2151 1682 2367 1752 λέξεων,

803 1781 924 1833 qua;
949 1767 1114 1820 etiam
1148 1778 1328 1823 exstat
1351 1769 1402 1823 in
1430 1769 1613 1826 Graeca
1646 1768 1955 1825 Morelliana
1989 1775 2225 1828 editione
2263 1775 2366 1829 Pa-

2483 562 2898 632 aggrederetur.
2928 580 2946 612 ›
2994 560 3109 627 Quo
3147 561 3198 614 in
3249 561 3366 615 loco
3397 560 3577 614 minus
3622 569 3941 613 accuratum
3986 574 4053 614 se

2477 653 2680 722 pra-bet
2710 651 2949 707 Oudinus
2981 651 3035 705 in
3067 651 3356 715 utriusque
3389 650 3647 706 editionis
3699 651 4039 708 recensione,

2480 757 2534 798 ut
2563 761 2629 799 ne
2658 747 2875 815 quidem
2905 745 3108 800 vidisse
3139 746 3367 799 alterum
3413 746 3528 814 ipse
3557 747 3827 803 videatur.

3093 857 3319 915 CAPUT
3358 857 3420 916 ΙΙ.

2478 950 2831 1022 Parisiensem
2863 951 3145 1006 editionem
3172 953 3421 1022 exprimit
3463 969 3596 1006 nova
3624 954 3781 1007 editio
3818 952 4050 1016 Veneta,

2547 1020 2729 1076 Cra'co
2791 1033 2933 1075 textu
2979 1022 3207 1089 Operum
3240 1020 3772 1091 'Areopagiticorum,
3799 1024 4051 1078 Scholio-

2557 1108 2772 1160 rumque
2795 1095 3107 1158 praesertim,
3136 1093 3327 1145 collato
3352 1110 3466 1146 cum
3495 1095 3670 1146 codice
3717 1094 4051 1148 bibliotheca:

2547 1161 2724 1215 Sancti
2770 1162 2960 1236 Marci.
3025 1163 3290 1230 Opuscula
3342 1173 3520 1236 aucta.
3577 1163 3774 1230 Variae,
3807 1181 3923 1236 qua:
3957 1166 4049 1231 [e—

2542 1241 2731 1284 runtur
2777 1234 2840 1285 de
2872 1231 3098 1299 Operum
3131 1245 3347 1287 auctore
3372 1235 3662 1301 opiniones.

2545 1321 2584 1376 Ι.
2629 1321 2918 1377 Sacrarum
2975 1325 3280 1378 litterarum
3331 1327 3652 1390 cultoribus,
3677 1329 3767 1398 qui
3815 1345 4040 1384 accura-

2475 1415 2664 1469 tiorem
2715 1415 2952 1485 aliquam
3013 1415 3251 1485 Operum
3304 1417 3805 1490 Areupagiticorum
3844 1423 4051 1478 editio-

2474 1522 2593 1561 nem
2623 1507 2724 1561 sibi
2767 1507 2982 1563 facilius
3035 1523 3098 1563 ae
3157 1509 3354 1564 minori
3410 1513 3762 1581 pecuniarum
3818 1525 4045 1588 sumptu

2475 1616 2790 1670 comparare
2820 1615 3046 1670 queant,
3090 1603 3228 1659 bene
3264 1607 3616 1662 consulturus
3670 1611 4050 1680 typographus

2475 1690 3155 1759 Venetus,'Parisiensem
3210 1703 3534 1753 recensitam
3586 1700 3799 1769 selegit,
3852 1713 4048 1770 utpote

2473 1786 2751 1854 opusculis
2821 1788 3175 1857 apulugeticis
3226 1789 3663 1861 locupletiorem,
3723 1793 4048 1864 Latinisque

803 1860 1017 1915 risiensi
1050 1863 1174 1914 anni
1208 1862 1369 1925 1562.
1404 1865 1563 1918 ili-8°.
1592 1862 1682 1918 ΠΙ·
1713 1864 1931 1958 Scholia
1960 1864 2145 1921 Sancti
2187 1868 2365 1924 Μαεΰὲ·
2402 1876 2442 1934 Β
2472 1879 2747 1950 plerisque
2765 1882 3072 1938 doctissimi
3108 1886 3534 1958 peritissimique
3568 1889 3664 1942 viri
3691 1888 3839 1945 Petri
3864 1860 4047 1945 Laus-

801 1952 871 2002 mi
939 1952 990 2005 in
1045 1954 1362 2022 superiores
1448 1955 1858 2026 AreOpagiticus
1923 1957 2117 2024 libros,
2171 1962 2364 2023 eodem

798 2040 1080 2097 Lansselio
1114 2045 1430 2114 interprete.
1461 2047 1548 2101 IV.
1599 2046 1811 2121 Georgii
1859 2048 2200 2123 Pachymerw
2253 2054 2366 2108 Pu-

802 2135 1077 2200 raphrasis
1109 2139 1162 2190 in
1219 2136 1509 2206 Epistolas,
1547 2140 1843 2211 interprete
1896 2143 2192 2200 Godefrido
2251 2147 2364 2201 Til-

801 2239 1022 2291 manno,
1058 2227 1360 2286 Carthnsias
1387 2232 1709 2288 Parisiensis
1760 2238 2048 2291 monacho.
2089 2239 2150 2294 ν.
2178 2236 2364 2293 Sancti

800 2317 1026 2372 Maximi
1079 2321 1290 2375 Scholia
1339 2324 1393 2376 in
1446 2325 1737 2394 Epistolas,
1768 2345 1889 2382 cum
1933 2329 2126 2384 Latina
2185 2334 2362 2386 inter-

795 2413 1102 2479 pretatione
1137 2413 1490 2472 Corderiana.
1527 2419 1608 2474 Vl.
1645 2419 1937 2490 Opuscula,
1971 2435 2028 2478 ut
2079 2427 2132 2480 in
2163 2430 2359 2483 editio-

795 2517 865 2557 ne
911 2505 1075 2572 priori
1131 2507 1533 2576 Antuerpiensi,
1587 2512 1727 2567 inter
1778 2531 1898 2582 qua:
1951 2514 2145 2572 Latine
2199 2521 2362 2574 vertit

797 2592 1107 2652 Lansselius
1142 2596 1453 2654 Encomium
1483 2619 1547 2656 ex
1576 2602 1791 2662 Menwis
1840 2604 2060 2673 ercis,
2089 2613 2362 2668 recensuit

795 2684 972 2742 Vitam
1003 2707 1029 2743 a
1068 2690 1434 2760 Metaphraste
1488 2696 1890 2762 concinnatam,
1945 2699 2139 2756 Latine
2181 2704 2360 2760 inter-

802 2789 1047 2847 pretatus
1071 2791 1152 2835 est
1177 2785 1280 2837 duo
1317 2797 1572 2856 excerpta
1602 2803 1667 2842 ex
1704 2788 1890 2856 Suida,
1928 2802 1979 2846 et
2029 2793 2357 2864 Nicephoro,

805 2869 978 2924 Vitam
1010 2872 1223 2943 Syngeli
1253 2879 1582 2946 emendavit,
1628 2897 1691 2936 ac
1722 2882 2045 2954 Martyrium
2099 2889 2357 2945 Met/radii

791 2964 1092 3022 Latinitate
1119 2971 1338 3023 donavit
1360 2970 1761 3044 illustravitquc
1783 2979 1942 3032 uotis.
1972 2979 2082 3034 Vll.
2111 2983 2358 3053 Sequun-

792 3068 880 3110 tur
910 3057 1153 3129 Dionysii
1199 3061 1418 3118 Gnerini
1457 3065 1774 3137 Martyrium
1827 3071 2178 3144 Areopagitae,
2234 3096 2355 3133 car-

794 3151 1032 3206 minibus
1063 3154 1268 3210 Latinis
1299 3171 1639 3227 expressum,
1672 3161 1789 3218 Vita
1822 3168 1888 3222 ab
1920 3166 2194 3225 Ilaltuixio
2223 3188 2352 3227 con-

2470 1971 2585 2026 seiii
2620 1975 3150 2045 interpretationibus
3172 1988 3449 2035 ornatam.

2540 2061 2702 2118 Nova:
2761 2073 2941 2121 tamen
3002 2083 3146 2121 cura:
3197 2071 3582 2137 prietermissaa
3640 2089 3746 2128 non
3795 2085 3922 2129 sunt
3966 2077 4041 2129 ad

2469 2157 2860 2212 emendandum
2899 2168 3101 2214 textum
3135 2160 3407 2223 Graecum.
3443 2165 3559 2220 sive
3616 2167 4045 2237 AreOpagitico-

2467 2263 2586 2300 rum
2623 2247 2884 2320 Operutn,
2938 2254 3054 2308 sive
3111 2256 3479 2324 Scholiorum,
3534 2261 3816 2330 ipsumque
3868 2263 4041 2319 variis

2466 2339 2814 2407 lectionibus,
2848 2343 2891 2397 si
2922 2360 3042 2413 qua:
3079 2361 3213 2416 Opus
3240 2346 3440 2413 forent,
3470 2354 3868 2417 cxornaudum;
3904 2354 4039 2409 dili-

2466 2430 2697 2498 gentiori
2739 2431 2885 2488 facta
2941 2435 3235 2492 collatione
3285 2454 3407 2493 cum
3445 2441 3775 2494 nitidissimo
3815 2442 4041 2498 Veneta:

2467 2522 2653 2578 Sancti
2707 2523 2876 2581 Marci
2933 2527 3274 2584 bibliotheca:
3333 2531 3539 2588 codice.
3591 2532 3822 2601 Operam
3887 2535 4039 2590 hanc

2465 2617 2684 2670 navavit
2738 2617 3038 2674 industrius
3070 2635 3134 2674 ac
3165 2636 3296 2676 sane
3339 2625 3544 2692 peritus
3599 2624 3863 2694 Georgius
3888 2625 4038 2680 Cou-

2462 2710 2705 2773 stantini,
2741 2710 2956 2764 natione
2987 2711 3226 2779 Graccus,
3260 2729 3324 2767 ex
3359 2713 3624 2770 Joannina
3673 2720 3805 2772 urbe
3855 2719 4005 2787 Epiri

2461 2800 2641 2857 Labor
2673 2802 2836 2856 cessit
2865 2818 2986 2856 cum
3019 2806 3409 2863 emolumento.
3450 2809 3734 2866 Variantes
3766 2811 4036 2871 lectiones

2462 2896 2514 2948 in
2549 2893 2813 2963 Operibus
2855 2907 3152 2951 occurrunt
3201 2897 3533 2967 frequentes,
3574 2918 3637 2957 ac
3667 2921 3930 2974 praterca
3967 2906 4037 2964 in

2462 2985 2695 3041 Scholiis
2721 2986 2838 3041 erui
2890 3004 2995 3041 non
3027 3002 3198 3057 pauca
3233 2992 3603 3048 additamenta
3639 3006 3882 3062 potuere.
3915 2997 4031 3056 Fo-

2461 3079 2651 3135 liorum
2677 3083 2958 3154 margines
2993 3083 3106 3138 haec
3148 3085 3329 3139 omnia
3365 3097 3650 3154 praestant.
3689 3090 3759 3144 De
3783 3090 4033 3150 Scholiis

2462 3172 2717 3229 Germani
2763 3174 3113 3251 Patriarchae,
3148 3194 3268 3248 quae
3313 3197 3456 3234 nunc
3507 3183 3741 3250 primum
3785 3186 3852 3240 ab
3903 3189 4032 3245 aliis

793 3241 1035 3309 cinnata,
1066 3247 1420 3320 ejusdemque
1453 3254 1780 3319 Quwstioncs
1807 3275 2053 3330 quatuor,
2093 3264 2350 3321 Vindicio:
2383 3250 2423 3306 C
2459 3268 2712 3324 distincta
2743 3272 3012 3339 prodeunt
3051 3247 3204 3342 juxta
3264 3275 3466 3331 codicis
3514 3276 3904 3342 fidem,‘dicam
3938 3285 4028 3339 in-

796 3335 1022 3393 Martini
1056 3341 1256 3410 Delrio,
1292 3355 1345 3400 et
1372 3345 1635 3402 Lnnsselii
1669 3351 1969 3421 Disputatio
2004 3359 2352 3430 apologetica.

794 3431 927 3488 νει.
959 3434 1181 3492 Accedit
1206 3439 1534 3511 Areopagitae
1574 3445 1814 3513 Defensio
1854 3450 2104 3505 adversus
2135 3454 2352 3508 licereli-

788 3542 908 3580 cum
959 3529 1300 3586 Calvinistam
1352 3534 1671 3592 Claarentoni
1726 3542 2044 3608 ministrum,
2079 3562 2107 3598 a
2147 3545 2355 3603 Joanne

789 3623 1011 3677 domino
1041 3625 1106 3678 de
1143 3625 1448 3682 Chaumont
1497 3630 1701 3687 Gallice
1732 3635 1965 3702 primum
2017 3643 2350 3710 conscripta,

791 3717 1132 3790 subindeque
1185 3721 1375 3777 Latine
1407 3725 1639 3782 reddita.
1680 3727 1768 3780 IX.
1803 3728 2148 3785 Postremum
2177 3734 2350 3791 locum

790 3821 975 3866 tenent
1006 3811 1265 3869 Lansselii
1295 3813 1451 3869 Nota,
1475 3818 1552 3870 ad-
1576 3819 1915 3891 Pacliymera:
1969 3823 2351 3895 Parapltrasint

788 3905 844 3960 in
876 3903 1164 3977 Epistolas,
1202 3910 1548 3980 ejusdemque
1597 3913 1755 3969 Nota:
1804 3917 1855 3970 in
1907 3917 2079 3974 Vitam
2113 3921 2350 3995 Syngeli,

787 4007 844 4051 et
870 3999 924 4052 in
957 4000 1213 4056 Methodii
1240 4002 1577 4074 Martyrium.

861 4092 947 4146 Ill.
981 4093 1158 4149 Habes
1190 4111 1251 4150 ea
1299 4100 1616 4169 singillatim
1661 4116 2010 4172 enumerata,
2042 4109 2093 4164 in
2151 4113 2350 4181 quibus

787 4187 1144 4251 conveniunt,
1179 4200 1232 4243 et
1282 4191 1333 4246 in
1379 4194 1576 4262 quibus
1620 4197 1900 4268 differunt,
1944 4203 2059 4258 sive
2099 4207 2347 4263 ordinem

785 4292 1022 4350 spectes,
1050 4284 1164 4338 sive
1193 4284 1418 4341 Latinas
1451 4289 1948 4361 interpretationes,
1993 4313 2057 4351 ac
2093 4309 2249 4355 notas
2300 4312 2353 4356 et

786 4376 1072 4444 upuscula,
1134 4380 1397 4436 editiones
1446 4383 1584 4450 dum,
1620 4387 2036 4456 Antuerpiensis
2088 4402 2143 4446 et
2197 4395 2351 4449 Pari-

784 4468 1002 4523 siensis.
1039 4470 1112 4524 De
1159 4481 1388 4542 utraque
1438 4474 1689 4534 Casimiri
1740 4479 1936 4536 Oudini
1971 4483 2233 4550 judicium
2269 4499 2351 4543 est

2458 3362 2646 3418 ferius.

2529 3457 2996 3528 ll.0pusculorum
3019 3477 3299 3517 numerum
3328 3478 3483 3536 auget
3507 3468 3852 3539 primoopus,
3877 3476 4038 3542 quod

2460 3546 2663 3603 Gallice
2690 3550 2949 3618 scriptum
2978 3551 3289 3621 editumque
3316 3554 3545 3610 frontem
3578 3559 3795 3628 praefert
3833 3582 3844 3616 :
3882 3562 4034 3618 Pro—

2460 3638 2617 3693 bléme
2641 3644 2861 3707 proposé
2891 3658 3000 3694 ana:
3044 3657 3286 3708 spavants
3316 3650 3564 3702 toucltaut
3593 3652 3662 3704 les
3690 3653 3842 3708 livres
3867 3659 4033 3710 attri-

2459 3733 2585 3784 bues
2621 3733 2650 3786 ὰ
2680 3733 2737 3787 S.
2777 3734 2945 3804 Denys
2989 3737 3375 3809 l’Aréopagite.‘
3403 3742 3468 3794 ait
3505 3743 3606 3797 t'on
3649 3745 3903 3803 dentande
3940 3749 4030 3803 δἐι

2458 3825 2571 3892 [aut
2621 3825 2754 3894 dire,
2797 3844 2894 3896 que
2939 3840 3016 3882 cet
3064 3844 3253 3883 auteur
3296 3849 3326 3885 a
3375 3835 3474 3887 tiré
3499 3853 3578 3890 ses
3615 3839 3897 3907 principes,
3923 3857 4030 3898 uno

2458 3920 2626 3987 partie
2669 3924 2732 3973 de
2770 3938 2828 3973 sa
2878 3923 3134 3986 doctrine,
3182 3935 3228 3976 et
3269 3924 3316 3977 le
3369 3929 3526 3979 traité
3565 3931 3630 3981 de
3657 3947 3713 3981 sa
3746 3929 4029 4003 Tltéologt'e

2463 4015 2742 4083 mystique,
2770 4015 2832 4068 de
2858 4016 2995 4068 saint
3031 4016 3259 4070 Clément
3287 4017 3688 4086 d’Alernndrie,
3717 4033 3762 4074 et
3796 4025 3859 4076 de
3881 4025 4025 4079 saint

2459 4104 2707 4176 Grégoire
2731 4108 2795 4161 de
2831 4108 3001 4177 Nysse
3025 4127 3043 4164 :
3069 4126 3134 4161 ou
3173 4112 3219 4162 si
3245 4125 3330 4163 ces
3356 4112 3496 4164 deus:
3530 4109 3684 4166 I’éres
3711 4126 3798 4167 ont
3825 4118 3934 4182 pris
3958 4117 4029 4171 de

2457 4200 2552 4252 lui.
2598 4198 2636 4250 A
2696 4198 2851 4253 Paris
2894 4202 3018 4253 cltez
3062 4201 3197 4255 Jean
3251 4206 3314 4256 de
3348 4203 3514 4274 Nully
3545 4204 3620 4258 Μ.
3657 4205 3806 4262 DCC.
3856 4208 4023 4265 VIII.

2462 4290 2783 4347 «Probleina
2853 4295 3081 4347 itteratis
3128 4295 3251 4348 viris
3291 4298 3616 4364 propositum
3659 4301 3798 4352 circa
3857 4303 4026 4356 libras

2457 4383 2713 4453 Dionysio
2751 4386 3076 4454 Areopagita:
3100 4387 3327 4439 tributos
3355 4400 3372 4438 :
3400 4404 3502 4457 quo
3537 4390 3604 4441 ad
3630 4406 3847 4442 examen
3872 4409 4028 4447 voca-

2457 4489 2564 4540 tur,
2603 4478 2974 4547 qutt'riturque,
3021 4494 3141 4529 num
3193 4478 3427 4546 ipsorum
3476 4497 3685 4546 operum
3719 4487 3919 4535 Auctor
3958 4501 4030 4538 ea:

787 4572 932 4614 tumo
967 4561 1007 4625 1,
1041 4563 1116 4616 De
1159 4566 1499 4634 scriptoribus
1544 4583 1591 4625 e.‘
1617 4575 1828 4642 scriptis
1872 4577 2240 4634 ecclesiasticis
2281 4586 2348 4637 ad
2382 4600 2425 4656 ι)

2382 4600 2425 4656 D
2457 4571 2718 4626 Clemente
2749 4571 3132 4634 Alexandrino,
3164 4579 3211 4624 et
3245 4587 3307 4623 ea:
3343 4573 3459 4624 divo
3493 4569 3742 4640 Gregorio
3779 4574 4024 4642 Nysseno

785 4669 986 4706 annum
1024 4655 1148 4719 520,
1183 4659 1285 4712 col.
1324 4660 1479 4714 1371.
1510 4680 1529 4712 ‹
1563 4663 1850 4719 Balthasar
1876 4668 2192 4735 Corderius,
2235 4673 2344 4740 pri-

787 4761 906 4801 mus
934 4747 1178 4801 omnium
1207 4750 1490 4808 diﬂ‘usione
1524 4765 1575 4809 et
1603 4757 1954 4825 amplitudine
2000 4759 2350 4817 Commenta-

786 4843 1013 4906 riorum,
1070 4843 1445 4912 disquisitione
1497 4850 1915 4919 abstrusiorum,
1972 4857 2220 4911 doctrina
2268 4874 2351 4911 rc-

785 4948 904 4985 rum
935 4936 1248 4990 omnium...
1306 4939 1480 4993 Vitam
1534 4943 1588 4996 S.
1641 4945 1875 5016 Dionysii
1926 4948 2266 5020 Areopagitae
2296 4963 2350 5005 et

785 5027 968 5082 omnia
1017 5029 1131 5096 ejus
1160 5029 1358 5100 Opera,
1389 5041 1442 5086 et
1481 5036 1739 5104 quidquid
1778 5042 1844 5094 ab
1885 5041 2005 5096 aliis
2045 5042 2249 5099 Graecis
2281 5045 2347 5100 de

785 5123 880 5179 illo
915 5124 1117 5178 dictum
1154 5127 1707 5218 est,'Cutnmentariis
1753 5134 2047 5188 uberrimis
2069 5138 2350 5198 elucidare

788 5213 973 5273 labore
1005 5219 1161 5286 plane
1227 5213 1449 5284 eximio,
1504 5223 1628 5275 licet
1678 5223 1900 5278 forsitan
1954 5228 2131 5282 minus
2181 5229 2346 5293 felici,

786 5297 1014 5369 conatus
1041 5323 1144 5368 est.
1171 5317 1466 5385 Apparebit
1506 5317 1837 5371 incredibilis
1872 5319 1963 5372 ille
2015 5320 2165 5374 labor
2212 5325 2348 5378 Cor-

782 5407 920 5460 derii
962 5421 1026 5459 ex
1073 5407 1404 5476 inspectione
1446 5409 1684 5462 omnium
1737 5409 1792 5462 S.
1836 5411 2070 5481 Dionysii
2100 5414 2347 5484 Areopa-

787 5501 911 5568 gitae
967 5498 1226 5567 Operum,
1281 5510 1334 5553 et
1390 5503 1628 5554 omnium
1662 5503 1727 5554 ad
1764 5503 1937 5555 V’itaiu
1973 5513 2026 5555 et
2086 5504 2346 5559 Encouiia

786 5593 1023 5655 ejusdem
1081 5595 1462 5660 spectantium,
1500 5610 1617 5664 qua:
1670 5597 1975 5664 Antuerpitc
2032 5613 2174 5651 anno
2207 5601 2343 5653 1654

787 5684 978 5738 Graece
1017 5694 1070 5739 et
1117 5685 1306 5739 Latine
1341 5687 1546 5740 duobus
1582 5687 1633 5739 in
1669 5688 1795 5742 folio
1825 5690 1984 5743 tomis
2019 5682 2347 5750 nitidissima

791 5777 933 5830 edita
969 5787 1113 5841 sunt,
1159 5788 1267 5832 tum
1305 5795 1489 5833 recusa
1526 5780 1766 5839 Parisiis.
1798 5797 1938 5835 anno
1997 5783 2152 5846 1644,
2190 5787 2349 5839 modo

790 5870 1069 5939 larinaque
1126 5873 1348 5929 eisdem.
1419 5871 1485 5928 Ut
1538 5889 1667 5929 sane
1732 5875 2059 5946 inpustcrum
2109 5879 2347 5934 inutilem

2457 4668 2826 4735 deprompserit
2860 4666 3127 4733 principia
3170 4682 3290 4729 sua,
3323 4682 3384 4718 ac
3429 4666 3688 4719 doctrina!
3715 4681 3940 4734 partem,
3971 4683 4023 4720 et

2456 4759 2761 4812 Tractatum
2798 4759 2861 4811 de
2911 4756 3134 4827 Mystica
3181 4757 3466 4827 Tlteologia
3494 4774 3512 4812 :
3542 4776 3608 4812 an
3636 4761 3698 4810 ab
3726 4758 3814 4812 illo
3862 4761 4024 4830 quid-

2450 4851 2591 4917 piam
2640 4849 2729 4900 isti
2775 4851 3150 4901 mutuaverint.
3189 4867 3206 4900 ι
3251 4848 3439 4916 Neque
3502 4851 3678 4903 solum
3711 4849 4020 4915 Problema,

2449 4942 2595 5010 quod
2631 4941 2979 5011 proponitur,
3042 4943 3385 5008 argumentis
3437 4954 3601 5010 atque
3656 4943 4025 5000 solutionibus

2454 5046 2680 5105 utraque
2709 5049 2773 5087 ex
2799 5044 2948 5103 parte
2974 5036 3210 5086 munitur
3242 5049 3252 5082 :
3285 5050 3468 5087 verum
3507 5038 3668 5088 etiam
3700 5050 4022 5106 argumenta

2453 5137 2767 5196 comparent
2813 5129 2865 5180 in
2912 5143 3000 5188 eo,
3062 5143 3124 5181 ac
3172 5129 3472 5183 solutiones
3501 5170 3514 5193 ,
3580 5146 3698 5198 qua:
3763 5133 4024 5205 Dionysio

2452 5221 2807 5290 AreOpagitae,
2849 5221 3014 5274 veluti
3060 5223 3295 5289 genuino
3327 5223 3560 5286 auctori,
3596 5224 3800 5287 favent,
3836 5237 3888 5278 et
3919 5227 4022 5279 ad-

2453 5325 2754 5367 versantur.
2784 5314 3022 5366 Prodibit
3059 5313 3204 5381 Opus
3231 5314 3419 5368 Latine
3440 5316 3702 5368 duntaxat
3728 5319 4019 5374 redditum.

2525 5408 2668 5460 Inter
2700 5423 2792 5460 eos
2846 5409 2932 5474 qui
2986 5407 3080 5460 abs
3132 5409 3387 5477 Dionysio
3440 5410 3768 5478 Areopagita
3802 5413 4023 5483 abjudi-

2454 5510 2578 5554 cant
2603 5499 2800 5568 Opera,
2831 5500 3194 5552 ortliodoxum
3222 5502 3531 5568 quempiam
3585 5503 3851 5570 sequioris
3886 5515 4022 5556 tcta-

2457 5599 2522 5650 tis
2547 5607 2820 5648 auctorem
2889 5604 3085 5661 putant
3116 5593 3308 5661 aliqui,
3344 5593 3736 5648 lietcrodoxum
3769 5597 3878 5649 alii.
3910 5596 4020 5652 Pro

2455 5690 2614 5744 l‘etro
2653 5691 2942 5758 Cuaphaao,
2976 5707 3067 5744 seu
3125 5690 3368 5752 Eullone,
3409 5701 3504 5742 aut
3561 5691 3747 5759 aliquo
3789 5709 3856 5746 ex
3906 5693 4024 5762 ejus

2455 5786 2680 5837 asseclis
2719 5785 3049 5853 Eutychiana
3077 5794 3168 5835 aut
3202 5784 3628 5854 Monophysitica
3677 5785 3762 5837 lue
3798 5785 4022 5850 infectu,

2460 5881 2723 5951 pugnavit
2767 5879 3032 5934 acerrime
3073 5877 3301 5934 Michael
3331 5877 3640 5948 Lequienus
3669 5882 3718 5932 in
3753 5880 4021 5934 Disserta—
