4198 6304
168 380 231 435 Gl
1508 380 2038 443 PROLEGOMENA.
3333 387 3402 443 62

174 505 324 553 tione
372 516 413 555 ιι
462 499 869 567 Damascenica',
897 516 925 554 a
965 515 1115 555 num.
1144 502 1211 556 10
1242 504 1308 556 ad
1340 494 1623 557 numerum
1659 520 1746 559 us-
1774 492 1822 566 Ᾰ
1850 520 2011 572 quem
2043 520 2141 574 pro
2172 522 2275 561 una
2309 505 2590 579 Iiypostasi
2623 505 2855 574 aliisque
2899 504 3295 560 controversiis
3338 520 3404 559 eo

173 606 287 660 que
347 593 439 646 16.
488 593 642 659 Quod
700 604 1018 675 excerptum
1069 595 1210 647 inter
1266 606 1564 647 memorata
1607 610 1743 663 opu-

174 684 330 739 scula
380 700 576 739 novum
622 685 797 739 locum
828 685 1034 745 habet.
1088 684 1267 741 Hocre
1307 700 1439 738 vero
1487 685 1744 753 excipere

177 775 372 829 debuit
397 775 625 829 adversa
654 776 980 831 Dissertatio
1031 785 1244 839 nostra,
1277 775 1355 829 De
1383 776 1489 844 ﬁde
1509 777 1742 829 auctoris

178 866 412 934 Operam
441 881 560 935 qua
587 866 734 936 vulgo
766 867 1137 937 Areopagitica
1162 870 1430 929 dicuntur,
1455 885 1522 919 an
1569 868 1744 921 ortho-

174 958 349 1012 doxus
399 957 577 1025 fuerit,
621 975 691 1011 an
734 957 1009 1013 haereticus
1074 960 1153 1013 vel
1204 958 1609 1027 Apollinarista,
1657 959 1738 1011 vel

178 1048 571 1118 Eutychianus,
599 1065 687 1102 seu
708 1038 1101 1119 Menophysita.
1120 1048 1244 1103 Jam
1265 1048 1409 1103 edita
1430 1045 1744 1103 numeraiur

178 1154 325 1193 nona
360 1140 499 1194 inter
529 1140 665 1194 alias
704 1140 925 1210 triginta
962 1140 1384 1196 Dissertationes
1429 1141 1506 1195 De
1562 1144 1739 1212 gestis,

177 1244 230 1287 st
279 1235 510 1301 scriptis,
544 1250 605 1287 ac
659 1234 899 1288 doctrina
952 1234 1121 1289 sancti
1166 1233 1381 1288 Thema:
1439 1235 1738 1301 Aquinatis,

176 1324 325 1394 typis
373 1325 548 1377 editas
580 1322 821 1386 in-rolio,
853 1320 1119 1389 Vcnetiis,
1164 1320 1305 1389 apud
1349 1320 1505 1374 Joan.
1559 1322 1744 1388 Bapti-

176 1426 319 1472 stam
372 1414 627 1484 Pasquali
682 1413 839 1469 1750.
892 1413 1090 1467 Eadem
1117 1422 1325 1485 prosmt
1357 1413 1413 1467 in
1441 1428 1575 1467 nova
1599 1413 1740 1479 ejus-

176 1508 301 1563 dem
323 1506 386 1570 S.
412 1507 635 1562 Thomas
656 1503 893 1573 Operum
928 1504 1169 1559 editione
1195 1502 1412 1571 Veneta,
1438 1514 1583 1559 tonio
1608 1504 1740 1568 VIII,

176 1600 322 1656 ln-J.

256 1692 345 1747 111.
376 1692 453 1745 Ex
486 1692 571 1747 his
596 1691 872 1762 opusculis
899 1690 1067 1747 variae
1110 1692 1476 1756 innotescunt,
1508 1705 1625 1758 qua:
1661 1690 1743 1745 l'en

178 1798 380 1842 runtur
417 1785 488 1841 de
535 1800 795 1855 germano
841 1785 1347 1854 AreOpagiticorum
1382 1783 1615 1853 Operum
1642 1797 1740 1852 pa-

1846 604 2089 665 tcmpore
2133 597 2347 665 agitatis
2402 603 2707 665 opponeret
2742 594 3141 649 Orientalibus.
3207 592 3401 648 Verum

1846 689 2078 757 denique
2130 689 2213 743 his
2264 688 2515 744 omnibus
2541 686 2858 755 antiquiori,
2900 702 3092 755 magno
3121 686 3401 756 Dionysio,

1844 779 2185 835 Alexandria:
2221 782 2509 849 episcopo,
2569 778 2926 845 adjudicanda
2955 793 3077 832 esse
3105 778 3401 847 Areopagi-

1846 874 1950 927 tica
1980 873 2287 942 conjecerat
2324 872 2456 927 Joan
2476 910 2490 925 .
2519 870 2795 939 Philippus
2821 870 3152 925 Baraterins.
3191 869 3314 925 Hcce
3343 871 3396 922 in

1844 974 2026 1019 nostra
2053 963 2440 1019 Dissertatione
2468 964 2699 1018 refutata
2724 970 2848 1015 sunt
2866 970 3165 1018 commenta
3192 962 3396 1015 omnia.

1912 1054 2156 1109 Primum
2210 1054 2631 1108 memoravimus
2691 1050 2983 1123 Hypatium
3015 1091 3030 1115 ,
3083 1052 3395 1119 episcopum

1842 1146 2194 1215 Ephesinum,
2230 1145 2323 1213 qui
2351 1144 2770 1212 Apollinaristas
2823 1143 3108 1196 htereticos
3142 1142 3399 1210 antiquos

1842 1238 2027 1291 fecerit
2056 1246 2309 1291 auctores
2355 1235 2870 1302 Arcapagiticarum.
2904 1232 3053 1286 Hanc
3086 1232 3397 1286 refutamus

1842 1328 2203 1397 opinationem
2234 1326 2473 1383 Joannes
2503 1325 3005 1396 Scythopolitanns,
3037 1334 3090 1377 et
3132 1324 3397 1377 Maximus

1850 1422 1903 1475 in
1935 1420 2163 1489 Prologo
2190 1429 2243 1474 et
2288 1420 2340 1473 in
2372 1418 2535 1472 notis.
2569 1416 2704 1471 Vide
2761 1425 2925 1485 caput
2966 1414 3000 1467 5
3052 1414 3373 1467 Dissertatio

1844 1515 1947 1567 nis.
1978 1512 2153 1581 Longe
2180 1511 2449 1564 recentior
2478 1520 2563 1563 est
2587 1524 2775 1563 eorum
2828 1506 3121 1569 sententia,
3153 1506 3242 1573 qui
3292 1504 3397 1557 Eu-

1844 1605 2115 1676 tychianis
2146 1612 2198 1658 et
2229 1602 2615 1672 Menapbysitis
2668 1601 2971 1655 tribuerunt
2998 1598 3397 1666 Areopagitica.

1844 1697 2144 1753 Casimirus
2167 1696 2409 1750 Oudiuus
2457 1694 2532 1747 De
2564 1692 2903 1759 scriptoribus
2924 1699 2974 1743 et
2995 1692 3205 1758 scriptis
3232 1688 3397 1742 eccle-

1844 1789 2091 1854 siasticis,
2143 1789 2261 1842 loco
2319 1787 2567 1856 superius
2600 1786 2838 1846 laudato,
2869 1785 3047 1852 capite
3075 1784 3130 1846 2,
3166 1783 3246 1836 sic.
3274 1783 3392 1835 ait:

182 1891 338 1934 rente
380 1851 689 1948 opiniones.
736 1876 934 1931 Paucis
966 1851 1399 1933 eas—memorare
1433 1851 1741 1931 iliceataAc
1770 1851 1814 1906 Β
1848 1899 1868 1933 s
1903 1851 2107 1949 Opinor
2151 1880 2338 1948 igitur.
2378 1851 2447 1932 ne
2497 1877 2625 1945 quid
2681 1851 3035 1935 dissimulem.
3068 1874 3242 1942 Opera
3304 1872 3395 1927 illa

177 1974 362 2040 primo
396 1970 563 2025 veluti
615 1984 716 2040 pro
742 1977 1022 2039 comperto
1055 1968 1243 2022 haberi
1274 1977 1474 2035 potest,
1504 1982 1567 2020 ac
1594 1978 1743 2020 certe

178 2062 364 2131 debet,
394 2071 605 2117 certum
636 2076 699 2115 ac
720 2061 1019 2135 genuinum
1078 2067 1296 2113 exstare
1333 2058 1535 2112 nullum
1566 2059 1617 2113 in
1647 2071 1745 2110 an-

181 2148 438 2226 tiquitate
493 2161 925 2225 monumentum,
960 2166 1066 2219 quo
1113 2150 1289 2205 evinci
1340 2160 1523 2219 queat,
1555 2148 1744 2218 primis

178 2250 420 2318 Quatuor
453 2245 709 2300 Ecclesiae
737 2242 976 2306 saeculis,
1009 2240 1094 2295 vel
1126 2241 1287 2295 etiam
1320 2239 1503 2293 adulto
1535 2240 1741 2307 quinto,

178 2351 236 2396 et
262 2341 329 2395 ad
381 2340 546 2393 linem
593 2346 868 2407 vergente,
902 2332 1285 2403 Areopagitica
1320 2333 1537 2385 laudata
1567 2329 1742 2398 Opera

180 2434 509 2491 innotuisse.
538 2430 648 2485 Hac
677 2432 741 2486 de
771 2443 829 2482 re
864 2429 976 2495 agit
1003 2425 1277 2480 uberrime
1307 2434 1495 2478 auctor
1530 2422 1742 2475 Proble—

180 2532 342 2585 matis
370 2528 519 2597 quod
547 2525 793 2594 superius
826 2519 1251 2592 memoravimus
1279 2534 1293 2571 :
1324 2517 1405 2587 egi
1450 2517 1612 2570 etiam
1645 2530 1745 2584 ego

182 2626 239 2681 in
276 2620 674 2680 Dissertatione
702 2619 891 2679 cita-ta,
934 2614 1201 2683 capitibus
1233 2612 1283 2675 l,
1308 2610 1365 2673 2,
1388 2610 1421 2664 ι
1444 2619 1496 2664 et
1520 2624 1635 2677 seq.

254 2718 426 2775 Primi
458 2717 608 2769 fuere
633 2710 952 2768 heterodosi
988 2706 1299 2768 Severiani,
1328 2704 1546 2759 concilii
1592 2718 1745 2759 tecu-

183 2810 383 2868 menici
416 2803 874 2864 Chalcedonensis
919 2804 1125 2864 hostes,
1153 2806 1209 2851 ut
1243 2808 1421 2852 certos
1454 2806 1617 2850 testes
1648 2797 1746 2850 ad-

186 2904 430 2967 hibeam,
466 2901 557 2970 qui
604 2896 911 2953 testimonia
940 2909 1004 2949 ex
1055 2890 1455 2961 Areopagiticis
1482 2887 1747 2959 Operibus

188 3000 512 3068 deprompta
553 2992 893 3047 adduxerunt
941 2990 993 3041 in
1042 2985 1362 3044 Collatione,
1394 2999 1556 3052 quam
1606 2982 1747 3038 Con-

188 3086 544 3157 stantinopoli
577 3086 821 3139 habuere
853 3096 975 3135 cum
994 3078 1336 3153 ortlioa’ioxis,
1375 3090 1605 3152 quorum
1631 3076 1747 3144 pri-

1843 1972 2043 2035 omnia,
2098 1978 2247 2025 tanto
2301 1968 2444 2024 fastu
2501 1969 2702 2022 Sancto
2736 1966 3017 2034 Dionysio
3051 1964 3399 2033 Areopagitas

1843 2062 2126 2125 attributa,
2181 2060 2349 2114 fuisse
2396 2061 2623 2114 conlicta
2658 2074 2687 2111 a
2720 2056 3042 2111 Severianis
3104 2056 3394 2116 haereticis,

1844 2168 2058 2209 errores
2102 2151 2415 2221 Eutychetis
2465 2148 2902 2218 amplexantibus
2932 2188 2946 2212 ,
2998 2157 3161 2216 atque
3212 2157 3403 2200 sancto

1847 2244 2102 2315 Dionysio
2130 2243 2469 2311 Areopagitas
2515 2241 2815 2310 supposita,
2850 2241 3004 2308 cujus
3055 2240 3152 2292 sub
3186 2238 3403 2292 nomine

1845 2336 2236 2398 conﬂuxerant,
2269 2343 2325 2388 ut
2356 2332 2488 2386 ialsa
2522 2343 2767 2386 veterum
2820 2331 3146 2385 auctoritate
3190 2343 3405 2383 errores

1845 2444 1975 2483 suos
2010 2426 2382 2481 defenderent.
2413 2424 2654 2479 Conlieta
2689 2422 2775 2476 illa
2822 2422 2989 2477 fuisse
3019 2425 3165 2476 circa
3202 2434 3401 2473 annum

1847 2518 1971 2583 520,
1998 2516 2311 2572 Severianis
2338 2526 2465 2569 tunc
2496 2513 2754 2582 temporis
2799 2513 2850 2566 in
2886 2514 3118 2583 imperio
3148 2512 3401 2564 obtineno

1850 2611 2015 2675 tibus,
2039 2624 2068 2662 a
2100 2608 2298 2678 quibus
2330 2607 2417 2662 illa
2450 2608 2685 2677 primum
2739 2607 2838 2660 sub
2870 2596 3114 2675 specioso
3162 2603 3402 2672 Dionysii

1845 2702 2181 2771 AreOpagitae
2225 2699 2464 2763 nomine,
2499 2715 2643 2754 anno
2672 2697 2798 2759 552,
2840 2699 2892 2752 in
2924 2696 3223 2764 Collatione
3261 2694 3406 2749 Con-

1846 2791 2325 2862 stantinopolitana
2390 2790 2535 2844 inter
2605 2788 2916 2842 Catholicos
2966 2796 3022 2839 et
3081 2785 3409 2839 Severianos

1848 2885 2079 2955 allegata
2122 2892 2269 2946 sunt,
2321 2880 2746 2950 producentibus
2778 2880 2867 2951 illa
2900 2894 2930 2933 e
2973 2880 3210 2934 tenebris
3238 2878 3404 2932 Seve—

1848 2977 2047 3043 rianis,
2109 2976 2205 3030 sed
2246 2972 2567 3027 orthodoxis
2597 2972 2713 3035 illa,
2738 2971 2812 3023 uti
2845 2970 3099 3026 Ecclesia:
3130 2965 3406 3037 hucusque

1851 3074 2027 3143 ignota
2058 3078 2113 3132 et
2164 3067 2405 3122 inaudita
2446 3067 2892 3134 reprobantibus.
2928 3063 3084 3117 Venit
3130 3064 3182 3115 in
3228 3077 3405 3116 meam

194 3198 319 3239 mus
354 3152 474 3235 erat
510 3176 795 3250 Hypatius,
817 3176 1103 3243 episcopus
1138 3169 1462 3239 Ephesinus.
1490 3166 1588 3223 llic
1619 3184 1747 3225 vero
1774 3189 1817 3249 ο
1850 3162 2169 3221 sententiam
2201 3159 2437 3215 Joannes
2472 3157 2765 3211 Dallaaus...
2803 3156 2855 3209 in
2887 3170 3048 3222 opere
3085 3153 3159 3206 De
3189 3152 3401 3219 scriptis

194 3279 401 3349 primus
432 3274 551 3337 fuit,
585 3274 675 3341 qui
702 3269 890 3326 eadem
918 3268 1091 3338 Opera
1143 3264 1236 3318 abs
1284 3264 1539 3334 Dionysio
1570 3264 1744 3317 Areo-

195 3372 378 3443 pagita
431 3364 780 3431 abjudicarit,
844 3360 1140 3427 tribuitque
1195 3358 1428 3426 antiquis
1482 3357 1751 3412 haereticis

193 3462 616 3535 Apollinaristis.
647 3456 782 3511 Vide
814 3465 975 3525 caput
1011 3456 1238 3524 primum
1279 3456 1453 3508 citata:
1482 3451 1749 3504 Disserta-

196 3556 386 3611 tionis.
436 3551 647 3606 Saecula
685 3558 839 3603 sexto
869 3547 1100 3614 incepto,
1130 3545 1179 3599 id
1206 3554 1289 3598 est
1323 3558 1461 3596 anno
1486 3541 1613 3605 552,
1651 3542 1748 3594 ha-

196 3648 313 3704 bita
359 3644 459 3699 fuit
488 3643 743 3715 przedicta
789 3639 1017 3695 Collatia
1047 3656 1061 3692 :
1095 3653 1201 3705 quo
1227 3638 1447 3699 sarculo,
1473 3635 1556 3689 vel
1588 3636 1750 3690 etiam

195 3740 425 3795 cadente
458 3737 668 3806 quinto,
723 3748 819 3803 pro
867 3739 1057 3786 sancto
1119 3727 1373 3797 Dionysio
1424 3726 1751 3795 Areopagita

199 3830 455 3903 pugnavit
505 3826 759 3891 Joannes,
823 3821 1301 3894 Scytbopolitanus
1348 3820 1607 3882 antistes;
1660 3832 1755 3884 pu-

197 3923 386 3995 gnavit
420 3920 581 3976 etiam
619 3918 937 3985 insequente
974 3913 1184 3967 sarculo,
1213 3920 1434 3965 sanctus
1468 3907 1750 3971 Maximus,

201 4016 368 4071 abbas
404 4008 904 4082 Cbrysopolitanus,
948 4022 1012 4061 ac
1043 4004 1281 4073 sequiori
1307 4011 1476 4057 aetate
1502 4000 1756 4055 Theodo-

199 4121 298 4164 rus
346 4106 569 4175 quidam
613 4101 922 4173 presbyter,
971 4098 1110 4168 apud
1158 4096 1436 4157 Photium,
1497 4094 1686 4148 codice
1714 4107 1753 4145 ι.

196 4198 549 4272 Apologetica
610 4193 867 4265 opuscula
926 4191 1086 4248 simul
1143 4190 1368 4245 collecta
1403 4187 1759 4257 praestatVe-

200 4300 327 4347 neta
360 4293 477 4345 brec
525 4288 711 4350 editio,
742 4301 862 4355 quae
902 4284 1236 4354 scripserunt
1289 4282 1605 4347 lialloixius,
1634 4279 1760 4335 Del-

200 4388 336 4449 rius,
366 4381 704 4445 Lansselius,
730 4378 1149 4434 Chaumontius.

276 4477 419 4531 Inter
450 4492 543 4530 eos
565 4474 654 4545 qui
684 4471 948 4543 genuinos
985 4468 1328 4538 Areopagitas
1349 4466 1490 4521 fetus
1510 4463 1758 4519 inﬁcian-

1846 3274 1966 3330 qua:
2000 3256 2235 3325 Dionysii
2256 3252 2584 3320 Areopagum
2605 3261 2653 3304 et
2678 3249 2875 3319 Ignalii
2904 3244 3213 3299 Antiocheni
3240 3243 3409 3295 nomi-

1852 3351 2001 3404 nibus
2048 3346 2509 3417 circumferuntur,
2559 3351 2663 3397 etc.
2702 3359 2720 3393 t
2756 3339 2861 3393 Pro
2931 3338 3266 3395 Severianis,
3306 3344 3397 3386 aut

1840 3424 2262 3512 Mounphysitis,
2310 3437 2471 3493 veluti
2522 3434 3008 3503 Areapagiticorum
3068 3428 3406 3489 auctoribus,

1851 3555 1915 3593 ac
1976 3535 2274 3607 praesertim
2308 3530 2469 3587 Petro
2500 3527 2772 3597 Cnaphaeo
2824 3541 2915 3579 seu
2950 3522 3192 3584 Fullone,
3230 3519 3410 3573 Eccle'

1854 3634 1946 3687 sia:
1974 3628 2323 3683 Antiochense
2353 3634 2604 3694 tyranno,
2636 3626 2726 3673 aut
2772 3617 2879 3670 alio
2932 3615 3163 3684 partium
3204 3610 3319 3677 ejus
3356 3618 3411 3663 et

1856 3722 2203 3780 consiliorum
2234 3718 2405 3779 socio,
2434 3715 2543 3786 agit
2579 3713 2854 3768 uberrime
2909 3704 3139 3786 Michael
3174 3704 3395 3773 Lequie-

1854 3833 1956 3873 nus
2002 3815 2119 3869 loco
2170 3812 2353 3873 citato,
2389 3810 2682 3879 pluresque
2726 3809 2778 3859 in
2821 3804 3056 3859 inedium
3087 3796 3298 3868 profert
3336 3810 3401 3849 ac

1857 3910 2147 3981 amplificat
2210 3906 2573 3977 conjecturas.
2630 3899 2818 3953 Virum
2897 3892 3266 3949 doctissimum
3315 3902 3413 3959 pro

1856 4006 2026 4077 virili,
2049 4001 2357 4071 insequitur
2412 4004 2525 4051 tota
2576 3992 2900 4048 Dissertatio
2953 3989 3150 4057 saepius
3199 3986 3412 4040 citata:

1860 4116 2031 4171 neque
2061 4097 2373 4166 opinionem
2404 4091 2545 4159 eius,
2590 4102 2752 4157 quam
2789 4091 3035 4148 noverat,
3061 4077 3415 4135 verisimilem

1860 4170 2013 4265 putat
2049 4190 2393 4247 Christianus
2440 4182 2775 4249 Augustinus
2800 4176 2945 4245 Salig
2996 4175 3046 4227 in
3077 4181 3310 4228 tractatu
3341 4170 3417 4225 De

1866 4284 2294 4357 Eutychianisma
2338 4286 2458 4331 ante
2490 4275 2804 4344 Eutychen:
2836 4284 3011 4339 neque
3064 4280 3278 4321 rursum
3325 4281 3417 4333 ap-

1864 4381 2054 4451 probat
2086 4374 2385 4431 Maturinns
2418 4370 2702 4425 Vessiercs
2730 4366 3028 4421 La-Croze.
3076 4362 3270 4417 Sedem
3301 4356 3415 4412 Au-

1867 4450 2171 4526 tioclienain
2200 4482 2344 4520 anno
2374 4464 2471 4518 4⁵11
2508 4466 2681 4531 prima
2727 4462 2845 4513 vice
2883 4456 3052 4512 tenuit
3093 4450 3417 4521 Cnaphaaus,

204 4584 292 4628 lu"
316 4570 513 4639 Opera.
544 4543 610 4622 dt?
639 4566 834 4636 quibus
858 4567 1095 4634 asimUS.
1125 4562 1274 4615 Varia
1309 4570 1436 4614 δυηι
1470 4558 1662 4626 Philiila
1694 4556 1760 4611 de
1792 4550 1835 4604 υ
1870 4566 2170 4629 iterumque
2199 4560 2395 4613 invasit
2429 4571 2573 4609 anno
2599 4554 2702 4607 476
2732 4561 2786 4607 et
2817 4552 3152 4617 insequente,
3174 4560 3239 4599 ac
3262 4543 3419 4597 tertio

205 4681 457 4736 auctore,
502 4682 663 4736 quem
716 4662 1040 4734 perquirunt
1082 4676 1094 4710 :
1132 4660 1419 4727 ipsumque
1453 4656 1625 4707 virum
1675 4667 1765 4705 or-

208 4764 505 4820 thodoxum
537 4761 741 4813 habent
764 4754 872 4816 alii,
902 4746 1105 4817 aliique
1153 4748 1567 4808 heterodoxum,
1599 4743 1763 4797 dissi-

206 4857 443 4921 dentque
492 4852 557 4905 de
600 4850 820 4903 natione
848 4844 983 4913 ejus.
1019 4841 1339 4897 Guillelmus
1385 4839 1594 4891 Caveas
1623 4833 1768 4887 arbi-

208 4958 387 5003 tratus
407 4942 773 5011 est,0perum
826 4945 1105 4994 auctorem
1153 4933 1255 4987 dici
1308 4946 1462 5001 posse
1492 4926 1773 4996 Apollina-

208 5041 373 5100 rium,
402 5051 560 5105 quem
619 5042 771 5103 putat
820 5030 986 5083 fuisse
1042 5027 1099 5078 in
1159 5026 1263 5093 ﬁde
1318 5029 1768 5086 sanum,patrem

206 5130 536 5202 Apollinaris
569 5126 831 5181 liaerelici.
873 5123 945 5178 Ea
977 5119 1323 5175 Mathurinus
1359 5114 1633 5168 Vessieres
1664 5107 1771 5162 La-

208 5226 385 5284 Croze
432 5221 619 5277 tribuit
671 5217 924 5287 Synesio.
956 5212 1315 5270 Ptolemaidis
1348 5209 1605 5277 episcopo
1637 5221 1651 5257 :
1688 5206 1769 5257 iu~

210 5328 596 5381 centoremque
622 5311 723 5379 ipsi
756 5309 942 5374 fuisse,
968 5316 1026 5361 ut
1056 5304 1243 5360 eadem
1276 5302 1559 5358 scriberet.
1592 5297 1770 5349 Theo-

209 5408 418 5480 philum
456 5384 893 5458 Alexandrinum.
927 5396 1227 5452 contendit.
1262 5390 1439 5458 Quid?
1462 5389 1604 5457 quod
1632 5388 1775 5441 Hen—

214 5495 363 5549 ricus
412 5489 718 5547 Dodwellus
759 5489 811 5542 in
844 5487 1074 5556 epistola
1106 5487 1168 5538 ad
1208 5483 1441 5538 Caveum
1494 5494 1771 5532 commen-

218 5598 302 5641 tus
326 5594 432 5645 est,
476 5599 506 5635 a
538 5581 734 5637 Latino
787 5578 1057 5633 catholico
1107 5576 1321 5630 homine
1372 5572 1629 5639 qundam,
1660 5568 1775 5623 for-

217 5686 365 5729 tasse
416 5673 687 5740 Gregorio
718 5670 929 5739 Magno,
955 5668 1189 5722 conﬁcta
1234 5680 1355 5717 esse
1393 5662 1571 5729 Opera
1608 5662 1779 5712 Areo-

216 5766 473 5835 pagitica,
516 5772 711 5831 utpote
737 5761 827 5830 qui
887 5770 1015 5813 ante
1081 5756 1454 5826 pontiﬁcatum
1493 5752 1581 5805 diu
1615 5751 1775 5803 vitam

214 5858 386 5927 egerit
434 5852 933 5920 Coristantinopoli,
967 5865 1028 5905 ac
1080 5846 1396 5916 Dionysium
1425 5842 1775 5907 confluxerit,

1866 4654 2148 4722 occupavit
2178 4666 2321 4704 anno
2357 4648 2461 4703 485
2487 4647 2552 4700 ad
2579 4659 2776 4698 annum
2800 4656 2976 4710 usque
2997 4639 3119 4692 488.

1938 4746 2224 4800 Auctorem
2248 4754 2375 4809 ergo
2404 4736 2642 4807 apprime
2676 4732 3057 4791 orthodoxum,
3086 4726 3295 4802 censuit
3314 4724 3422 4779 La-

1870 4839 2037 4894 tinum
2081 4832 2402 4894 Dodwellus,
2435 4827 2745 4897 [Egyptium
2795 4822 3113 4877 Paschasius
3156 4817 3425 4883 ‘Quesnel-

1871 4931 1992 4992 lius,
2026 4935 2079 4981 et
2125 4924 2364 4979 Joannes
2416 4920 2559 4974 Bona
2605 4935 2617 4971 :
2656 4917 2900 4972 Graecum
2936 4910 3251 4978 scriptorem
3280 4908 3422 4961 Atti-

1872 5034 2099 5086 cumque
2150 5016 2471 5083 Lequienus.
2526 5008 2660 5062 Vide
2711 5012 2869 5072 caput
2922 5004 2954 5056 6
3006 4998 3423 5056 Dissertationis.

1872 5110 2125 5165 Auctoris
2156 5105 2412 5174 ejusdem,
2443 5099 2685 5169 quisquis
2722 5096 2807 5150 ille
2846 5094 3026 5155 fuerit,
3071 5101 3307 5157 tempora
3338 5090 3426 5141 de-

1873 5201 1991 5254 ﬁnit
2024 5199 2260 5251 Marinus
2291 5203 2410 5263 post
2440 5190 2764 5249 Nestorium.
2807 5195 2860 5239 et
2896 5192 3018 5237 ante
3061 5180 3425 5252 Eutychiano-

1874 5307 1993 5345 rum
2028 5288 2235 5351 turbas,
2288 5285 2476 5352 quinto
2530 5279 2724 5335 saeculo
2768 5276 2982 5329 labente
3011 5289 3027 5325 τ
3060 5272 3165 5324 imo
3198 5270 3427 5323 conﬁcta

1872 5397 2036 5450 opera
2080 5387 2263 5433 censet
2307 5375 2560 5429 Nicolaus
2591 5369 2865 5431 Nourrius,
2912 5375 3087 5417 aseeta
3124 5359 3428 5413 Benedicti-

1875 5488 1975 5525 nus
2018 5472 2431 5527 Sammauraaus,
2468 5463 2609 5515 intra
2641 5471 2837 5512 annum
2864 5454 2987 5516 451,
3040 5466 3147 5518 quo
3193 5446 3429 5517 synodus

1875 5563 2206 5619 mcuiuenica
2280 5557 2541 5627 Ephesina
2609 5553 2865 5605 adversus
2920 5543 3314 5604 Nestorianos,
3378 5548 3431 5590 et

1876 5657 1999 5717 451,
2031 5668 2139 5723 quo
2175 5653 2408 5723 synodus
2443 5642 2896 5700 Chalcedonensis
2932 5646 3118 5693 contra
3141 5630 3432 5695 Eutycbia-

1879 5765 1978 5803 ltOs
2010 5747 2277 5799 celebrata
2304 5751 2403 5797 est.
2430 5738 2594 5795 Paulo
2620 5734 2883 5792 seriorem
2909 5730 3095 5785 fetum
3118 5734 3326 5780 aetatem
3349 5737 3435 5776 ar~

1878 5841 2147 5895 bitrnntur
2174 5835 2280 5891 alii.
