  <div class='ocr_page' id='page_1' title='image "/cluster/home/n/w/nwhite01/storage/ocr_20150623/3/pst.000003853313/042.png"; bbox 0 0 4196 6306; ppageno 0'>
   <div class='ocr_carea' id='block_1_1' title="bbox 147 372 3366 454">
    <p class='ocr_par' dir='ltr' id='par_1_1' title="bbox 147 372 3366 454">
     <span class='ocr_line' id='line_1_1' title="bbox 147 372 3366 454; baseline -0.003 -13"><span class='ocrx_word' id='word_1_1' title='bbox 147 372 219 428; x_wconf 81' lang='lat'><strong>65</strong></span> <span class='ocrx_word' id='word_1_2' title='bbox 1496 376 2035 453; x_wconf 60' lang='lat' dir='ltr'><strong>tuomeonem,</strong></span> <span class='ocrx_word' id='word_1_3' title='bbox 3296 398 3366 454; x_wconf 62' lang='grc' dir='ltr'><strong>σε</strong></span> 
     </span>
    </p>
   </div>
   <div class='ocr_carea' id='block_1_2' title="bbox 145 488 3367 572">
    <p class='ocr_par' dir='ltr' id='par_1_2' title="bbox 145 488 3367 572">
     <span class='ocr_line' id='line_1_2' title="bbox 145 488 3367 572; baseline 0.009 -35"><span class='ocrx_word' id='word_1_4' title='bbox 145 488 377 555; x_wconf 80' lang='lat' dir='ltr'><strong>politani</strong></span> <span class='ocrx_word' id='word_1_5' title='bbox 404 504 431 541; x_wconf 73' lang='grc' dir='ltr'><strong>τι</strong></span> <span class='ocrx_word' id='word_1_6' title='bbox 465 490 701 548; x_wconf 81' lang='lat' dir='ltr'><strong>Roberto</strong></span> <span class='ocrx_word' id='word_1_7' title='bbox 730 493 982 564; x_wconf 80' lang='lat' dir='ltr'><strong>cpiscOpo</strong></span> <span class='ocrx_word' id='word_1_8' title='bbox 1007 496 1367 553; x_wconf 85' lang='lat' dir='ltr'><strong>Lincolniensi</strong></span> <span class='ocrx_word' id='word_1_9' title='bbox 1395 498 1551 556; x_wconf 79' lang='lat' dir='ltr'><strong>facta.</strong></span> <span class='ocrx_word' id='word_1_10' title='bbox 1571 510 1626 554; x_wconf 88' lang='lat' dir='ltr'><strong>et</strong></span> <span class='ocrx_word' id='word_1_11' title='bbox 1654 516 1706 555; x_wconf 86' lang='lat' dir='ltr'><strong>tn</strong></span> <span class='ocrx_word' id='word_1_12' title='bbox 1737 520 1775 571; x_wconf 67' lang='grc' dir='ltr'><strong>Α</strong></span> <span class='ocrx_word' id='word_1_13' title='bbox 1811 500 1885 555; x_wconf 90' lang='lat' dir='ltr'><strong>tio</strong></span> <span class='ocrx_word' id='word_1_14' title='bbox 1916 502 2100 568; x_wconf 79' lang='lat' dir='ltr'><strong>(verba</strong></span> <span class='ocrx_word' id='word_1_15' title='bbox 2130 498 2553 572; x_wconf 81' lang='lat' dir='ltr'><strong>su:tthqaieni&#39;;</strong></span> <span class='ocrx_word' id='word_1_16' title='bbox 2586 506 2651 557; x_wconf 82' lang='lat' dir='ltr'><strong>ab</strong></span> <span class='ocrx_word' id='word_1_17' title='bbox 2686 503 2791 559; x_wconf 88' lang='lat' dir='ltr'><strong>alio</strong></span> <span class='ocrx_word' id='word_1_18' title='bbox 2822 513 3039 562; x_wconf 79' lang='lat' dir='ltr'><strong>auctore</strong></span> <span class='ocrx_word' id='word_1_19' title='bbox 3082 511 3247 565; x_wconf 87' lang='lat' dir='ltr'><strong>indita</strong></span> <span class='ocrx_word' id='word_1_20' title='bbox 3286 518 3367 568; x_wconf 79' lang='lat' dir='ltr'><strong>eis</strong></span> 
     </span>
    </p>
   </div>
   <div class='ocr_carea' id='block_1_3' title="bbox 147 576 1707 659">
    <p class='ocr_par' dir='ltr' id='par_1_3' title="bbox 147 576 1707 659">
     <span class='ocr_line' id='line_1_3' title="bbox 147 576 1707 659; baseline 0.01 -26"><span class='ocrx_word' id='word_1_21' title='bbox 147 578 472 637; x_wconf 81' lang='lat' dir='ltr'><strong>bibliotheca</strong></span> <span class='ocrx_word' id='word_1_22' title='bbox 505 584 716 654; x_wconf 79' lang='lat' dir='ltr'><strong>collegii</strong></span> <span class='ocrx_word' id='word_1_23' title='bbox 750 585 1003 655; x_wconf 86' lang='lat' dir='ltr'><strong>Corporis</strong></span> <span class='ocrx_word' id='word_1_24' title='bbox 1032 588 1231 643; x_wconf 79' lang='lat' dir='ltr'><strong>Christi</strong></span> <span class='ocrx_word' id='word_1_25' title='bbox 1264 592 1401 659; x_wconf 87' lang='lat' dir='ltr'><strong>apud</strong></span> <span class='ocrx_word' id='word_1_26' title='bbox 1433 576 1707 647; x_wconf 72' lang='lat' dir='ltr'><strong>Oseuien-</strong></span> 
     </span>
    </p>
   </div>
   <div class='ocr_carea' id='block_1_4' title="bbox 147 677 1312 746">
    <p class='ocr_par' dir='ltr' id='par_1_4' title="bbox 147 677 1312 746">
     <span class='ocr_line' id='line_1_4' title="bbox 147 677 1312 746; baseline 0.006 -21"><span class='ocrx_word' id='word_1_27' title='bbox 147 687 238 725; x_wconf 85' lang='lat' dir='ltr'><strong>ses</strong></span> <span class='ocrx_word' id='word_1_28' title='bbox 263 687 395 727; x_wconf 57' lang='lat' dir='ltr'><strong>mss.</strong></span> <span class='ocrx_word' id='word_1_29' title='bbox 418 684 717 744; x_wconf 82' lang='lat' dir='ltr'><strong>asservata,</strong></span> <span class='ocrx_word' id='word_1_30' title='bbox 751 677 804 730; x_wconf 91' lang='lat' dir='ltr'><strong>iu</strong></span> <span class='ocrx_word' id='word_1_31' title='bbox 836 694 938 746; x_wconf 85' lang='lat' dir='ltr'><strong>qua</strong></span> <span class='ocrx_word' id='word_1_32' title='bbox 978 681 1257 745; x_wconf 79' lang='lat' dir='ltr'><strong>reperitur.</strong></span> <span class='ocrx_word' id='word_1_33' title='bbox 1295 702 1312 732; x_wconf 87' lang='lat' dir='ltr'><strong>s</strong></span> 
     </span>
    </p>
   </div>
   <div class='ocr_carea' id='block_1_5' title="bbox 216 762 1709 832">
    <p class='ocr_par' dir='ltr' id='par_1_5' title="bbox 216 762 1709 832">
     <span class='ocr_line' id='line_1_5' title="bbox 216 762 1709 832; baseline 0.01 -15"><span class='ocrx_word' id='word_1_34' title='bbox 216 762 372 819; x_wconf 85' lang='lat' dir='ltr'><strong>llunc</strong></span> <span class='ocrx_word' id='word_1_35' title='bbox 396 765 817 822; x_wconf 77' lang='lat' dir='ltr'><strong>Usserii&#39;locum</strong></span> <span class='ocrx_word' id='word_1_36' title='bbox 844 770 1041 824; x_wconf 86' lang='lat' dir='ltr'><strong>indicat</strong></span> <span class='ocrx_word' id='word_1_37' title='bbox 1065 772 1222 827; x_wconf 88' lang='lat' dir='ltr'><strong>Joan.</strong></span> <span class='ocrx_word' id='word_1_38' title='bbox 1247 774 1501 830; x_wconf 86' lang='lat' dir='ltr'><strong>Albertus</strong></span> <span class='ocrx_word' id='word_1_39' title='bbox 1522 777 1709 832; x_wconf 86' lang='lat' dir='ltr'><strong>Fabri-</strong></span> 
     </span>
    </p>
   </div>
   <div class='ocr_carea' id='block_1_6' title="bbox 146 854 1705 938">
    <p class='ocr_par' dir='ltr' id='par_1_6' title="bbox 146 854 1705 938">
     <span class='ocr_line' id='line_1_6' title="bbox 146 854 1705 938; baseline 0.01 -29"><span class='ocrx_word' id='word_1_40' title='bbox 146 857 267 910; x_wconf 84' lang='lat' dir='ltr'><strong>cius</strong></span> <span class='ocrx_word' id='word_1_41' title='bbox 298 858 349 911; x_wconf 88' lang='lat' dir='ltr'><strong>in</strong></span> <span class='ocrx_word' id='word_1_42' title='bbox 377 854 699 914; x_wconf 80' lang='lat' dir='ltr'><strong>Bibliotheca</strong></span> <span class='ocrx_word' id='word_1_43' title='bbox 730 858 936 927; x_wconf 78' lang='lat' dir='ltr'><strong>Crtrca,</strong></span> <span class='ocrx_word' id='word_1_44' title='bbox 979 862 1115 921; x_wconf 88' lang='lat' dir='ltr'><strong>libro</strong></span> <span class='ocrx_word' id='word_1_45' title='bbox 1150 881 1200 933; x_wconf 89' lang='lat' dir='ltr'><strong>v,</strong></span> <span class='ocrx_word' id='word_1_46' title='bbox 1244 870 1423 938; x_wconf 87' lang='lat' dir='ltr'><strong>capite</strong></span> <span class='ocrx_word' id='word_1_47' title='bbox 1453 871 1506 932; x_wconf 79' lang='grc'><strong>1,</strong></span> <span class='ocrx_word' id='word_1_48' title='bbox 1554 887 1705 930; x_wconf 89' lang='lat' dir='ltr'><strong>num.</strong></span> 
     </span>
    </p>
   </div>
   <div class='ocr_carea' id='block_1_7' title="bbox 144 946 1678 1029">
    <p class='ocr_par' dir='ltr' id='par_1_7' title="bbox 144 946 1678 1029">
     <span class='ocr_line' id='line_1_7' title="bbox 144 946 1678 1029; baseline 0.01 -31"><span class='ocrx_word' id='word_1_49' title='bbox 144 948 201 1008; x_wconf 86' lang='lat'><strong>6,</strong></span> <span class='ocrx_word' id='word_1_50' title='bbox 233 946 461 1018; x_wconf 84' lang='lat' dir='ltr'><strong>allegata</strong></span> <span class='ocrx_word' id='word_1_51' title='bbox 498 950 738 1018; x_wconf 79' lang='lat' dir='ltr'><strong>ejusdem</strong></span> <span class='ocrx_word' id='word_1_52' title='bbox 770 951 974 1008; x_wconf 86' lang='lat' dir='ltr'><strong>Usserii</strong></span> <span class='ocrx_word' id='word_1_53' title='bbox 1012 953 1390 1011; x_wconf 81' lang='lat' dir='ltr'><strong>Dissertatione</strong></span> <span class='ocrx_word' id='word_1_54' title='bbox 1418 959 1483 1011; x_wconf 85' lang='lat' dir='ltr'><strong>de</strong></span> <span class='ocrx_word' id='word_1_55' title='bbox 1508 957 1678 1029; x_wconf 79' lang='lat' dir='ltr'><strong>Diony</strong></span> 
     </span>
    </p>
   </div>
   <div class='ocr_carea' id='block_1_8' title="bbox 144 1039 1705 1110">
    <p class='ocr_par' dir='ltr' id='par_1_8' title="bbox 144 1039 1705 1110">
     <span class='ocr_line' id='line_1_8' title="bbox 144 1039 1705 1110; baseline 0.008 -19"><span class='ocrx_word' id='word_1_56' title='bbox 144 1039 227 1093; x_wconf 84' lang='lat' dir='ltr'><strong>sla</strong></span> <span class='ocrx_word' id='word_1_57' title='bbox 252 1054 272 1093; x_wconf 91' lang='lat'><strong><em>:</em></strong></span> <span class='ocrx_word' id='word_1_58' title='bbox 300 1055 482 1109; x_wconf 89' lang='lat' dir='ltr'><strong>quam,</strong></span> <span class='ocrx_word' id='word_1_59' title='bbox 511 1042 706 1110; x_wconf 90' lang='lat' dir='ltr'><strong>inquit,</strong></span> <span class='ocrx_word' id='word_1_60' title='bbox 751 1044 820 1100; x_wconf 83' lang='lat' dir='ltr'><strong>il.</strong></span> <span class='ocrx_word' id='word_1_61' title='bbox 856 1044 1188 1102; x_wconf 84' lang='lat' dir='ltr'><strong>Whartonus</strong></span> <span class='ocrx_word' id='word_1_62' title='bbox 1217 1050 1386 1103; x_wconf 91' lang='lat' dir='ltr'><strong>edidit</strong></span> <span class='ocrx_word' id='word_1_63' title='bbox 1414 1053 1479 1103; x_wconf 87' lang='lat' dir='ltr'><strong>ad</strong></span> <span class='ocrx_word' id='word_1_64' title='bbox 1501 1050 1705 1104; x_wconf 79' lang='lat' dir='ltr'><strong>calcem</strong></span> 
     </span>
    </p>
   </div>
   <div class='ocr_carea' id='block_1_9' title="bbox 147 1130 1710 1211">
    <p class='ocr_par' dir='ltr' id='par_1_9' title="bbox 147 1130 1710 1211">
     <span class='ocr_line' id='line_1_9' title="bbox 147 1130 1710 1211; baseline 0.01 -29"><span class='ocrx_word' id='word_1_65' title='bbox 147 1130 267 1185; x_wconf 73' lang='grc' dir='ltr'><strong>Μ)τί</strong></span> <span class='ocrx_word' id='word_1_66' title='bbox 299 1131 375 1186; x_wconf 87' lang='lat' dir='ltr'><strong>De</strong></span> <span class='ocrx_word' id='word_1_67' title='bbox 394 1132 591 1198; x_wconf 82' lang='lat' dir='ltr'><strong>scriptu</strong></span> <span class='ocrx_word' id='word_1_68' title='bbox 604 1140 671 1190; x_wconf 79' lang='lat' dir='ltr'><strong>ris</strong></span> <span class='ocrx_word' id='word_1_69' title='bbox 693 1141 959 1206; x_wconf 71' lang='lat' dir='ltr'><strong>sacrisque</strong></span> <span class='ocrx_word' id='word_1_70' title='bbox 984 1140 1292 1195; x_wconf 74' lang='lat' dir='ltr'><strong>vernaculis.</strong></span> <span class='ocrx_word' id='word_1_71' title='bbox 1316 1141 1489 1197; x_wconf 81' lang='lat' dir='ltr'><strong>Vitam</strong></span> <span class='ocrx_word' id='word_1_72' title='bbox 1518 1144 1710 1211; x_wconf 80' lang='lat' dir='ltr'><strong>agebat</strong></span> 
     </span>
    </p>
   </div>
   <div class='ocr_carea' id='block_1_10' title="bbox 149 1228 1709 1305">
    <p class='ocr_par' dir='ltr' id='par_1_10' title="bbox 149 1228 1709 1305">
     <span class='ocr_line' id='line_1_10' title="bbox 149 1228 1709 1305; baseline 0.006 -25"><span class='ocrx_word' id='word_1_73' title='bbox 149 1228 401 1285; x_wconf 79' lang='lat' dir='ltr'><strong>laudatus</strong></span> <span class='ocrx_word' id='word_1_74' title='bbox 440 1232 731 1298; x_wconf 82' lang='lat' dir='ltr'><strong>Robertus,</strong></span> <span class='ocrx_word' id='word_1_75' title='bbox 784 1233 1175 1289; x_wconf 84' lang='lat' dir='ltr'><strong>Lincoiniensis</strong></span> <span class='ocrx_word' id='word_1_76' title='bbox 1211 1235 1515 1305; x_wconf 86' lang='lat' dir='ltr'><strong>episc0pus,</strong></span> <span class='ocrx_word' id='word_1_77' title='bbox 1550 1239 1709 1291; x_wconf 88' lang='lat' dir='ltr'><strong>tertio</strong></span> 
     </span>
    </p>
   </div>
   <div class='ocr_carea' id='block_1_11' title="bbox 148 1317 1709 1393">
    <p class='ocr_par' dir='ltr' id='par_1_11' title="bbox 148 1317 1709 1393">
     <span class='ocr_line' id='line_1_11' title="bbox 148 1317 1709 1393; baseline 0.006 -21"><span class='ocrx_word' id='word_1_78' title='bbox 148 1317 358 1375; x_wconf 87' lang='lat' dir='ltr'><strong>decimo</strong></span> <span class='ocrx_word' id='word_1_79' title='bbox 383 1324 599 1388; x_wconf 79' lang='lat' dir='ltr'><strong>Steculo,</strong></span> <span class='ocrx_word' id='word_1_80' title='bbox 646 1324 920 1393; x_wconf 87' lang='lat' dir='ltr'><strong>vitamque</strong></span> <span class='ocrx_word' id='word_1_81' title='bbox 964 1329 1313 1381; x_wconf 89' lang='lat' dir='ltr'><strong>commutavit</strong></span> <span class='ocrx_word' id='word_1_82' title='bbox 1362 1343 1484 1382; x_wconf 90' lang='lat' dir='ltr'><strong>cum</strong></span> <span class='ocrx_word' id='word_1_83' title='bbox 1540 1339 1709 1381; x_wconf 88' lang='lat' dir='ltr'><strong>morte</strong></span> 
     </span>
    </p>
   </div>
   <div class='ocr_carea' id='block_1_12' title="bbox 152 1414 1710 1491">
    <p class='ocr_par' dir='ltr' id='par_1_12' title="bbox 152 1414 1710 1491">
     <span class='ocr_line' id='line_1_12' title="bbox 152 1414 1710 1491; baseline 0.004 -28"><span class='ocrx_word' id='word_1_84' title='bbox 152 1424 293 1465; x_wconf 71' lang='lat' dir='ltr'><strong>anno</strong></span> <span class='ocrx_word' id='word_1_85' title='bbox 322 1414 480 1481; x_wconf 69' lang='grc'><strong>1255,</strong></span> <span class='ocrx_word' id='word_1_86' title='bbox 513 1418 655 1487; x_wconf 86' lang='lat' dir='ltr'><strong>apud</strong></span> <span class='ocrx_word' id='word_1_87' title='bbox 683 1418 929 1491; x_wconf 87' lang='lat' dir='ltr'><strong>eumdem</strong></span> <span class='ocrx_word' id='word_1_88' title='bbox 954 1416 1261 1473; x_wconf 81' lang='lat' dir='ltr'><strong>Fabricium</strong></span> <span class='ocrx_word' id='word_1_89' title='bbox 1296 1420 1347 1472; x_wconf 89' lang='lat' dir='ltr'><strong>in</strong></span> <span class='ocrx_word' id='word_1_90' title='bbox 1391 1415 1710 1470; x_wconf 76' lang='lat' dir='ltr'><strong>Bibliotheca</strong></span> 
     </span>
    </p>
   </div>
   <div class='ocr_carea' id='block_1_13' title="bbox 152 1502 1713 1578">
    <p class='ocr_par' dir='ltr' id='par_1_13' title="bbox 152 1502 1713 1578">
     <span class='ocr_line' id='line_1_13' title="bbox 152 1502 1713 1578; baseline 0.004 -21"><span class='ocrx_word' id='word_1_91' title='bbox 152 1502 339 1560; x_wconf 82' lang='lat' dir='ltr'><strong>Latina</strong></span> <span class='ocrx_word' id='word_1_92' title='bbox 369 1509 553 1562; x_wconf 78' lang='lat' dir='ltr'><strong>medice</strong></span> <span class='ocrx_word' id='word_1_93' title='bbox 576 1522 622 1564; x_wconf 83' lang='lat' dir='ltr'><strong>et</strong></span> <span class='ocrx_word' id='word_1_94' title='bbox 649 1511 844 1578; x_wconf 76' lang='lat' dir='ltr'><strong>iit/ima:</strong></span> <span class='ocrx_word' id='word_1_95' title='bbox 877 1514 1065 1563; x_wconf 73' lang='lat' dir='ltr'><strong>(etatis.</strong></span> <span class='ocrx_word' id='word_1_96' title='bbox 1087 1511 1213 1577; x_wconf 64' lang='lat' dir='ltr'><strong>Qun:</strong></span> <span class='ocrx_word' id='word_1_97' title='bbox 1237 1526 1361 1566; x_wconf 85' lang='lat' dir='ltr'><strong>vero</strong></span> <span class='ocrx_word' id='word_1_98' title='bbox 1388 1509 1587 1564; x_wconf 88' lang='lat' dir='ltr'><strong>invehit</strong></span> <span class='ocrx_word' id='word_1_99' title='bbox 1611 1511 1713 1565; x_wconf 87' lang='lat' dir='ltr'><strong>Us-</strong></span> 
     </span>
    </p>
   </div>
   <div class='ocr_carea' id='block_1_14' title="bbox 150 1598 1710 1673">
    <p class='ocr_par' dir='ltr' id='par_1_14' title="bbox 150 1598 1710 1673">
     <span class='ocr_line' id='line_1_14' title="bbox 150 1598 1710 1673; baseline 0.001 -18"><span class='ocrx_word' id='word_1_100' title='bbox 150 1602 327 1657; x_wconf 85' lang='lat' dir='ltr'><strong>serius</strong></span> <span class='ocrx_word' id='word_1_101' title='bbox 358 1603 424 1656; x_wconf 85' lang='lat' dir='ltr'><strong>de</strong></span> <span class='ocrx_word' id='word_1_102' title='bbox 458 1598 884 1671; x_wconf 84' lang='lat' dir='ltr'><strong>Scythopolitani</strong></span> <span class='ocrx_word' id='word_1_103' title='bbox 923 1603 1154 1659; x_wconf 83' lang='lat' dir='ltr'><strong>Scholiis</strong></span> <span class='ocrx_word' id='word_1_104' title='bbox 1189 1603 1444 1673; x_wconf 82' lang='lat' dir='ltr'><strong>Dionysio</strong></span> <span class='ocrx_word' id='word_1_105' title='bbox 1472 1598 1710 1660; x_wconf 78' lang='lat' dir='ltr'><strong>Alexan-</strong></span> 
     </span>
    </p>
   </div>
   <div class='ocr_carea' id='block_1_15' title="bbox 151 1695 1708 1769">
    <p class='ocr_par' dir='ltr' id='par_1_15' title="bbox 151 1695 1708 1769">
     <span class='ocr_line' id='line_1_15' title="bbox 151 1695 1708 1769; baseline 0.006 -24"><span class='ocrx_word' id='word_1_106' title='bbox 151 1695 309 1750; x_wconf 86' lang='lat' dir='ltr'><strong>drino</strong></span> <span class='ocrx_word' id='word_1_107' title='bbox 332 1696 629 1760; x_wconf 88' lang='lat' dir='ltr'><strong>attributis,</strong></span> <span class='ocrx_word' id='word_1_108' title='bbox 662 1696 835 1766; x_wconf 87' lang='lat' dir='ltr'><strong>deque</strong></span> <span class='ocrx_word' id='word_1_109' title='bbox 865 1699 1130 1769; x_wconf 74' lang='lat' dir='ltr'><strong>sententia</strong></span> <span class='ocrx_word' id='word_1_110' title='bbox 1159 1698 1554 1769; x_wconf 72' lang='lat' dir='ltr'><strong>Cyparissiotze,</strong></span> <span class='ocrx_word' id='word_1_111' title='bbox 1583 1700 1708 1755; x_wconf 87' lang='lat' dir='ltr'><strong>dili-</strong></span> 
     </span>
    </p>
   </div>
   <div class='ocr_carea' id='block_1_16' title="bbox 148 1768 1705 1854">
    <p class='ocr_par' dir='ltr' id='par_1_16' title="bbox 148 1768 1705 1854">
     <span class='ocr_line' id='line_1_16' title="bbox 148 1768 1705 1854; baseline 0.004 -17"><span class='ocrx_word' id='word_1_112' title='bbox 148 1782 376 1850; x_wconf 82' lang='lat' dir='ltr'><strong>gentiori</strong></span> <span class='ocrx_word' id='word_1_113' title='bbox 402 1798 527 1836; x_wconf 85' lang='lat' dir='ltr'><strong>cura</strong></span> <span class='ocrx_word' id='word_1_114' title='bbox 551 1787 900 1854; x_wconf 79' lang='lat' dir='ltr'><strong>expendimus</strong></span> <span class='ocrx_word' id='word_1_115' title='bbox 925 1768 1021 1841; x_wconf 71' lang='lat' dir='ltr'><strong>nos</strong></span> <span class='ocrx_word' id='word_1_116' title='bbox 1044 1786 1094 1841; x_wconf 90' lang='lat' dir='ltr'><strong>in</strong></span> <span class='ocrx_word' id='word_1_117' title='bbox 1120 1768 1504 1844; x_wconf 81' lang='lat' dir='ltr'><strong>Dissertatione</strong></span> <span class='ocrx_word' id='word_1_118' title='bbox 1526 1799 1705 1844; x_wconf 86' lang='lat' dir='ltr'><strong>nostra</strong></span> 
     </span>
    </p>
   </div>
   <div class='ocr_carea' id='block_1_17' title="bbox 147 1875 797 1943">
    <p class='ocr_par' dir='ltr' id='par_1_17' title="bbox 147 1875 797 1943">
     <span class='ocr_line' id='line_1_17' title="bbox 147 1875 797 1943; baseline 0.011 -18"><span class='ocrx_word' id='word_1_119' title='bbox 147 1889 288 1943; x_wconf 72' lang='lat' dir='ltr'><strong>smpe</strong></span> <span class='ocrx_word' id='word_1_120' title='bbox 317 1876 507 1937; x_wconf 80' lang='lat' dir='ltr'><strong>citata,</strong></span> <span class='ocrx_word' id='word_1_121' title='bbox 532 1877 710 1941; x_wconf 79' lang='lat' dir='ltr'><strong>capite</strong></span> <span class='ocrx_word' id='word_1_122' title='bbox 741 1875 797 1933; x_wconf 88' lang='lat'><strong>5.</strong></span> 
     </span>
    </p>
   </div>
   <div class='ocr_carea' id='block_1_18' title="bbox 217 1966 1706 2041">
    <p class='ocr_par' dir='ltr' id='par_1_18' title="bbox 217 1966 1706 2041">
     <span class='ocr_line' id='line_1_18' title="bbox 217 1966 1706 2041; baseline 0.007 -22"><span class='ocrx_word' id='word_1_123' title='bbox 217 1967 364 2021; x_wconf 82' lang='lat' dir='ltr'><strong>inter</strong></span> <span class='ocrx_word' id='word_1_124' title='bbox 386 1967 529 2021; x_wconf 84' lang='lat' dir='ltr'><strong>edita</strong></span> <span class='ocrx_word' id='word_1_125' title='bbox 556 1966 773 2022; x_wconf 86' lang='lat' dir='ltr'><strong>Scholia</strong></span> <span class='ocrx_word' id='word_1_126' title='bbox 807 1979 934 2022; x_wconf 85' lang='lat' dir='ltr'><strong>sunt</strong></span> <span class='ocrx_word' id='word_1_127' title='bbox 964 1969 1138 2040; x_wconf 86' lang='lat' dir='ltr'><strong>aliqua</strong></span> <span class='ocrx_word' id='word_1_128' title='bbox 1173 1986 1290 2041; x_wconf 64' lang='lat' dir='ltr'><strong>quae</strong></span> <span class='ocrx_word' id='word_1_129' title='bbox 1313 1972 1449 2026; x_wconf 85' lang='lat' dir='ltr'><strong>satis</strong></span> <span class='ocrx_word' id='word_1_130' title='bbox 1474 1973 1706 2040; x_wconf 92' lang='lat' dir='ltr'><strong>produnt</strong></span> 
     </span>
    </p>
   </div>
   <div class='ocr_carea' id='block_1_19' title="bbox 146 2060 1708 2133">
    <p class='ocr_par' dir='ltr' id='par_1_19' title="bbox 146 2060 1708 2133">
     <span class='ocr_line' id='line_1_19' title="bbox 146 2060 1708 2133; baseline 0.003 -22"><span class='ocrx_word' id='word_1_131' title='bbox 146 2064 444 2122; x_wconf 73' lang='lat' dir='ltr'><strong>anetorem,</strong></span> <span class='ocrx_word' id='word_1_132' title='bbox 478 2076 581 2114; x_wconf 92' lang='lat' dir='ltr'><strong>non</strong></span> <span class='ocrx_word' id='word_1_133' title='bbox 620 2060 932 2125; x_wconf 76' lang='lat' dir='ltr'><strong>Maximum,</strong></span> <span class='ocrx_word' id='word_1_134' title='bbox 970 2062 1062 2125; x_wconf 82' lang='lat' dir='ltr'><strong>sed</strong></span> <span class='ocrx_word' id='word_1_135' title='bbox 1103 2063 1287 2125; x_wconf 88' lang='lat' dir='ltr'><strong>alium,</strong></span> <span class='ocrx_word' id='word_1_136' title='bbox 1319 2064 1504 2133; x_wconf 83' lang='lat' dir='ltr'><strong>utique</strong></span> <span class='ocrx_word' id='word_1_137' title='bbox 1543 2062 1708 2118; x_wconf 80' lang='lat' dir='ltr'><strong>Joan-</strong></span> 
     </span>
    </p>
   </div>
   <div class='ocr_carea' id='block_1_20' title="bbox 146 2149 1709 2225">
    <p class='ocr_par' dir='ltr' id='par_1_20' title="bbox 146 2149 1709 2225">
     <span class='ocr_line' id='line_1_20' title="bbox 146 2149 1709 2225; baseline 0.004 -21"><span class='ocrx_word' id='word_1_138' title='bbox 146 2164 267 2205; x_wconf 87' lang='lat' dir='ltr'><strong>nem</strong></span> <span class='ocrx_word' id='word_1_139' title='bbox 301 2149 827 2222; x_wconf 85' lang='lat' dir='ltr'><strong>Scythopolitanum.</strong></span> <span class='ocrx_word' id='word_1_140' title='bbox 874 2152 1102 2225; x_wconf 71' lang='lat' dir='ltr'><strong>Egregie</strong></span> <span class='ocrx_word' id='word_1_141' title='bbox 1159 2172 1269 2208; x_wconf 83' lang='lat' dir='ltr'><strong>rcm</strong></span> <span class='ocrx_word' id='word_1_142' title='bbox 1316 2158 1571 2225; x_wconf 78' lang='lat' dir='ltr'><strong>patefacit</strong></span> <span class='ocrx_word' id='word_1_143' title='bbox 1614 2155 1709 2211; x_wconf 83' lang='lat' dir='ltr'><strong>Mi-</strong></span> 
     </span>
    </p>
   </div>
   <div class='ocr_carea' id='block_1_21' title="bbox 147 2242 1706 2327">
    <p class='ocr_par' dir='ltr' id='par_1_21' title="bbox 147 2242 1706 2327">
     <span class='ocr_line' id='line_1_21' title="bbox 147 2242 1706 2327; baseline 0.003 -30"><span class='ocrx_word' id='word_1_144' title='bbox 147 2242 302 2300; x_wconf 82' lang='lat' dir='ltr'><strong>chael</strong></span> <span class='ocrx_word' id='word_1_145' title='bbox 351 2242 658 2315; x_wconf 88' lang='lat' dir='ltr'><strong>Lequicnus</strong></span> <span class='ocrx_word' id='word_1_146' title='bbox 714 2247 766 2301; x_wconf 91' lang='lat' dir='ltr'><strong>in</strong></span> <span class='ocrx_word' id='word_1_147' title='bbox 814 2245 1202 2327; x_wconf 81' lang='lat' dir='ltr'><strong>Dissertatione</strong></span> <span class='ocrx_word' id='word_1_148' title='bbox 1242 2248 1706 2303; x_wconf 84' lang='lat' dir='ltr'><strong>Damascenicatt.</strong></span> 
     </span>
    </p>
   </div>
   <div class='ocr_carea' id='block_1_22' title="bbox 151 2333 1709 2409">
    <p class='ocr_par' dir='ltr' id='par_1_22' title="bbox 151 2333 1709 2409">
     <span class='ocr_line' id='line_1_22' title="bbox 151 2333 1709 2409; baseline 0.004 -21"><span class='ocrx_word' id='word_1_149' title='bbox 151 2355 169 2388; x_wconf 75' lang='grc' dir='ltr'><strong><em>ι</em></strong></span> <span class='ocrx_word' id='word_1_150' title='bbox 202 2333 456 2406; x_wconf 83' lang='lat' dir='ltr'><strong>Inprimis</strong></span> <span class='ocrx_word' id='word_1_151' title='bbox 484 2352 541 2391; x_wconf 88' lang='lat' dir='ltr'><strong>se</strong></span> <span class='ocrx_word' id='word_1_152' title='bbox 582 2351 644 2391; x_wconf 89' lang='lat' dir='ltr'><strong>ea</strong></span> <span class='ocrx_word' id='word_1_153' title='bbox 674 2347 852 2404; x_wconf 61' lang='lat' dir='ltr'><strong>atate,</strong></span> <span class='ocrx_word' id='word_1_154' title='bbox 883 2340 1042 2409; x_wconf 85' lang='lat' dir='ltr'><strong>inque</strong></span> <span class='ocrx_word' id='word_1_155' title='bbox 1071 2354 1132 2393; x_wconf 89' lang='lat' dir='ltr'><strong>ea</strong></span> <span class='ocrx_word' id='word_1_156' title='bbox 1166 2341 1382 2409; x_wconf 76' lang='lat' dir='ltr'><strong>regione</strong></span> <span class='ocrx_word' id='word_1_157' title='bbox 1412 2341 1609 2395; x_wconf 78' lang='lat' dir='ltr'><strong>vixisse</strong></span> <span class='ocrx_word' id='word_1_158' title='bbox 1632 2342 1709 2394; x_wconf 91' lang='lat' dir='ltr'><strong>si-</strong></span> 
     </span>
    </p>
   </div>
   <div class='ocr_carea' id='block_1_23' title="bbox 147 2427 1712 2498">
    <p class='ocr_par' dir='ltr' id='par_1_23' title="bbox 147 2427 1712 2498">
     <span class='ocr_line' id='line_1_23' title="bbox 147 2427 1712 2498; baseline 0.004 -17"><span class='ocrx_word' id='word_1_159' title='bbox 147 2430 389 2498; x_wconf 85' lang='lat' dir='ltr'><strong>gnitlcat,</strong></span> <span class='ocrx_word' id='word_1_160' title='bbox 422 2429 474 2482; x_wconf 90' lang='lat' dir='ltr'><strong>in</strong></span> <span class='ocrx_word' id='word_1_161' title='bbox 504 2429 699 2498; x_wconf 88' lang='lat' dir='ltr'><strong>quibus</strong></span> <span class='ocrx_word' id='word_1_162' title='bbox 721 2427 1145 2497; x_wconf 82' lang='lat' dir='ltr'><strong>Origenistarum</strong></span> <span class='ocrx_word' id='word_1_163' title='bbox 1176 2432 1395 2486; x_wconf 65' lang='lat' dir='ltr'><strong>ha&#39;rcsis</strong></span> <span class='ocrx_word' id='word_1_164' title='bbox 1419 2428 1712 2488; x_wconf 52' lang='lat' dir='ltr'><strong>invalesce-</strong></span> 
     </span>
    </p>
   </div>
   <div class='ocr_carea' id='block_1_24' title="bbox 150 2518 1711 2589">
    <p class='ocr_par' dir='ltr' id='par_1_24' title="bbox 150 2518 1711 2589">
     <span class='ocr_line' id='line_1_24' title="bbox 150 2518 1711 2589; baseline 0.003 -14"><span class='ocrx_word' id='word_1_165' title='bbox 150 2529 248 2575; x_wconf 84' lang='lat' dir='ltr'><strong>ret.</strong></span> <span class='ocrx_word' id='word_1_166' title='bbox 278 2519 415 2576; x_wconf 82' lang='lat' dir='ltr'><strong>Nam</strong></span> <span class='ocrx_word' id='word_1_167' title='bbox 450 2521 499 2575; x_wconf 92' lang='lat' dir='ltr'><strong>in</strong></span> <span class='ocrx_word' id='word_1_168' title='bbox 523 2528 684 2589; x_wconf 89' lang='lat' dir='ltr'><strong>caput</strong></span> <span class='ocrx_word' id='word_1_169' title='bbox 709 2521 739 2575; x_wconf 91' lang='lat'><strong>7</strong></span> <span class='ocrx_word' id='word_1_170' title='bbox 768 2518 842 2575; x_wconf 88' lang='lat' dir='ltr'><strong>De</strong></span> <span class='ocrx_word' id='word_1_171' title='bbox 878 2522 1227 2576; x_wconf 80' lang='lat' dir='ltr'><strong>ecclesiastica</strong></span> <span class='ocrx_word' id='word_1_172' title='bbox 1270 2523 1585 2586; x_wconf 77' lang='lat' dir='ltr'><strong>ltierarcliia,</strong></span> <span class='ocrx_word' id='word_1_173' title='bbox 1645 2526 1711 2579; x_wconf 84' lang='lat' dir='ltr'><strong>ad</strong></span> 
     </span>
    </p>
   </div>
   <div class='ocr_carea' id='block_1_25' title="bbox 146 2613 1708 2687">
    <p class='ocr_par' dir='ltr' id='par_1_25' title="bbox 146 2613 1708 2687">
     <span class='ocr_line' id='line_1_25' title="bbox 146 2613 1708 2687; baseline 0.003 -21"><span class='ocrx_word' id='word_1_174' title='bbox 146 2628 206 2666; x_wconf 76' lang='lat' dir='ltr'><strong>ea</strong></span> <span class='ocrx_word' id='word_1_175' title='bbox 238 2616 397 2668; x_wconf 81' lang='lat' dir='ltr'><strong>verba</strong></span> <span class='ocrx_word' id='word_1_176' title='bbox 438 2628 601 2687; x_wconf 80' lang='lat' dir='ltr'><strong>prope</strong></span> <span class='ocrx_word' id='word_1_177' title='bbox 636 2613 844 2667; x_wconf 87' lang='lat' dir='ltr'><strong>initium</strong></span> <span class='ocrx_word' id='word_1_178' title='bbox 869 2614 986 2667; x_wconf 80' lang='grc' dir='ltr'><strong>τῶν</strong></span> <span class='ocrx_word' id='word_1_179' title='bbox 1014 2613 1080 2666; x_wconf 83' lang='grc' dir='ltr'><strong>δὲ</strong></span> <span class='ocrx_word' id='word_1_180' title='bbox 1107 2614 1375 2683; x_wconf 82' lang='grc' dir='ltr'><strong>ἀνιέρων,</strong></span> <span class='ocrx_word' id='word_1_181' title='bbox 1409 2635 1427 2666; x_wconf 74' lang='grc' dir='ltr'><strong>ε</strong></span> <span class='ocrx_word' id='word_1_182' title='bbox 1461 2616 1708 2685; x_wconf 79' lang='lat' dir='ltr'><strong>profano—</strong></span> 
     </span>
    </p>
   </div>
   <div class='ocr_carea' id='block_1_26' title="bbox 148 2707 1709 2772">
    <p class='ocr_par' dir='ltr' id='par_1_26' title="bbox 148 2707 1709 2772">
     <span class='ocr_line' id='line_1_26' title="bbox 148 2707 1709 2772; baseline 0.004 -15"><span class='ocrx_word' id='word_1_183' title='bbox 148 2721 264 2759; x_wconf 77' lang='lat' dir='ltr'><strong>rum</strong></span> <span class='ocrx_word' id='word_1_184' title='bbox 286 2722 425 2770; x_wconf 76' lang='lat' dir='ltr'><strong>vero,</strong></span> <span class='ocrx_word' id='word_1_185' title='bbox 455 2725 474 2757; x_wconf 77' lang='grc' dir='ltr'><strong><em>ι</em></strong></span> <span class='ocrx_word' id='word_1_186' title='bbox 514 2707 792 2760; x_wconf 73' lang='lat' dir='ltr'><strong>recensitis</strong></span> <span class='ocrx_word' id='word_1_187' title='bbox 815 2707 1200 2760; x_wconf 84' lang='lat' dir='ltr'><strong>vetustioribus</strong></span> <span class='ocrx_word' id='word_1_188' title='bbox 1230 2708 1515 2772; x_wconf 70' lang='lat' dir='ltr'><strong>haereticis,</strong></span> <span class='ocrx_word' id='word_1_189' title='bbox 1536 2709 1709 2763; x_wconf 74' lang='lat' dir='ltr'><strong>Simo~</strong></span> 
     </span>
    </p>
   </div>
   <div class='ocr_carea' id='block_1_27' title="bbox 150 2786 1711 2868">
    <p class='ocr_par' dir='ltr' id='par_1_27' title="bbox 150 2786 1711 2868">
     <span class='ocr_line' id='line_1_27' title="bbox 150 2786 1711 2868; baseline 0.002 -17"><span class='ocrx_word' id='word_1_190' title='bbox 150 2812 217 2852; x_wconf 83' lang='lat' dir='ltr'><strong>ne</strong></span> <span class='ocrx_word' id='word_1_191' title='bbox 244 2786 426 2868; x_wconf 72' lang='lat' dir='ltr'><strong>Mago,</strong></span> <span class='ocrx_word' id='word_1_192' title='bbox 446 2797 759 2864; x_wconf 77' lang='lat' dir='ltr'><strong>Menandro,</strong></span> <span class='ocrx_word' id='word_1_193' title='bbox 785 2799 1087 2862; x_wconf 82' lang='lat' dir='ltr'><strong>Valentino.</strong></span> <span class='ocrx_word' id='word_1_194' title='bbox 1114 2798 1380 2855; x_wconf 84' lang='lat' dir='ltr'><strong>Marcione</strong></span> <span class='ocrx_word' id='word_1_195' title='bbox 1404 2810 1457 2854; x_wconf 86' lang='lat' dir='ltr'><strong>et</strong></span> <span class='ocrx_word' id='word_1_196' title='bbox 1478 2799 1711 2867; x_wconf 85' lang='lat' dir='ltr'><strong>Manete,</strong></span> 
     </span>
    </p>
   </div>
   <div class='ocr_carea' id='block_1_28' title="bbox 148 2889 1714 2965">
    <p class='ocr_par' dir='ltr' id='par_1_28' title="bbox 148 2889 1714 2965">
     <span class='ocr_line' id='line_1_28' title="bbox 148 2889 1714 2965; baseline 0.003 -21"><span class='ocrx_word' id='word_1_197' title='bbox 148 2891 216 2944; x_wconf 88' lang='lat' dir='ltr'><strong>dc</strong></span> <span class='ocrx_word' id='word_1_198' title='bbox 272 2889 609 2965; x_wconf 79' lang='lat' dir='ltr'><strong>Origenianis</strong></span> <span class='ocrx_word' id='word_1_199' title='bbox 664 2895 941 2963; x_wconf 86' lang='lat' dir='ltr'><strong>subjungit</strong></span> <span class='ocrx_word' id='word_1_200' title='bbox 981 2893 1079 2946; x_wconf 78' lang='grc' dir='ltr'><strong>καὶ</strong></span> <span class='ocrx_word' id='word_1_201' title='bbox 1115 2893 1230 2947; x_wconf 78' lang='grc' dir='ltr'><strong>νῦν</strong></span> <span class='ocrx_word' id='word_1_202' title='bbox 1257 2892 1346 2959; x_wconf 81' lang='grc' dir='ltr'><strong>δὲ,</strong></span> <span class='ocrx_word' id='word_1_203' title='bbox 1377 2897 1430 2947; x_wconf 85' lang='lat' dir='ltr'><strong>ol</strong></span> <span class='ocrx_word' id='word_1_204' title='bbox 1454 2894 1569 2949; x_wconf 80' lang='grc' dir='ltr'><strong>ἀπὸ</strong></span> <span class='ocrx_word' id='word_1_205' title='bbox 1597 2893 1714 2948; x_wconf 79' lang='grc' dir='ltr'><strong>τῶν</strong></span> 
     </span>
    </p>
   </div>
   <div class='ocr_carea' id='block_1_29' title="bbox 160 2982 1713 3062">
    <p class='ocr_par' dir='ltr' id='par_1_29' title="bbox 160 2982 1713 3062">
     <span class='ocr_line' id='line_1_29' title="bbox 160 2982 1713 3062; baseline 0.004 -23"><span class='ocrx_word' id='word_1_206' title='bbox 160 2982 494 3055; x_wconf 81' lang='grc' dir='ltr'><strong>Ὠριγένους</strong></span> <span class='ocrx_word' id='word_1_207' title='bbox 538 2989 962 3058; x_wconf 74' lang='grc' dir='ltr'><strong>προερχόμενα</strong></span> <span class='ocrx_word' id='word_1_208' title='bbox 1005 2990 1229 3058; x_wconf 80' lang='grc' dir='ltr'><strong>μύθων,</strong></span> <span class='ocrx_word' id='word_1_209' title='bbox 1287 3008 1304 3040; x_wconf 76' lang='lat' dir='ltr'><strong>t</strong></span> <span class='ocrx_word' id='word_1_210' title='bbox 1360 3001 1405 3045; x_wconf 88' lang='lat' dir='ltr'><strong>et</strong></span> <span class='ocrx_word' id='word_1_211' title='bbox 1456 3007 1593 3044; x_wconf 84' lang='lat' dir='ltr'><strong>nunc</strong></span> <span class='ocrx_word' id='word_1_212' title='bbox 1626 2992 1713 3062; x_wconf 81' lang='lat' dir='ltr'><strong>qui</strong></span> 
     </span>
    </p>
   </div>
   <div class='ocr_carea' id='block_1_30' title="bbox 144 3078 1716 3151">
    <p class='ocr_par' dir='ltr' id='par_1_30' title="bbox 144 3078 1716 3151">
     <span class='ocr_line' id='line_1_30' title="bbox 144 3078 1716 3151; baseline 0.006 -22"><span class='ocrx_word' id='word_1_213' title='bbox 144 3080 404 3144; x_wconf 79' lang='lat' dir='ltr'><strong>prodeunt</strong></span> <span class='ocrx_word' id='word_1_214' title='bbox 457 3078 758 3147; x_wconf 75' lang='lat' dir='ltr'><strong>fabularum</strong></span> <span class='ocrx_word' id='word_1_215' title='bbox 809 3080 1049 3151; x_wconf 84' lang='lat' dir='ltr'><strong>Origenis</strong></span> <span class='ocrx_word' id='word_1_216' title='bbox 1085 3091 1364 3135; x_wconf 72' lang='lat' dir='ltr'><strong>sectatores</strong></span> <span class='ocrx_word' id='word_1_217' title='bbox 1413 3101 1432 3133; x_wconf 72' lang='grc' dir='ltr'><strong>ο</strong></span> <span class='ocrx_word' id='word_1_218' title='bbox 1486 3083 1603 3147; x_wconf 80' lang='lat' dir='ltr'><strong>vel,</strong></span> <span class='ocrx_word' id='word_1_219' title='bbox 1656 3092 1716 3138; x_wconf 87' lang='lat' dir='ltr'><strong>ut</strong></span> 
     </span>
    </p>
   </div>
   <div class='ocr_carea' id='block_1_31' title="bbox 1811 596 3367 675">
    <p class='ocr_par' dir='ltr' id='par_1_31' title="bbox 1811 596 3367 675">
     <span class='ocr_line' id='line_1_31' title="bbox 1811 596 3367 675; baseline 0.007 -26"><span class='ocrx_word' id='word_1_220' title='bbox 1811 608 1931 649; x_wconf 86' lang='lat' dir='ltr'><strong>esse</strong></span> <span class='ocrx_word' id='word_1_221' title='bbox 1961 609 2067 649; x_wconf 90' lang='lat' dir='ltr'><strong>non</strong></span> <span class='ocrx_word' id='word_1_222' title='bbox 2098 596 2292 665; x_wconf 86' lang='lat' dir='ltr'><strong>potuit,</strong></span> <span class='ocrx_word' id='word_1_223' title='bbox 2326 607 2691 666; x_wconf 67' lang='lat' dir='ltr'><strong>praeterquam</strong></span> <span class='ocrx_word' id='word_1_224' title='bbox 2723 614 2752 654; x_wconf 81' lang='lat' dir='ltr'><strong>a</strong></span> <span class='ocrx_word' id='word_1_225' title='bbox 2787 598 2992 656; x_wconf 79' lang='lat' dir='ltr'><strong>Joanne</strong></span> <span class='ocrx_word' id='word_1_226' title='bbox 3027 602 3367 675; x_wconf 81' lang='lat' dir='ltr'><strong>Scythopoli-</strong></span> 
     </span>
    </p>
   </div>
   <div class='ocr_carea' id='block_1_32' title="bbox 1811 688 3367 759">
    <p class='ocr_par' dir='ltr' id='par_1_32' title="bbox 1811 688 3367 759">
     <span class='ocr_line' id='line_1_32' title="bbox 1811 688 3367 759; baseline 0.007 -18"><span class='ocrx_word' id='word_1_227' title='bbox 1811 702 1956 753; x_wconf 88' lang='lat' dir='ltr'><strong>tano,</strong></span> <span class='ocrx_word' id='word_1_228' title='bbox 1990 688 2079 758; x_wconf 85' lang='lat' dir='ltr'><strong>qui</strong></span> <span class='ocrx_word' id='word_1_229' title='bbox 2113 689 2277 744; x_wconf 78' lang='lat' dir='ltr'><strong>variis</strong></span> <span class='ocrx_word' id='word_1_230' title='bbox 2307 688 2523 757; x_wconf 75' lang='lat' dir='ltr'><strong>scriptis</strong></span> <span class='ocrx_word' id='word_1_231' title='bbox 2562 706 2590 743; x_wconf 87' lang='lat' dir='ltr'><strong>a</strong></span> <span class='ocrx_word' id='word_1_232' title='bbox 2626 690 2821 746; x_wconf 81' lang='lat' dir='ltr'><strong>Basilio</strong></span> <span class='ocrx_word' id='word_1_233' title='bbox 2847 691 3035 759; x_wconf 73' lang='lat' dir='ltr'><strong>Cillce,</strong></span> <span class='ocrx_word' id='word_1_234' title='bbox 3072 698 3367 752; x_wconf 81' lang='lat' dir='ltr'><strong>Antioche-</strong></span> 
     </span>
    </p>
   </div>
   <div class='ocr_carea' id='block_1_33' title="bbox 1811 781 3368 854">
    <p class='ocr_par' dir='ltr' id='par_1_33' title="bbox 1811 781 3368 854">
     <span class='ocr_line' id='line_1_33' title="bbox 1811 781 3368 854; baseline 0.006 -21"><span class='ocrx_word' id='word_1_235' title='bbox 1811 795 1891 834; x_wconf 62' lang='grc' dir='ltr'><strong><em>ηπ</em></strong></span> <span class='ocrx_word' id='word_1_236' title='bbox 1938 781 2191 837; x_wconf 68' lang='lat' dir='ltr'><strong>Ecclesia:</strong></span> <span class='ocrx_word' id='word_1_237' title='bbox 2240 784 2556 854; x_wconf 73' lang='lat' dir='ltr'><strong>presbytero</strong></span> <span class='ocrx_word' id='word_1_238' title='bbox 2604 787 2913 847; x_wconf 81' lang='lat' dir='ltr'><strong>lacessitus.</strong></span> <span class='ocrx_word' id='word_1_239' title='bbox 2962 789 3206 843; x_wconf 88' lang='lat' dir='ltr'><strong>eumdem</strong></span> <span class='ocrx_word' id='word_1_240' title='bbox 3265 787 3368 843; x_wconf 81' lang='lat' dir='ltr'><strong>Bs-</strong></span> 
     </span>
    </p>
   </div>
   <div class='ocr_carea' id='block_1_34' title="bbox 1809 869 3369 947">
    <p class='ocr_par' dir='ltr' id='par_1_34' title="bbox 1809 869 3369 947">
     <span class='ocr_line' id='line_1_34' title="bbox 1809 869 3369 947; baseline 0.004 -24"><span class='ocrx_word' id='word_1_241' title='bbox 1809 869 1987 925; x_wconf 87' lang='lat' dir='ltr'><strong>silium</strong></span> <span class='ocrx_word' id='word_1_242' title='bbox 2024 882 2276 942; x_wconf 86' lang='lat' dir='ltr'><strong>tanquam</strong></span> <span class='ocrx_word' id='word_1_243' title='bbox 2308 874 2740 929; x_wconf 76' lang='lat' dir='ltr'><strong>versutissimum</strong></span> <span class='ocrx_word' id='word_1_244' title='bbox 2767 874 3094 931; x_wconf 67' lang='lat' dir='ltr'><strong>Nestorlanz</strong></span> <span class='ocrx_word' id='word_1_245' title='bbox 3124 877 3369 947; x_wconf 61' lang='lat' dir='ltr'><strong>impietate</strong></span> 
     </span>
    </p>
   </div>
   <div class='ocr_carea' id='block_1_35' title="bbox 1813 956 3372 1028">
    <p class='ocr_par' dir='ltr' id='par_1_35' title="bbox 1813 956 3372 1028">
     <span class='ocr_line' id='line_1_35' title="bbox 1813 956 3372 1028; baseline 0.007 -20"><span class='ocrx_word' id='word_1_246' title='bbox 1813 956 1881 1009; x_wconf 88' lang='lat' dir='ltr'><strong>tis</strong></span> <span class='ocrx_word' id='word_1_247' title='bbox 1906 968 2340 1028; x_wconf 73' lang='lat' dir='ltr'><strong>propagatorem,</strong></span> <span class='ocrx_word' id='word_1_248' title='bbox 2380 963 2754 1018; x_wconf 82' lang='lat' dir='ltr'><strong>antirrhetlcis</strong></span> <span class='ocrx_word' id='word_1_249' title='bbox 2772 964 3240 1021; x_wconf 80' lang='lat' dir='ltr'><strong>dissertationibus</strong></span> <span class='ocrx_word' id='word_1_250' title='bbox 3266 976 3372 1020; x_wconf 81' lang='lat' dir='ltr'><strong>tra-</strong></span> 
     </span>
    </p>
   </div>
   <div class='ocr_carea' id='block_1_36' title="bbox 1812 1051 3370 1123">
    <p class='ocr_par' dir='ltr' id='par_1_36' title="bbox 1812 1051 3370 1123">
     <span class='ocr_line' id='line_1_36' title="bbox 1812 1051 3370 1123; baseline 0.01 -23"><span class='ocrx_word' id='word_1_251' title='bbox 1812 1051 2065 1113; x_wconf 82' lang='lat' dir='ltr'><strong>duxerat,</strong></span> <span class='ocrx_word' id='word_1_252' title='bbox 2102 1052 2268 1108; x_wconf 86' lang='lat' dir='ltr'><strong>velutl</strong></span> <span class='ocrx_word' id='word_1_253' title='bbox 2300 1063 2486 1108; x_wconf 80' lang='lat' dir='ltr'><strong>narrat</strong></span> <span class='ocrx_word' id='word_1_254' title='bbox 2518 1054 2743 1112; x_wconf 83' lang='lat' dir='ltr'><strong>Pbotius</strong></span> <span class='ocrx_word' id='word_1_255' title='bbox 2770 1057 2820 1110; x_wconf 91' lang='lat' dir='ltr'><strong>in</strong></span> <span class='ocrx_word' id='word_1_256' title='bbox 2854 1056 3195 1123; x_wconf 69' lang='lat' dir='ltr'><strong>Bibliotheca,</strong></span> <span class='ocrx_word' id='word_1_257' title='bbox 3243 1065 3370 1116; x_wconf 78' lang='lat' dir='ltr'><strong>cod.</strong></span> 
     </span>
    </p>
   </div>
   <div class='ocr_carea' id='block_1_37' title="bbox 1812 1150 2206 1197">
    <p class='ocr_par' dir='ltr' id='par_1_37' title="bbox 1812 1150 2206 1197">
     <span class='ocr_line' id='line_1_37' title="bbox 1812 1150 2206 1197; baseline 0 -4"><span class='ocrx_word' id='word_1_258' title='bbox 1812 1154 1912 1195; x_wconf 74' lang='lat' dir='ltr'><strong>XCV</strong></span> <span class='ocrx_word' id='word_1_259' title='bbox 1942 1150 1996 1194; x_wconf 78' lang='grc' dir='ltr'><strong>οι</strong></span> <span class='ocrx_word' id='word_1_260' title='bbox 2024 1157 2151 1197; x_wconf 78' lang='lat' dir='ltr'><strong>CVII.</strong></span> <span class='ocrx_word' id='word_1_261' title='bbox 2184 1160 2206 1193; x_wconf 73' lang='grc' dir='ltr'><strong><em>ι</em></strong></span> 
     </span>
    </p>
   </div>
   <div class='ocr_carea' id='block_1_38' title="bbox 1880 1230 3367 1299">
    <p class='ocr_par' dir='ltr' id='par_1_38' title="bbox 1880 1230 3367 1299">
     <span class='ocr_line' id='line_1_38' title="bbox 1880 1230 3367 1299; baseline 0.008 -12"><span class='ocrx_word' id='word_1_262' title='bbox 1880 1230 2058 1289; x_wconf 85' lang='lat' dir='ltr'><strong>Priori</strong></span> <span class='ocrx_word' id='word_1_263' title='bbox 2105 1236 2155 1289; x_wconf 90' lang='lat' dir='ltr'><strong>in</strong></span> <span class='ocrx_word' id='word_1_264' title='bbox 2197 1238 2384 1293; x_wconf 84' lang='lat' dir='ltr'><strong>codice</strong></span> <span class='ocrx_word' id='word_1_265' title='bbox 2431 1239 2594 1293; x_wconf 79' lang='lat' dir='ltr'><strong>verba</strong></span> <span class='ocrx_word' id='word_1_266' title='bbox 2652 1251 2778 1297; x_wconf 85' lang='lat' dir='ltr'><strong>sunt</strong></span> <span class='ocrx_word' id='word_1_267' title='bbox 2822 1241 3003 1296; x_wconf 85' lang='lat' dir='ltr'><strong>Pbotii</strong></span> <span class='ocrx_word' id='word_1_268' title='bbox 3037 1244 3261 1299; x_wconf 75' lang='lat' dir='ltr'><strong>:Lectus</strong></span> <span class='ocrx_word' id='word_1_269' title='bbox 3288 1256 3367 1299; x_wconf 80' lang='lat' dir='ltr'><strong>est</strong></span> 
     </span>
    </p>
   </div>
   <div class='ocr_carea' id='block_1_39' title="bbox 1813 1322 3368 1406">
    <p class='ocr_par' dir='ltr' id='par_1_39' title="bbox 1813 1322 3368 1406">
     <span class='ocr_line' id='line_1_39' title="bbox 1813 1322 3368 1406; baseline 0.009 -30"><span class='ocrx_word' id='word_1_270' title='bbox 1813 1322 2044 1379; x_wconf 84' lang='lat' dir='ltr'><strong>Joannes</strong></span> <span class='ocrx_word' id='word_1_271' title='bbox 2067 1326 2423 1398; x_wconf 81' lang='lat' dir='ltr'><strong>Scythopolito</strong></span> <span class='ocrx_word' id='word_1_272' title='bbox 2440 1335 2861 1401; x_wconf 78' lang='grc' dir='ltr'><strong>σχολαστικός,</strong></span> <span class='ocrx_word' id='word_1_273' title='bbox 2884 1337 3254 1406; x_wconf 85' lang='lat' dir='ltr'><strong>scholasticus,</strong></span> <span class='ocrx_word' id='word_1_274' title='bbox 3272 1341 3368 1393; x_wconf 74' lang='lat' dir='ltr'><strong>ad-</strong></span> 
     </span>
    </p>
   </div>
   <div class='ocr_carea' id='block_1_40' title="bbox 1810 1416 3371 1501">
    <p class='ocr_par' dir='ltr' id='par_1_40' title="bbox 1810 1416 3371 1501">
     <span class='ocr_line' id='line_1_40' title="bbox 1810 1416 3371 1501; baseline 0.011 -32"><span class='ocrx_word' id='word_1_275' title='bbox 1810 1431 1984 1469; x_wconf 75' lang='lat' dir='ltr'><strong>versus</strong></span> <span class='ocrx_word' id='word_1_276' title='bbox 2015 1416 2259 1474; x_wconf 73' lang='lat' dir='ltr'><strong>Ecclesia!</strong></span> <span class='ocrx_word' id='word_1_277' title='bbox 2286 1423 2662 1477; x_wconf 83' lang='lat' dir='ltr'><strong>desertores....</strong></span> <span class='ocrx_word' id='word_1_278' title='bbox 2715 1425 3029 1494; x_wconf 63' lang='lat' dir='ltr'><strong>Scripti,~in</strong></span> <span class='ocrx_word' id='word_1_279' title='bbox 3055 1433 3198 1499; x_wconf 76' lang='lat' dir='ltr'><strong>quod</strong></span> <span class='ocrx_word' id='word_1_280' title='bbox 3240 1430 3371 1501; x_wconf 72' lang='lat' dir='ltr'><strong>Scy-</strong></span> 
     </span>
    </p>
   </div>
   <div class='ocr_carea' id='block_1_41' title="bbox 1811 1509 3366 1582">
    <p class='ocr_par' dir='ltr' id='par_1_41' title="bbox 1811 1509 3366 1582">
     <span class='ocr_line' id='line_1_41' title="bbox 1811 1509 3366 1582; baseline 0.013 -22"><span class='ocrx_word' id='word_1_281' title='bbox 1811 1509 2059 1576; x_wconf 84' lang='lat' dir='ltr'><strong>tltopolito</strong></span> <span class='ocrx_word' id='word_1_282' title='bbox 2083 1513 2262 1565; x_wconf 88' lang='lat' dir='ltr'><strong>scribit</strong></span> <span class='ocrx_word' id='word_1_283' title='bbox 2391 1514 2614 1582; x_wconf 73' lang='lat' dir='ltr'><strong>fortasse</strong></span> <span class='ocrx_word' id='word_1_284' title='bbox 2637 1516 2867 1571; x_wconf 75' lang='lat' dir='ltr'><strong>Basilius</strong></span> <span class='ocrx_word' id='word_1_285' title='bbox 2890 1518 3031 1573; x_wconf 67' lang='lat' dir='ltr'><strong>Cilix</strong></span> <span class='ocrx_word' id='word_1_286' title='bbox 3060 1533 3366 1581; x_wconf 35' lang='lat' dir='ltr'><strong>estianctor.</strong></span> 
     </span>
    </p>
   </div>
   <div class='ocr_carea' id='block_1_42' title="bbox 1810 1600 3363 1685">
    <p class='ocr_par' dir='ltr' id='par_1_42' title="bbox 1810 1600 3363 1685">
     <span class='ocr_line' id='line_1_42' title="bbox 1810 1600 3363 1685; baseline 0.009 -31"><span class='ocrx_word' id='word_1_287' title='bbox 1810 1600 1876 1654; x_wconf 88' lang='lat' dir='ltr'><strong>Et</strong></span> <span class='ocrx_word' id='word_1_288' title='bbox 1899 1601 2007 1654; x_wconf 86' lang='lat' dir='ltr'><strong>alio</strong></span> <span class='ocrx_word' id='word_1_289' title='bbox 2045 1602 2097 1652; x_wconf 91' lang='lat' dir='ltr'><strong>in</strong></span> <span class='ocrx_word' id='word_1_290' title='bbox 2129 1603 2313 1657; x_wconf 87' lang='lat' dir='ltr'><strong>codice</strong></span> <span class='ocrx_word' id='word_1_291' title='bbox 2352 1620 2366 1657; x_wconf 90' lang='lat'><strong><em>:</em></strong></span> <span class='ocrx_word' id='word_1_292' title='bbox 2406 1606 2592 1661; x_wconf 78' lang='lat' dir='ltr'><strong>Lectus</strong></span> <span class='ocrx_word' id='word_1_293' title='bbox 2621 1620 2695 1661; x_wconf 80' lang='lat' dir='ltr'><strong>est</strong></span> <span class='ocrx_word' id='word_1_294' title='bbox 2732 1611 2865 1663; x_wconf 85' lang='lat' dir='ltr'><strong>liber</strong></span> <span class='ocrx_word' id='word_1_295' title='bbox 2906 1610 3115 1676; x_wconf 83' lang='lat' dir='ltr'><strong>Basilii,</strong></span> <span class='ocrx_word' id='word_1_296' title='bbox 3149 1616 3363 1685; x_wconf 80' lang='lat' dir='ltr'><strong>presby-</strong></span> 
     </span>
    </p>
   </div>
   <div class='ocr_carea' id='block_1_43' title="bbox 1814 1693 3368 1771">
    <p class='ocr_par' dir='ltr' id='par_1_43' title="bbox 1814 1693 3368 1771">
     <span class='ocr_line' id='line_1_43' title="bbox 1814 1693 3368 1771; baseline 0.011 -28"><span class='ocrx_word' id='word_1_297' title='bbox 1814 1694 1909 1745; x_wconf 88' lang='lat' dir='ltr'><strong>teri</strong></span> <span class='ocrx_word' id='word_1_298' title='bbox 1943 1693 2142 1757; x_wconf 81' lang='lat' dir='ltr'><strong>Cilicis,</strong></span> <span class='ocrx_word' id='word_1_299' title='bbox 2173 1696 2416 1750; x_wconf 81' lang='lat' dir='ltr'><strong>adversus</strong></span> <span class='ocrx_word' id='word_1_300' title='bbox 2442 1696 2699 1753; x_wconf 80' lang='lat' dir='ltr'><strong>Joannem</strong></span> <span class='ocrx_word' id='word_1_301' title='bbox 2725 1701 3153 1771; x_wconf 57' lang='lat' dir='ltr'><strong>Scytha/uolitans.</strong></span> <span class='ocrx_word' id='word_1_302' title='bbox 3198 1709 3282 1759; x_wconf 83' lang='lat' dir='ltr'><strong>cui</strong></span> <span class='ocrx_word' id='word_1_303' title='bbox 3316 1716 3368 1761; x_wconf 81' lang='lat' dir='ltr'><strong>ct</strong></span> 
     </span>
    </p>
   </div>
   <div class='ocr_carea' id='block_1_44' title="bbox 1813 1784 3369 1860">
    <p class='ocr_par' dir='ltr' id='par_1_44' title="bbox 1813 1784 3369 1860">
     <span class='ocr_line' id='line_1_44' title="bbox 1813 1784 3369 1860; baseline 0.009 -21"><span class='ocrx_word' id='word_1_304' title='bbox 1813 1784 2078 1839; x_wconf 78' lang='lat' dir='ltr'><strong>Causidici</strong></span> <span class='ocrx_word' id='word_1_305' title='bbox 2102 1804 2307 1853; x_wconf 83' lang='lat' dir='ltr'><strong>nomen,</strong></span> <span class='ocrx_word' id='word_1_306' title='bbox 2324 1791 2659 1860; x_wconf 74' lang='grc' dir='ltr'><strong>Δικόλοτογ.</strong></span> <span class='ocrx_word' id='word_1_307' title='bbox 2689 1793 2861 1847; x_wconf 88' lang='lat' dir='ltr'><strong>Unum</strong></span> <span class='ocrx_word' id='word_1_308' title='bbox 2885 1810 3021 1856; x_wconf 79' lang='lat' dir='ltr'><strong>esse.</strong></span> <span class='ocrx_word' id='word_1_309' title='bbox 3044 1805 3098 1851; x_wconf 84' lang='lat' dir='ltr'><strong>et</strong></span> <span class='ocrx_word' id='word_1_310' title='bbox 3120 1800 3369 1853; x_wconf 69' lang='lat' dir='ltr'><strong>eumdem</strong></span> 
     </span>
    </p>
   </div>
   <div class='ocr_carea' id='block_1_45' title="bbox 1740 1860 3370 1948">
    <p class='ocr_par' dir='ltr' id='par_1_45' title="bbox 1740 1860 3370 1948">
     <span class='ocr_line' id='line_1_45' title="bbox 1740 1860 3370 1948; baseline 0.004 -18"><span class='ocrx_word' id='word_1_311' title='bbox 1740 1860 1779 1914; x_wconf 71' lang='grc' dir='ltr'><strong><em>Β</em></strong></span> <span class='ocrx_word' id='word_1_312' title='bbox 1808 1875 2068 1932; x_wconf 80' lang='lat' dir='ltr'><strong>Joannem</strong></span> <span class='ocrx_word' id='word_1_313' title='bbox 2090 1877 2611 1948; x_wconf 67' lang='lat' dir='ltr'><strong>Srytltopolitanum,</strong></span> <span class='ocrx_word' id='word_1_314' title='bbox 2646 1883 2768 1935; x_wconf 85' lang='lat' dir='ltr'><strong>licet</strong></span> <span class='ocrx_word' id='word_1_315' title='bbox 2806 1885 2962 1936; x_wconf 81' lang='lat' dir='ltr'><strong>aliter</strong></span> <span class='ocrx_word' id='word_1_316' title='bbox 2980 1897 3032 1939; x_wconf 91' lang='lat' dir='ltr'><strong>et</strong></span> <span class='ocrx_word' id='word_1_317' title='bbox 3062 1886 3219 1941; x_wconf 87' lang='lat' dir='ltr'><strong>aliter</strong></span> <span class='ocrx_word' id='word_1_318' title='bbox 3272 1902 3370 1940; x_wconf 79' lang='lat' dir='ltr'><strong>co-</strong></span> 
     </span>
    </p>
   </div>
   <div class='ocr_carea' id='block_1_46' title="bbox 1813 1971 3368 2048">
    <p class='ocr_par' dir='ltr' id='par_1_46' title="bbox 1813 1971 3368 2048">
     <span class='ocr_line' id='line_1_46' title="bbox 1813 1971 3368 2048; baseline 0.006 -24"><span class='ocrx_word' id='word_1_319' title='bbox 1813 1971 2618 2039; x_wconf 77' lang='lat' dir='ltr'><strong>gnominatum,Sclrolasticstm</strong></span> <span class='ocrx_word' id='word_1_320' title='bbox 2675 1983 2730 2029; x_wconf 80' lang='lat' dir='ltr'><strong>et</strong></span> <span class='ocrx_word' id='word_1_321' title='bbox 2790 1975 3147 2040; x_wconf 69' lang='lat' dir='ltr'><strong>Causidicum,</strong></span> <span class='ocrx_word' id='word_1_322' title='bbox 3206 1995 3368 2048; x_wconf 83' lang='lat' dir='ltr'><strong>grave</strong></span> 
     </span>
    </p>
   </div>
   <div class='ocr_carea' id='block_1_47' title="bbox 1810 2050 3361 2136">
    <p class='ocr_par' dir='ltr' id='par_1_47' title="bbox 1810 2050 3361 2136">
     <span class='ocr_line' id='line_1_47' title="bbox 1810 2050 3361 2136; baseline 0.006 -22"><span class='ocrx_word' id='word_1_323' title='bbox 1810 2064 2014 2115; x_wconf 90' lang='lat' dir='ltr'><strong>nullum</strong></span> <span class='ocrx_word' id='word_1_324' title='bbox 2051 2050 2432 2133; x_wconf 81' lang='lat' dir='ltr'><strong>argumentum</strong></span> <span class='ocrx_word' id='word_1_325' title='bbox 2462 2066 2659 2131; x_wconf 85' lang='lat' dir='ltr'><strong>obstat,</strong></span> <span class='ocrx_word' id='word_1_326' title='bbox 2686 2071 2975 2136; x_wconf 88' lang='lat' dir='ltr'><strong>quominus</strong></span> <span class='ocrx_word' id='word_1_327' title='bbox 3016 2070 3361 2125; x_wconf 82' lang='lat' dir='ltr'><strong>aﬂi&#39;rmemus.</strong></span> 
     </span>
    </p>
   </div>
   <div class='ocr_carea' id='block_1_48' title="bbox 1808 2150 3366 2231">
    <p class='ocr_par' dir='ltr' id='par_1_48' title="bbox 1808 2150 3366 2231">
     <span class='ocr_line' id='line_1_48' title="bbox 1808 2150 3366 2231; baseline 0.006 -27"><span class='ocrx_word' id='word_1_328' title='bbox 1808 2150 1865 2204; x_wconf 88' lang='lat' dir='ltr'><strong>lu</strong></span> <span class='ocrx_word' id='word_1_329' title='bbox 1883 2150 2069 2225; x_wconf 88' lang='lat' dir='ltr'><strong>codice</strong></span> <span class='ocrx_word' id='word_1_330' title='bbox 2098 2154 2263 2221; x_wconf 88' lang='lat' dir='ltr'><strong>priori</strong></span> <span class='ocrx_word' id='word_1_331' title='bbox 2288 2154 2399 2209; x_wconf 60' lang='lat' dir='ltr'><strong>haec</strong></span> <span class='ocrx_word' id='word_1_332' title='bbox 2428 2155 2691 2208; x_wconf 81' lang='lat' dir='ltr'><strong>habentur</strong></span> <span class='ocrx_word' id='word_1_333' title='bbox 2716 2175 2728 2210; x_wconf 94' lang='lat'>:</span> <span class='ocrx_word' id='word_1_334' title='bbox 2763 2157 2979 2223; x_wconf 83' lang='lat' dir='ltr'><strong>Scripsit</strong></span> <span class='ocrx_word' id='word_1_335' title='bbox 3004 2160 3366 2231; x_wconf 83' lang='lat' dir='ltr'><strong>(Scythopoli-</strong></span> 
     </span>
    </p>
   </div>
   <div class='ocr_carea' id='block_1_49' title="bbox 1809 2246 3371 2322">
    <p class='ocr_par' dir='ltr' id='par_1_49' title="bbox 1809 2246 3371 2322">
     <span class='ocr_line' id='line_1_49' title="bbox 1809 2246 3371 2322; baseline 0.008 -27"><span class='ocrx_word' id='word_1_336' title='bbox 1809 2246 1989 2298; x_wconf 83' lang='lat' dir='ltr'><strong>tanusl</strong></span> <span class='ocrx_word' id='word_1_337' title='bbox 2030 2253 2243 2312; x_wconf 81' lang='lat' dir='ltr'><strong>rogatus</strong></span> <span class='ocrx_word' id='word_1_338' title='bbox 2302 2263 2333 2299; x_wconf 89' lang='lat' dir='ltr'><strong>a</strong></span> <span class='ocrx_word' id='word_1_339' title='bbox 2386 2249 2683 2322; x_wconf 79' lang='lat' dir='ltr'><strong>patriarcha</strong></span> <span class='ocrx_word' id='word_1_340' title='bbox 2723 2254 2971 2318; x_wconf 78' lang='lat' dir='ltr'><strong>quodam,</strong></span> <span class='ocrx_word' id='word_1_341' title='bbox 3028 2254 3111 2305; x_wconf 84' lang='lat' dir='ltr'><strong>cui</strong></span> <span class='ocrx_word' id='word_1_342' title='bbox 3149 2252 3371 2307; x_wconf 76' lang='lat' dir='ltr'><strong>Iuliano</strong></span> 
     </span>
    </p>
   </div>
   <div class='ocr_carea' id='block_1_50' title="bbox 1809 2333 3370 2411">
    <p class='ocr_par' dir='ltr' id='par_1_50' title="bbox 1809 2333 3370 2411">
     <span class='ocr_line' id='line_1_50' title="bbox 1809 2333 3370 2411; baseline 0.01 -25"><span class='ocrx_word' id='word_1_343' title='bbox 1809 2348 2014 2387; x_wconf 81' lang='lat' dir='ltr'><strong>nomen.</strong></span> <span class='ocrx_word' id='word_1_344' title='bbox 2047 2333 2104 2387; x_wconf 88' lang='lat' dir='ltr'><strong>In</strong></span> <span class='ocrx_word' id='word_1_345' title='bbox 2142 2337 2323 2390; x_wconf 89' lang='lat' dir='ltr'><strong>sedem</strong></span> <span class='ocrx_word' id='word_1_346' title='bbox 2351 2338 2734 2392; x_wconf 86' lang='lat' dir='ltr'><strong>Antiochenam</strong></span> <span class='ocrx_word' id='word_1_347' title='bbox 2764 2343 3076 2397; x_wconf 68' lang='lat' dir='ltr'><strong>transcendit</strong></span> <span class='ocrx_word' id='word_1_348' title='bbox 3103 2342 3370 2411; x_wconf 76' lang='lat' dir='ltr'><strong>Julianus,</strong></span> 
     </span>
    </p>
   </div>
   <div class='ocr_carea' id='block_1_51' title="bbox 1812 2425 3370 2504">
    <p class='ocr_par' dir='ltr' id='par_1_51' title="bbox 1812 2425 3370 2504">
     <span class='ocr_line' id='line_1_51' title="bbox 1812 2425 3370 2504; baseline 0.01 -29"><span class='ocrx_word' id='word_1_349' title='bbox 1812 2436 1929 2493; x_wconf 85' lang='lat' dir='ltr'><strong>post</strong></span> <span class='ocrx_word' id='word_1_350' title='bbox 1972 2425 2188 2480; x_wconf 85' lang='lat' dir='ltr'><strong>Petrum</strong></span> <span class='ocrx_word' id='word_1_351' title='bbox 2216 2428 2567 2497; x_wconf 66' lang='lat' dir='ltr'><strong>Cnaphaeum,</strong></span> <span class='ocrx_word' id='word_1_352' title='bbox 2600 2445 2740 2486; x_wconf 77' lang='lat' dir='ltr'><strong>anno</strong></span> <span class='ocrx_word' id='word_1_353' title='bbox 2777 2432 2904 2496; x_wconf 72' lang='grc'><strong>471,</strong></span> <span class='ocrx_word' id='word_1_354' title='bbox 2940 2449 3168 2504; x_wconf 84' lang='lat' dir='ltr'><strong>eatnque</strong></span> <span class='ocrx_word' id='word_1_355' title='bbox 3201 2440 3370 2490; x_wconf 86' lang='lat' dir='ltr'><strong>tenuit</strong></span> 
     </span>
    </p>
   </div>
   <div class='ocr_carea' id='block_1_52' title="bbox 1812 2516 3372 2592">
    <p class='ocr_par' dir='ltr' id='par_1_52' title="bbox 1812 2516 3372 2592">
     <span class='ocr_line' id='line_1_52' title="bbox 1812 2516 3372 2592; baseline 0.006 -23"><span class='ocrx_word' id='word_1_356' title='bbox 1812 2516 1877 2569; x_wconf 80' lang='lat' dir='ltr'><strong>ad</strong></span> <span class='ocrx_word' id='word_1_357' title='bbox 1907 2530 2107 2571; x_wconf 85' lang='lat' dir='ltr'><strong>annum</strong></span> <span class='ocrx_word' id='word_1_358' title='bbox 2133 2518 2256 2572; x_wconf 83' lang='grc'><strong>476.</strong></span> <span class='ocrx_word' id='word_1_359' title='bbox 2282 2518 2416 2574; x_wconf 83' lang='lat' dir='ltr'><strong>Vide</strong></span> <span class='ocrx_word' id='word_1_360' title='bbox 2434 2520 2720 2575; x_wconf 87' lang='lat' dir='ltr'><strong>Boschium</strong></span> <span class='ocrx_word' id='word_1_361' title='bbox 2754 2523 2829 2575; x_wconf 87' lang='lat' dir='ltr'><strong>De</strong></span> <span class='ocrx_word' id='word_1_362' title='bbox 2849 2526 3167 2592; x_wconf 83' lang='lat' dir='ltr'><strong>patriarclu‘s</strong></span> <span class='ocrx_word' id='word_1_363' title='bbox 3190 2527 3372 2579; x_wconf 75' lang='lat' dir='ltr'><strong>Antio-</strong></span> 
     </span>
    </p>
   </div>
   <div class='ocr_carea' id='block_1_53' title="bbox 1811 2610 3370 2676">
    <p class='ocr_par' dir='ltr' id='par_1_53' title="bbox 1811 2610 3370 2676">
     <span class='ocr_line' id='line_1_53' title="bbox 1811 2610 3370 2676; baseline 0.008 -14"><span class='ocrx_word' id='word_1_364' title='bbox 1811 2610 2009 2674; x_wconf 84' lang='lat' dir='ltr'><strong>cltenis,</strong></span> <span class='ocrx_word' id='word_1_365' title='bbox 2042 2610 2181 2662; x_wconf 88' lang='lat' dir='ltr'><strong>inter</strong></span> <span class='ocrx_word' id='word_1_366' title='bbox 2210 2611 2340 2663; x_wconf 81' lang='lat' dir='ltr'><strong>Acta</strong></span> <span class='ocrx_word' id='word_1_367' title='bbox 2390 2620 2713 2676; x_wconf 77' lang='lat' dir='ltr'><strong>sanctorum,</strong></span> <span class='ocrx_word' id='word_1_368' title='bbox 2766 2621 2909 2667; x_wconf 76' lang='lat' dir='ltr'><strong>tumo</strong></span> <span class='ocrx_word' id='word_1_369' title='bbox 2951 2615 3015 2667; x_wconf 81' lang='grc' dir='ltr'><strong>ιν</strong></span> <span class='ocrx_word' id='word_1_370' title='bbox 3060 2616 3207 2671; x_wconf 88' lang='lat' dir='ltr'><strong>Jttlii.</strong></span> <span class='ocrx_word' id='word_1_371' title='bbox 3259 2617 3370 2674; x_wconf 87' lang='lat' dir='ltr'><strong>Hoc</strong></span> 
     </span>
    </p>
   </div>
   <div class='ocr_carea' id='block_1_54' title="bbox 1813 2702 3369 2773">
    <p class='ocr_par' dir='ltr' id='par_1_54' title="bbox 1813 2702 3369 2773">
     <span class='ocr_line' id='line_1_54' title="bbox 1813 2702 3369 2773; baseline 0.005 -18"><span class='ocrx_word' id='word_1_372' title='bbox 1813 2702 1997 2770; x_wconf 89' lang='lat' dir='ltr'><strong>itaque</strong></span> <span class='ocrx_word' id='word_1_373' title='bbox 2029 2711 2268 2772; x_wconf 88' lang='lat' dir='ltr'><strong>tempore</strong></span> <span class='ocrx_word' id='word_1_374' title='bbox 2310 2703 2473 2771; x_wconf 78' lang='lat' dir='ltr'><strong>ctepit</strong></span> <span class='ocrx_word' id='word_1_375' title='bbox 2524 2704 2998 2773; x_wconf 82' lang='lat' dir='ltr'><strong>Scythopolltanus</strong></span> <span class='ocrx_word' id='word_1_376' title='bbox 3055 2710 3106 2762; x_wconf 88' lang='lat' dir='ltr'><strong>in</strong></span> <span class='ocrx_word' id='word_1_377' title='bbox 3150 2725 3369 2764; x_wconf 87' lang='lat' dir='ltr'><strong>arenam</strong></span> 
     </span>
    </p>
   </div>
   <div class='ocr_carea' id='block_1_55' title="bbox 1814 2795 3374 2865">
    <p class='ocr_par' dir='ltr' id='par_1_55' title="bbox 1814 2795 3374 2865">
     <span class='ocr_line' id='line_1_55' title="bbox 1814 2795 3374 2865; baseline 0.003 -15"><span class='ocrx_word' id='word_1_378' title='bbox 1814 2796 2145 2851; x_wconf 86' lang='lat' dir='ltr'><strong>descendere</strong></span> <span class='ocrx_word' id='word_1_379' title='bbox 2196 2797 2470 2849; x_wconf 79' lang='lat' dir='ltr'><strong>adrersttnt</strong></span> <span class='ocrx_word' id='word_1_380' title='bbox 2528 2795 2776 2851; x_wconf 75' lang='lat' dir='ltr'><strong>Ecclesia:</strong></span> <span class='ocrx_word' id='word_1_381' title='bbox 2822 2802 3127 2865; x_wconf 83' lang='lat' dir='ltr'><strong>desertores,</strong></span> <span class='ocrx_word' id='word_1_382' title='bbox 3184 2811 3242 2854; x_wconf 93' lang='lat' dir='ltr'><strong>ut</strong></span> <span class='ocrx_word' id='word_1_383' title='bbox 3297 2801 3374 2854; x_wconf 81' lang='lat' dir='ltr'><strong>ait</strong></span> 
     </span>
    </p>
   </div>
   <div class='ocr_carea' id='block_1_56' title="bbox 1814 2887 3374 2959">
    <p class='ocr_par' dir='ltr' id='par_1_56' title="bbox 1814 2887 3374 2959">
     <span class='ocr_line' id='line_1_56' title="bbox 1814 2887 3374 2959; baseline 0.003 -18"><span class='ocrx_word' id='word_1_384' title='bbox 1814 2888 2058 2956; x_wconf 85' lang='lat' dir='ltr'><strong>Photius,</strong></span> <span class='ocrx_word' id='word_1_385' title='bbox 2084 2890 2187 2941; x_wconf 74' lang='lat' dir='ltr'><strong>sine</strong></span> <span class='ocrx_word' id='word_1_386' title='bbox 2207 2899 2386 2941; x_wconf 78' lang='lat' dir='ltr'><strong>contra</strong></span> <span class='ocrx_word' id='word_1_387' title='bbox 2412 2888 2677 2958; x_wconf 75' lang='lat' dir='ltr'><strong>Eutychen</strong></span> <span class='ocrx_word' id='word_1_388' title='bbox 2697 2900 2744 2941; x_wconf 83' lang='lat' dir='ltr'><strong>et</strong></span> <span class='ocrx_word' id='word_1_389' title='bbox 2764 2887 3093 2954; x_wconf 74' lang='lat' dir='ltr'><strong>Dioscorum,</strong></span> <span class='ocrx_word' id='word_1_390' title='bbox 3111 2892 3374 2959; x_wconf 71' lang='lat' dir='ltr'><strong>ejusdem-</strong></span> 
     </span>
    </p>
   </div>
   <div class='ocr_carea' id='block_1_57' title="bbox 1812 2980 3371 3051">
    <p class='ocr_par' dir='ltr' id='par_1_57' title="bbox 1812 2980 3371 3051">
     <span class='ocr_line' id='line_1_57' title="bbox 1812 2980 3371 3051; baseline 0.001 -17"><span class='ocrx_word' id='word_1_391' title='bbox 1812 2997 1911 3051; x_wconf 85' lang='lat' dir='ltr'><strong>que</strong></span> <span class='ocrx_word' id='word_1_392' title='bbox 1948 2992 2098 3035; x_wconf 79' lang='lat' dir='ltr'><strong>sectte</strong></span> <span class='ocrx_word' id='word_1_393' title='bbox 2137 2983 2385 3036; x_wconf 85' lang='lat' dir='ltr'><strong>asseclos.</strong></span> <span class='ocrx_word' id='word_1_394' title='bbox 2431 2980 2709 3036; x_wconf 80' lang='lat' dir='ltr'><strong>Calamum</strong></span> <span class='ocrx_word' id='word_1_395' title='bbox 2741 2990 2926 3036; x_wconf 88' lang='lat' dir='ltr'><strong>contra</strong></span> <span class='ocrx_word' id='word_1_396' title='bbox 2963 2984 3211 3036; x_wconf 81' lang='lat' dir='ltr'><strong>Basilium</strong></span> <span class='ocrx_word' id='word_1_397' title='bbox 3239 2981 3371 3036; x_wconf 83' lang='lat' dir='ltr'><strong>Cili-</strong></span> 
     </span>
    </p>
   </div>
   <div class='ocr_carea' id='block_1_58' title="bbox 1816 3074 3377 3130">
    <p class='ocr_par' dir='ltr' id='par_1_58' title="bbox 1816 3074 3377 3130">
     <span class='ocr_line' id='line_1_58' title="bbox 1816 3074 3377 3130; baseline -0.001 0"><span class='ocrx_word' id='word_1_398' title='bbox 1816 3090 1931 3130; x_wconf 87' lang='lat' dir='ltr'><strong>cem</strong></span> <span class='ocrx_word' id='word_1_399' title='bbox 1984 3075 2159 3129; x_wconf 88' lang='lat' dir='ltr'><strong>serius</strong></span> <span class='ocrx_word' id='word_1_400' title='bbox 2206 3075 2422 3128; x_wconf 79' lang='lat' dir='ltr'><strong>videtur</strong></span> <span class='ocrx_word' id='word_1_401' title='bbox 2463 3074 2768 3127; x_wconf 82' lang='lat' dir='ltr'><strong>strinxisse.</strong></span> <span class='ocrx_word' id='word_1_402' title='bbox 2822 3074 2875 3127; x_wconf 90' lang='lat' dir='ltr'><strong>In</strong></span> <span class='ocrx_word' id='word_1_403' title='bbox 2915 3075 3020 3127; x_wconf 82' lang='lat' dir='ltr'><strong>alio</strong></span> <span class='ocrx_word' id='word_1_404' title='bbox 3066 3075 3251 3128; x_wconf 86' lang='lat' dir='ltr'><strong>codice</strong></span> <span class='ocrx_word' id='word_1_405' title='bbox 3297 3074 3377 3128; x_wconf 80' lang='lat' dir='ltr'><strong>ait</strong></span> 
     </span>
    </p>
   </div>
   <div class='ocr_carea' id='block_1_59' title="bbox 145 3161 1726 3269">
    <p class='ocr_par' dir='ltr' id='par_1_59' title="bbox 145 3171 1714 3246">
     <span class='ocr_line' id='line_1_59' title="bbox 145 3171 1714 3246; baseline 0.005 -22"><span class='ocrx_word' id='word_1_406' title='bbox 145 3171 456 3227; x_wconf 85' lang='lat' dir='ltr'><strong>Lansselius</strong></span> <span class='ocrx_word' id='word_1_407' title='bbox 478 3174 661 3239; x_wconf 82' lang='lat' dir='ltr'><strong>vertit,</strong></span> <span class='ocrx_word' id='word_1_408' title='bbox 686 3183 840 3245; x_wconf 87' lang='lat' dir='ltr'><strong>atque</strong></span> <span class='ocrx_word' id='word_1_409' title='bbox 873 3175 1027 3228; x_wconf 76' lang='lat' dir='ltr'><strong>etiam</strong></span> <span class='ocrx_word' id='word_1_410' title='bbox 1052 3192 1188 3229; x_wconf 88' lang='lat' dir='ltr'><strong>nunc</strong></span> <span class='ocrx_word' id='word_1_411' title='bbox 1211 3176 1274 3229; x_wconf 86' lang='lat' dir='ltr'><strong>ab</strong></span> <span class='ocrx_word' id='word_1_412' title='bbox 1301 3173 1538 3246; x_wconf 84' lang='lat' dir='ltr'><strong>Origenis</strong></span> <span class='ocrx_word' id='word_1_413' title='bbox 1554 3178 1714 3246; x_wconf 79' lang='lat' dir='ltr'><strong>prod-</strong></span> 
     </span>
    </p>
   </div>
   <div class='ocr_carea' id='block_1_60' title="bbox 1748 3161 3377 3269">
    <p class='ocr_par' dir='ltr' id='par_1_60' title="bbox 1748 3161 3377 3269">
     <span class='ocr_line' id='line_1_60' title="bbox 1748 3161 3377 3269; baseline -0.004 -47"><span class='ocrx_word' id='word_1_414' title='bbox 1748 3205 1785 3269; x_wconf 65' lang='grc' dir='ltr'><strong>Β</strong></span> <span class='ocrx_word' id='word_1_415' title='bbox 1818 3167 2042 3221; x_wconf 80' lang='lat' dir='ltr'><strong>Photius</strong></span> <span class='ocrx_word' id='word_1_416' title='bbox 2074 3181 2089 3217; x_wconf 89' lang='lat'><strong>:</strong></span> <span class='ocrx_word' id='word_1_417' title='bbox 2118 3164 2345 3218; x_wconf 81' lang='lat' dir='ltr'><strong>Basilius</strong></span> <span class='ocrx_word' id='word_1_418' title='bbox 2373 3162 2511 3217; x_wconf 73' lang='lat' dir='ltr'><strong>Cilix</strong></span> <span class='ocrx_word' id='word_1_419' title='bbox 2541 3163 2636 3231; x_wconf 76' lang='lat' dir='ltr'><strong>fuit</strong></span> <span class='ocrx_word' id='word_1_420' title='bbox 2672 3165 2949 3232; x_wconf 75' lang='lat' dir='ltr'><strong>presbyter,</strong></span> <span class='ocrx_word' id='word_1_421' title='bbox 3001 3175 3057 3215; x_wconf 83' lang='lat' dir='ltr'><strong>ut</strong></span> <span class='ocrx_word' id='word_1_422' title='bbox 3094 3163 3157 3214; x_wconf 83' lang='lat' dir='ltr'><strong>de</strong></span> <span class='ocrx_word' id='word_1_423' title='bbox 3186 3177 3239 3215; x_wconf 84' lang='lat' dir='ltr'><strong>se</strong></span> <span class='ocrx_word' id='word_1_424' title='bbox 3268 3161 3377 3227; x_wconf 71' lang='lat' dir='ltr'><strong>ipse</strong></span> 
     </span>
    </p>
   </div>
   <div class='ocr_carea' id='block_1_61' title="bbox 141 3264 1710 3337">
    <p class='ocr_par' dir='ltr' id='par_1_61' title="bbox 141 3264 1710 3337">
     <span class='ocr_line' id='line_1_61' title="bbox 141 3264 1710 3337; baseline 0.006 -20"><span class='ocrx_word' id='word_1_425' title='bbox 141 3270 269 3318; x_wconf 76' lang='lat' dir='ltr'><strong>e&#39;unt</strong></span> <span class='ocrx_word' id='word_1_426' title='bbox 306 3264 545 3335; x_wconf 77' lang='lat' dir='ltr'><strong>fabulis).</strong></span> <span class='ocrx_word' id='word_1_427' title='bbox 589 3267 750 3337; x_wconf 81' lang='lat' dir='ltr'><strong>Atqui</strong></span> <span class='ocrx_word' id='word_1_428' title='bbox 792 3271 964 3323; x_wconf 87' lang='lat' dir='ltr'><strong>sancti</strong></span> <span class='ocrx_word' id='word_1_429' title='bbox 1023 3268 1237 3323; x_wconf 73' lang='lat' dir='ltr'><strong>Maximi</strong></span> <span class='ocrx_word' id='word_1_430' title='bbox 1279 3286 1393 3324; x_wconf 80' lang='lat' dir='ltr'><strong>:evo</strong></span> <span class='ocrx_word' id='word_1_431' title='bbox 1435 3270 1710 3328; x_wconf 83' lang='lat' dir='ltr'><strong>exsoleve-</strong></span> 
     </span>
    </p>
   </div>
   <div class='ocr_carea' id='block_1_62' title="bbox 144 3350 1718 3436">
    <p class='ocr_par' dir='ltr' id='par_1_62' title="bbox 144 3350 1718 3436">
     <span class='ocr_line' id='line_1_62' title="bbox 144 3350 1718 3436; baseline 0.005 -23"><span class='ocrx_word' id='word_1_432' title='bbox 144 3370 273 3413; x_wconf 86' lang='lat' dir='ltr'><strong>rant</strong></span> <span class='ocrx_word' id='word_1_433' title='bbox 304 3376 524 3429; x_wconf 84' lang='lat' dir='ltr'><strong>prorsus</strong></span> <span class='ocrx_word' id='word_1_434' title='bbox 559 3359 903 3431; x_wconf 68' lang='lat' dir='ltr'><strong>Origenistaa,</strong></span> <span class='ocrx_word' id='word_1_435' title='bbox 932 3379 998 3418; x_wconf 82' lang='lat' dir='ltr'><strong>ex</strong></span> <span class='ocrx_word' id='word_1_436' title='bbox 1036 3350 1143 3433; x_wconf 81' lang='lat' dir='ltr'><strong>quo</strong></span> <span class='ocrx_word' id='word_1_437' title='bbox 1179 3364 1435 3436; x_wconf 81' lang='lat' dir='ltr'><strong>Origenes</strong></span> <span class='ocrx_word' id='word_1_438' title='bbox 1468 3382 1590 3421; x_wconf 86' lang='lat' dir='ltr'><strong>cum</strong></span> <span class='ocrx_word' id='word_1_439' title='bbox 1633 3368 1718 3423; x_wconf 86' lang='lat' dir='ltr'><strong>Di-</strong></span> 
     </span>
    </p>
   </div>
   <div class='ocr_carea' id='block_1_63' title="bbox 142 3453 1720 3536">
    <p class='ocr_par' dir='ltr' id='par_1_63' title="bbox 142 3453 1720 3536">
     <span class='ocr_line' id='line_1_63' title="bbox 142 3453 1720 3536; baseline 0.009 -30"><span class='ocrx_word' id='word_1_440' title='bbox 142 3454 331 3526; x_wconf 80' lang='lat' dir='ltr'><strong>dymo,</strong></span> <span class='ocrx_word' id='word_1_441' title='bbox 358 3453 590 3525; x_wconf 85' lang='lat' dir='ltr'><strong>Evagrio</strong></span> <span class='ocrx_word' id='word_1_442' title='bbox 613 3455 842 3527; x_wconf 85' lang='lat' dir='ltr'><strong>aliisque</strong></span> <span class='ocrx_word' id='word_1_443' title='bbox 860 3459 1051 3512; x_wconf 90' lang='lat' dir='ltr'><strong>horum</strong></span> <span class='ocrx_word' id='word_1_444' title='bbox 1074 3459 1235 3515; x_wconf 87' lang='lat' dir='ltr'><strong>sociis</strong></span> <span class='ocrx_word' id='word_1_445' title='bbox 1258 3476 1285 3515; x_wconf 89' lang='lat' dir='ltr'><strong>a</strong></span> <span class='ocrx_word' id='word_1_446' title='bbox 1306 3464 1490 3531; x_wconf 90' lang='lat' dir='ltr'><strong>quinta</strong></span> <span class='ocrx_word' id='word_1_447' title='bbox 1515 3467 1720 3536; x_wconf 82' lang='lat' dir='ltr'><strong>synodo</strong></span> 
     </span>
    </p>
   </div>
   <div class='ocr_carea' id='block_1_64' title="bbox 143 3548 1719 3629">
    <p class='ocr_par' dir='ltr' id='par_1_64' title="bbox 143 3548 1719 3629">
     <span class='ocr_line' id='line_1_64' title="bbox 143 3548 1719 3629; baseline 0.008 -26"><span class='ocrx_word' id='word_1_448' title='bbox 143 3550 432 3619; x_wconf 85' lang='lat' dir='ltr'><strong>proscripti</strong></span> <span class='ocrx_word' id='word_1_449' title='bbox 454 3548 665 3605; x_wconf 81' lang='lat' dir='ltr'><strong>fuerant</strong></span> <span class='ocrx_word' id='word_1_450' title='bbox 696 3568 710 3604; x_wconf 91' lang='lat'><strong>:</strong></span> <span class='ocrx_word' id='word_1_451' title='bbox 745 3552 879 3605; x_wconf 89' lang='lat' dir='ltr'><strong>adeo</strong></span> <span class='ocrx_word' id='word_1_452' title='bbox 897 3563 955 3604; x_wconf 89' lang='lat' dir='ltr'><strong>ut</strong></span> <span class='ocrx_word' id='word_1_453' title='bbox 980 3554 1175 3609; x_wconf 63' lang='lat' dir='ltr'><strong>sarculo</strong></span> <span class='ocrx_word' id='word_1_454' title='bbox 1195 3560 1443 3624; x_wconf 88' lang='lat' dir='ltr'><strong>septimo,</strong></span> <span class='ocrx_word' id='word_1_455' title='bbox 1476 3575 1585 3629; x_wconf 90' lang='lat' dir='ltr'><strong>quo</strong></span> <span class='ocrx_word' id='word_1_456' title='bbox 1611 3561 1719 3615; x_wconf 70' lang='lat' dir='ltr'><strong>bla-</strong></span> 
     </span>
    </p>
   </div>
   <div class='ocr_carea' id='block_1_65' title="bbox 147 3640 1716 3714">
    <p class='ocr_par' dir='ltr' id='par_1_65' title="bbox 147 3640 1716 3714">
     <span class='ocr_line' id='line_1_65' title="bbox 147 3640 1716 3714; baseline 0.006 -19"><span class='ocrx_word' id='word_1_457' title='bbox 147 3642 332 3696; x_wconf 89' lang='lat' dir='ltr'><strong>ximus</strong></span> <span class='ocrx_word' id='word_1_458' title='bbox 372 3640 616 3708; x_wconf 80' lang='lat' dir='ltr'><strong>ﬂorebat,</strong></span> <span class='ocrx_word' id='word_1_459' title='bbox 666 3642 805 3696; x_wconf 89' lang='lat' dir='ltr'><strong>nuda</strong></span> <span class='ocrx_word' id='word_1_460' title='bbox 848 3657 1035 3697; x_wconf 89' lang='lat' dir='ltr'><strong>eorum</strong></span> <span class='ocrx_word' id='word_1_461' title='bbox 1082 3656 1387 3714; x_wconf 89' lang='lat' dir='ltr'><strong>superesset</strong></span> <span class='ocrx_word' id='word_1_462' title='bbox 1434 3650 1716 3704; x_wconf 84' lang='lat' dir='ltr'><strong>memoria.</strong></span> 
     </span>
    </p>
   </div>
   <div class='ocr_carea' id='block_1_66' title="bbox 142 3733 1721 3809">
    <p class='ocr_par' dir='ltr' id='par_1_66' title="bbox 142 3733 1721 3809">
     <span class='ocr_line' id='line_1_66' title="bbox 142 3733 1721 3809; baseline 0.003 -16"><span class='ocrx_word' id='word_1_463' title='bbox 142 3733 331 3793; x_wconf 68' lang='lat' dir='ltr'><strong>Etate</strong></span> <span class='ocrx_word' id='word_1_464' title='bbox 362 3751 489 3791; x_wconf 91' lang='lat' dir='ltr'><strong>vero</strong></span> <span class='ocrx_word' id='word_1_465' title='bbox 536 3736 759 3792; x_wconf 85' lang='lat' dir='ltr'><strong>Joannis</strong></span> <span class='ocrx_word' id='word_1_466' title='bbox 800 3736 1219 3809; x_wconf 86' lang='lat' dir='ltr'><strong>Scytbopolitani</strong></span> <span class='ocrx_word' id='word_1_467' title='bbox 1268 3742 1448 3809; x_wconf 83' lang='lat' dir='ltr'><strong>(quem</strong></span> <span class='ocrx_word' id='word_1_468' title='bbox 1506 3742 1721 3797; x_wconf 82' lang='lat' dir='ltr'><strong>labente</strong></span> 
     </span>
    </p>
   </div>
   <div class='ocr_carea' id='block_1_67' title="bbox 146 3821 1721 3902">
    <p class='ocr_par' dir='ltr' id='par_1_67' title="bbox 146 3821 1721 3902">
     <span class='ocr_line' id='line_1_67' title="bbox 146 3821 1721 3902; baseline 0.002 -18"><span class='ocrx_word' id='word_1_469' title='bbox 146 3830 351 3884; x_wconf 65' lang='lat' dir='ltr'><strong>saeculo</strong></span> <span class='ocrx_word' id='word_1_470' title='bbox 387 3839 539 3884; x_wconf 85' lang='lat' dir='ltr'><strong>scxto</strong></span> <span class='ocrx_word' id='word_1_471' title='bbox 565 3821 847 3897; x_wconf 80' lang='lat' dir='ltr'><strong>ﬂoruisse,</strong></span> <span class='ocrx_word' id='word_1_472' title='bbox 879 3831 1016 3887; x_wconf 80' lang='lat' dir='ltr'><strong>infra</strong></span> <span class='ocrx_word' id='word_1_473' title='bbox 1048 3834 1378 3902; x_wconf 87' lang='lat' dir='ltr'><strong>dicendum).</strong></span> <span class='ocrx_word' id='word_1_474' title='bbox 1414 3847 1600 3889; x_wconf 90' lang='lat' dir='ltr'><strong>eorum</strong></span> <span class='ocrx_word' id='word_1_475' title='bbox 1633 3849 1721 3887; x_wconf 79' lang='lat' dir='ltr'><strong>er-</strong></span> 
     </span>
    </p>
   </div>
   <div class='ocr_carea' id='block_1_68' title="bbox 148 3922 1721 3997">
    <p class='ocr_par' dir='ltr' id='par_1_68' title="bbox 148 3922 1721 3997">
     <span class='ocr_line' id='line_1_68' title="bbox 148 3922 1721 3997; baseline 0 -19"><span class='ocrx_word' id='word_1_476' title='bbox 148 3937 303 3978; x_wconf 86' lang='lat' dir='ltr'><strong>rores</strong></span> <span class='ocrx_word' id='word_1_477' title='bbox 330 3939 427 3993; x_wconf 89' lang='lat' dir='ltr'><strong>per</strong></span> <span class='ocrx_word' id='word_1_478' title='bbox 451 3925 777 3978; x_wconf 89' lang='lat' dir='ltr'><strong>monasteria</strong></span> <span class='ocrx_word' id='word_1_479' title='bbox 809 3922 1101 3979; x_wconf 68' lang='lat' dir='ltr'><strong>Palmstina:</strong></span> <span class='ocrx_word' id='word_1_480' title='bbox 1124 3928 1527 3997; x_wconf 85' lang='lat' dir='ltr'><strong>grassabantur,</strong></span> <span class='ocrx_word' id='word_1_481' title='bbox 1551 3925 1721 3982; x_wconf 83' lang='lat' dir='ltr'><strong>Leon-</strong></span> 
     </span>
    </p>
   </div>
   <div class='ocr_carea' id='block_1_69' title="bbox 152 4016 1722 4088">
    <p class='ocr_par' dir='ltr' id='par_1_69' title="bbox 152 4016 1722 4088">
     <span class='ocr_line' id='line_1_69' title="bbox 152 4016 1722 4088; baseline 0.003 -19"><span class='ocrx_word' id='word_1_482' title='bbox 152 4018 228 4071; x_wconf 91' lang='lat' dir='ltr'><strong>tio</strong></span> <span class='ocrx_word' id='word_1_483' title='bbox 252 4017 486 4084; x_wconf 88' lang='lat' dir='ltr'><strong>quodam</strong></span> <span class='ocrx_word' id='word_1_484' title='bbox 516 4016 830 4088; x_wconf 80' lang='lat' dir='ltr'><strong>Byzantina,</strong></span> <span class='ocrx_word' id='word_1_485' title='bbox 855 4018 1081 4086; x_wconf 87' lang='lat' dir='ltr'><strong>Joanne,</strong></span> <span class='ocrx_word' id='word_1_486' title='bbox 1107 4021 1309 4074; x_wconf 87' lang='lat' dir='ltr'><strong>Isidoro</strong></span> <span class='ocrx_word' id='word_1_487' title='bbox 1330 4030 1384 4073; x_wconf 86' lang='lat' dir='ltr'><strong>ct</strong></span> <span class='ocrx_word' id='word_1_488' title='bbox 1408 4019 1597 4074; x_wconf 80' lang='lat' dir='ltr'><strong>Noimo</strong></span> <span class='ocrx_word' id='word_1_489' title='bbox 1625 4035 1722 4073; x_wconf 90' lang='lat' dir='ltr'><strong>au-</strong></span> 
     </span>
    </p>
   </div>
   <div class='ocr_carea' id='block_1_70' title="bbox 148 4109 1723 4181">
    <p class='ocr_par' dir='ltr' id='par_1_70' title="bbox 148 4109 1723 4181">
     <span class='ocr_line' id='line_1_70' title="bbox 148 4109 1723 4181; baseline 0.004 -21"><span class='ocrx_word' id='word_1_490' title='bbox 148 4109 395 4162; x_wconf 78' lang='lat' dir='ltr'><strong>ctoribus</strong></span> <span class='ocrx_word' id='word_1_491' title='bbox 434 4131 445 4163; x_wconf 84' lang='lat'><strong>:</strong></span> <span class='ocrx_word' id='word_1_492' title='bbox 474 4110 612 4164; x_wconf 90' lang='lat' dir='ltr'><strong>unde</strong></span> <span class='ocrx_word' id='word_1_493' title='bbox 637 4112 968 4179; x_wconf 72' lang='lat' dir='ltr'><strong>gravissimae</strong></span> <span class='ocrx_word' id='word_1_494' title='bbox 999 4112 1187 4175; x_wconf 69' lang='lat' dir='ltr'><strong>turbtc,</strong></span> <span class='ocrx_word' id='word_1_495' title='bbox 1229 4126 1294 4165; x_wconf 90' lang='lat' dir='ltr'><strong>ac</strong></span> <span class='ocrx_word' id='word_1_496' title='bbox 1343 4112 1596 4166; x_wconf 85' lang='lat' dir='ltr'><strong>tumultus</strong></span> <span class='ocrx_word' id='word_1_497' title='bbox 1627 4128 1723 4181; x_wconf 81' lang='lat' dir='ltr'><strong>per</strong></span> 
     </span>
    </p>
   </div>
   <div class='ocr_carea' id='block_1_71' title="bbox 148 4202 1719 4280">
    <p class='ocr_par' dir='ltr' id='par_1_71' title="bbox 148 4202 1719 4280">
     <span class='ocr_line' id='line_1_71' title="bbox 148 4202 1719 4280; baseline 0 -26"><span class='ocrx_word' id='word_1_498' title='bbox 148 4217 273 4254; x_wconf 87' lang='lat' dir='ltr'><strong>eam</strong></span> <span class='ocrx_word' id='word_1_499' title='bbox 303 4215 517 4254; x_wconf 89' lang='lat' dir='ltr'><strong>onmem</strong></span> <span class='ocrx_word' id='word_1_500' title='bbox 548 4205 818 4280; x_wconf 79' lang='lat' dir='ltr'><strong>regionem</strong></span> <span class='ocrx_word' id='word_1_501' title='bbox 849 4202 1066 4257; x_wconf 76' lang='lat' dir='ltr'><strong>excitati</strong></span> <span class='ocrx_word' id='word_1_502' title='bbox 1093 4210 1239 4256; x_wconf 91' lang='lat' dir='ltr'><strong>sunt.</strong></span> <span class='ocrx_word' id='word_1_503' title='bbox 1270 4220 1288 4253; x_wconf 72' lang='grc' dir='ltr'><strong>ι</strong></span> <span class='ocrx_word' id='word_1_504' title='bbox 1320 4202 1719 4266; x_wconf 83' lang='lat' dir='ltr'><strong>Animadverte,</strong></span> 
     </span>
    </p>
   </div>
   <div class='ocr_carea' id='block_1_72' title="bbox 150 4289 1719 4363">
    <p class='ocr_par' dir='ltr' id='par_1_72' title="bbox 150 4289 1719 4363">
     <span class='ocr_line' id='line_1_72' title="bbox 150 4289 1719 4363; baseline -0.002 -17"><span class='ocrx_word' id='word_1_505' title='bbox 150 4290 370 4346; x_wconf 77' lang='lat' dir='ltr'><strong>Scholia</strong></span> <span class='ocrx_word' id='word_1_506' title='bbox 412 4304 507 4344; x_wconf 89' lang='lat' dir='ltr'><strong>sua</strong></span> <span class='ocrx_word' id='word_1_507' title='bbox 548 4292 691 4346; x_wconf 86' lang='lat' dir='ltr'><strong>circa</strong></span> <span class='ocrx_word' id='word_1_508' title='bbox 733 4294 842 4346; x_wconf 77' lang='lat' dir='ltr'><strong>lucc</strong></span> <span class='ocrx_word' id='word_1_509' title='bbox 871 4300 1109 4363; x_wconf 83' lang='lat' dir='ltr'><strong>tempora</strong></span> <span class='ocrx_word' id='word_1_510' title='bbox 1148 4291 1429 4360; x_wconf 85' lang='lat' dir='ltr'><strong>scripsisse</strong></span> <span class='ocrx_word' id='word_1_511' title='bbox 1461 4289 1719 4345; x_wconf 85' lang='lat' dir='ltr'><strong>Joannem</strong></span> 
     </span>
    </p>
   </div>
   <div class='ocr_carea' id='block_1_73' title="bbox 151 4381 1721 4456">
    <p class='ocr_par' dir='ltr' id='par_1_73' title="bbox 151 4381 1721 4456">
     <span class='ocr_line' id='line_1_73' title="bbox 151 4381 1721 4456; baseline -0.003 -17"><span class='ocrx_word' id='word_1_512' title='bbox 151 4384 689 4456; x_wconf 77' lang='lat' dir='ltr'><strong>Scythopolitauum,</strong></span> <span class='ocrx_word' id='word_1_513' title='bbox 723 4394 906 4453; x_wconf 87' lang='lat' dir='ltr'><strong>utpote</strong></span> <span class='ocrx_word' id='word_1_514' title='bbox 957 4385 1049 4454; x_wconf 87' lang='lat' dir='ltr'><strong>qui</strong></span> <span class='ocrx_word' id='word_1_515' title='bbox 1100 4384 1166 4438; x_wconf 90' lang='lat' dir='ltr'><strong>de</strong></span> <span class='ocrx_word' id='word_1_516' title='bbox 1216 4382 1536 4453; x_wconf 83' lang='lat' dir='ltr'><strong>Origenistis</strong></span> <span class='ocrx_word' id='word_1_517' title='bbox 1588 4381 1721 4451; x_wconf 88' lang='lat' dir='ltr'><strong>agit,</strong></span> 
     </span>
    </p>
   </div>
   <div class='ocr_carea' id='block_1_74' title="bbox 151 4471 1720 4547">
    <p class='ocr_par' dir='ltr' id='par_1_74' title="bbox 151 4471 1720 4547">
     <span class='ocr_line' id='line_1_74' title="bbox 151 4471 1720 4547; baseline -0.004 -16"><span class='ocrx_word' id='word_1_518' title='bbox 151 4477 246 4547; x_wconf 86' lang='lat' dir='ltr'><strong>qui</strong></span> <span class='ocrx_word' id='word_1_519' title='bbox 274 4492 413 4529; x_wconf 77' lang='lat' dir='ltr'><strong>nunc</strong></span> <span class='ocrx_word' id='word_1_520' title='bbox 444 4477 702 4529; x_wconf 90' lang='lat' dir='ltr'><strong>dicuntur</strong></span> <span class='ocrx_word' id='word_1_521' title='bbox 728 4478 1003 4545; x_wconf 83' lang='lat' dir='ltr'><strong>prodiisse.</strong></span> <span class='ocrx_word' id='word_1_522' title='bbox 1046 4475 1309 4544; x_wconf 79' lang='lat' dir='ltr'><strong>Tempora</strong></span> <span class='ocrx_word' id='word_1_523' title='bbox 1353 4475 1554 4529; x_wconf 65' lang='lat' dir='ltr'><strong>certius</strong></span> <span class='ocrx_word' id='word_1_524' title='bbox 1586 4471 1720 4527; x_wconf 74' lang='lat' dir='ltr'><strong>inira</strong></span> 
     </span>
    </p>
   </div>
   <div class='ocr_carea' id='block_1_75' title="bbox 151 4568 637 4625">
    <p class='ocr_par' dir='ltr' id='par_1_75' title="bbox 151 4568 637 4625">
     <span class='ocr_line' id='line_1_75' title="bbox 151 4568 637 4625; baseline -0.004 -2"><span class='ocrx_word' id='word_1_525' title='bbox 151 4568 461 4625; x_wconf 78' lang='lat' dir='ltr'><strong>deﬁnienda</strong></span> <span class='ocrx_word' id='word_1_526' title='bbox 491 4578 637 4623; x_wconf 85' lang='lat' dir='ltr'><strong>sunt.</strong></span> 
     </span>
    </p>
   </div>
   <div class='ocr_carea' id='block_1_76' title="bbox 222 4652 1718 4730">
    <p class='ocr_par' dir='ltr' id='par_1_76' title="bbox 222 4652 1718 4730">
     <span class='ocr_line' id='line_1_76' title="bbox 222 4652 1718 4730; baseline -0.005 -15"><span class='ocrx_word' id='word_1_527' title='bbox 222 4662 341 4715; x_wconf 84' lang='lat' dir='ltr'><strong>Alia</strong></span> <span class='ocrx_word' id='word_1_528' title='bbox 371 4664 476 4715; x_wconf 91' lang='lat' dir='ltr'><strong>duo</strong></span> <span class='ocrx_word' id='word_1_529' title='bbox 516 4669 643 4725; x_wconf 85' lang='lat' dir='ltr'><strong>sunt</strong></span> <span class='ocrx_word' id='word_1_530' title='bbox 679 4660 883 4716; x_wconf 87' lang='lat' dir='ltr'><strong>scholia</strong></span> <span class='ocrx_word' id='word_1_531' title='bbox 913 4674 1035 4729; x_wconf 73' lang='lat' dir='ltr'><strong>qua:</strong></span> <span class='ocrx_word' id='word_1_532' title='bbox 1066 4660 1297 4730; x_wconf 88' lang='lat' dir='ltr'><strong>produnt</strong></span> <span class='ocrx_word' id='word_1_533' title='bbox 1326 4667 1625 4712; x_wconf 84' lang='lat' dir='ltr'><strong>auctorem.</strong></span> <span class='ocrx_word' id='word_1_534' title='bbox 1661 4652 1718 4709; x_wconf 85' lang='lat' dir='ltr'><strong>In</strong></span> 
     </span>
    </p>
   </div>
   <div class='ocr_carea' id='block_1_77' title="bbox 151 4749 1723 4825">
    <p class='ocr_par' dir='ltr' id='par_1_77' title="bbox 151 4749 1723 4825">
     <span class='ocr_line' id='line_1_77' title="bbox 151 4749 1723 4825; baseline -0.005 -16"><span class='ocrx_word' id='word_1_535' title='bbox 151 4765 317 4825; x_wconf 82' lang='lat' dir='ltr'><strong>caput</strong></span> <span class='ocrx_word' id='word_1_536' title='bbox 348 4757 379 4808; x_wconf 95' lang='lat'><strong>7</strong></span> <span class='ocrx_word' id='word_1_537' title='bbox 429 4753 501 4807; x_wconf 91' lang='lat' dir='ltr'><strong>De</strong></span> <span class='ocrx_word' id='word_1_538' title='bbox 528 4754 719 4807; x_wconf 69' lang='lat' dir='ltr'><strong>caelati</strong></span> <span class='ocrx_word' id='word_1_539' title='bbox 748 4750 1065 4819; x_wconf 76' lang='lat' dir='ltr'><strong>hieran/tia,</strong></span> <span class='ocrx_word' id='word_1_540' title='bbox 1098 4752 1164 4804; x_wconf 86' lang='lat' dir='ltr'><strong>ad</strong></span> <span class='ocrx_word' id='word_1_541' title='bbox 1200 4764 1260 4804; x_wconf 89' lang='lat' dir='ltr'><strong>ea</strong></span> <span class='ocrx_word' id='word_1_542' title='bbox 1294 4750 1475 4812; x_wconf 90' lang='lat' dir='ltr'><strong>verba,</strong></span> <span class='ocrx_word' id='word_1_543' title='bbox 1505 4750 1591 4815; x_wconf 73' lang='grc' dir='ltr'><strong>εἰς</strong></span> <span class='ocrx_word' id='word_1_544' title='bbox 1625 4749 1723 4802; x_wconf 85' lang='grc' dir='ltr'><strong>οὐ-</strong></span> 
     </span>
    </p>
   </div>
   <div class='ocr_carea' id='block_1_78' title="bbox 143 4840 1723 4917">
    <p class='ocr_par' dir='ltr' id='par_1_78' title="bbox 143 4840 1723 4917">
     <span class='ocr_line' id='line_1_78' title="bbox 143 4840 1723 4917; baseline -0.008 -15"><span class='ocrx_word' id='word_1_545' title='bbox 143 4848 393 4917; x_wconf 74' lang='grc' dir='ltr'><strong>ραγούς,</strong></span> <span class='ocrx_word' id='word_1_546' title='bbox 428 4848 481 4899; x_wconf 88' lang='lat' dir='ltr'><strong>in</strong></span> <span class='ocrx_word' id='word_1_547' title='bbox 503 4847 685 4906; x_wconf 74' lang='lat' dir='ltr'><strong>caelos,</strong></span> <span class='ocrx_word' id='word_1_548' title='bbox 717 4856 841 4898; x_wconf 89' lang='lat' dir='ltr'><strong>uota</strong></span> <span class='ocrx_word' id='word_1_549' title='bbox 876 4844 955 4895; x_wconf 73' lang='lat' dir='ltr'><strong>sic</strong></span> <span class='ocrx_word' id='word_1_550' title='bbox 978 4840 1489 4912; x_wconf 73' lang='lat' dir='ltr'><strong>appingiturthota</strong></span> <span class='ocrx_word' id='word_1_551' title='bbox 1531 4848 1723 4894; x_wconf 88' lang='lat' dir='ltr'><strong>contra</strong></span> 
     </span>
    </p>
   </div>
   <div class='ocr_carea' id='block_1_79' title="bbox 156 4930 1725 4995">
    <p class='ocr_par' dir='ltr' id='par_1_79' title="bbox 156 4930 1725 4995">
     <span class='ocr_line' id='line_1_79' title="bbox 156 4930 1725 4995; baseline -0.006 0"><span class='ocrx_word' id='word_1_552' title='bbox 156 4941 461 4995; x_wconf 71' lang='lat' dir='ltr'><strong>Basili-auos</strong></span> <span class='ocrx_word' id='word_1_553' title='bbox 488 4950 541 4994; x_wconf 90' lang='lat' dir='ltr'><strong>et</strong></span> <span class='ocrx_word' id='word_1_554' title='bbox 574 4937 923 4991; x_wconf 82' lang='lat' dir='ltr'><strong>Nostorianos</strong></span> <span class='ocrx_word' id='word_1_555' title='bbox 945 4933 1127 4989; x_wconf 90' lang='lat' dir='ltr'><strong>Jesum</strong></span> <span class='ocrx_word' id='word_1_556' title='bbox 1150 4933 1448 4995; x_wconf 90' lang='lat' dir='ltr'><strong>Christum,</strong></span> <span class='ocrx_word' id='word_1_557' title='bbox 1470 4932 1521 4984; x_wconf 93' lang='lat' dir='ltr'><strong>in</strong></span> <span class='ocrx_word' id='word_1_558' title='bbox 1556 4930 1725 4985; x_wconf 78' lang='lat' dir='ltr'><strong>C(L‘ius</strong></span> 
     </span>
    </p>
   </div>
   <div class='ocr_carea' id='block_1_80' title="bbox 153 5016 1725 5099">
    <p class='ocr_par' dir='ltr' id='par_1_80' title="bbox 153 5016 1725 5099">
     <span class='ocr_line' id='line_1_80' title="bbox 153 5016 1725 5099; baseline -0.009 -11"><span class='ocrx_word' id='word_1_559' title='bbox 153 5043 513 5099; x_wconf 77' lang='lat' dir='ltr'><strong>assumptum,</strong></span> <span class='ocrx_word' id='word_1_560' title='bbox 556 5016 854 5085; x_wconf 63' lang='lat' dir='ltr'><strong>secutulqu</strong></span> <span class='ocrx_word' id='word_1_561' title='bbox 888 5028 1027 5098; x_wconf 91' lang='lat' dir='ltr'><strong>quod</strong></span> <span class='ocrx_word' id='word_1_562' title='bbox 1065 5028 1223 5079; x_wconf 88' lang='lat' dir='ltr'><strong>homo</strong></span> <span class='ocrx_word' id='word_1_563' title='bbox 1253 5035 1358 5089; x_wconf 88' lang='lat' dir='ltr'><strong>est,</strong></span> <span class='ocrx_word' id='word_1_564' title='bbox 1391 5037 1509 5077; x_wconf 85' lang='lat' dir='ltr'><strong>esse</strong></span> <span class='ocrx_word' id='word_1_565' title='bbox 1542 5020 1725 5076; x_wconf 80' lang='lat' dir='ltr'><strong>Domi-</strong></span> 
     </span>
    </p>
   </div>
   <div class='ocr_carea' id='block_1_81' title="bbox 152 5120 1726 5194">
    <p class='ocr_par' dir='ltr' id='par_1_81' title="bbox 152 5120 1726 5194">
     <span class='ocr_line' id='line_1_81' title="bbox 152 5120 1726 5194; baseline -0.011 -13"><span class='ocrx_word' id='word_1_566' title='bbox 152 5142 284 5181; x_wconf 87' lang='lat' dir='ltr'><strong>num</strong></span> <span class='ocrx_word' id='word_1_567' title='bbox 336 5124 752 5194; x_wconf 81' lang='lat' dir='ltr'><strong>intelligibilium</strong></span> <span class='ocrx_word' id='word_1_568' title='bbox 807 5120 1072 5181; x_wconf 90' lang='lat' dir='ltr'><strong>omnium,</strong></span> <span class='ocrx_word' id='word_1_569' title='bbox 1105 5127 1284 5173; x_wconf 87' lang='lat' dir='ltr'><strong>etc....</strong></span> <span class='ocrx_word' id='word_1_570' title='bbox 1348 5123 1537 5169; x_wconf 87' lang='lat' dir='ltr'><strong>contra</strong></span> <span class='ocrx_word' id='word_1_571' title='bbox 1600 5127 1726 5165; x_wconf 88' lang='lat' dir='ltr'><strong>vero</strong></span> 
     </span>
    </p>
   </div>
   <div class='ocr_carea' id='block_1_82' title="bbox 152 5204 1726 5287">
    <p class='ocr_par' dir='ltr' id='par_1_82' title="bbox 152 5204 1726 5287">
     <span class='ocr_line' id='line_1_82' title="bbox 152 5204 1726 5287; baseline -0.01 -15"><span class='ocrx_word' id='word_1_572' title='bbox 152 5216 459 5287; x_wconf 81' lang='lat' dir='ltr'><strong>Accphalos</strong></span> <span class='ocrx_word' id='word_1_573' title='bbox 490 5228 542 5269; x_wconf 90' lang='lat' dir='ltr'><strong>et</strong></span> <span class='ocrx_word' id='word_1_574' title='bbox 569 5214 953 5283; x_wconf 83' lang='lat' dir='ltr'><strong>Eutychiauos,</strong></span> <span class='ocrx_word' id='word_1_575' title='bbox 1002 5211 1141 5279; x_wconf 88' lang='lat' dir='ltr'><strong>quod</strong></span> <span class='ocrx_word' id='word_1_576' title='bbox 1179 5208 1427 5278; x_wconf 82' lang='lat' dir='ltr'><strong>quamvis</strong></span> <span class='ocrx_word' id='word_1_577' title='bbox 1468 5204 1726 5259; x_wconf 87' lang='lat' dir='ltr'><strong>Dominus</strong></span> 
     </span>
    </p>
   </div>
   <div class='ocr_carea' id='block_1_83' title="bbox 156 5297 1725 5372">
    <p class='ocr_par' dir='ltr' id='par_1_83' title="bbox 156 5297 1725 5372">
     <span class='ocr_line' id='line_1_83' title="bbox 156 5297 1725 5372; baseline -0.008 -14"><span class='ocrx_word' id='word_1_578' title='bbox 156 5312 444 5372; x_wconf 79' lang='lat' dir='ltr'><strong>virtutum,</strong></span> <span class='ocrx_word' id='word_1_579' title='bbox 477 5322 637 5360; x_wconf 80' lang='lat' dir='ltr'><strong>verus</strong></span> <span class='ocrx_word' id='word_1_580' title='bbox 666 5317 720 5360; x_wconf 81' lang='lat' dir='ltr'><strong>et</strong></span> <span class='ocrx_word' id='word_1_581' title='bbox 758 5303 1075 5358; x_wconf 76' lang='lat' dir='ltr'><strong>manifestus</strong></span> <span class='ocrx_word' id='word_1_582' title='bbox 1108 5308 1287 5355; x_wconf 85' lang='lat' dir='ltr'><strong>homo.</strong></span> <span class='ocrx_word' id='word_1_583' title='bbox 1320 5316 1338 5348; x_wconf 83' lang='lat' dir='ltr'><strong>s</strong></span> <span class='ocrx_word' id='word_1_584' title='bbox 1374 5299 1503 5351; x_wconf 86' lang='lat' dir='ltr'><strong>Item</strong></span> <span class='ocrx_word' id='word_1_585' title='bbox 1549 5297 1600 5347; x_wconf 92' lang='lat' dir='ltr'><strong>in</strong></span> <span class='ocrx_word' id='word_1_586' title='bbox 1633 5310 1725 5347; x_wconf 84' lang='lat' dir='ltr'><strong>ca-</strong></span> 
     </span>
    </p>
   </div>
   <div class='ocr_carea' id='block_1_84' title="bbox 157 5384 1730 5468">
    <p class='ocr_par' dir='ltr' id='par_1_84' title="bbox 157 5384 1730 5468">
     <span class='ocr_line' id='line_1_84' title="bbox 157 5384 1730 5468; baseline -0.01 -18"><span class='ocrx_word' id='word_1_587' title='bbox 157 5410 251 5468; x_wconf 88' lang='lat' dir='ltr'><strong>put</strong></span> <span class='ocrx_word' id='word_1_588' title='bbox 288 5400 317 5451; x_wconf 87' lang='lat'><strong>7</strong></span> <span class='ocrx_word' id='word_1_589' title='bbox 355 5399 430 5452; x_wconf 83' lang='lat' dir='ltr'><strong>De</strong></span> <span class='ocrx_word' id='word_1_590' title='bbox 463 5397 814 5451; x_wconf 84' lang='lat' dir='ltr'><strong>ecclesiastica</strong></span> <span class='ocrx_word' id='word_1_591' title='bbox 852 5396 1172 5457; x_wconf 69' lang='lat' dir='ltr'><strong>hieran/tia,</strong></span> <span class='ocrx_word' id='word_1_592' title='bbox 1218 5391 1281 5443; x_wconf 88' lang='lat' dir='ltr'><strong>ad</strong></span> <span class='ocrx_word' id='word_1_593' title='bbox 1314 5407 1376 5444; x_wconf 83' lang='lat' dir='ltr'><strong>ea</strong></span> <span class='ocrx_word' id='word_1_594' title='bbox 1412 5388 1595 5449; x_wconf 86' lang='lat' dir='ltr'><strong>verba,</strong></span> <span class='ocrx_word' id='word_1_595' title='bbox 1632 5384 1730 5437; x_wconf 76' lang='grc' dir='ltr'><strong>καὶ</strong></span> 
     </span>
    </p>
   </div>
   <div class='ocr_carea' id='block_1_85' title="bbox 156 5481 1732 5560">
    <p class='ocr_par' dir='ltr' id='par_1_85' title="bbox 156 5481 1732 5560">
     <span class='ocr_line' id='line_1_85' title="bbox 156 5481 1732 5560; baseline -0.011 -14"><span class='ocrx_word' id='word_1_596' title='bbox 156 5492 347 5560; x_wconf 61' lang='grc' dir='ltr'><strong>ἱεράν,</strong></span> <span class='ocrx_word' id='word_1_597' title='bbox 369 5506 417 5546; x_wconf 87' lang='lat' dir='ltr'><strong>et</strong></span> <span class='ocrx_word' id='word_1_598' title='bbox 449 5508 676 5553; x_wconf 85' lang='lat' dir='ltr'><strong>sacram,</strong></span> <span class='ocrx_word' id='word_1_599' title='bbox 707 5491 819 5544; x_wconf 63' lang='lat' dir='ltr'><strong>bare</strong></span> <span class='ocrx_word' id='word_1_600' title='bbox 845 5487 1201 5556; x_wconf 89' lang='lat' dir='ltr'><strong>subjiciuntur</strong></span> <span class='ocrx_word' id='word_1_601' title='bbox 1230 5502 1243 5538; x_wconf 89' lang='lat'><strong>:</strong></span> <span class='ocrx_word' id='word_1_602' title='bbox 1275 5503 1293 5535; x_wconf 74' lang='grc' dir='ltr'>ι</span> <span class='ocrx_word' id='word_1_603' title='bbox 1330 5486 1551 5538; x_wconf 78' lang='lat' dir='ltr'><strong>Sacram</strong></span> <span class='ocrx_word' id='word_1_604' title='bbox 1584 5481 1732 5533; x_wconf 83' lang='lat' dir='ltr'><strong>theo-</strong></span> 
     </span>
    </p>
   </div>
   <div class='ocr_carea' id='block_1_86' title="bbox 158 5572 1733 5658">
    <p class='ocr_par' dir='ltr' id='par_1_86' title="bbox 158 5572 1733 5658">
     <span class='ocr_line' id='line_1_86' title="bbox 158 5572 1733 5658; baseline -0.011 -16"><span class='ocrx_word' id='word_1_605' title='bbox 158 5591 359 5658; x_wconf 80' lang='lat' dir='ltr'><strong>logiatn</strong></span> <span class='ocrx_word' id='word_1_606' title='bbox 389 5588 523 5640; x_wconf 85' lang='lat' dir='ltr'><strong>dicit</strong></span> <span class='ocrx_word' id='word_1_607' title='bbox 554 5602 569 5637; x_wconf 88' lang='lat'><strong>:</strong></span> <span class='ocrx_word' id='word_1_608' title='bbox 601 5584 679 5636; x_wconf 82' lang='lat' dir='ltr'><strong>Tu</strong></span> <span class='ocrx_word' id='word_1_609' title='bbox 716 5602 769 5637; x_wconf 82' lang='lat' dir='ltr'><strong>es</strong></span> <span class='ocrx_word' id='word_1_610' title='bbox 810 5582 1050 5636; x_wconf 72' lang='lat' dir='ltr'><strong>Christus</strong></span> <span class='ocrx_word' id='word_1_611' title='bbox 1092 5579 1265 5633; x_wconf 77' lang='lat' dir='ltr'><strong>Filius</strong></span> <span class='ocrx_word' id='word_1_612' title='bbox 1306 5577 1401 5629; x_wconf 78' lang='lat' dir='ltr'><strong>Dci</strong></span> <span class='ocrx_word' id='word_1_613' title='bbox 1446 5577 1562 5637; x_wconf 71' lang='lat' dir='ltr'><strong>vivi,</strong></span> <span class='ocrx_word' id='word_1_614' title='bbox 1590 5572 1733 5643; x_wconf 77' lang='lat' dir='ltr'><strong>quod</strong></span> 
     </span>
    </p>
   </div>
   <div class='ocr_carea' id='block_1_87' title="bbox 161 5668 1736 5736">
    <p class='ocr_par' dir='ltr' id='par_1_87' title="bbox 161 5668 1736 5736">
     <span class='ocr_line' id='line_1_87' title="bbox 161 5668 1736 5736; baseline -0.011 -1"><span class='ocrx_word' id='word_1_615' title='bbox 161 5679 463 5736; x_wconf 87' lang='lat' dir='ltr'><strong>notandum</strong></span> <span class='ocrx_word' id='word_1_616' title='bbox 491 5687 575 5731; x_wconf 88' lang='lat' dir='ltr'><strong>est</strong></span> <span class='ocrx_word' id='word_1_617' title='bbox 611 5686 801 5730; x_wconf 85' lang='lat' dir='ltr'><strong>contra</strong></span> <span class='ocrx_word' id='word_1_618' title='bbox 830 5674 1149 5734; x_wconf 79' lang='lat' dir='ltr'><strong>Basiliauos,</strong></span> <span class='ocrx_word' id='word_1_619' title='bbox 1195 5681 1251 5725; x_wconf 86' lang='lat' dir='ltr'><strong>et</strong></span> <span class='ocrx_word' id='word_1_620' title='bbox 1279 5668 1648 5729; x_wconf 80' lang='lat' dir='ltr'><strong>Nestorianos,</strong></span> <span class='ocrx_word' id='word_1_621' title='bbox 1681 5674 1736 5719; x_wconf 85' lang='lat' dir='ltr'><strong>et</strong></span> 
     </span>
    </p>
   </div>
   <div class='ocr_carea' id='block_1_88' title="bbox 159 5758 1737 5836">
    <p class='ocr_par' dir='ltr' id='par_1_88' title="bbox 159 5758 1737 5836">
     <span class='ocr_line' id='line_1_88' title="bbox 159 5758 1737 5836; baseline -0.013 -7"><span class='ocrx_word' id='word_1_622' title='bbox 159 5773 550 5836; x_wconf 76' lang='lat' dir='ltr'><strong>Paulianistas,</strong></span> <span class='ocrx_word' id='word_1_623' title='bbox 584 5779 636 5825; x_wconf 90' lang='lat' dir='ltr'><strong>et</strong></span> <span class='ocrx_word' id='word_1_624' title='bbox 661 5768 883 5823; x_wconf 90' lang='lat' dir='ltr'><strong>similes.</strong></span> <span class='ocrx_word' id='word_1_625' title='bbox 931 5785 949 5817; x_wconf 74' lang='grc' dir='ltr'>ι</span> <span class='ocrx_word' id='word_1_626' title='bbox 982 5767 1185 5832; x_wconf 85' lang='lat' dir='ltr'><strong>Quibus</strong></span> <span class='ocrx_word' id='word_1_627' title='bbox 1218 5767 1268 5816; x_wconf 93' lang='lat' dir='ltr'><strong>in</strong></span> <span class='ocrx_word' id='word_1_628' title='bbox 1307 5763 1437 5817; x_wconf 87' lang='lat' dir='ltr'><strong>locis</strong></span> <span class='ocrx_word' id='word_1_629' title='bbox 1460 5758 1737 5813; x_wconf 75' lang='lat' dir='ltr'><strong>Nestoriu-</strong></span> 
     </span>
    </p>
   </div>
   <div class='ocr_carea' id='block_1_89' title="bbox 155 5849 1733 5925">
    <p class='ocr_par' dir='ltr' id='par_1_89' title="bbox 155 5849 1733 5925">
     <span class='ocr_line' id='line_1_89' title="bbox 155 5849 1733 5925; baseline -0.013 -2"><span class='ocrx_word' id='word_1_630' title='bbox 155 5884 253 5925; x_wconf 89' lang='lat' dir='ltr'><strong>nos</strong></span> <span class='ocrx_word' id='word_1_631' title='bbox 285 5866 443 5921; x_wconf 74' lang='lat' dir='ltr'><strong>vides</strong></span> <span class='ocrx_word' id='word_1_632' title='bbox 490 5863 665 5918; x_wconf 90' lang='lat' dir='ltr'><strong>dictos</strong></span> <span class='ocrx_word' id='word_1_633' title='bbox 708 5861 1026 5915; x_wconf 70' lang='lat' dir='ltr'><strong>liasilianos.</strong></span> <span class='ocrx_word' id='word_1_634' title='bbox 1072 5877 1090 5911; x_wconf 79' lang='grc' dir='ltr'>ι</span> <span class='ocrx_word' id='word_1_635' title='bbox 1126 5858 1249 5913; x_wconf 61' lang='grc' dir='ltr'><strong>ηερε</strong></span> <span class='ocrx_word' id='word_1_636' title='bbox 1280 5865 1460 5911; x_wconf 86' lang='lat' dir='ltr'><strong>autem</strong></span> <span class='ocrx_word' id='word_1_637' title='bbox 1491 5849 1733 5921; x_wconf 84' lang='lat' dir='ltr'><strong>appella-</strong></span> 
     </span>
    </p>
   </div>
   <div class='ocr_carea' id='block_1_90' title="bbox 1819 3252 3375 3327">
    <p class='ocr_par' dir='ltr' id='par_1_90' title="bbox 1819 3252 3375 3327">
     <span class='ocr_line' id='line_1_90' title="bbox 1819 3252 3375 3327; baseline -0.006 -15"><span class='ocrx_word' id='word_1_638' title='bbox 1819 3259 2062 3327; x_wconf 67' lang='lat' dir='ltr'><strong>aﬂirmat,</strong></span> <span class='ocrx_word' id='word_1_639' title='bbox 2085 3257 2418 3309; x_wconf 79' lang='lat' dir='ltr'><strong>Antiochente</strong></span> <span class='ocrx_word' id='word_1_640' title='bbox 2455 3252 2720 3316; x_wconf 64' lang='lat' dir='ltr'><strong>Ecclesiae,</strong></span> <span class='ocrx_word' id='word_1_641' title='bbox 2753 3267 2861 3323; x_wconf 92' lang='lat' dir='ltr'><strong>quo</strong></span> <span class='ocrx_word' id='word_1_642' title='bbox 2889 3263 3113 3320; x_wconf 74' lang='lat' dir='ltr'><strong>tempore</strong></span> <span class='ocrx_word' id='word_1_643' title='bbox 3134 3252 3375 3304; x_wconf 73' lang='lat' dir='ltr'><strong>thronum</strong></span> 
     </span>
    </p>
   </div>
   <div class='ocr_carea' id='block_1_91' title="bbox 1820 3342 3376 3413">
    <p class='ocr_par' dir='ltr' id='par_1_91' title="bbox 1820 3342 3376 3413">
     <span class='ocr_line' id='line_1_91' title="bbox 1820 3342 3376 3413; baseline -0.01 -10"><span class='ocrx_word' id='word_1_644' title='bbox 1820 3352 1890 3404; x_wconf 78' lang='lat' dir='ltr'><strong>ibi</strong></span> <span class='ocrx_word' id='word_1_645' title='bbox 1935 3350 2135 3401; x_wconf 77' lang='lat' dir='ltr'><strong>tenebat</strong></span> <span class='ocrx_word' id='word_1_646' title='bbox 2184 3344 2497 3409; x_wconf 74' lang='lat' dir='ltr'><strong>Flavianus,</strong></span> <span class='ocrx_word' id='word_1_647' title='bbox 2547 3343 2868 3413; x_wconf 76' lang='lat' dir='ltr'><strong>Romanique</strong></span> <span class='ocrx_word' id='word_1_648' title='bbox 2926 3344 3128 3396; x_wconf 80' lang='lat' dir='ltr'><strong>clauum</strong></span> <span class='ocrx_word' id='word_1_649' title='bbox 3172 3342 3376 3409; x_wconf 80' lang='lat' dir='ltr'><strong>imperii</strong></span> 
     </span>
    </p>
   </div>
   <div class='ocr_carea' id='block_1_92' title="bbox 1820 3430 3388 3506">
    <p class='ocr_par' dir='ltr' id='par_1_92' title="bbox 1820 3430 3388 3506">
     <span class='ocr_line' id='line_1_92' title="bbox 1820 3430 3388 3506; baseline -0.005 -12"><span class='ocrx_word' id='word_1_650' title='bbox 1820 3442 2151 3496; x_wconf 74' lang='lat' dir='ltr'><strong>Anastasius.</strong></span> <span class='ocrx_word' id='word_1_651' title='bbox 2181 3437 2468 3506; x_wconf 84' lang='lat' dir='ltr'><strong>Imperium</strong></span> <span class='ocrx_word' id='word_1_652' title='bbox 2503 3437 2669 3489; x_wconf 87' lang='lat' dir='ltr'><strong>tenuit</strong></span> <span class='ocrx_word' id='word_1_653' title='bbox 2690 3437 2789 3489; x_wconf 84' lang='lat' dir='ltr'><strong>iste</strong></span> <span class='ocrx_word' id='word_1_654' title='bbox 2810 3437 2881 3487; x_wconf 87' lang='lat' dir='ltr'><strong>ab</strong></span> <span class='ocrx_word' id='word_1_655' title='bbox 2903 3448 3045 3486; x_wconf 83' lang='lat' dir='ltr'><strong>anno</strong></span> <span class='ocrx_word' id='word_1_656' title='bbox 3070 3430 3165 3485; x_wconf 68' lang='grc'><strong>491</strong></span> <span class='ocrx_word' id='word_1_657' title='bbox 3193 3433 3259 3483; x_wconf 86' lang='lat' dir='ltr'><strong>ad</strong></span> <span class='ocrx_word' id='word_1_658' title='bbox 3283 3446 3388 3486; x_wconf 89' lang='lat' dir='ltr'><strong>an-.</strong></span> 
     </span>
    </p>
   </div>
   <div class='ocr_carea' id='block_1_93' title="bbox 1822 3519 3380 3596">
    <p class='ocr_par' dir='ltr' id='par_1_93' title="bbox 1822 3519 3380 3596">
     <span class='ocr_line' id='line_1_93' title="bbox 1822 3519 3380 3596; baseline -0.01 -10"><span class='ocrx_word' id='word_1_659' title='bbox 1822 3548 1946 3586; x_wconf 89' lang='lat' dir='ltr'><strong>num</strong></span> <span class='ocrx_word' id='word_1_660' title='bbox 1973 3530 2099 3585; x_wconf 83' lang='lat' dir='ltr'><strong>5t8.</strong></span> <span class='ocrx_word' id='word_1_661' title='bbox 2144 3528 2245 3596; x_wconf 83' lang='lat' dir='ltr'><strong>Qui</strong></span> <span class='ocrx_word' id='word_1_662' title='bbox 2289 3542 2419 3581; x_wconf 84' lang='lat' dir='ltr'><strong>vero</strong></span> <span class='ocrx_word' id='word_1_663' title='bbox 2447 3523 2736 3579; x_wconf 81' lang='lat' dir='ltr'><strong>Flavianus</strong></span> <span class='ocrx_word' id='word_1_664' title='bbox 2772 3522 2971 3576; x_wconf 91' lang='lat' dir='ltr'><strong>dicitur</strong></span> <span class='ocrx_word' id='word_1_665' title='bbox 3009 3519 3380 3573; x_wconf 78' lang='lat' dir='ltr'><strong>Autiochenus</strong></span> 
     </span>
    </p>
   </div>
   <div class='ocr_carea' id='block_1_94' title="bbox 1821 3608 3381 3693">
    <p class='ocr_par' dir='ltr' id='par_1_94' title="bbox 1821 3608 3381 3693">
     <span class='ocr_line' id='line_1_94' title="bbox 1821 3608 3381 3693; baseline -0.012 -15"><span class='ocrx_word' id='word_1_666' title='bbox 1821 3622 2154 3693; x_wconf 84' lang='lat' dir='ltr'><strong>patriarcha,</strong></span> <span class='ocrx_word' id='word_1_667' title='bbox 2201 3620 2519 3688; x_wconf 89' lang='lat' dir='ltr'><strong>intelligitur</strong></span> <span class='ocrx_word' id='word_1_668' title='bbox 2549 3616 2709 3683; x_wconf 86' lang='lat' dir='ltr'><strong>hujus</strong></span> <span class='ocrx_word' id='word_1_669' title='bbox 2733 3614 2966 3668; x_wconf 86' lang='lat' dir='ltr'><strong>nominis</strong></span> <span class='ocrx_word' id='word_1_670' title='bbox 2992 3611 3278 3671; x_wconf 87' lang='lat' dir='ltr'><strong>secundus,</strong></span> <span class='ocrx_word' id='word_1_671' title='bbox 3309 3608 3381 3660; x_wconf 87' lang='lat' dir='ltr'><strong>ab</strong></span> 
     </span>
    </p>
   </div>
   <div class='ocr_carea' id='block_1_95' title="bbox 1822 3702 3380 3775">
    <p class='ocr_par' dir='ltr' id='par_1_95' title="bbox 1822 3702 3380 3775">
     <span class='ocr_line' id='line_1_95' title="bbox 1822 3702 3380 3775; baseline -0.013 -1"><span class='ocrx_word' id='word_1_672' title='bbox 1822 3733 1965 3774; x_wconf 89' lang='lat' dir='ltr'><strong>anno</strong></span> <span class='ocrx_word' id='word_1_673' title='bbox 2005 3718 2227 3772; x_wconf 87' lang='lat' dir='ltr'><strong>circiter</strong></span> <span class='ocrx_word' id='word_1_674' title='bbox 2252 3712 2358 3768; x_wconf 79' lang='grc'><strong>499</strong></span> <span class='ocrx_word' id='word_1_675' title='bbox 2386 3712 2451 3766; x_wconf 85' lang='lat' dir='ltr'><strong>ad</strong></span> <span class='ocrx_word' id='word_1_676' title='bbox 2477 3725 2675 3765; x_wconf 82' lang='lat' dir='ltr'><strong>annum</strong></span> <span class='ocrx_word' id='word_1_677' title='bbox 2701 3707 2823 3761; x_wconf 74' lang='grc' dir='ltr'><strong>5η.</strong></span> <span class='ocrx_word' id='word_1_678' title='bbox 2865 3704 3078 3775; x_wconf 81' lang='lat' dir='ltr'><strong>Optime</strong></span> <span class='ocrx_word' id='word_1_679' title='bbox 3106 3702 3380 3757; x_wconf 59' lang='lat' dir='ltr'><strong>cobet-ent</strong></span> 
     </span>
    </p>
   </div>
   <div class='ocr_carea' id='block_1_96' title="bbox 1820 3813 2023 3868">
    <p class='ocr_par' dir='ltr' id='par_1_96' title="bbox 1820 3813 2023 3868">
     <span class='ocr_line' id='line_1_96' title="bbox 1820 3813 2023 3868; baseline -0.01 0"><span class='ocrx_word' id='word_1_680' title='bbox 1820 3813 2023 3868; x_wconf 87' lang='lat' dir='ltr'><strong>onmia.</strong></span> 
     </span>
    </p>
   </div>
   <div class='ocr_carea' id='block_1_97' title="bbox 1888 3883 3391 3969">
    <p class='ocr_par' dir='ltr' id='par_1_97' title="bbox 1888 3883 3391 3969">
     <span class='ocr_line' id='line_1_97' title="bbox 1888 3883 3391 3969; baseline -0.015 -11"><span class='ocrx_word' id='word_1_681' title='bbox 1888 3903 1975 3958; x_wconf 87' lang='lat' dir='ltr'><strong>Ill.</strong></span> <span class='ocrx_word' id='word_1_682' title='bbox 2004 3901 2125 3956; x_wconf 84' lang='lat' dir='ltr'><strong>Jam</strong></span> <span class='ocrx_word' id='word_1_683' title='bbox 2149 3913 2279 3969; x_wconf 85' lang='lat' dir='ltr'><strong>ergo</strong></span> <span class='ocrx_word' id='word_1_684' title='bbox 2300 3898 2441 3950; x_wconf 86' lang='lat' dir='ltr'><strong>inter</strong></span> <span class='ocrx_word' id='word_1_685' title='bbox 2468 3893 2610 3948; x_wconf 86' lang='lat' dir='ltr'><strong>edita</strong></span> <span class='ocrx_word' id='word_1_686' title='bbox 2639 3894 2740 3946; x_wconf 89' lang='lat' dir='ltr'><strong>sub</strong></span> <span class='ocrx_word' id='word_1_687' title='bbox 2772 3890 2929 3944; x_wconf 90' lang='lat' dir='ltr'><strong>unius</strong></span> <span class='ocrx_word' id='word_1_688' title='bbox 2952 3887 3169 3941; x_wconf 78' lang='lat' dir='ltr'><strong>Maximi</strong></span> <span class='ocrx_word' id='word_1_689' title='bbox 3208 3883 3391 3937; x_wconf 80' lang='lat' dir='ltr'><strong>nerui-</strong></span> 
     </span>
    </p>
   </div>
   <div class='ocr_carea' id='block_1_98' title="bbox 1825 3980 3384 4059">
    <p class='ocr_par' dir='ltr' id='par_1_98' title="bbox 1825 3980 3384 4059">
     <span class='ocr_line' id='line_1_98' title="bbox 1825 3980 3384 4059; baseline -0.014 -6"><span class='ocrx_word' id='word_1_690' title='bbox 1825 4012 1893 4053; x_wconf 87' lang='lat' dir='ltr'><strong>ne</strong></span> <span class='ocrx_word' id='word_1_691' title='bbox 1925 3994 2165 4059; x_wconf 82' lang='lat' dir='ltr'><strong>Scholia,</strong></span> <span class='ocrx_word' id='word_1_692' title='bbox 2212 3992 2384 4045; x_wconf 88' lang='lat' dir='ltr'><strong>locum</strong></span> <span class='ocrx_word' id='word_1_693' title='bbox 2426 3986 2625 4041; x_wconf 87' lang='lat' dir='ltr'><strong>habent</strong></span> <span class='ocrx_word' id='word_1_694' title='bbox 2660 3985 2777 4038; x_wconf 86' lang='lat' dir='ltr'><strong>sine</strong></span> <span class='ocrx_word' id='word_1_695' title='bbox 2807 3981 2967 4035; x_wconf 92' lang='lat' dir='ltr'><strong>dubio</strong></span> <span class='ocrx_word' id='word_1_696' title='bbox 3005 3996 3123 4048; x_wconf 69' lang='lat' dir='ltr'><strong>quae</strong></span> <span class='ocrx_word' id='word_1_697' title='bbox 3159 3980 3384 4046; x_wconf 86' lang='lat' dir='ltr'><strong>scripsit</strong></span> 
     </span>
    </p>
   </div>
   <div class='ocr_carea' id='block_1_99' title="bbox 1823 4072 3385 4159">
    <p class='ocr_par' dir='ltr' id='par_1_99' title="bbox 1823 4072 3385 4159">
     <span class='ocr_line' id='line_1_99' title="bbox 1823 4072 3385 4159; baseline -0.016 -10"><span class='ocrx_word' id='word_1_698' title='bbox 1823 4096 2064 4150; x_wconf 77' lang='lat' dir='ltr'><strong>Joannes</strong></span> <span class='ocrx_word' id='word_1_699' title='bbox 2096 4084 2593 4159; x_wconf 83' lang='lat' dir='ltr'><strong>Scythopolitanus,</strong></span> <span class='ocrx_word' id='word_1_700' title='bbox 2627 4077 2846 4134; x_wconf 77' lang='lat' dir='ltr'><strong>confusa</strong></span> <span class='ocrx_word' id='word_1_701' title='bbox 2869 4092 2991 4132; x_wconf 88' lang='lat' dir='ltr'><strong>cum</strong></span> <span class='ocrx_word' id='word_1_702' title='bbox 3012 4077 3236 4130; x_wconf 84' lang='lat' dir='ltr'><strong>eisdem.</strong></span> <span class='ocrx_word' id='word_1_703' title='bbox 3288 4072 3385 4125; x_wconf 71' lang='lat' dir='ltr'><strong>lli-</strong></span> 
     </span>
    </p>
   </div>
   <div class='ocr_carea' id='block_1_100' title="bbox 1827 4167 3387 4248">
    <p class='ocr_par' dir='ltr' id='par_1_100' title="bbox 1827 4167 3387 4248">
     <span class='ocr_line' id='line_1_100' title="bbox 1827 4167 3387 4248; baseline -0.015 -8"><span class='ocrx_word' id='word_1_704' title='bbox 1827 4202 1928 4241; x_wconf 89' lang='lat' dir='ltr'><strong>nus</strong></span> <span class='ocrx_word' id='word_1_705' title='bbox 1956 4193 2210 4239; x_wconf 85' lang='lat' dir='ltr'><strong>accurata</strong></span> <span class='ocrx_word' id='word_1_706' title='bbox 2242 4179 2461 4248; x_wconf 83' lang='lat' dir='ltr'><strong>profero</strong></span> <span class='ocrx_word' id='word_1_707' title='bbox 2490 4173 2653 4228; x_wconf 73' lang='lat' dir='ltr'><strong>verba</strong></span> <span class='ocrx_word' id='word_1_708' title='bbox 2679 4171 2879 4225; x_wconf 77' lang='lat' dir='ltr'><strong>Nii-olai</strong></span> <span class='ocrx_word' id='word_1_709' title='bbox 2912 4169 3120 4222; x_wconf 80' lang='lat' dir='ltr'><strong>Nourrii</strong></span> <span class='ocrx_word' id='word_1_710' title='bbox 3152 4167 3267 4220; x_wconf 92' lang='lat' dir='ltr'><strong>loco</strong></span> <span class='ocrx_word' id='word_1_711' title='bbox 3292 4180 3387 4220; x_wconf 85' lang='lat' dir='ltr'><strong>su-</strong></span> 
     </span>
    </p>
   </div>
   <div class='ocr_carea' id='block_1_101' title="bbox 1826 4263 3389 4349">
    <p class='ocr_par' dir='ltr' id='par_1_101' title="bbox 1826 4263 3389 4349">
     <span class='ocr_line' id='line_1_101' title="bbox 1826 4263 3389 4349; baseline -0.014 -17"><span class='ocrx_word' id='word_1_712' title='bbox 1826 4278 2012 4349; x_wconf 87' lang='lat' dir='ltr'><strong>perius</strong></span> <span class='ocrx_word' id='word_1_713' title='bbox 2041 4275 2234 4330; x_wconf 90' lang='lat' dir='ltr'><strong>citato.</strong></span> <span class='ocrx_word' id='word_1_714' title='bbox 2276 4289 2293 4322; x_wconf 72' lang='grc' dir='ltr'>ι</span> <span class='ocrx_word' id='word_1_715' title='bbox 2326 4270 2380 4323; x_wconf 94' lang='lat' dir='ltr'><strong>ln</strong></span> <span class='ocrx_word' id='word_1_716' title='bbox 2406 4268 2590 4321; x_wconf 88' lang='lat' dir='ltr'><strong>codice</strong></span> <span class='ocrx_word' id='word_1_717' title='bbox 2617 4263 2951 4321; x_wconf 81' lang='lat' dir='ltr'><strong>Colbertiuo,</strong></span> <span class='ocrx_word' id='word_1_718' title='bbox 2981 4274 3138 4312; x_wconf 90' lang='lat' dir='ltr'><strong>manu</strong></span> <span class='ocrx_word' id='word_1_719' title='bbox 3159 4266 3389 4310; x_wconf 76' lang='lat' dir='ltr'><strong>exarata</strong></span> 
     </span>
    </p>
   </div>
   <div class='ocr_carea' id='block_1_102' title="bbox 1824 4349 3380 4427">
    <p class='ocr_par' dir='ltr' id='par_1_102' title="bbox 1824 4349 3380 4427">
     <span class='ocr_line' id='line_1_102' title="bbox 1824 4349 3380 4427; baseline -0.019 -1"><span class='ocrx_word' id='word_1_720' title='bbox 1824 4384 1998 4425; x_wconf 81' lang='lat' dir='ltr'><strong>mense</strong></span> <span class='ocrx_word' id='word_1_721' title='bbox 2053 4365 2334 4420; x_wconf 79' lang='lat' dir='ltr'><strong>Januario.</strong></span> <span class='ocrx_word' id='word_1_722' title='bbox 2387 4361 2519 4427; x_wconf 72' lang='lat' dir='ltr'><strong>feria</strong></span> <span class='ocrx_word' id='word_1_723' title='bbox 2564 4357 2805 4421; x_wconf 85' lang='lat' dir='ltr'><strong>septima,</strong></span> <span class='ocrx_word' id='word_1_724' title='bbox 2857 4351 3135 4405; x_wconf 83' lang='lat' dir='ltr'><strong>indictione</strong></span> <span class='ocrx_word' id='word_1_725' title='bbox 3176 4349 3380 4418; x_wconf 80' lang='lat' dir='ltr'><strong>quinta,</strong></span> 
     </span>
    </p>
   </div>
   <div class='ocr_carea' id='block_1_103' title="bbox 1826 4444 3387 4516">
    <p class='ocr_par' dir='ltr' id='par_1_103' title="bbox 1826 4444 3387 4516">
     <span class='ocr_line' id='line_1_103' title="bbox 1826 4444 3387 4516; baseline -0.017 0"><span class='ocrx_word' id='word_1_726' title='bbox 1826 4479 1964 4516; x_wconf 84' lang='lat' dir='ltr'><strong>anno</strong></span> <span class='ocrx_word' id='word_1_727' title='bbox 2000 4457 2182 4513; x_wconf 88' lang='lat' dir='ltr'><strong>mundi</strong></span> <span class='ocrx_word' id='word_1_728' title='bbox 2204 4453 2361 4516; x_wconf 83' lang='lat'><strong>6500,</strong></span> <span class='ocrx_word' id='word_1_729' title='bbox 2404 4452 2453 4504; x_wconf 90' lang='lat' dir='ltr'><strong>id</strong></span> <span class='ocrx_word' id='word_1_730' title='bbox 2485 4459 2567 4504; x_wconf 87' lang='lat' dir='ltr'><strong>est</strong></span> <span class='ocrx_word' id='word_1_731' title='bbox 2600 4447 2801 4502; x_wconf 82' lang='lat' dir='ltr'><strong>Christi</strong></span> <span class='ocrx_word' id='word_1_732' title='bbox 2834 4444 2957 4507; x_wconf 72' lang='lat'><strong>999.,</strong></span> <span class='ocrx_word' id='word_1_733' title='bbox 3003 4444 3222 4510; x_wconf 75' lang='lat' dir='ltr'><strong>adjert:e</strong></span> <span class='ocrx_word' id='word_1_734' title='bbox 3258 4450 3387 4494; x_wconf 88' lang='lat' dir='ltr'><strong>sunt</strong></span> 
     </span>
    </p>
   </div>
   <div class='ocr_carea' id='block_1_104' title="bbox 1756 4536 3381 4613">
    <p class='ocr_par' dir='ltr' id='par_1_104' title="bbox 1756 4536 3381 4613">
     <span class='ocr_line' id='line_1_104' title="bbox 1756 4536 3381 4613; baseline -0.02 1"><span class='ocrx_word' id='word_1_735' title='bbox 1756 4554 1803 4613; x_wconf 84' lang='lat' dir='ltr'><strong>D</strong></span> <span class='ocrx_word' id='word_1_736' title='bbox 1830 4553 2014 4609; x_wconf 80' lang='lat' dir='ltr'><strong>Sancti</strong></span> <span class='ocrx_word' id='word_1_737' title='bbox 2044 4548 2259 4603; x_wconf 79' lang='lat' dir='ltr'><strong>Maximi</strong></span> <span class='ocrx_word' id='word_1_738' title='bbox 2290 4553 2450 4605; x_wconf 65' lang='lat' dir='ltr'><strong>nove,</strong></span> <span class='ocrx_word' id='word_1_739' title='bbox 2477 4541 2545 4594; x_wconf 83' lang='lat' dir='ltr'><strong>ab</strong></span> <span class='ocrx_word' id='word_1_740' title='bbox 2567 4541 2651 4593; x_wconf 87' lang='lat' dir='ltr'><strong>his</strong></span> <span class='ocrx_word' id='word_1_741' title='bbox 2690 4552 2808 4606; x_wconf 67' lang='lat' dir='ltr'><strong>qua:</strong></span> <span class='ocrx_word' id='word_1_742' title='bbox 2852 4537 2905 4588; x_wconf 87' lang='lat' dir='ltr'><strong>in</strong></span> <span class='ocrx_word' id='word_1_743' title='bbox 2932 4536 3091 4589; x_wconf 86' lang='lat' dir='ltr'><strong>editis</strong></span> <span class='ocrx_word' id='word_1_744' title='bbox 3120 4543 3381 4600; x_wconf 86' lang='lat' dir='ltr'><strong>prostant,</strong></span> 
     </span>
    </p>
   </div>
   <div class='ocr_carea' id='block_1_105' title="bbox 1827 4626 3387 4717">
    <p class='ocr_par' dir='ltr' id='par_1_105' title="bbox 1827 4626 3387 4717">
     <span class='ocr_line' id='line_1_105' title="bbox 1827 4626 3387 4717; baseline -0.015 -17"><span class='ocrx_word' id='word_1_745' title='bbox 1827 4648 2113 4717; x_wconf 78' lang='lat' dir='ltr'><strong>plurimum</strong></span> <span class='ocrx_word' id='word_1_746' title='bbox 2140 4641 2580 4707; x_wconf 82' lang='lat' dir='ltr'><strong>discrepantes...</strong></span> <span class='ocrx_word' id='word_1_747' title='bbox 2615 4633 2766 4689; x_wconf 84' lang='lat' dir='ltr'><strong>Unde</strong></span> <span class='ocrx_word' id='word_1_748' title='bbox 2796 4640 2915 4683; x_wconf 87' lang='lat' dir='ltr'><strong>orta</strong></span> <span class='ocrx_word' id='word_1_749' title='bbox 2957 4630 3026 4682; x_wconf 90' lang='lat' dir='ltr'><strong>sit</strong></span> <span class='ocrx_word' id='word_1_750' title='bbox 3072 4628 3155 4680; x_wconf 91' lang='lat' dir='ltr'><strong>illa</strong></span> <span class='ocrx_word' id='word_1_751' title='bbox 3182 4626 3387 4680; x_wconf 83' lang='lat' dir='ltr'><strong>discre-</strong></span> 
     </span>
    </p>
   </div>
   <div class='ocr_carea' id='block_1_106' title="bbox 1826 4718 3389 4807">
    <p class='ocr_par' dir='ltr' id='par_1_106' title="bbox 1826 4718 3389 4807">
     <span class='ocr_line' id='line_1_106' title="bbox 1826 4718 3389 4807; baseline -0.015 -16"><span class='ocrx_word' id='word_1_752' title='bbox 1826 4738 2005 4807; x_wconf 86' lang='lat' dir='ltr'><strong>pantia</strong></span> <span class='ocrx_word' id='word_1_753' title='bbox 2035 4735 2079 4789; x_wconf 90' lang='lat' dir='ltr'><strong>si</strong></span> <span class='ocrx_word' id='word_1_754' title='bbox 2108 4746 2282 4801; x_wconf 80' lang='lat' dir='ltr'><strong>roges,</strong></span> <span class='ocrx_word' id='word_1_755' title='bbox 2313 4733 2461 4784; x_wconf 89' lang='lat' dir='ltr'><strong>disce</strong></span> <span class='ocrx_word' id='word_1_756' title='bbox 2484 4742 2548 4782; x_wconf 84' lang='lat' dir='ltr'><strong>ex</strong></span> <span class='ocrx_word' id='word_1_757' title='bbox 2578 4722 2845 4779; x_wconf 85' lang='lat' dir='ltr'><strong>Anastasii</strong></span> <span class='ocrx_word' id='word_1_758' title='bbox 2877 4719 3184 4774; x_wconf 86' lang='lat' dir='ltr'><strong>testimonio</strong></span> <span class='ocrx_word' id='word_1_759' title='bbox 3207 4718 3389 4787; x_wconf 84' lang='lat' dir='ltr'><strong>(supe-</strong></span> 
     </span>
    </p>
   </div>
   <div class='ocr_carea' id='block_1_107' title="bbox 1830 4807 3389 4893">
    <p class='ocr_par' dir='ltr' id='par_1_107' title="bbox 1830 4807 3389 4893">
     <span class='ocr_line' id='line_1_107' title="bbox 1830 4807 3389 4893; baseline -0.014 -10"><span class='ocrx_word' id='word_1_760' title='bbox 1830 4830 1938 4883; x_wconf 89' lang='lat' dir='ltr'><strong>rius</strong></span> <span class='ocrx_word' id='word_1_761' title='bbox 1961 4828 2167 4890; x_wconf 86' lang='lat' dir='ltr'><strong>allato),</strong></span> <span class='ocrx_word' id='word_1_762' title='bbox 2198 4839 2304 4893; x_wconf 88' lang='lat' dir='ltr'><strong>quo</strong></span> <span class='ocrx_word' id='word_1_763' title='bbox 2342 4837 2398 4875; x_wconf 85' lang='lat' dir='ltr'><strong>se</strong></span> <span class='ocrx_word' id='word_1_764' title='bbox 2428 4818 2643 4876; x_wconf 81' lang='lat' dir='ltr'><strong>Scholia</strong></span> <span class='ocrx_word' id='word_1_765' title='bbox 2699 4814 2758 4869; x_wconf 89' lang='lat' dir='ltr'><strong>S.</strong></span> <span class='ocrx_word' id='word_1_766' title='bbox 2806 4812 3022 4866; x_wconf 81' lang='lat' dir='ltr'><strong>Maximi</strong></span> <span class='ocrx_word' id='word_1_767' title='bbox 3068 4819 3121 4863; x_wconf 90' lang='lat' dir='ltr'><strong>et</strong></span> <span class='ocrx_word' id='word_1_768' title='bbox 3163 4807 3389 4862; x_wconf 85' lang='lat' dir='ltr'><strong>Joannis</strong></span> 
     </span>
    </p>
   </div>
   <div class='ocr_carea' id='block_1_108' title="bbox 1828 4900 3387 4991">
    <p class='ocr_par' dir='ltr' id='par_1_108' title="bbox 1828 4900 3387 4991">
     <span class='ocr_line' id='line_1_108' title="bbox 1828 4900 3387 4991; baseline -0.015 -16"><span class='ocrx_word' id='word_1_769' title='bbox 1828 4916 2255 4991; x_wconf 85' lang='lat' dir='ltr'><strong>Scythopolitaoi</strong></span> <span class='ocrx_word' id='word_1_770' title='bbox 2304 4929 2333 4966; x_wconf 87' lang='lat' dir='ltr'><strong>a</strong></span> <span class='ocrx_word' id='word_1_771' title='bbox 2387 4924 2446 4965; x_wconf 89' lang='lat' dir='ltr'><strong>se</strong></span> <span class='ocrx_word' id='word_1_772' title='bbox 2502 4910 2729 4963; x_wconf 86' lang='lat' dir='ltr'><strong>invicem</strong></span> <span class='ocrx_word' id='word_1_773' title='bbox 2776 4903 3110 4965; x_wconf 69' lang='lat' dir='ltr'><strong>distinxisse,</strong></span> <span class='ocrx_word' id='word_1_774' title='bbox 3140 4900 3387 4953; x_wconf 83' lang='lat' dir='ltr'><strong>aiIirmat.</strong></span> 
     </span>
    </p>
   </div>
   <div class='ocr_carea' id='block_1_109' title="bbox 1832 4992 3392 5071">
    <p class='ocr_par' dir='ltr' id='par_1_109' title="bbox 1832 4992 3392 5071">
     <span class='ocr_line' id='line_1_109' title="bbox 1832 4992 3392 5071; baseline -0.016 -5"><span class='ocrx_word' id='word_1_775' title='bbox 1832 5012 1970 5066; x_wconf 85' lang='lat' dir='ltr'><strong>llinc</strong></span> <span class='ocrx_word' id='word_1_776' title='bbox 1995 5009 2138 5063; x_wconf 86' lang='lat' dir='ltr'><strong>enim</strong></span> <span class='ocrx_word' id='word_1_777' title='bbox 2168 5005 2409 5071; x_wconf 85' lang='lat' dir='ltr'><strong>colliges,</strong></span> <span class='ocrx_word' id='word_1_778' title='bbox 2434 5018 2498 5057; x_wconf 88' lang='lat' dir='ltr'><strong>ea</strong></span> <span class='ocrx_word' id='word_1_779' title='bbox 2530 4998 2898 5068; x_wconf 89' lang='lat' dir='ltr'><strong>imperitorum</strong></span> <span class='ocrx_word' id='word_1_780' title='bbox 2925 4994 3272 5047; x_wconf 84' lang='lat' dir='ltr'><strong>librariorum</strong></span> <span class='ocrx_word' id='word_1_781' title='bbox 3306 4992 3392 5043; x_wconf 84' lang='lat' dir='ltr'><strong>in-</strong></span> 
     </span>
    </p>
   </div>
   <div class='ocr_carea' id='block_1_110' title="bbox 1829 5084 3395 5171">
    <p class='ocr_par' dir='ltr' id='par_1_110' title="bbox 1829 5084 3395 5171">
     <span class='ocr_line' id='line_1_110' title="bbox 1829 5084 3395 5171; baseline -0.017 -12"><span class='ocrx_word' id='word_1_782' title='bbox 1829 5106 2002 5168; x_wconf 88' lang='lat' dir='ltr'><strong>curia,</strong></span> <span class='ocrx_word' id='word_1_783' title='bbox 2037 5100 2279 5171; x_wconf 87' lang='lat' dir='ltr'><strong>potuisse</strong></span> <span class='ocrx_word' id='word_1_784' title='bbox 2301 5095 2460 5149; x_wconf 82' lang='lat' dir='ltr'><strong>facile</strong></span> <span class='ocrx_word' id='word_1_785' title='bbox 2510 5095 2561 5147; x_wconf 91' lang='lat' dir='ltr'><strong>in</strong></span> <span class='ocrx_word' id='word_1_786' title='bbox 2592 5091 2779 5145; x_wconf 70' lang='lat' dir='ltr'><strong>codice</strong></span> <span class='ocrx_word' id='word_1_787' title='bbox 2824 5086 3132 5142; x_wconf 88' lang='lat' dir='ltr'><strong>Colbertino</strong></span> <span class='ocrx_word' id='word_1_788' title='bbox 3165 5084 3395 5150; x_wconf 85' lang='lat' dir='ltr'><strong>aliisque</strong></span> 
     </span>
    </p>
   </div>
   <div class='ocr_carea' id='block_1_111' title="bbox 1832 5177 3393 5267">
    <p class='ocr_par' dir='ltr' id='par_1_111' title="bbox 1832 5177 3393 5267">
     <span class='ocr_line' id='line_1_111' title="bbox 1832 5177 3393 5267; baseline -0.015 -16"><span class='ocrx_word' id='word_1_789' title='bbox 1832 5198 2075 5267; x_wconf 87' lang='lat' dir='ltr'><strong>pluribus</strong></span> <span class='ocrx_word' id='word_1_790' title='bbox 2112 5201 2441 5262; x_wconf 70' lang='lat' dir='ltr'><strong>prmpostcra</strong></span> <span class='ocrx_word' id='word_1_791' title='bbox 2468 5184 2872 5255; x_wconf 77' lang='lat' dir='ltr'><strong>perturbatione</strong></span> <span class='ocrx_word' id='word_1_792' title='bbox 2903 5179 3180 5235; x_wconf 74' lang='lat' dir='ltr'><strong>confundi.</strong></span> <span class='ocrx_word' id='word_1_793' title='bbox 3212 5194 3231 5228; x_wconf 88' lang='lat' dir='ltr'><strong>s</strong></span> <span class='ocrx_word' id='word_1_794' title='bbox 3266 5177 3393 5240; x_wconf 89' lang='lat' dir='ltr'><strong>Qui-</strong></span> 
     </span>
    </p>
   </div>
   <div class='ocr_carea' id='block_1_112' title="bbox 1836 5269 3395 5349">
    <p class='ocr_par' dir='ltr' id='par_1_112' title="bbox 1836 5269 3395 5349">
     <span class='ocr_line' id='line_1_112' title="bbox 1836 5269 3395 5349; baseline -0.017 -6"><span class='ocrx_word' id='word_1_795' title='bbox 1836 5292 1937 5344; x_wconf 91' lang='lat' dir='ltr'><strong>bus</strong></span> <span class='ocrx_word' id='word_1_796' title='bbox 1969 5288 2182 5340; x_wconf 89' lang='lat' dir='ltr'><strong>videtur</strong></span> <span class='ocrx_word' id='word_1_797' title='bbox 2211 5283 2393 5337; x_wconf 85' lang='lat' dir='ltr'><strong>verbis</strong></span> <span class='ocrx_word' id='word_1_798' title='bbox 2416 5290 2635 5349; x_wconf 81' lang='lat' dir='ltr'><strong>putasse</strong></span> <span class='ocrx_word' id='word_1_799' title='bbox 2666 5274 2959 5337; x_wconf 81' lang='lat' dir='ltr'><strong>Nourrius,</strong></span> <span class='ocrx_word' id='word_1_800' title='bbox 2986 5269 3395 5339; x_wconf 81' lang='lat' dir='ltr'><strong>Scythopolitum</strong></span> 
     </span>
    </p>
   </div>
   <div class='ocr_carea' id='block_1_113' title="bbox 1839 5360 3398 5437">
    <p class='ocr_par' dir='ltr' id='par_1_113' title="bbox 1839 5360 3398 5437">
     <span class='ocr_line' id='line_1_113' title="bbox 1839 5360 3398 5437; baseline -0.018 0"><span class='ocrx_word' id='word_1_801' title='bbox 1839 5380 2054 5437; x_wconf 85' lang='lat' dir='ltr'><strong>Scholia</strong></span> <span class='ocrx_word' id='word_1_802' title='bbox 2080 5378 2224 5432; x_wconf 86' lang='lat' dir='ltr'><strong>edita</strong></span> <span class='ocrx_word' id='word_1_803' title='bbox 2257 5376 2493 5429; x_wconf 88' lang='lat' dir='ltr'><strong>nondum</strong></span> <span class='ocrx_word' id='word_1_804' title='bbox 2524 5386 2661 5434; x_wconf 89' lang='lat' dir='ltr'><strong>esse,</strong></span> <span class='ocrx_word' id='word_1_805' title='bbox 2696 5382 2758 5420; x_wconf 89' lang='lat' dir='ltr'><strong>ac</strong></span> <span class='ocrx_word' id='word_1_806' title='bbox 2798 5367 2970 5419; x_wconf 55' lang='lat' dir='ltr'><strong>latet&#39;c</strong></span> <span class='ocrx_word' id='word_1_807' title='bbox 3002 5365 3053 5416; x_wconf 90' lang='lat' dir='ltr'><strong>in</strong></span> <span class='ocrx_word' id='word_1_808' title='bbox 3098 5360 3398 5416; x_wconf 86' lang='lat' dir='ltr'><strong>codicibus.</strong></span> 
     </span>
    </p>
   </div>
   <div class='ocr_carea' id='block_1_114' title="bbox 1837 5466 2820 5541">
    <p class='ocr_par' dir='ltr' id='par_1_114' title="bbox 1837 5466 2820 5541">
     <span class='ocr_line' id='line_1_114' title="bbox 1837 5466 2820 5541; baseline -0.016 -11"><span class='ocrx_word' id='word_1_809' title='bbox 1837 5475 2069 5530; x_wconf 86' lang='lat' dir='ltr'><strong>Fallitur</strong></span> <span class='ocrx_word' id='word_1_810' title='bbox 2099 5471 2334 5541; x_wconf 86' lang='lat' dir='ltr'><strong>egregie,</strong></span> <span class='ocrx_word' id='word_1_811' title='bbox 2372 5468 2446 5519; x_wconf 90' lang='lat' dir='ltr'><strong>uti</strong></span> <span class='ocrx_word' id='word_1_812' title='bbox 2478 5466 2676 5518; x_wconf 89' lang='lat' dir='ltr'><strong>dictmn</strong></span> <span class='ocrx_word' id='word_1_813' title='bbox 2710 5472 2820 5514; x_wconf 88' lang='lat' dir='ltr'><strong>cst.</strong></span> 
     </span>
    </p>
   </div>
   <div class='ocr_carea' id='block_1_115' title="bbox 1908 5546 3401 5627">
    <p class='ocr_par' dir='ltr' id='par_1_115' title="bbox 1908 5546 3401 5627">
     <span class='ocr_line' id='line_1_115' title="bbox 1908 5546 3401 5627; baseline -0.016 -6"><span class='ocrx_word' id='word_1_814' title='bbox 1908 5570 2216 5621; x_wconf 83' lang='lat' dir='ltr'><strong>Admonere</strong></span> <span class='ocrx_word' id='word_1_815' title='bbox 2259 5572 2433 5615; x_wconf 89' lang='lat' dir='ltr'><strong>tamen</strong></span> <span class='ocrx_word' id='word_1_816' title='bbox 2483 5558 2712 5627; x_wconf 88' lang='lat' dir='ltr'><strong>pretium</strong></span> <span class='ocrx_word' id='word_1_817' title='bbox 2753 5563 2835 5607; x_wconf 89' lang='lat' dir='ltr'><strong>cst</strong></span> <span class='ocrx_word' id='word_1_818' title='bbox 2877 5566 3075 5617; x_wconf 44' lang='lat' dir='ltr'><strong>operai,</strong></span> <span class='ocrx_word' id='word_1_819' title='bbox 3108 5550 3158 5601; x_wconf 90' lang='lat' dir='ltr'><strong>in</strong></span> <span class='ocrx_word' id='word_1_820' title='bbox 3198 5546 3401 5598; x_wconf 84' lang='lat' dir='ltr'><strong>Veneto</strong></span> 
     </span>
    </p>
   </div>
   <div class='ocr_carea' id='block_1_116' title="bbox 1837 5640 3398 5719">
    <p class='ocr_par' dir='ltr' id='par_1_116' title="bbox 1837 5640 3398 5719">
     <span class='ocr_line' id='line_1_116' title="bbox 1837 5640 3398 5719; baseline -0.02 -1"><span class='ocrx_word' id='word_1_821' title='bbox 1837 5664 2025 5719; x_wconf 86' lang='lat' dir='ltr'><strong>codice</strong></span> <span class='ocrx_word' id='word_1_822' title='bbox 2056 5669 2242 5713; x_wconf 90' lang='lat' dir='ltr'><strong>nostro</strong></span> <span class='ocrx_word' id='word_1_823' title='bbox 2270 5654 2556 5709; x_wconf 75' lang='lat' dir='ltr'><strong>Marciana:</strong></span> <span class='ocrx_word' id='word_1_824' title='bbox 2584 5649 2924 5704; x_wconf 77' lang='lat' dir='ltr'><strong>bibliOtheca:</strong></span> <span class='ocrx_word' id='word_1_825' title='bbox 2941 5646 3125 5699; x_wconf 87' lang='lat' dir='ltr'><strong>eadem</strong></span> <span class='ocrx_word' id='word_1_826' title='bbox 3160 5640 3398 5695; x_wconf 80' lang='lat' dir='ltr'><strong>Scholia,</strong></span> 
     </span>
    </p>
   </div>
   <div class='ocr_carea' id='block_1_117' title="bbox 1840 5731 3398 5823">
    <p class='ocr_par' dir='ltr' id='par_1_117' title="bbox 1840 5731 3398 5823">
     <span class='ocr_line' id='line_1_117' title="bbox 1840 5731 3398 5823; baseline -0.016 -19"><span class='ocrx_word' id='word_1_827' title='bbox 1840 5769 1959 5823; x_wconf 73' lang='lat' dir='ltr'><strong>qua:</strong></span> <span class='ocrx_word' id='word_1_828' title='bbox 1983 5752 2124 5821; x_wconf 86' lang='lat' dir='ltr'><strong>typis</strong></span> <span class='ocrx_word' id='word_1_829' title='bbox 2158 5749 2302 5802; x_wconf 87' lang='lat' dir='ltr'><strong>edita</strong></span> <span class='ocrx_word' id='word_1_830' title='bbox 2329 5754 2477 5808; x_wconf 89' lang='lat' dir='ltr'><strong>sunt,</strong></span> <span class='ocrx_word' id='word_1_831' title='bbox 2508 5743 2749 5796; x_wconf 86' lang='lat' dir='ltr'><strong>auctiora</strong></span> <span class='ocrx_word' id='word_1_832' title='bbox 2778 5747 2832 5792; x_wconf 90' lang='lat' dir='ltr'><strong>ct</strong></span> <span class='ocrx_word' id='word_1_833' title='bbox 2853 5736 3113 5805; x_wconf 76' lang='lat' dir='ltr'><strong>attipliora</strong></span> <span class='ocrx_word' id='word_1_834' title='bbox 3144 5731 3398 5799; x_wconf 88' lang='lat' dir='ltr'><strong>reperiri:</strong></span> 
     </span>
    </p>
   </div>
   <div class='ocr_carea' id='block_1_118' title="bbox 1842 5830 3400 5918">
    <p class='ocr_par' dir='ltr' id='par_1_118' title="bbox 1842 5830 3400 5918">
     <span class='ocr_line' id='line_1_118' title="bbox 1842 5830 3400 5918; baseline -0.017 -20"><span class='ocrx_word' id='word_1_835' title='bbox 1842 5862 1963 5918; x_wconf 82' lang='lat' dir='ltr'><strong>qua:</strong></span> <span class='ocrx_word' id='word_1_836' title='bbox 2010 5844 2193 5912; x_wconf 87' lang='lat' dir='ltr'><strong>utique</strong></span> <span class='ocrx_word' id='word_1_837' title='bbox 2228 5839 2591 5892; x_wconf 84' lang='lat' dir='ltr'><strong>additamenta</strong></span> <span class='ocrx_word' id='word_1_838' title='bbox 2643 5830 2917 5887; x_wconf 74' lang='lat' dir='ltr'><strong>omstabit</strong></span> <span class='ocrx_word' id='word_1_839' title='bbox 2974 5840 3108 5881; x_wconf 69' lang='lat' dir='ltr'><strong>nova</strong></span> <span class='ocrx_word' id='word_1_840' title='bbox 3166 5834 3400 5891; x_wconf 65' lang='lat' dir='ltr'><strong>praesens</strong></span> 
     </span>
    </p>
   </div>
  </div>
