4198 6304
784 358 856 425 67
1904 361 1963 419 S.
2001 360 2375 421 DIONYSIUS
2409 361 2870 419 AREOPAGITA.

3943 376 4026 433 68

780 478 968 531 editio.
1020 472 1256 530 Jacobus
1298 473 1581 530 Echardus
1633 475 1691 531 in
1751 474 2106 545 Scriptoribus
2154 477 2344 530 ordinit

2456 476 2656 549 ἄλλως
2678 492 2757 530 τε.
2795 477 2847 529 lu
2884 488 3044 545 caput
3083 476 3175 542 l5,
3220 478 3287 532 ad
3322 493 3507 534 vocem
3537 482 3881 553 ῥᾳστώνην,
3928 502 4027 542 se.

787 566 1223 631 Pradicatorum,
1260 571 1405 621 toiuo
1430 564 1490 631 ll,
1524 568 1589 621 ad
1638 583 1841 621 annum
1889 567 2047 633 1679,
2082 569 2134 621 in
2169 566 2349 622 Fran—

2450 569 2631 620 cunda
2681 570 2948 636 expositio
2998 568 3245 634 alTertnr,
3296 586 3418 625 cum
3458 573 3658 639 ἄλλως
3712 580 4023 645 praamisso.

780 662 918 715 risco
944 659 1261 730 Combeﬁsio
1292 663 1531 725 adnotat,
1564 664 1737 716 virum
1768 662 2239 731 praeclarissimum
2266 678 2354 717 re.
2450 657 2594 712 Idem
2643 667 2934 715 Observare
2983 661 3112 715 licet
3162 664 3213 715 in
3268 674 3432 733 caput
3465 665 3500 718 2
3544 666 3618 719 De
3660 669 4024 725 ecclesiastica

784 752 1011 821 liquisse
1073 754 1223 823 prelo
1278 765 1524 824 paratum
1581 764 1785 809 tomum
1814 754 1875 808 ΙΙΙ
1909 753 2146 808 Auctarii
2173 756 2348 808 novis-

780 847 899 899 simi
934 846 1267 901 Bibliotheca:
1302 848 1603 901 brwcornm
1652 844 1893 911 Patrum,
1946 847 1999 901 in
2040 863 2145 917 quo
2172 846 2346 903 locum

781 940 1058 994 habuisset
1110 940 1323 995 Scholia
1377 943 1428 993 in
1478 940 1783 1009 Dionysium
1829 942 2234 1009 AreOpagitam..
2285 958 2350 995 ea:

779 1032 960 1103 Regio,
1000 1034 1454 1103 Sandionysiano,
1494 1050 1553 1086 ac
1595 1032 1793 1099 duplici
1838 1033 2116 1087 Mazarino
2154 1034 2347 1087 codici-

777 1124 892 1187 bus,
946 1124 1121 1177 multis
1177 1136 1332 1176 aucta
1389 1135 1435 1177 et
1474 1123 1764 1178 emendata.
1808 1110 1945 1177 Slllll
1993 1138 2183 1193 nempe
2215 1123 2349 1196 Scy-

762 1219 1099 1288 ‘thopolitani
1136 1217 1373 1281 Scholia,
1415 1233 1533 1287 quae
1560 1226 1741 1272 tamen
1785 1220 1850 1270 ad
1887 1216 2177 1271 Maximum
2209 1217 2346 1272 refe-

778 1314 930 1369 rebat
957 1315 1038 1367 vir
1060 1317 1273 1370 doctus.

844 1407 1061 1461 Addere
1113 1406 1239 1461 licet
1284 1404 1726 1461 Commentarium
1777 1408 1940 1460 etiam
1986 1408 2235 1477 fusiorem
2290 1408 2345 1460 in

774 1505 1021 1566 quartam
1062 1497 1297 1567 Dionysii
1334 1498 1656 1567 Areopagitaz
1693 1496 1766 1549 sic
1804 1500 1953 1567 vulgo
1996 1500 2127 1553 dicti
2152 1500 2345 1569 episto-

775 1592 903 1654 lam,
934 1607 1047 1659 qua:
1076 1600 1149 1645 est
1179 1593 1247 1644 ad
1274 1590 1461 1645 Caium
1492 1608 1511 1657 _:
1540 1594 1680 1661 quod
1712 1607 1846 1662 opus
1875 1592 2233 1647 Combelisius
2252 1609 2346 1648 vo-

778 1698 867 1741 cat
896 1687 1117 1742 Maximi
1140 1694 1422 1758 genuinum
1472 1703 1538 1743 ex
1584 1689 1772 1744 codice
1802 1689 1995 1759 Regio,
2027 1690 2181 1759 idque
2213 1704 2340 1743 nus-

773 1797 931 1849 quam
982 1792 1132 1833 antea
1172 1781 1304 1850 typis
1339 1796 1607 1837 excusum.
1655 1780 1761 1835 Sed
1804 1780 1929 1835 illud
1972 1782 2175 1836 editum
2202 1780 2341 1852 typis

2448 750 2785 815 Itierarchia,
2822 752 2887 805 ad
2928 751 3014 804 illa
3060 753 3254 816 verba,
3306 754 3591 824 intelligere
3627 759 3802 811 animo
3834 771 3880 811 et
3917 778 4020 812 ra-

2447 846 2623 905 tione;
2649 854 2701 897 et
2725 843 2775 895 in
2810 853 2971 913 caput
2998 842 3136 906 5,ad
3173 859 3355 907 voces,
3383 846 3437 899 in
3460 848 3663 913 aliens,
3690 859 3743 902 et
3770 851 3836 903 ad
3870 850 4018 909 illas,

2447 937 2573 989 dicit
2597 936 2687 1005 qui
2712 935 2851 988 lotus
2876 945 2987 999 est;
3012 949 3068 989 et
3097 937 3147 989 in
3174 945 3335 1005 caput
3356 936 3409 1001 4,
3432 939 3497 991 ad
3523 941 3707 1004 verba,
3731 940 3808 993 est
3830 943 4020 1008 aliqua

2447 1028 2684 1088 caelestis.
2730 1037 2784 1081 et
2816 1028 2880 1081 ad
2930 1027 3084 1091 illud,
3117 1030 3493 1097 inferioribus;
3524 1040 3577 1085 et
3607 1032 3656 1085 in
3686 1041 3845 1101 caput
3873 1034 3908 1087 ’Ξ
3939 1035 4020 1089 De

2445 1122 2637 1175 divinis
2670 1121 2996 1186 nominibus,
3050 1122 3116 1175 ad
3148 1122 3331 1188 verba,
3364 1140 3552 1191 passus
3595 1125 3804 1190 divina;
3849 1138 3903 1181 et
3959 1128 4017 1183 in

2447 1224 2606 1283 caput
2633 1214 2687 1281 4,
2718 1216 2785 1268 ad
2816 1229 2998 1279 voces,
3026 1214 3121 1267 καὶ
3147 1216 3533 1287 ὑπερκόσμιον.

2519 1308 2572 1359 In
2616 1317 2777 1375 caput
2816 1307 2871 1371 5,
2901 1308 2969 1361 ad
2992 1308 3182 1373 verba,
3217 1318 3265 1361 et
3289 1319 3387 1375 est,
3423 1321 3469 1363 et
3499 1312 3630 1373 erit,
3666 1311 3839 1379 prima
3877 1309 4014 1365 sub-

2440 1396 2630 1467 jicitur
2658 1407 2819 1464 nota;
2858 1399 2966 1453 alia
2996 1399 3249 1469 sequitur
3286 1402 3479 1455 deinde
3506 1417 3628 1455 cum
3676 1402 3760 1455 his
3802 1401 4008 1467 verbis,

2443 1495 2523 1556 εἰς
2544 1491 2605 1547 τὸ
2640 1492 2772 1547 αὐτό
2796 1508 2810 1545 :
2837 1501 2891 1546 et
2935 1492 2986 1545 in
3025 1503 3185 1562 caput
3218 1494 3269 1557 7,
3316 1494 3382 1548 ad
3427 1508 3618 1558 voces,
3657 1504 3705 1547 et
3743 1494 4013 1565 imagines

2442 1587 2723 1659 quasdam.
2752 1586 2875 1641 Haec
2910 1602 3038 1641 vero
3070 1588 3203 1642 satis
3233 1600 3396 1643 sunt:
3425 1604 3524 1643 nec
3550 1588 3694 1644 enim
3726 1590 3931 1644 diutius
3954 1590 4007 1645 in

2446 1680 2532 1735 his
2581 1679 2855 1735 immorari
2890 1680 3054 1747 licet,
3082 1696 3203 1751 quae
3242 1683 3358 1737 sola
3394 1683 3642 1737 codicum
3676 1683 4012 1752 inspectione

2446 1770 2776 1839 deprehendi
2801 1780 2917 1825 tuto
2944 1780 3196 1841 possunt.

775 1872 970 1927 Oxonii
1004 1872 1131 1927 1681
1170 1874 1470 1943 putaverim
1493 1888 1591 1943 ego
1620 1873 1670 1927 in
1702 1873 2011 1942 Appendice
2031 1873 2099 1926 ad
2118 1872 2342 1926 Joannis
2372 1871 2415 1926 Β
2518 1863 2581 1919 V.
2626 1864 2709 1919 Ad
2760 1875 3037 1919 auctorem
3070 1864 3334 1921 Joannem
3370 1864 3875 1937 Scythopolitanum
3897 1869 4012 1924 red-

774 1965 924 2020 Scoti
958 1964 1194 2034 Erigena?
1216 1967 1375 2020 libros
1405 1967 1630 2036 quinque
1674 1964 1748 2021 De
1795 1967 2051 2021 divisione
2098 1976 2299 2020 natura'
2322 1984 2340 2020 :

773 2058 859 2112 ubi
894 2068 1069 2114 exstat
1092 2056 1282 2113 Grmce
1314 2068 1368 2114 et
1402 2059 1615 2124 Latine,
1656 2058 1953 2128 interprete
2000 2058 2102 2111 Ἧι.
2140 2056 2339 2124 Galaeo,

767 2150 967 2223 Anglo1
1014 2150 1247 2219 Epistola
1302 2152 1472 2219 prima
1526 2151 1586 2206 S.
1616 2150 1837 2205 Maximi
1866 2153 1933 2205 ad
1962 2150 2211 2205 Thomam
2264 2154 2342 2204 vi-

770 2260 885 2296 rum
918 2253 1156 2297 sanctum
1198 2244 1261 2295 de
1296 2243 1515 2296 diversis
1542 2244 1938 2312 quaestionibus,
1996 2258 2057 2297 ac
2096 2252 2341 2313 prostant

769 2335 947 2403 capite
969 2334 1001 2388 5
1032 2334 1262 2390 fusiores
1283 2336 1337 2387 in
1364 2334 1635 2403 epistolam
1664 2346 1905 2403 quartam
1933 2337 1999 2389 ad
2030 2334 2220 2389 Caium
2239 2338 2339 2391 sub

769 2427 1009 2496 ejusdem
1050 2427 1262 2480 Maximi
1301 2426 1516 2480 nomine
1540 2427 1948 2482 Commentarii.

839 2519 925 2573 IV.
970 2521 1051 2573 An
1086 2536 1211 2575 vero
1254 2519 1473 2574 Maximi
1508 2520 1745 2587 Scholia,
1777 2530 1833 2576 et
1869 2536 1928 2575 ea
1974 2536 2093 2591 quo:
2118 2519 2340 2590 scripsit

768 2610 1271 2681 Scythopolitauus,
1300 2623 1530 2681 utraque
1561 2614 1784 2668 confusa
1821 2615 1873 2668 in
1914 2615 2095 2678 editis,
2139 2611 2334 2668 indicia

771 2702 993 2771 iuerint,
1020 2723 1138 2777 qua:
1174 2707 1493 2763 secernaut?
1548 2708 1621 2760 Ea
1649 2708 1865 2776 quidem
1899 2706 2223 2762 Anastasius
2248 2703 2337 2758 Bi-

765 2802 1153 2856 bliothecarius
1193 2799 1609 2867 prudentissime
1639 2800 1705 2855 ab
1735 2801 1964 2855 invicem
1994 2801 2225 2855 discreta
2253 2800 2334 2854 in-

768 2905 1098 2964 terpretatus
1134 2900 1236 2960 est,
1290 2910 1632 2963 quwcunque,
1686 2894 1955 2962 inquiens,
2003 2894 2059 2947 in
2082 2894 2222 2947 calce
2251 2893 2337 2947 sui

763 2987 1169 3059 signum'vivicw
1199 2986 1364 3039 crucis
1393 2987 1604 3051 habent,
1636 3003 1667 3039 a
1691 2987 1837 3040 beato
1866 2985 2098 3040 Maximo
2130 2985 2335 3055 mnfes-

764 3100 882 3135 sore
916 3092 961 3135 et
1011 3081 1264 3134 monac/to
1312 3081 1515 3135 inventa
1547 3090 1855 3146 narrantur,
1894 3092 2080 3135 ctetera
2122 3098 2239 3135 vero
2270 3077 2329 3134 S.

763 3175 1011 3239 Joannis,
1037 3174 1453 3242 Scythopolitani
1484 3176 1736 3243 episcopi,
1778 3190 1889 3229 esse
1915 3175 2175 3245 feruntur.
2220 3174 2330 3228 Ea-

2443 1977 2509 2018 eo
2532 2002 2547 2027 ,
2594 1957 2661 2012 de
2692 1971 2798 2027 quo
2822 1958 2952 2012 satis
2977 1958 3212 2013 nondum
3249 1960 3546 2014 innotescit
3572 2000 3586 2023 ,
3612 1962 3733 2028 quis
3772 1960 3861 2014 ille
3892 1960 4009 2014 fue-

2446 2053 2516 2102 rit
2544 2068 2557 2103 :
2590 2064 2653 2104 ac
2689 2051 2947 2121 ingerunt
2982 2066 3115 2106 sane
3162 2049 3531 2106 diﬂicultatem
3589 2062 3697 2105 tum
3729 2054 4010 2108 Anastasii

2443 2142 2891 2209 Biblothecarii,
2941 2155 3053 2198 tum
3106 2144 3284 2200 Photii
3324 2147 3573 2215 superius
3617 2146 3778 2201 allata
3816 2149 4007 2204 verba.

2439 2233 2702 2289 Joannem
2736 2234 3284 2307 Scythopolitanum,
3317 2238 3663 2294 Scholinrum
3702 2248 4007 2305 aut-torem,

2442 2338 2598 2389 vocat
2624 2330 2927 2400 episcopum
2961 2332 3067 2396 ille;
3100 2332 3167 2388 de
3192 2331 3403 2389 Joanne
3427 2333 3877 2405 Scythopolitano
3900 2335 4010 2405 agit

2441 2422 2577 2487 iste,
2636 2438 2797 2493 quem
2865 2423 3024 2479 modo
3087 2423 3470 2480 Scholasticum
3526 2428 3785 2497 appellat,
3846 2429 4009 2483 modo

2440 2512 2804 2581 Causidicum,
2865 2517 3010 2571 nulla
3068 2517 3278 2589 ingesta
3328 2522 3657 2590 episcopalis
3717 2523 4010 2595 dignitatis

2440 2609 2733 2667 mentione.

2512 2698 2874 2756 Nihilominus
2905 2699 3130 2758 Photius
3166 2703 3281 2773 ipse
3302 2703 3564 2761 Joannem
3590 2705 4007 2778 Scythopolita-

2440 2808 2566 2846 num
2596 2801 2859 2848 memorat
2894 2797 3188 2850 antistitem
3217 2797 3408 2852 codice
3435 2814 3690 2860 ccxxxw.
3722 2801 3811 2855 ubi
3843 2800 4011 2856 refert

2436 2884 2743 2954 synodicam
2770 2887 3048 2955 epistolam
3072 2886 3360 2956 SOphronii
3377 2890 3802 2960 Ilierosolymita:
3851 2894 4012 2962 (cou-

2439 2990 2519 3033 tra
2548 2976 2957 3048 Monothelitas,
3006 2996 3146 3036 anno
3172 2983 3274 3038 635
3307 2985 3615 3056 scriptam),
3651 2988 3701 3041 in
3748 3003 3853 3057 qua
3888 3003 4006 3044 me-

2439 3078 2683 3123 moratur
2731 3069 2913 3123 beatus
2964 3070 3197 3126 Joannes
3236 3075 3455 3129 antistes
3505 3074 4004 3147 Scythopolitanus,

2435 3162 2527 3229 qui
2551 3164 2695 3216 docet
2722 3176 2767 3217 et
2792 3166 2876 3232 pie
2898 3166 2963 3217 de
2988 3166 3187 3234 synodo
3212 3166 3630 3224 Cltalcedonensi
3660 3174 3893 3239 scripsit.

765 3272 885 3324 dem
922 3283 1136 3337 quoque
1178 3281 1281 3320 non
1305 3266 1549 3329 confusa,
1586 3268 1681 3321 sed
1714 3268 1962 3323 distineta
1991 3277 2139 3333 sunt,
2166 3266 2331 3323 Usse-

2505 3252 2622 3318 Quo
2661 3270 2786 3310 vero
2821 3258 2865 3311 is
2912 3258 3153 3312 lloruerit
3205 3261 3485 3330 tempore?
3526 3262 3672 3318 Inter
3720 3236 4009 3334 episcopos

774 3362 854 3415 rio
886 3362 1203 3426 adnotat-te,
1238 3360 1290 3413 in
1332 3359 1569 3428 antiquis
1599 3359 1895 3426 codicibus,
1929 3370 1983 3415 et
2028 3361 2082 3412 in
2112 3371 2328 3429 utroque

764 3455 941 3509 codice
970 3469 1069 3522 quo
1100 3470 1224 3506 usus
1260 3463 1333 3507 est
1362 3450 1634 3505 Morellius
1663 3465 1682 3516 ;
1719 3453 1773 3505 in
1815 3469 2035 3522 quorum
2065 3452 2230 3505 altera
2262 3453 2333 3504 ad

764 3549 1049 3615 marginem
1083 3557 1203 3598 sunt
1230 3544 1468 3615 apposita
1499 3542 1723 3599 Joannis
1755 3541 2174 3613 Scytltopolitani
2220 3542 2332 3596 sine

766 3642 971 3693 nomine
995 3638 1206 3693 Scholia
1236 3653 1254 3691 :
1283 3639 1337 3690 in
1360 3636 1525 3689 altero
1556 3652 1670 3690 vero
1691 3637 1930 3699 seorsim,
1972 3645 2086 3702 post
2115 3634 2329 3688 absolu-

764 3746 874 3785 tum
901 3740 1097 3785 textum
1120 3732 1377 3800 integrant
1415 3729 1677 3801 Dionysii,
1719 3729 1941 3785 Maximi
1968 3731 2171 3782 nomine
2198 3728 2330 3782 insi-

760 3824 907 3894 gnita
940 3821 1171 3877 Scholia.

830 3914 911 3968 Ad
943 3915 1089 3985 ipsas
1117 3915 1257 3984 quod
1283 3915 1475 3971 attinet
1501 3914 1785 3980 editiones,
1816 3913 2011 3969 indicia
2036 3920 2330 3969 occurrunt

762 4011 1148 4065 distinctionis.
1184 4008 1239 4064 In
1283 4009 1596 4065 Morelliana
1652 4009 1778 4063 anni
1826 4006 1965 4065 1.562
2015 4007 2099 4062 his
2146 4004 2330 4061 verbis

762 4103 1081 4160 inscribitur
1114 4104 1375 4175 Prologus
1407 4120 1423 4156 :
1453 4103 1753 4171 Πρόλογος
1802 4099 1907 4154 τοῦ
1943 4100 2115 4169 ἁγίου
2141 4098 2330 4163 Μαξί-

760 4216 896 4266 μου,
960 4196 1002 4267 ἣ
1061 4198 1211 4250 κατά
1264 4214 1457 4262 τινας,
1523 4193 1800 4257 Ἰωάιενου
1861 4192 1965 4246 τοῦ
2027 4194 2329 4245 Σκυθοπο-

757 4293 953 4355 λίτου,
988 4308 1007 4341 ‹
1050 4289 1305 4360 Prologus
1333 4291 1499 4345 sancti
1520 4287 1766 4350 Maximi,
1801 4284 1896 4349 vel,
1920 4284 2202 4341 secundum
2226 4284 2330 4336 ali-

756 4402 909 4454 quos,
932 4382 1158 4439 Joannis
1192 4382 1627 4453 Scythopolitani.
1656 4397 1675 4433 ι
1696 4380 1773 4434 Ad
1799 4378 1941 4433 hunc
1965 4375 2111 4432 omni
2141 4374 2327 4447 procul

758 4480 921 4534 dubio
949 4478 1226 4534 Scholium
1256 4477 1492 4548 pertinet
1517 4478 1568 4532 in
1599 4488 1706 4546 quo
1727 4468 2044 4544 Origenistae
2074 4472 2327 4531 dicuntur

2438 3346 2918 3419 Scythopolitanos
2970 3353 3022 3407 in
3075 3354 3454 3424 patriarchatu
3525 3354 4007 3427 Jerosolymitauo.

2431 3439 2693 3497 Joannem
2747 3443 3100 3511 probabiliter
3156 3446 3297 3501 circa
3348 3462 3549 3502 annum
3602 3448 3706 3503 496
3776 3449 4008 3506 collocat

2433 3530 2739 3601 Lequienus
2771 3534 2823 3588 in
2858 3534 3074 3591 Oriente
3127 3535 3456 3601 Christiano,
3508 3549 3636 3596 tom.
3678 3538 3758 3594 Ill.
3792 3542 3897 3598 Res
3930 3541 4003 3596 ita

2434 3640 2493 3679 se
2524 3625 2761 3680 habeat:
2811 3625 3036 3684 dubium
3072 3640 3254 3684 manet
3283 3632 3637 3697 adhuc,,nutn
3674 3632 3719 3686 is
3743 3634 3999 3688 confeceo

2435 3716 2508 3769 rit
2538 3717 2759 3772 Scholia
2788 3718 2839 3773 in
2877 3718 3190 3777 Maximum.
3246 3720 3415 3776 Eavet
3457 3725 3783 3795 epscopalis
3828 3728 4007 3797 digni-

2436 3817 2542 3877 tas,
2596 3812 2841 3881 ipsorum
2878 3817 3084 3871 auctori
3122 3817 3325 3871 tributa
3370 3817 3436 3870 ab
3464 3818 3752 3873 Anastasio
3798 3818 4005 3875 Biblio-

2436 3904 2707 3960 thecario:
2731 3915 2785 3959 at
2811 3918 3041 3977 sumptae
3059 3924 3124 3964 ex
3147 3908 3340 3964 Photio
3365 3908 3701 3985 dillicultates
3726 3911 4002 3980 negotium

2435 3998 2693 4070 ingerunt
2739 4000 2881 4057 baud
2930 4001 3004 4056 ita
3060 4002 3195 4058 leve.
3254 4002 3533 4069 Laudatus
3580 4002 3893 4073 Lequienus
3945 4005 4000 4064 in

2433 4088 2830 4146 Dissertatione
2884 4090 3277 4149 Damascenica
3348 4106 3385 4147 ιι
3444 4094 3684 4147 tribuere
3743 4094 4003 4163 prtedicta

2433 4181 2652 4239 Scholia
2692 4184 2906 4239 videtur
2930 4182 3125 4239 Joanui
3160 4184 3631 4256 Scythopolitano,
3664 4184 3927 4243 lacessito
3967 4205 3999 4243 a

2432 4275 2630 4331 Basilio
2664 4275 2858 4343 Cilice,
2918 4287 2973 4332 et
3019 4278 3191 4347 ipsum
3247 4280 3471 4349 scriptis
3502 4280 3616 4335 suis
3657 4279 3944 4336 lacessenti
3979 4300 3997 4338 τ

2431 4369 2524 4424 sed
2577 4370 2721 4425 hunc
2754 4386 2783 4424 a
2815 4369 3027 4426 Joanne
3068 4370 3468 4441 Scythopoleos
3518 4372 3772 4443 episcopo
3813 4374 4005 4430 distiu-

2433 4464 2546 4531 guit
2579 4464 2629 4517 in
2662 4463 2879 4517 Oriente
2929 4462 3255 4521 Christiano.
3291 4463 3490 4529 Quidni
3538 4465 3866 4521 Anastasius
3904 4466 4000 4523 Bi-

759 4589 895 4625 ,ηιησ
922 4555 1301 4643 ρι-οάίίεεε,’ίιι
1333 4567 1617 4624 Palaestina
1641 4565 1869 4622 scilicet.
1910 4561 2162 4632 Ejusdem
2204 4568 2329 4615 sunt
2363 4586 2407 4645 υ
2436 4553 2824 4610 blimhecarius
2845 4563 2901 4609 et
2929 4554 3158 4610 Photius
3184 4555 3465 4611 conciliari
3516 4565 3735 4625 queant,
3768 4557 3815 4612 si
3847 4557 4004 4613 dixe-

760 4666 987 4731 scholia,
1015 4663 1171 4734 queis
1202 4662 1507 4718 Nestoriani
1538 4659 1875 4731 appellantur
1904 4655 2183 4711 Basiliani.
2212 4653 2322 4709 Ad-

761 4766 915 4812 uotat
961 4754 1232 4820 Usserius,
1274 4755 1490 4811 Maximi
1526 4751 1743 4809 Scholia
1798 4751 2032 4806 breviora
2076 4765 2220 4816 esse,
2266 4756 2322 4802 et

758 4852 1017 4919 ampliora
1063 4866 1183 4919 quse
1238 4851 1455 4921 scripsit
1512 4847 2005 4919 Sc‘ythopolitanus.
2052 4844 2203 4913 Quod
2248 4843 2321 4897 ita

762 4943 1129 5013 intelligimus,
1158 4953 1213 4996 ut
1244 4944 1404 4996 etiam
1438 4940 1767 5012 longiuscula
1795 4940 2041 5009 quazdam
2071 4936 2320 4994 confece-

762 5040 833 5092 rit
863 5037 1145 5103 Maximus,
1177 5047 1233 5091 et
1262 5052 1365 5091 non
1394 5036 1566 5091 solum
1598 5036 1883 5099 breviora;
1930 5037 2021 5088 sed
2052 5042 2107 5089 et
2138 5030 2319 5087 brevia

756 5146 1090 5203 quascunque
1120 5132 1399 5202 scripserit
1426 5129 1921 5201 Scythopolitauus,
1942 5139 2113 5183 etnon
2142 5126 2319 5182 solum

759 5225 1069 5296 prolixiora.

831 5318 887 5373 In
920 5321 1107 5374 eadem
1137 5320 1300 5373 verba
1325 5318 1684 5387 eamdemque
1718 5317 1961 5373 auctoris
1991 5316 2317 5373 sententiam

758 5423 1053 5467 occurrunt
1098 5427 1201 5465 non
1234 5426 1363 5465 raro
1401 5411 1523 5463 bina
1567 5410 1773 5466 scholia
1799 5454 1811 5477 ,
1846 5410 2076 5465 alterum
2112 5410 2322 5465 scilicet

762 5501 1002 5569 Maximi,
1022 5501 1453 5572 Scythopolitani
1482 5499 1735 5565 alterum,
1753 5504 1836 5556 his
1857 5504 2036 5558 verbis
2059 5504 2316 5572 discreta,

760 5597 986 5661 ἄλλως,
1019 5605 1073 5648 et
1098 5595 1184 5658 εὶς
1210 5592 1377 5646 αὐτό.
1430 5592 1695 5647 Nonnulla
1729 5595 1913 5661 accipe
1942 5594 2213 5662 exempla.
2262 5596 2315 5647 lu

761 5700 919 5756 caput
946 5687 1008 5740 10
1044 5686 1115 5739 De
1148 5687 1338 5739 cmlcsti
1368 5687 1666 5739 Itierarcltia
1693 5732 1705 5752 ,
1744 5688 1808 5740 ad
1843 5687 1927 5740 illa
1964 5686 2148 5747 verba,
2180 5702 2316 5754 xpu-

759 5782 1003 5851 yiu'nepa
1021 5779 1156 5849 μέν,
1195 5798 1213 5830 ε
1240 5780 1511 5832 occultiori
1536 5780 1763 5849 quidem,
1795 5800 1811 5830 ι
1857 5791 1973 5849 post
2006 5782 2313 5849 longiusCu-

764 5873 864 5922 Liui
892 5869 1325 5933 adnotationem,
1352 5869 1570 5922 additur
1594 5870 1696 5925 alia
1730 5873 2007 5939 praemisso
2034 5871 2291 5927 adverbio

2432 4647 2623 4711 rimus,
2675 4646 2939 4702 Joannem
2972 4646 3513 4719 Scythopolitanum,
3546 4658 3703 4703 antea
3729 4650 4003 4705 scholasti-

2426 4756 2545 4793 cum
2574 4750 2630 4795 et
2673 4742 2997 4795 causidicum
3024 4782 3039 4804 ,
3075 4744 3249 4795 virum
3283 4740 3648 4796 clarissimum
3692 4742 3761 4797 ob
3792 4745 3995 4814 scripta

2427 4833 2481 4886 in
2515 4834 2828 4890 desertores
2859 4834 3139 4903 Ecclesia},
3166 4846 3221 4889 et
3249 4836 3302 4889 in
3338 4835 3596 4890 Basilium
3631 4836 3854 4895 Cilicem
3877 4838 3999 4894 elu-

2426 4927 2678 4992 Cubrata,
2710 4927 2913 4983 infulas
2941 4938 3127 4998 postea
3146 4928 3446 4984 obtinuisse
3471 4927 3726 4984 Ecclesiae
3761 4930 3998 5002 Scytho-

2426 5023 2708 5092 politanaa?
2746 5022 3014 5093 Tempora
3044 5026 3395 5081 conveniunt.
3424 5023 3687 5080 Joannem
3715 5041 3825 5081 suae
3857 5044 3998 5097 prm-

2426 5117 2593 5172 fuisse
2642 5118 2894 5172 Ecclesia:
2952 5120 3019 5173 ad
3078 5135 3280 5173 annum
3339 5118 3561 5174 circiter
3610 5119 3716 5174 518
3772 5122 3997 5176 adnotat

2425 5209 2773 5280 Lequienus,
2838 5226 2943 5280 quo
2997 5212 3386 5266 moderandam
3456 5223 3827 5282 assumpserat
3872 5230 3995 5270 eam

2426 5303 2794 5370 Theodosius,
2829 5306 3073 5376 epistola:
3100 5307 3394 5376 synodicm,
3424 5323 3587 5377 quam
3637 5307 3875 5363 Joannes
3906 5306 3988 5363 Je-

2427 5398 2843 5468 rosolymitanus
2882 5408 3072 5453 contra
3104 5397 3364 5453 Severum
3396 5398 3789 5455 Antiochenam
3822 5400 3994 5465 dedit,

2424 5494 2761 5561 subscriptus
2794 5508 2934 5545 auito
2958 5493 3063 5548 518
3096 5509 3108 5545 :
3145 5491 3458 5559 Θεοδόσιος
3506 5494 3837 5560 ἐπίσκοπος
3885 5493 3992 5561 τῆς

2423 5586 2896 5642 Σκυθοπολιτῶν.
2964 5586 3118 5640 llunc
3166 5602 3294 5640 vero
3350 5588 3415 5639 ad
3460 5604 3658 5640 annum
3708 5590 3995 5657 pervenire

2423 5682 2541 5735 sine
2569 5682 2732 5735 dubio
2763 5683 2940 5749 potuit
2970 5680 3207 5734 Joannes
3242 5680 3726 5749 Scythopolitauus
3778 5682 3995 5735 srholn-

2423 5776 2591 5829 SllCUS
2622 5783 2712 5827 aut
2740 5776 3066 5842 causidicus,
3095 5774 3184 5843 qui
3216 5774 3324 5840 jmu
3358 5789 3501 5825 anno
3530 5774 3625 5827 471
3656 5775 3873 5828 circiter
3902 5788 3995 5828 ro~

2426 5888 2579 5944 gaius
2626 5887 2653 5925 :1
2708 5870 2923 5927 Juliauo
2983 5872 3292 5940 patriarcha
3330 5871 3669 5925 Atiltot'llcuo
3718 5870 3992 5925 calnmun
