4196 6306
146 396 219 444 6!)
1188 439 1196 445 _
1492 378 2022 435 PllOLEGOIllENA.
3332 376 3396 429 70

146 515 453 567 strinxerat
481 507 769 560 adversum
799 501 1079 578 ﬁcclesia:
1112 501 1423 554 desertores
1445 539 1458 561 ,
1493 511 1558 551 ac
1585 494 1737 551 Basi-

147 606 285 657 lium
311 601 533 655 Cilicem
564 608 749 667 postea
777 598 1056 649 insecutus
1084 604 1188 648 est.

224 694 555 764 Dignissima
585 700 667 744 est
700 688 1179 741 animadversione
1203 686 1305 738 alia
1336 684 1725 751 chronologtca

148 799 306 851 nota,
338 803 501 855 quam
533 784 691 837 ollcrt
724 782 1001 836 adnotatio
1027 779 1274 848 superius
1298 776 1456 829 allata
1490 792 1635 829 num.
1667 775 1727 833 2,

150 883 203 933 in
243 896 367 946 cap.
414 880 464 943 7,
498 877 570 929 De
596 876 945 929 ecclesiastica
976 873 1296 934 hierarchia,
1323 871 1411 923 ubi
1446 886 1580 921 nunc
1604 885 1727 936 pro-

149 974 314 1025 diisse
338 972 593 1025 dicuntur
628 968 928 1036 fabularum
963 965 1205 1033 Origenis
1231 973 1510 1015 sectatores
1535 962 1587 1014 in
1624 959 1727 1011 Pa-

151 1066 388 1117 laestina.
426 1061 628 1127 Nempe
673 1059 851 1126 magni
899 1067 1075 1109 motus
1106 1058 1156 1108 in
1190 1055 1530 1109 monasteriis
1561 1054 1730 1107 Palm-

150 1157 314 1208 siinze
348 1168 489 1205 anno
531 1153 627 1205 53l
686 1166 783 1219 pro
830 1150 1173 1219 dogmatibus
1224 1147 1477 1215 Origenis
1516 1128 1723 1200 exciti:

150 1251 248 1299 εις-«Ι
278 1247 388 1314 jam
419 1254 578 1298 antea
612 1243 852 1311 inempti,
912 1242 1104 1294 Nonno
1138 1241 1400 1294 monacho
1426 1239 1724 1300 incentore,

149 1339 245 1407 qui
282 1347 568 1406 propterea
596 1347 716 1389 ante
743 1350 938 1388 annum
985 1333 1088 1387 518
1128 1333 1335 1402 ejectus
1377 1333 1726 1396 monasterio,

154 1443 211 1487 ut
270 1436 466 1487 iterum
530 1431 946 1491 restitueretur,
1009 1428 1121 1495 egit
1178 1429 1356 1480 eodem
1415 1443 1553 1479 anno
1606 1440 1727 1477 cum

150 1526 387 1586 Joanne,
428 1525 515 1592 qui
549 1522 676 1576 Elia:
723 1522 1047 1587 patriarcha:
1078 1518 1537 1590 Jerosolymitauo
1566 1516 1730 1571 suile-

149 1631 275 1672 ctus
309 1619 509 1671 fuerat.
554 1615 677 1670 llarc
714 1617 903 1669 latiore
931 1630 1180 1670 sermone
1212 1620 1435 1667 narrant
1478 1612 1730 1666 Norisius

153 1711 230 1761 lie
256 1711 456 1778 synodo
480 1706 686 1775 quinta,
709 1706 889 1774 capite
907 1706 929 1759 1
948 1746 962 1769 ,
980 1713 1035 1759 et
1060 1703 1260 1775 Pagius
1284 1704 1347 1756 ad
1374 1719 1574 1757 annum
1599 1701 1727 1763 5'52,

149 1821 304 1855 num.
342 1804 394 1857 3.
431 1800 540 1854 lluc
570 1800 734 1868 igitur
764 1808 1002 1867 tempore
1064 1798 1348 1851 verissime
1382 1794 1725 1849 Scholiorum

150 1906 346 1948 auctor
398 1896 660 1947 adnotare
707 1893 911 1960 potuit,
942 1907 1079 1944 nunc
1127 1891 1385 1958 prodiisse
1415 1888 1719 1957 fabularum
1757 1902 1795 1955 [ι

147 1987 403 2055 Origenis
453 1996 773 2039 sectatores:
803 1984 949 2053 quod
995 1984 1180 2051 utique
1225 1990 1434 2051 tempus
1488 1982 1724 2034 maxime

148 2080 410 2132 nonvrnit
438 2077 657 2141 Joanni,
683 2078 904 2147 egregio
933 2077 1189 2145 scriptori
1227 2086 1421 2130 contra
1464 2072 1724 2126 Basilium

146 2170 396 2231 Cilicem,
432 2179 485 2223 et
519 2168 776 2223 Ecclesia:
815 2170 1147 2232 desertores,
1184 2183 1246 2223 ac
1277 2167 1726 2237 Scythopolitauo

148 2264 434 2331 episcopo.
472 2261 544 2313 De
573 2261 680 2314 lato
718 2262 768 2314 in
802 2259 1089 2330 Origenem
1119 2275 1181 2314 ac
1213 2276 1383 2315 novos
1418 2261 1723 2317 fabularum

145 2357 269 2420 eius
319 2363 729 2407 consectatores
774 2353 1126 2406 anathemate
1155 2354 1206 2405 in
1237 2354 1442 2422 synodo
1487 2356 1720 2422 quadam

146 2442 760 2512 (Innstantinopolitana
790 2443 891 2496 sub
922 2441 1111 2495 Menna
1133 2482 1146 2502 .
1182 2443 1333 2496 urbis
1359 2443 1519 2510 regite
1552 2445 1725 2513 patri-

148 2540 320 2591 archa
342 2579 356 2603 ,
387 2537 528 2591 inter
560 2551 759 2588 annum
803 2535 907 2589 558
932 2543 987 2587 et
1019 2549 1220 2587 annum
1251 2536 1375 2600 544,
1404 2547 1530 2589 ante
1563 2550 1729 2604 syno-

147 2636 280 2684 dum
312 2632 559 2700 quintam
608 2630 1026 2690 meuu’renieam,
1064 2627 1496 2682 luculentissime
1536 2637 1725 2682 contra

148 2726 378 2794 Pagium
431 2725 677 2791 aliosque
748 2722 973 2776 disserit
1031 2718 1341 2788 chuienus
1397 2720 1449 2773 in
1514 2718 1726 2773 Oriente

147 2820 492 2880 Christiano,
519 2828 665 2873 tomo
689 2814 749 2869 Ill
772 2854 787 2880 ,
816 2815 868 2869 in
902 2813 1191 2867 Eustochio
1214 2813 1525 2882 patriarcha
1573 2811 1727 2869 Jero-

146 2912 506 2984 salymitatto.

221 3004 533 3059 Theodosio
583 3001 1088 3074 Scythopolitanam
1140 3000 1435 3056 Eeclesiam
1482 3010 1726 3070 regente,

146 3104 269 3150 erat
322 3094 538 3165 quidam
571 3093 875 3164 Seythoyoli
920 3093 1266 3147 scholasticus
1297 3092 1556 3158 Joannes,
1614 3090 1727 3144 Ex-

148 3190 398 3258 pelleuta:
464 3188 633 3255 ﬁlius.
686 3196 742 3240 ut
781 3187 1010 3253 legimus
1058 3189 1111 3240 in
1158 3185 1272 3240 Vita
1317 3186 1488 3239 sancti
1548 3182 1723 3248 Sabw,
1754 3228 1794 3285 Ο

146 3283 294 3351 apud
328 3279 677 3344 COteIeriutn,
719 3279 770 3333 in
802 3278 1160 3332 Monumentis
1209 3276 1459 3330 Ecclesiae
1502 3272 1723 3341 Gra'cw,

150 3377 239 3428 vir
269 3374 433 3426 bonus
463 3384 512 3426 et
541 3374 716 3426 animo
747 3371 1102 3425 illuminatus.
1164 3371 1378 3438 Anceps
1406 3369 1575 3423 hatret
1621 3366 1723 3423 Le-

147 3465 390 3534 quicuus
421 3478 488 3516 an
519 3464 621 3517 iste
667 3462 1020 3517 scholasticus
1053 3463 1289 3516 Joannes
1334 3461 1726 3532 Scythopolita-

150 3575 295 3623 rtus,
346 3555 671 3624 Expelleutw
730 3556 913 3625 ﬁlius,
974 3556 1272 3611 dici-idem
1336 3556 1529 3609 debeat
1601 3571 1723 3610 cum

146 3652 367 3707 Joanne
414 3647 850 3719 Scythopolitano
889 3649 1236 3711 scholastica,
1284 3663 1442 3717 quem
1500 3648 1728 3703 Photius

150 3755 425 3801 memorat
477 3743 668 3799 codice
712 3758 834 3796 xcv.
896 3742 1190 3797 Distinetos
1229 3744 1417 3797 ambos
1468 3742 1727 3795 evincunt

148 3840 370 3892 diversa
421 3836 706 3904 utriusque
760 3845 1045 3902 tempora,
1096 3848 1160 3887 ac
1193 3833 1405 3887 diversa
1444 3832 1725 3904 utriusque

150 3932 357 3994 studia,
391 3929 615 3984 alterius
662 3927 760 3981 viri
804 3926 925 3981 boni
955 3936 1003 3981 et
1032 3926 1211 3981 animo
1254 3926 1561 3987 illuminati,
1594 3926 1727 3980 alte-

153 4029 382 4093 riusque
412 4023 464 4076 in
501 4020 990 4090 disceptationibus
1014 4019 1263 4074 innutrlti
1297 4020 1585 4080 adversum
1611 4014 1727 4074 'he-

156 4119 453 4177 terodoxos
479 4133 493 4170 :
527 4127 586 4170 ut
607 4120 722 4187 jam
751 4125 966 4171 constet
996 4114 1193 4169 iterum
1214 4154 1229 4178 ,
1271 4110 1534 4169 Joannem
1587 4118 1723 4183 Scy-

155 4215 551 4286 thopolitanum
596 4210 804 4277 Photii,
834 4208 1225 4265 scholasticum
1264 4218 1318 4263 et
1361 4208 1677 4264 causidico"
1707 4246 1723 4273 ,

155 4325 322 4365 unum
348 4324 488 4373 esse,
515 4286 767 4364 ethunum
792 4307 898 4361 dici
928 4321 1014 4375 poi
1029 4321 1088 4361 se
1114 4319 1235 4358 eum
1264 4301 1473 4358 Joanne
1494 4302 1721 4355 Anasta-

152 4409 219 4461 sii
258 4403 672 4460 Biblictliecarii
701 4443 716 4467 ,
760 4403 1019 4471 episcopo
1052 4398 1522 4471 Scytbopolitano,
1552 4394 1726 4450 Scho-

154 4501 351 4555 liorum
386 4498 439 4553 in
468 4496 845 4567 Areopagitica
887 4492 1063 4563 Opera
1115 4493 1399 4561 scriptore.
1451 4489 1506 4543 ln
1556 4489 1719 4544 aliam

154 4594 305 4647 abire
326 4593 713 4662 conjecturam
742 4588 947 4658 placuit
976 4586 1108 4642 mihi
1146 4586 1198 4639 in
1225 4583 1611 4639 Dissertatione
1644 4582 1717 4635 ci-

154 4698 291 4752 tata,
322 4685 506 4755 capite
532 4684 605 4756 4,
655 4698 806 4736 num.
838 4680 874 4735 ἓ
898 4720 913 4744 .
963 4680 1049 4736 cui
1087 4679 1221 4734 satis
1256 4677 1484 4730 fortasse
1509 4690 1571 4729 ea
1605 4675 1716 4727 fieri

152 4790 333 4849 potest
369 4780 601 4841 ratione,
634 4792 740 4846 qua
790 4775 1140 4830 concordiam
1196 4772 1431 4826 Photius
1467 4770 1629 4831 inter,
1663 4777 1719 4822 et

152 4870 501 4927 Anastasium
554 4864 1039 4924 Bibliothecarium
1088 4863 1217 4917 iniri
1260 4874 1423 4932 posse
1456 4860 1720 4914 indicavi-

153 4981 288 5020 mus.
315 4962 376 5016 D.
399 4962 586 5016 ctioris
608 4961 869 5030 cujusque
898 4957 1165 5027 judicium
1197 4966 1334 5011 esto.
1364 4955 1715 5023 Compertum

150 5072 279 5114 vero
307 5072 374 5111 ex
416 5056 505 5109 bis
546 5053 798 5107 omnibus
828 5052 942 5106 ﬁeri
976 5050 1211 5116 denique
1245 5048 1495 5111 videtur,
1524 5060 1716 5115 perpe-

150 5167 263 5217 ram
306 5165 335 5201 a
386 5146 664 5203 nonnullis
704 5145 869 5201 tribui
915 5142 1129 5198 Scholia
1173 5140 1366 5194 Joanni
1419 5138 1715 5203 Maxentio,

150 5247 545 5304 monachorum
582 5238 906 5307 Scytharum
959 5236 1255 5307 primipilo,
1296 5251 1393 5303 per
1428 5234 1541 5288 haec
1576 5242 1712 5286 tem-

149 5358 274 5411 pora
315 5343 485 5393 vitam
532 5334 752 5405 agenti,
797 5349 859 5387 ac
905 5345 1189 5399 perperam
1229 5330 1405 5396 ipsum
1456 5322 1712 5379 confundi

145 5454 263 5492 cum
292 5436 510 5491 Joanne
545 5430 1015 5501 Scythopolitano,
1045 5425 1127 5480 vel
1154 5426 1393 5484 episcono
1475 5417 1558 5475 vel
1611 5418 1716 5471 Ba-

144 5535 244 5588 silii
277 5532 469 5587 Cilicis
506 5531 861 5583 insectatore.

2421 492 2650 550 CAPUT
2703 493 2789 550 ιν.

1831 607 2111 661 Editorum
2144 609 2477 663 Scholiorum
2503 610 2756 662 nonnulla
2774 609 3039 664 Germano
3068 609 3393 675 patriarcha!

1897 682 2077 732 tribuit
2125 682 2287 733 codex
2319 697 2416 731 ms.
2464 679 2666 733 Veneta:
2708 679 2999 733 Marciana:
3027 680 3396 737 bibliothecae:

1896 766 2012 819 quae
2056 754 2227 803 omnia
2260 752 2587 805 indicantur.
2649 750 3143 819 Animadversioncs
3168 766 3187 803 :
3217 752 3399 816 conje-

1902 832 2067 873 ctura:
2096 823 2159 872 de
2194 820 2452 873 Germano
2473 818 2777 885 patriarcha
2797 823 2988 874 invecto
3021 839 3113 887 pro
3133 819 3393 873 Maaima.

1902 888 2033 953 Quis
2075 890 2161 943 ille
2213 892 2370 957 fuerit
2411 891 2707 943 Germanus
2757 892 3080 957 patriarcha.
3124 893 3242 943 Alia
3279 907 3396 959 qut:

1900 960 2143 1025 feruntur
2171 964 2310 1025 apud
2356 961 2745 1026 bibliographos
2789 964 2841 1013 in
2878 960 3021 1028 Opus
3060 963 3369 1031 Areopagiti

1899 1046 2013 1081 cunt
2045 1032 2278 1094 Scholia,
2311 1045 2661 1084 recensentur.

1900 1143 1939 1199 1.
2000 1144 2395 1201 Nitidissimum
2450 1149 2596 1201 inter
2639 1147 2804 1206 alios.
2852 1147 2905 1199 in
2963 1148 3164 1213 quibus
3217 1146 3393 1217 Opera

1832 1235 2245 1305 Areopagitica.
2321 1247 2377 1291 et
2452 1238 2671 1293 Scholia
2731 1248 3117 1303 contneutur,
3180 1238 3396 1295 Venetae

1832 1323 1889 1377 S.
1925 1324 2088 1379 Marci
2136 1326 2477 1384 bibliothecae
2518 1330 2733 1383 codices
2766 1345 2926 1383 manu
2973 1340 3249 1384 exaratos.
3274 1347 3396 1385 cum

1830 1416 1931 1470 viri
1989 1418 2204 1486 quidam
2277 1422 2589 1487 peritissimi
2649 1427 3054 1490 expenderent,
3120 1438 3397 1478 versat-em

1828 1511 1993 1564 etiam
2025 1527 2147 1581 ego,
2182 1527 2207 1563 s
2235 1511 2460 1579 ngulare
2484 1514 2761 1582 quidpiam
2795 1516 3079 1569 addiscere
3120 1515 3302 1570 statim
3328 1530 3395 1569 ex

1828 1617 1895 1656 eo
1926 1604 2092 1669 licuit,
2130 1604 2271 1658 inter
2303 1604 2518 1658 Scholia
2565 1602 2759 1669 nempe
2807 1608 2858 1660 in
2889 1608 3064 1674 Opera
3100 1608 3400 1678 AreOpagi-

1833 1694 1934 1748 tica
1970 1697 2193 1765 reperiri
2232 1698 2488 1750 nonnulla
2515 1738 2532 1763 ,
2578 1713 2699 1765 qua:
2748 1700 2967 1753 cuidam
2996 1700 3269 1753 Germano
3304 1716 3397 1769 pa-

1833 1787 2081 1842 triarcha:
2130 1790 2528 1844 attribuuntur.
2591 1789 2835 1843 Primum
2876 1792 2933 1845 in
2978 1791 3169 1845 codice
3220 1790 3395 1844 locum

1830 1887 1977 1931 tenet
2001 1880 2136 1932 hber
2159 1878 2234 1932 De
2262 1880 2450 1933 divinis
2492 1882 2811 1945 nominibus,
2860 1883 3277 1951 marginemque
3304 1896 3401 1935 ex-

1828 1977 2027 2020 ornant
2056 1968 2295 2022 Schol'a.
2329 1968 2453 2024 Haec
2478 1987 2609 2025 vero
2640 1971 2879 2025 occurrit
2912 1972 3072 2025 initio
3096 1982 3220 2028 nota
3255 1988 3399 2026 mar-

1829 2060 2024 2127 ginalis
2057 2074 2069 2110 :
2098 2061 2463 2127 Σημείωσαιο
2507 2061 2623 2114 ὅσα
2669 2063 2784 2130 μὲν
2843 2064 3095 2130 ἔχουσιν
3151 2065 3400 2133 ἀριθμὸν

1829 2152 2049 2218 σχόλια
2066 2190 2079 2209 ,
2111 2150 2228 2204 εἰσὶ
2254 2153 2564 2220 Γερμανοῦ
2592 2155 2954 2221 πατριάρχου
2972 2171 2983 2179 ·
3008 2155 3126 2209 ὅσα
3152 2156 3222 2209 δὲ
3249 2158 3398 2212 ἄνευ

1828 2243 2376 2311 ἀριθμοῦ,Μαξίμου
2400 2247 2692 2312 μοναχοῡ.
2733 2263 2751 2295 ι
2792 2244 2931 2298 Nota
2961 2264 2981 2301 :
3017 2247 3147 2312 Quw
3196 2249 3395 2303 scholia

1831 2336 2108 2388 numerum
2156 2335 2384 2399 habent,
2428 2345 2550 2388 sunt
2595 2338 2844 2392 Germani
2891 2340 3243 2407 patriarchw;
3281 2358 3398 2411 qua

1832 2442 2047 2480 numero
2074 2438 2279 2492 carent,
2318 2429 2385 2480 ad
2420 2428 2715 2482 Maximum
2750 2432 3062 2484 monachum
3087 2441 3345 2497 spectant.
3372 2453 3394 2485 ι

1830 2518 2037 2572 Νονυω
2074 2520 2202 2588 quid
2254 2521 2637 2574 ominabamur
2680 2537 2909 2586 omnes,
2960 2526 3101 2591 quod
3139 2523 3396 2579 Venetam

1829 2611 2122 2665 editionem
2160 2613 2396 2667 maxime
2428 2624 2761 2678 exornaret;
2791 2623 2847 2667 at
2876 2630 2999 2667 cum
3030 2618 3193 2671 editis
3232 2617 3399 2672 colla.

1832 2703 1975 2757 tione
2018 2702 2198 2767 facta,
2240 2702 2350 2771 jam
2401 2705 2541 2774 typis
2585 2720 2713 2759 cusa
2765 2716 3020 2774 prostare
3062 2709 3245 2763 omnia
3297 2711 3400 2765 sub

1830 2794 1988 2845 unius
2032 2791 2253 2848 Maximi
2303 2795 2556 2860 nomine,
2611 2803 2760 2851 certo
2806 2798 3270 2866 deprehendimus
3332 2818 3395 2854 ea

1830 2885 2068 2940 Scholia.

1904 2979 2122 3033 Scholia
2157 2993 2287 3033 vero
2339 2996 2443 3035 non
2476 2996 2645 3050 pauca
2693 2984 2947 3038 visuntur
2975 2999 3095 3052 qua:
3124 2985 3398 3054 alphabetl

1828 3072 1999 3128 Gnaei
2029 3074 2227 3126 litteris
2256 3083 2635 3135 numerantur,
2661 3088 2721 3129 ea
2745 3076 2958 3139 scilicet
2984 3092 3104 3145 qua:
3124 3076 3401 3134 Germano

1830 3164 2155 3235 patriarchae
2189 3166 2502 3219 tribuuntur
2537 3166 2589 3220 in
2620 3166 2823 3221 codice.
2855 3167 2913 3221 In
2944 3177 3106 3237 caput
3136 3170 3160 3223 1
3188 3169 3268 3224 De
3292 3187 3399 3225 cc-

1830 3259 1948 3313 Iesti
1978 3257 2279 3313 hierarchia
2306 3268 2663 3313 numerantur
2691 3260 2816 3325 tria;
2841 3261 2893 3314 in
2926 3270 3092 3327 caput
3118 3261 3176 3327 2,
3210 3262 3396 3317 itidem

1831 3350 1966 3417 tria;
2000 3351 2051 3403 in
2080 3360 2243 3419 caput
2270 3351 2321 3416 7,
2355 3365 2492 3417 sex;
2526 3350 2580 3405 in
2610 3359 2772 3421 caput
2810 3351 2898 3417 l2,
2934 3363 3190 3422 quatuor;
3223 3353 3277 3407 in
3306 3368 3402 3409 ca-

1828 3451 1924 3510 put
1955 3441 2039 3495 13.
2086 3441 2274 3495 itidem
2319 3450 2593 3509 quatuor;
2626 3442 2679 3495 in
2703 3444 2913 3510 caput!
2950 3443 3026 3497 De
3047 3443 3399 3499 ecclesiastica

1828 3532 2129 3585 hierarchia
2159 3541 2285 3586 sunt
2316 3543 2548 3600 septem,
2586 3548 2649 3587 ac
2677 3519 2879 3591 iierum
2914 3520 3191 3604 quinque;
3223 3537 3277 3590 in
3306 3552 3399 3590 ca-

1830 3636 1925 3693 put
1948 3624 1984 3677 2
2007 3666 2022 3689 ,
2072 3624 2171 3678 tria
2195 3664 2210 3690 ,
2262 3640 2326 3678 ac
2358 3625 2553 3679 iterum
2596 3638 2843 3695 septem;
2875 3627 2929 3679 in
2962 3635 3127 3697 caput
3162 3629 3232 3691 ὅ,
3264 3629 3396 3693 duo,

1830 3716 2136 3786 iterumque
2171 3716 2442 3787 quinque;
2491 3716 2543 3770 in
2580 3724 2745 3785 caput
2790 3717 2864 3783 4,
2914 3718 3184 3787 quinque;
3224 3717 3277 3772 in
3307 3733 3401 3773 ca-

1830 3818 1922 3877 put
1952 3808 2005 3872 6,
2037 3809 2139 3863 tria
2167 3826 2183 3874 ;
2218 3809 2269 3861 in
2297 3816 2464 3877 caput
2493 3807 2528 3861 4
2576 3806 2654 3860 De
2700 3808 2891 3862 divinis
2935 3810 3229 3863 nominibus
3269 3820 3401 3864 sunt

1828 3912 2050 3963 novem,
2080 3898 2387 3966 iterumque
2417 3897 2543 3963 tria,
2577 3910 2641 3950 ac
2668 3897 2865 3951 iterum
2891 3906 3149 3967 quatuor,
3178 3910 3244 3950 ac
3274 3911 3400 3950 rur-

1828 4003 1948 4041 sum
1999 4002 2232 4049 novem,
2266 3996 2320 4040 et
2370 3995 2559 4055 postea
2602 3994 2846 4055 septem;
2900 3986 2951 4039 in
2987 3995 3149 4055 caput
3183 3986 3235 4054 7,
3269 3988 3394 4041 tria.

1828 4080 2214 4151 Hujuscemodi
2246 4079 2483 4135 Scholiis
2513 4088 2663 4133 caret
2709 4078 2847 4133 liber
2874 4076 2953 4131 De
2982 4080 3203 4146 mystica
3248 4077 3397 4132 theo-

1826 4176 1992 4245 logia.
2046 4174 2320 4242 Apparent
2372 4170 2472 4224 tria
2518 4170 2572 4223 in
2624 4167 2896 4236 epistolam
2949 4168 3021 4234 8,
3063 4168 3135 4221 ad
3184 4165 3397 4222 Titum:

1826 4283 2022 4324 caetera
2076 4263 2330 4319 Germani
2402 4261 2608 4316 scholia
2666 4275 2778 4315 non
2848 4261 3068 4314 habent.
3130 4257 3395 4317 Numeros

1828 4367 1995 4423 istos,
2046 4359 2119 4413 uti
2169 4366 2294 4410 sunt
2338 4353 2391 4407 in
2455 4353 2682 4418 codice,
2739 4349 2937 4407 Veneta
2983 4349 3150 4404 editio
3191 4363 3392 4420 rvpi-:9...

1749 4564 1799 4625 D
1896 4547 1961 4601 ll.
2015 4544 2202 4613 Itaque
2255 4542 2302 4597 si
2354 4539 2531 4595 codici
2594 4536 2852 4609 prtedicto
2905 4534 3072 4597 t‘ldes,
3134 4548 3240 4587 non
3299 4531 3390 4586 uni

1825 4636 2097 4699 Maximo,
2142 4633 2238 4691 sed
2289 4648 2464 4703 neque
2493 4631 2656 4685 etiam
2692 4625 2886 4684 Joanni
2921 4624 3389 4696 St-ytbopolitauo,

1822 4732 1970 4786 edita
2023 4726 2241 4782 Scholia
2287 4722 2578 4779 tribuenda
2613 4730 2774 4787 sunt;
2808 4719 2903 4774 sed
2951 4733 3143 4771 eorum
3177 4730 3391 4786 quoque

1822 4834 2030 4895 partem
2072 4821 2378 4877 Germanus
2410 4817 2715 4887 patriarcha
2762 4812 2863 4868 sibi
2902 4812 3163 4866 vindicat.
3202 4809 3388 4864 Fidem

1822 4919 2031 4975 collcls
2074 4917 2338 4972 roborare
2395 4913 2608 4965 videtur
2648 4906 2923 4963 adnotatio
2970 4904 3128 4959 Joan.
3178 4903 3387 4959 Alberti

1820 5010 2059 5068 Fabricii
2117 5010 2170 5063 in
2215 5007 2541 5062 Bibliotheca
2594 5000 2780 5056 Grazca
2807 5040 2823 5065 ,
2860 4998 2997 5053 libro
3028 5013 3081 5062 ν,
3119 4998 3297 5065 capite
3333 4998 3387 5060 1,

1822 5122 1974 5160 ηιιιη.
2002 5102 2060 5168 6,
2098 5100 2188 5154 ubi
2220 5099 2302 5155 sic
2330 5097 2404 5151 ait
2429 5111 2443 5147 :
2469 5094 2717 5149 Germani
2742 5091 3058 5160 patriarchae
3079 5086 3386 5142 Constanti-

1820 5195 2113 5267 nopolitani
2159 5191 2377 5247 Scholia
2434 5190 2488 5241 in
2537 5186 2847 5240 bibliotheca
2905 5180 3164 5235 Vaticana
3214 5178 3386 5230 adhuc

1818 5299 2114 5348 servantur.
2142 5290 2223 5339 An
2247 5285 2437 5339 eadem
2459 5279 2664 5334 fuerint
2688 5292 2813 5330 cum
2838 5272 3035 5328 nostris
3052 5270 3075 5323 ?
3095 5268 3382 5323 Rationem

1817 5387 2090 5447 reddant,
2127 5378 2221 5449 qui
2254 5392 2418 5432 manu
2446 5385 2666 5427 versare
2691 5409 2705 5429 ,
2739 5377 2794 5422 et
2834 5362 3031 5420 intueri
3078 5362 3291 5428 oculis,
3321 5376 3385 5416 ac

1819 5487 2005 5533 mente
2044 5472 2355 5541 expendere
2401 5466 2615 5521 codices
2643 5460 2935 5515 Vaticanos
2980 5455 3191 5521 valent;
3253 5470 3385 5509 con-

1812 5567 2044 5641 jecturis
2081 5559 2465 5632 indulgendum
2494 5555 2624 5610 mihi
2655 5564 2760 5609 est.

1891 5658 2099 5729 Stylum
2136 5671 2269 5725 ego,
2298 5662 2350 5707 et
2390 5648 2607 5705 modmn
2630 5684 2647 5709 ,
2682 5660 2747 5697 ac
2778 5641 3083 5697 doctrinam
3134 5636 3383 5692 Scholio-

1821 5770 1939 5811 rum
1964 5797 1976 5821 ,
2013 5766 2132 5821 quae
2160 5745 2357 5803 llllCI‘lS
2389 5738 2661 5811 atphabeti
2712 5743 2990 5790 numerata
3029 5741 3178 5795 sunt,
3203 5737 3381 5782 atten-

1819 5859 1925 5901 tius
1976 5847 2102 5899 licet
2153 5837 2451 5906 cxpendam
2478 5871 2494 5897 ,
2542 5829 2676 5885 nihil
2710 5837 2945 5881 attamen
2976 5823 3139 5877 Video
3172 5835 3283 5889 quo
3314 5834 3377 5872 ea
