4198 6304
770 319 829 377 ’11
1912 315 1967 369 S.
2007 309 2374 367 DIONYSIUS

2439 305 2788 363 incoram
2806 313 2866 366 Α.
3943 305 4021 362 τε

774 436 877 491 dici
906 434 1134 488 debeant
1168 431 1406 503 proiecta
1436 432 1505 486 ab
1537 428 1646 485 allo
1678 438 1919 493 auctore,
1948 430 2043 497 qui
2070 447 2176 483 non
2212 430 2332 482 l'ue-
2365 436 2407 491 Α

773 525 845 581 Iit
874 522 1165 591 Maximus,
1206 533 1299 579 aut
1325 523 1564 580 Joannes
1596 520 2097 591 Scythopolitanus.
2132 516 2329 575 Eadem

773 629 872 685 pro
898 631 993 671 sua
1018 616 1211 684 peritia
1237 615 1503 684 pondervt
1526 614 1966 683 sapiens‘lector.
1988 623 2042 666 et
2066 610 2331 674 conferat,

775 723 838 762 ac
861 705 1124 781 iudicium
1153 705 1313 761 ferat.
1343 705 1399 760 In
1432 714 1557 759 nota
1584 704 1843 771 quadam,
1869 718 1933 757 eo
1961 701 2122 756 modo
2147 714 2334 753 nume-

774 808 918 864 rata,
937 799 991 852 in
1015 807 1181 867 caput
1208 797 1266 859 2,
1298 797 1375 851 Dc
1402 795 1594 849 caelesti
1617 794 2039 856 hierarcllin,sic
2067 792 2331 861 legimus:

778 889 918 955 Quid
946 906 1105 959 porro
1131 891 1197 942 sit
1228 889 1534 957 resonantia
1567 896 1803 939 extrema
1824 925 1839 945 ,
1867 884 2131 952 rrplr'caoo
2160 884 2217 935 in
2244 898 2336 935 ca-

774 982 879 1049 pite
907 981 941 1034 4
966 982 1087 1033 libri
1117 982 1188 1034 De
1217 980 1405 1032 divinis
1439 977 1755 1031 nominibus.
1805 974 1953 1029 Hattc
1980 973 2334 1028 resonantium

773 1074 1029 1144 intelligit
1061 1089 1244 1127 rerum
1273 1074 1517 1127 ordinem
1547 1086 1576 1124 a
1610 1070 1718 1124 Deo
1764 1075 2021 1122 statutum
2046 1104 2061 1129 ,
2109 1080 2172 1119 ac
2206 1063 2339 1119 inie-

772 1168 981 1221 riorutn
1042 1165 1466 1219 illustrationem
1530 1176 1560 1214 s
1607 1160 1999 1228 superioribus.
2050 1156 2335 1225 Quidpiam

774 1270 909 1309 vero
936 1255 1043 1307 tale.
1075 1254 1131 1307 in
1164 1253 1390 1308 scholiis
1414 1251 1608 1305 eodem
1640 1250 1799 1302 modo
1830 1248 2126 1302 numeratis
2158 1245 2211 1298 in
2252 1258 2340 1298 ca-

772 1356 876 1417 put
901 1348 937 1401 ι
967 1346 1046 1400 Ds
1070 1346 1264 1398 divinis
1296 1340 1933 1402 numinibus‘indicatur,
1981 1346 2072 1392 aut
2116 1336 2339 1405 exponio

776 1449 891 1495 tur.
916 1441 995 1493 An
1022 1455 1152 1494 vero
1186 1437 1379 1491 modus
1424 1436 1527 1489 iste
1574 1450 1633 1488 se
1679 1431 1945 1489 referendi
1993 1430 2045 1483 in
2078 1428 2183 1483 alio
2220 1428 2340 1482 loco

779 1533 1161 1589 disserentem.
1198 1527 1491 1583 conveniat
1520 1525 1813 1583 Germano.
1843 1522 1937 1592 qui
1963 1520 2168 1575 scholia
2212 1534 2340 1573 non-

781 1623 926 1676 nulla
958 1619 1348 1690 adjic‘ebatad
1386 1618 1605 1673 Scholia
1638 1613 1859 1669 Maximi
1903 1621 1960 1666 et
2006 1607 2341 1680 Sey‘hopo‘i-

776 1715 927 1767 issit
955 1713 1295 1768 Conveniunt
1328 1727 1459 1770 sane
1489 1707 1960 1779 Scythopolitano,
2000 1703 2089 1771 qui
2131 1699 2338 1770 primus

2510 415 2601 477 IV.
2646 424 2920 477 Adnotare
2965 432 3241 491 postremo
3288 424 3624 487 locoliceat,
3664 426 3799 481 alios
3827 425 4017 480 etiam

2438 514 2733 581 scriptores
2760 514 3049 568 nonnullos
3073 518 3384 581 memorari,
3410 519 3501 585 qui
3532 519 3587 571 in
3618 518 3791 587 Opera
3821 523 4015 571 Areo-

2438 605 2667 672 pagitica
2712 606 3028 675 scripserint
3072 606 3317 667 scholia,
3350 611 3478 675 quin
3525 625 3587 663 ea
3637 620 3815 664 tamen
3868 612 4019 663 satis

2439 694 2805 765 innotescunt.
2845 696 3003 753 Joan.
3054 698 3307 752 Albertus
3350 699 3631 754 Fabricius
3682 702 3736 754 in
3793 699 4021 754 Biblio—

2438 780 2587 831 theca
2614 779 2822 845 ϐαίνω,
2856 784 2993 838 libro
3015 801 3065 849 ν,
3106 790 3280 856 capite
3314 790 3365 854 1,
3405 805 3458 842 n.
3497 788 3553 851 6,
3605 792 3788 857 paucis
3820 788 4021 842 verbis

2441 882 2689 926 recenset
2722 873 2937 929 Scholia
2974 875 3181 948 Georgii
3226 880 3681 943 Hicromncmonis
3719 886 3773 935 in
3811 883 4023 935 biblio—

2441 962 2588 1017 theca
2644 963 2900 1019 chdicca.
2953 968 3101 1023 Inter
3151 971 3367 1039 codices
3416 970 3761 1028 Bibliotheca:
3818 973 4023 1042 [tegis

2440 1052 2817 1122 Taurinensis,
2854 1070 2979 1114 tom.
3010 1060 3054 1123 ί,
3088 1070 3603 1139 ηυιιιθταιιιτδεοιιει
3632 1066 3779 1121 CCC.
3806 1063 4018 1129 LXIX,

2439 1146 2897 1213 membranaceus,
2954 1154 3135 1207 scrcin
3186 1168 3294 1219 xiv,
3345 1156 3397 1209 in
3448 1172 3557 1222 quo
3608 1160 4017 1212 «continentur

2441 1234 2682 1307 Dionysii
2710 1241 3048 1311 Areopagitae
3081 1244 3288 1313 Opera,
3322 1262 3443 1300 cum
3493 1248 3716 1303 seboliis
3771 1251 4018 1304 Andreae

2442 1326 2741 1396 cujusdam,
2778 1336 3228 1401 quemadmodum
3273 1338 3451 1406 legere
3495 1350 3578 1393 est
3620 1352 3743 1408 post
3794 1342 4020 1412 aliquot

2441 1417 2677 1488 Dionysii
2728 1422 2886 1486 verba
2933 1425 2985 1478 in
3037 1428 3263 1494 caputl
3319 1428 3395 1482 Dc
3433 1431 3626 1487 divinis
3678 1435 4015 1497 nominibus,

2442 1506 2537 1566 foL
2588 1510 2666 1564 6.·
2704 1513 2952 1587 Ἀνδρέου
3023 1517 3310 1592 ὲξήγησὶις,
3363 1540 3381 1572 ι
3411 1516 3633 1578 Ἀηάηιιτ
3686 1529 3955 1591 narratio.
3988 1546 4011 1581 s

2442 1601 2813 1670 Subiiciuntnr
2856 1625 3070 1677 semper
3093 1612 3289 1667 deinde
3321 1616 3491 1675 textui
3520 1615 3761 1687 Dionysii
3794 1619 4015 1675 scholia

2442 1707 2605 1750 ruuro
2649 1701 2834 1755 co‘ore
2862 1703 3151 1769 descripta,
3200 1714 3257 1757 ut
3298 1706 3383 1773 vix
3434 1708 3532 1777 legi
3563 1712 3795 1779 possint.
3831 1710 4016 1767 Scho-

781 1804 1131 1874 ,ηψηητίιηε
1158 1804 1305 1858 ποιεί
1341 1802 1654 1859 "insuam;
1689 1799 1837 1867 ορυε
1875 1794 2336 1864 Areopagum“
2372 1803 2414 1863 Β
2444 1784 2511 1838 lia
2546 1787 2657 1842 lucc
2689 1798 2863 1844 tamen
2895 1793 3265 1861 (Bibliotheca:
3312 1798 3547 1854 editores
3594 1802 3902 1872 inquiunt),
3952 1814 4016 1857 ut

786 1894 1133 1949 Conveniunt
1154 1884 1317 1947 etiam
1351 1891 1607 1952 Maximo,
1636 1889 1730 1958 qui
1761 1886 1986 1943 seorsim
2008 1885 2075 1939 ab
2105 1883 2198 1938 illo
2227 1883 2343 1937 hrc-

783 1988 865 2039 via
899 1984 1141 2053 quaedam
1173 1982 1449 2037 scribebat
1470 1982 1697 2035 scbo‘ia.

850 2075 907 2129 Id
947 2092 1077 2129 vero
1109 2074 1345 2128 maxime
1398 2072 1971 2137 animadvertendum,
2006 2068 2343 2137 frequentius

786 2168 1035 2221 breviora
1065 2180 1183 2221 esse
1220 2164 1459 2226 scholia,
1497 2178 1615 2231 qua:
1644 2172 1926 2216 numerata
1950 2170 2094 2223 sunt,
2120 2175 2184 2214 ac
2204 2158 2341 2215 Ger-

786 2272 948 2312 mano
987 2258 1349 2311 tribuuntur:
1424 2254 1723 2315 eademque
1768 2254 1813 2309 si
1868 2252 2090 2320 colligas
2136 2252 2341 2315 omnia,

786 2362 959 2418 pauca
992 2348 1171 2415 potius
1196 2361 1318 2406 esse
1347 2361 1507 2415 quam
1532 2345 1785 2415 plurima.
1825 2343 2044 2397 Duobus
2076 2342 2223 2397 hisce
2254 2341 2338 2393 in—

783 2439 973 2500 diciis,
1019 2438 1355 2491 scholiorum
1406 2435 1693 2489 brevitatis
1739 2449 1804 2488 ac
1863 2433 2174 2501 paucitatis,
2227 2444 2345 2500 quae

786 2544 918 2584 vere
944 2528 1161 2581 Maximi
1193 2538 1344 2589 sunt,
1377 2526 1694 2579 indicarunt
1719 2524 1873 2579 nobis
1900 2523 2150 2578 Usscrius
2168 2530 2224 2577 et
2245 2521 2344 2576 Le.

787 2622 1040 2691 quienus.
1072 2618 1207 2673 Hinc
1230 2616 1396 2674 menti
1430 2618 1763 2670 obversatur
1791 2616 2139 2683 conjectura,
2184 2613 2348 2668 libra-

789 2713 952 2769 rium.
988 2726 1079 2780 qtn
1115 2708 1443 2761 Marcianum
1476 2707 1721 2765 codicem
1747 2703 2110 2767 describebat,
2139 2704 2345 2758 scholia

788 2819 820 2860 a
850 2802 1070 2856 scholiis
1115 2798 1369 2852 distincta
1406 2796 1685 2851 inveniens
1714 2833 1729 2859 ,
1759 2808 1821 2849 ac
1855 2792 2074 2861 majoris
2112 2793 2345 2861 ipsorum

784 2892 961 2961 partis
1008 2898 1288 2943 auctorem
1340 2888 1596 2955 ignorans
1640 2882 1904 2938 Joannem
1945 2881 2348 2953 Scythopolitm

790 2998 954 3045 num,
1007 2980 1109 3033 alia
1154 2978 1407 3031 tribuerit
1455 2975 1729 3029 Germano
1777 2976 2098 3044 patriarchae
2152 2983 2208 3028 et
2246 2974 2347 3029 alia

789 3068 1041 3125 ﬂaxitno.
1096 3064 1376 3121 Tenebras
1436 3063 1730 3133 depellere,
1780 3078 1842 3117 ac
1898 3064 2151 3120 dirimere
2200 3064 2346 3117 litem

2445 1878 2738 1934 observare
2763 1885 2994 1953 contigit
3020 1902 3087 1940 ex
3117 1890 3544 1959 comparatione,
3570 1893 3757 1947 eadem
3785 1896 4019 1959 onnnino

2446 1978 2565 2024 sunt
2600 1982 2762 2039 atque
2793 1975 2998 2029 scholia
3034 1977 3220 2035 Saneti
3280 1981 3497 2035 Maximi
3521 1974 3671 2053 typis
3702 1985 3949 2053 vulgata.
3986 2004 4008 2036 ι

2444 2060 2643 2128 Quidni
2676 2062 3163 2132 quidpiamvsimile
3186 2111 3202 2135 ,
3250 2070 3385 2126 l‘alsa
3437 2075 3844 2147 nomenclatura
3868 2076 4012 2135 Ger-

2449 2155 2591 2209 mani
2624 2155 2947 2222 patriarehaa
2977 2160 3213 2227 invecta,
3248 2165 3516 2221 acciderit
3540 2168 3592 2219 in
3626 2167 3833 2224 Veneto
3859 2168 4011 2225 Mar-

2446 2244 2602 2299 ciano
2626 2248 2847 2302 codice?

2518 2336 2944 2394 Commentarios
2980 2342 3034 2396 in
3084 2344 3397 2417 D'onysium
3438 2349 3820 2421 Areopagitam
3868 2354 4015 2407 seri-

2449 2429 2623 2495 psisse
2651 2429 2833 2500 lingua
2862 2431 3089 2502 Syriaca
3118 2436 3291 2490 fertur
3313 2436 3550 2494 Joannes
3582 2442 3734 2496 Darze
3764 2443 3822 2498 in
3846 2444 4009 2515 Syria

2449 2518 2756 2587 episeOpus.
2784 2522 2865 2599 ‘De
2896 2526 2991 2577 viri
3036 2536 3214 2589 a-tate,
3247 2530 3420 2598 deque
3462 2534 3593 2587 urbe
3623 2534 3775 2600 cujus
3806 2536 4012 2593 infulas

2448 2610 2778 2678 rpiscopales
2824 2618 3117 2681 gestaverit
3170 2619 3289 2683 ille.
3370 2624 3635 2678 dissident
3670 2628 3782 2681 viri
3833 2630 4009 2697 docti.

2452 2698 2732 2756 Uberrima
2785 2717 3212 2772 pertractantem
3271 2713 3355 2767 adi
3417 2714 3679 2770 Joannem
3735 2719 4010 2774 Morinum

2450 2789 2525 2843 De
2546 2794 2713 2846 sacris
2737 2797 3178 2871 ordinationibus,
3234 2816 3262 2855 a
3295 2819 3417 2874 pag.
3447 2806 3570 2873 495,
3602 2824 3668 2864 ac
3696 2812 3859 2869 etiam
3890 2812 4011 2882 lege

2453 2882 2916 2953 Dissertationem,
2940 2904 3102 2958 quam
3135 2890 3338 2948 Gallice
3378 2899 3691 2967 inscriptam
3743 2903 4008 2961 diximus.

2453 2967 2757 3062 Ih’robléme,
2804 2985 2908 3030 etc.
2965 2975 3060 3032 His
3090 2981 3226 3037 addo
3280 2986 3664 3051 peritissimum
3710 2989 4009 3062 Joseplium

2453 3056 2755 3114 Simonium
2806 3065 3158 3123 Assemanum
3214 3073 3264 3126 in
3326 3074 3646 3134 Bibliotheca
3710 3056 4009 3151 Orientali,

789 3173 1005 3214 omnem
1061 3173 1168 3211 non
1217 3163 1462 3223 possunt,
1515 3155 1619 3209 nisi
1673 3156 1869 3209 vetusti
1928 3155 2139 3208 codices
2197 3156 2349 3210 bonae
2378 3140 2419 3196 (ἶ
2455 3157 2599 3203 tomo
2632 3151 2700 3213 ll,
2729 3155 2905 3220 capite
2936 3155 3034 3222 18,
3083 3161 3169 3214 ubi
3218 3162 3477 3217 Joannem
3528 3168 3678 3222 Daraa
3720 3187 3825 3225 non
3882 3140 4011 3232 ante

794 3258 956 3312 uotae,
989 3249 1040 3300 in
1074 3247 1272 3316 quibus
1320 3242 1539 3299 Maximi
1575 3244 1783 3299 scholia
1816 3260 1844 3298 a
1877 3247 2099 3301 scholiis
2125 3246 2349 3301 Joannis

796 3337 1226 3412 Scythopolitani
1257 3347 1518 3391 accurate
1544 3336 1778 3390 discreta
1811 3336 2173 3391 inveniantur.

866 3428 950 3483 lli.
993 3428 1123 3493 Quis
1156 3427 1243 3481 ille
1274 3425 1435 3478 fuerit
1463 3425 1770 3481 Germanus
1814 3426 2145 3495 patriarcha,
2177 3427 2222 3480 si
2253 3440 2351 3480 sua

794 3530 849 3574 et
880 3521 994 3589 ipse
1035 3518 1251 3573 Scholia
1298 3518 1585 3585 scripserit
1650 3517 1702 3571 in
1740 3516 1911 3586 Opera
1946 3517 2349 3587 Areopagitica,

797 3610 1176 3679 inquirendum
1201 3619 1311 3664 est.
1338 3607 1532 3662 Paucis
1559 3623 1646 3663 res
1672 3617 1780 3662 tota
1813 3608 2069 3679 exigitur.
2099 3607 2351 3675 Ejusdem

797 3698 1034 3754 nominis
1080 3699 1184 3753 duo
1209 3697 1466 3753 Germani
1500 3708 1697 3766 prazsto
1728 3704 1876 3760 sunt,
1905 3699 1991 3767 qui
2022 3700 2356 3767 patriarcha-

795 3792 900 3843 lein
957 3789 1117 3857 regia:
1166 3790 1316 3842 urbis
1370 3787 1911 3857 Constantinopoleos
1970 3790 2221 3844 thronum
2272 3800 2347 3844 te-

797 3894 998 3935 nuere:
1035 3881 1195 3933 ambo
1223 3878 1398 3935 sacris
1426 3878 1624 3933 litteris
1664 3879 1830 3941 clari,
1866 3890 1921 3935 et
1953 3882 2182 3951 plurium
2227 3896 2356 3948 ope-

801 3988 919 4027 rum
974 3974 1293 4041 scriptorcs.
1348 3969 1564 4025 Primus
1612 3964 1930 4026 conscendit
1977 3972 2156 4027 sedem
2208 3971 2353 4026 illam

800 4080 943 4121 anno
976 4063 1111 4127 715,
1147 4076 1375 4131 eamque
1398 4100 1414 4124 ,
1446 4061 1708 4130 dignitate
1735 4061 1979 4117 abdicata
2007 4102 2021 4127 ,
2076 4078 2215 4118 anno
2255 4062 2357 4120 730

798 4152 1024 4207 dimisit.
1076 4148 1279 4205 luiulas
1334 4151 1552 4205 easdem
1609 4152 1678 4203 ab
1735 4166 1877 4205 anno
1932 4150 2069 4206 12:2
2136 4155 2202 4207 ad
2260 4170 2357 4208 an-

778 4259 933 4313 ..num
971 4241 1108 4296 1240
1133 4241 1361 4312 gestavit
1394 4239 1551 4293 alter.
1611 4239 1851 4293 Tertium
1895 4256 2195 4296 memorare
2225 4242 2358 4298 Ger-

801 4350 1017 4390 manum
1050 4344 1337 4401 prmtet‘eo,
1364 4344 1527 4398 quem
1556 4330 1876 4400 dignitatem
1921 4331 2195 4400 indeptum
2240 4348 2359 4389 esse

799 4440 944 4485 anno
998 4424 1174 4487 1264,
1250 4422 1304 4476 in
1357 4422 1533 4491 prima
1587 4422 1923 4476 ostendimus
1983 4421 2357 4477 dissertatione

802 4531 967 4588 quam
1010 4513 1147 4570 Vite
1188 4512 1432 4583 Gregorii
1486 4512 1665 4583 Cyprii
1712 4512 2059 4581 subiecimus,
2107 4527 2169 4567 ac
2217 4519 2357 4585 typis

801 4610 1067 4671 edidimus
1094 4624 1243 4662 anno
1275 4606 1430 4661 l753.

877 4698 1172 4767 Utriusque
1234 4697 1412 4765 Opera
1490 4695 1822 4765 diligentiori
1878 4712 2008 4752 cura
2083 4706 2363 4753 recensent

805 4789 1161 4860 bibliOgraplti
1219 4807 1232 4841 :
1283 4801 1463 4857 neque
1512 4786 1619 4840 ulla
1666 4787 2015 4850 scholiorum,
2064 4788 2128 4841 de
2168 4788 2361 4857 quibus

806 4880 1036 4951 agimus,
1087 4881 1226 4950 apud
1277 4880 1424 4948 ipsos
1472 4877 1694 4931 mentio.
1742 4878 1907 4947 Atqui
1960 4894 2090 4933 vero
2122 4880 2361 4943 scholia,

810 4982 1073 5042 quotquot
1115 4973 1165 5024 in
1213 4972 1362 5040 Opus
1406 4970 1840 5038 AreOpagiticum
1880 4973 2017 5040 typis
2039 4972 2176 5026 edita
2215 4982 2362 5038 sunt,

814 5064 1157 5136 reperiuntur
1196 5064 1377 5117 omnia
1415 5062 1465 5116 in
1496 5064 1731 5134 antiquis
1768 5063 2074 5127 codicibus",
2106 5064 2194 5132 qui
2232 5062 2365 5119 Ger-

811 5153 956 5211 mani
1002 5151 1226 5207 secundi
1275 5162 1488 5230 aetatem
1543 5160 1827 5221 superant.
1871 5149 2014 5205 Inter
2063 5149 2175 5206 haec
2227 5152 2365 5220 typis

810 5245 953 5300 edita
977 5243 1182 5298 scholia
1214 5243 1392 5296 locum
1423 5242 1641 5305 habent,
1669 5255 1788 5310 qua:
1813 5239 2087 5296 Germano
2118 5240 2366 5295 tribuun-

814 5346 940 5389 tur:
990 5332 1157 5403 igitur
1210 5333 1253 5386 si
1302 5332 1427 5400 quis
1467 5331 1775 5386 Germanus
1826 5329 2366 5401 Constantinopoleos

812 5426 1117 5496 patriarcha
1163 5424 1443 5493 scripserit
1485 5440 1581 5487 ea,
1614 5423 1731 5478 sine
1773 5421 1937 5477 dubio
1970 5422 2133 5478 fuisse
2160 5425 2367 5495 primus

812 5520 1016 5575 debuit.

884 5635 963 5703 (ι)
1000 5633 1225 5688 Joannis
1280 5632 1426 5703 Scoti
1482 5632 1659 5703 versio
1714 5631 1974 5703 Operum__
2010 5628 2069 5703 S.
2126 5630 2365 5703 Dionysii

821 5698 1356 5772 Argivaque—exstat
1387 5702 1535 5756 Patr.
1564 5699 1685 5757 Lat.
1719 5698 1999 5765 CCXXII,
2030 5701 2167 5752 inter
2216 5698 2363 5755 scuti

2454 3254 2659 3299 annum
2680 3243 2778 3298 700
2805 3246 3049 3303 ﬂoruisse
3076 3254 3318 3306 ostendit
3348 3255 3429 3308 vir
3449 3260 3691 3326 apprime
3721 3264 3933 3321 doctus.

3063 3362 3287 3420 CAPUT
3329 3367 3387 3419 V.

2453 3465 2678 3526 Latinio.
2710 3487 2826 3538 qua:
2856 3473 3098 3552 {etaritur
3126 3473 3309 3552 Operis
3336 3481 3704 3552 dreapagitici,
3747 3493 4009 3545 versioncs

2524 3553 2891 3616 r_ece_nsentur._
2909 3541 3031 3596 Loci
3054 3541 3330 3613 cujusdam
3360 3550 3432 3604 De
3466 3541 3667 3609 Diiiuis
3692 3541 4009 3616 nominibus

2523 3603 2713 3688 Latina
2761 3603 3372 3695 versicapild'sauctum
3417 3603 3666 3676 etiam};

2522 3677 2775 3730 sincerior
2801 3695 2863 3732 ac
2886 3677 3116 3735 {nitidior
3138 3700 3293 3752 quam
3322 3687 3375 3737 in
3400 3693 3622 3743 cazteris.

2525 3786 2565 3840 Ι.
2608 3788 2718 3843 Abs
2771 3806 2830 3844 re
2859 3809 2963 3847 non
3012 3796 3136 3859 erit,
3190 3806 3473 3867 antequam
3525 3801 4006 3865 dissvrtatiuncula:

2455 3877 2615 3933 liuent
2659 3881 2894 3947 impono,
2927 3888 3103 3941 varias
3130 3902 3428 3955 recensere,
3460 3906 3576 3960 quae
3599 3888 3817 3965 Operum
3846 3900 4009 3955 Areo-

2458 3969 2809 4059 pagitic’orum
2845 3976 3101 4031 hactenus
3132 3980 3391 4059 conlectre
3428 3992 3569 4059 sunt,
3601 4000 3664 4039 ac
3716 3989 3851 4057 typis
3884 4006 4006 4059 pro-

2456 4057 2684 4124 dierunt,
2738 4061 2959 4120 Latinas
2996 4069 3286 4125 versiones.
3338 4057 3392 4125 Id
3438 4058 3786 4131 emolumenti
3823 4057 4005 4135 saltent

2454 4147 2635 4218 colligi
2672 4155 2887 4219 poterit,
2920 4166 2977 4209 ut
3002 4158 3043 4210 si
3079 4159 3384 4213 versiOuum
3438 4160 3737 4231 huiusmodi
3776 4166 4005 4223 collatio-

2458 4253 2579 4294 nem
2606 4242 2745 4299 inire
2769 4246 3031 4315 quispiam
3062 4261 3295 4318 exoptet,
3326 4268 3431 4321 quo
3454 4255 3681 4311 lucidius
3700 4258 3998 4314 obscuriora

2460 4334 2703 4398 quaedam
2745 4336 3119 4406 Areopagitica
3165 4336 3280 4392 loca
3325 4344 3871 4411 comprehendantur,
3909 4362 3999 4402 uo-

2388 4459 2432 4513 Β
2460 4432 2577 4475 seat
2613 4438 2725 4489 eas,
2758 4438 2823 4479 ac
2852 4428 3006 4481 facile
3030 4432 3265 4497 reperire
3292 4436 3471 4502 queat.

2530 4511 2744 4569 Primus
2777 4515 2920 4572 hanc
2957 4528 3195 4587 spartam
3247 4536 3440 4579 ornare
3468 4528 3756 4597 assumpsit
3784 4527 4005 4588 Joannes

2462 4603 2659 4660 Scotus
2680 4605 2908 4676 Erlgena
2934 4609 3033 4679 (4).
3062 4610 3136 4666 De
3157 4626 3282 4668 vera
3307 4614 3421 4682 ejus
3449 4614 3621 4685 patria
3645 4618 3800 4675 Joan.
3829 4622 4003 4678 Ather-

2462 4701 2548 4749 tus
2590 4694 2869 4754 Fabricius
2917 4704 3027 4771 agit
3061 4704 3113 4757 in
3161 4703 3485 4763 Bibliotheca
3514 4708 3703 4763 Latina
3744 4714 3919 4766 mediis
3958 4724 4002 4767 ct

2461 4787 2657 4855 inﬁmae
2685 4794 2873 4859 (elatis,
2906 4803 2966 4848 ut
2991 4804 3218 4852 cieteros
3242 4799 3341 4853 hoc
3371 4799 3488 4855 loco
3519 4812 3849 4870 praeteream.
3878 4803 3927 4856 In
3953 4804 4001 4858 id

2462 4892 2599 4947 opus
2627 4882 2936 4939 incubuisse
2964 4888 3135 4955 ipsum
3175 4890 3327 4959 jussu
3359 4888 3499 4960 regis
3531 4892 3703 4947 Caroli
3732 4895 3896 4959 Calvi,
3924 4897 3999 4949 di-

2462 4974 2668 5027 scimus
2697 4988 2759 5028 ex
2790 4974 3029 5041 ejusdem
3055 4979 3276 5045 epistola
3309 4982 3373 5033 ad
3398 4984 3640 5036 eumdem
3673 5000 3872 5057 regem,
3896 5004 4002 5056 qua:

2465 5063 2671 5133 integra
2715 5074 2894 5120 exstat
2934 5067 3071 5120 inter
3104 5068 3410 5123 llibernicas
3458 5071 3721 5139 Epistolas
3751 5091 3779 5129 a
3819 5077 4002 5135 Jacobo

2469 5155 2685 5209 Usserio
2722 5156 3001 5224 collectas,
3056 5174 3206 5212 nutu.
3266 5160 3355 5215 25.
3396 5161 3485 5214 Ait
3509 5164 3597 5218 ille
3654 5181 3778 5221 vero
3813 5185 3826 5221 :
3859 5186 3912 5225 se
3946 5179 4002 5228 de

2467 5242 2648 5296 (ἐι-ατο
2679 5246 2731 5297 is
2756 5244 2999 5298 Latinum
3036 5250 3363 5302 transtulisse
3400 5250 3559 5305 libros
3593 5252 3819 5323 quatuor
3853 5267 4003 5317 sancti

2469 5330 2645 5387 Patris
2669 5331 2907 5417 Dionysii
2932 5334 3257 5403 Areopagitae
3278 5337 3502 5405 episcopi
3528 5342 3863 5405 Athenarum,
3886 5350 4003 5417 quas

2467 5427 2669 5491 scripsit
2693 5426 2760 5477 ad
2795 5416 3115 5479 Timotheum
3152 5428 3443 5495 episcopum
3486 5431 3802 5501 Ephesium»
3838 5416 4001 5499 (nimi

2471 5534 2586 5569 rum
2619 5516 2693 5570 Dc
2734 5520 2921 5571 cos/esti
2964 5518 3279 5584 hierarchia,
3315 5518 3392 5573 De
3435 5523 3780 5579 ecclesiastica
3823 5528 4006 5583 Μεναν-

2470 5628 2667 5709 Opera,
2715 5642 2936 5685 curante
2980 5621 3065 5683 D"
3102 5629 3237 5685 ll.J.
3288 5630 3459 5699 Floss,
3492 5634 3778 5706 Bonnensi,
3833 5654 4000 5697 ret-ct;-

2474 5710 2595 5753 διιθ.
