4198 6304
150 385 224 440 π
1515 389 2042 447 PROLEGOMENA.
3316 403 3382 460 7b

152 499 289 561 diu,
313 498 389 553 De
410 500 600 555 diuinis
626 501 943 569 nominibus,
972 502 1045 556 De
1076 506 1294 575 ntystica
1328 504 1637 577 theologia),
1665 518 1719 562 et
1747 512 1791 567 Α
1821 506 2016 561 librum
2066 523 2265 574 unum,
2314 509 2392 565 De
2441 511 2794 569 ecclesiastica
2841 516 3136 571 hierarchia
3186 518 3380 575 librum

151 581 322 645 decepi
347 593 593 660 epistolas
621 594 876 660 ejusdem.
911 595 1041 648 Data
1078 605 1158 649 est
1186 596 1410 662 epistola
1444 614 1723 667 nuncupa-

153 681 287 737 teria
316 698 463 738 anno
496 684 620 747 858,
654 693 714 740 ut
742 684 990 742 Usserius
1017 687 1240 741 adnotat
1263 688 1315 741 in
1350 690 1611 757 margine.

222 773 504 831 Versiunis
539 776 760 845 hujusce
813 778 1139 833 mentionem
1186 780 1400 849 ingerit,
1449 794 1512 833 ac
1552 780 1716 837 etiam

149 864 339 921 laudat
380 884 499 924 eam
540 869 860 925 Anastasius
906 870 1355 928 Bibliothccarins
1390 874 1442 926 in
1490 874 1717 944 epistola

148 960 216 1013 ad
243 962 494 1019 eumdem
534 978 717 1034 regem
740 979 883 1018 anno
908 963 1012 1020 865
1039 966 1259 1035 scripta,
1288 982 1390 1035 qua
1420 983 1572 1021 suam
1615 968 1715 1037 ipsi

142 1048 396 1108 Latinam
453 1064 728 1126 nuncupat
769 1058 1071 1111 versionem
1137 1057 1475 1112 Scholiorum
1541 1059 1715 1114 sancti

144 1146 388 1213 Maximi,
417 1156 471 1201 et
511 1146 735 1203 Joannis
777 1149 1209 1219 Scythopolitani
1248 1151 1505 1219 episcopi.
1544 1149 1714 1206 Verba

143 1238 391 1293 dedimus
434 1239 609 1309 capite
638 1241 692 1306 5,
728 1257 874 1294 num.
908 1240 945 1294 l.
977 1239 1102 1294 Haec
1147 1257 1276 1297 vero
1316 1241 1501 1296 Latina
1537 1242 1711 1297 Scoti-

144 1344 296 1409 genm
348 1331 525 1385 versio
571 1331 1069 1400 Are0pagiticorum
1113 1330 1346 1402 Operum
1380 1343 1561 1387 exstat
1603 1334 1715 1387 fere

142 1420 356 1492 integra
396 1424 535 1492 typis
564 1423 707 1477 edita
741 1424 879 1492 apud
930 1425 1237 1496 Dionysium
1274 1426 1711 1494 Cartlutsianum,

143 1514 234 1577 qui
265 1526 388 1565 eam
414 1512 662 1567 adhibuit
684 1513 737 1566 in
755 1515 869 1570 suis
888 1514 1302 1570 Commentariis
1327 1515 1378 1569 in
1402 1515 1712 1589 Dionysium

140 1600 547 1671 Areopagitam,
577 1603 809 1658 Coloniae
837 1605 1000 1669 ensis,
1035 1607 1279 1675 impensis
1318 1605 1463 1661 Petri
1494 1608 1714 1673 Quentel

142 1709 282 1747 anno
315 1692 472 1749 1556.
511 1695 568 1749 lu
610 1695 931 1751 Prmlatione
970 1698 1036 1752 ad
1076 1698 1330 1753 lectorem
1374 1700 1712 1755 hazcbaben-

144 1794 269 1841 tur:
308 1806 327 1838 ι
375 1787 617 1857 Vulgaris
651 1788 956 1853 translatio,
986 1804 1105 1859 qum
1128 1790 1325 1844 dicitur
1350 1805 1468 1845 esse
1493 1790 1714 1847 Joannis

1822 614 2009 663 unum,
2045 600 2117 655 De
2146 602 2336 656 divinis
2373 605 2669 661 nominibus
2694 604 2889 663 librum
2920 623 3109 673 unum,
3137 608 3215 666 De
3267 624 3385 676 my-

1817 692 1949 745 stice
1970 693 2227 764 theologia
2258 695 2451 750 librum
2486 713 2672 763 unum,
2706 697 2968 767 Epistolas
2992 702 3186 757 decem.
3220 702 3386 757 Scho-

1818 781 1892 835 lia
1917 782 2080 838 etiam
2106 784 2157 838 in
2182 784 2378 840 librum
2411 785 2487 840 Ds
2530 786 2881 843 ecclesiastica
2912 791 3229 859 hierarchia,
3252 810 3385 850 none

1818 870 1945 927 dum
1982 888 2010 927 a
2047 889 2316 944 quoquam
2355 877 2519 947 (quod
2550 878 2742 950 sciam)
2785 881 3064 948 translata,
3093 901 3214 954 qua
3244 888 3387 944 edita

1821 971 1949 1016 sunt
2002 962 2251 1033 Basiieae,
2280 965 2332 1020 iu
2380 964 2589 1022 ofﬁcina
2639 967 2998 1041 llervagiana,
3047 977 3312 1032 converti.
3362 997 3383 1031 s

1816 1048 2165 1121 Lugdunensi
2203 1064 2325 1109 utor
2364 1057 2599 1113 editione
2638 1062 2777 1129 apud
2832 1062 3154 1121 Gulielmum
3205 1068 3388 1124 Bovil-

1817 1142 1974 1208 liutn,
2008 1144 2165 1210 1585,
2203 1146 2357 1204 ἱιιαὸο.

1887 1237 1942 1289 1η
1982 1237 2159 1293 fronte
2180 1239 2711 1297 Commentariorum
2746 1243 2983 1316 Dionysii
3011 1247 3383 1315 Cartbusinni,

1817 1340 1953 1394 quos
1986 1330 2125 1398 typis
2165 1330 2338 1385 editos
2361 1331 2597 1389 Coloniae
2627 1334 2764 1388 1556
2787 1336 3384 1405 adnotavimus,recen-

1816 1428 1965 1472 setnr
1995 1421 2157 1474 etiam
2193 1420 2380 1477 Latina
2411 1424 2646 1480 Marsilii
2679 1425 2853 1481 Ficini
2884 1431 3241 1494 interpretatio
3282 1437 3387 1486 im-

1816 1510 2046 1577 perfecta
2086 1520 2143 1566 ut
2175 1529 2291 1583 qua:
2340 1516 2512 1569 solum
2542 1516 2731 1571 Divina
2776 1517 3002 1573 Nomina
3055 1524 3300 1590 continet,
3335 1533 3385 1577 et

1817 1596 2096 1669 Mysticam
2124 1602 2475 1673 theologiam.
2539 1605 2633 1661 His
2668 1608 2918 1663 omnibus
2960 1609 3181 1664 nitidior
3210 1622 3265 1665 ct
3294 1628 3384 1666 ac-

1817 1694 2058 1746 cnrat'or
2108 1695 2317 1748 accedit
2378 1711 2440 1750 ea
2497 1712 2656 1767 quam
2715 1697 3050 1754 elucubravit
3105 1700 3386 1758 Baltltasar

1817 1780 2112 1839 Cordorius
2137 1784 2264 1840 Soc.
2294 1783 2439 1841 Jesu.
2468 1784 2526 1840 lu
2555 1786 2870 1856 praefatione
2903 1787 2978 1842 ait
3018 1789 3145 1843 ille:
3178 1790 3385 1846 Novam

141 1880 512 1952 Scaiigenm...
551 1896 578 1936 a
613 1883 868 1956 Dionysio
890 1892 1071 1939 nostro
1092 1883 1451 1939 Carthusiano
1478 1900 1573 1956 per
1600 1887 1713 1941 siu—

1826 1874 1954 1930 hanc
1985 1878 2264 1931 editionem
2298 1879 2553 1932 adornari
2582 1895 2700 1932 cum
2740 1878 2934 1934 Latina
2977 1898 3091 1938 mea
3126 1883 3385 1953 interpre-

140 1974 265 2045 gula
305 1976 562 2046 capitula,
606 1990 773 2049 prope
812 1977 878 2032 de
916 1977 1081 2032 verbo
1111 1976 1178 2031 ad
1214 1976 1459 2041 verbum,
1483 1978 1716 2049 explica-

140 2078 253 2133 tur,
284 2080 514 2139 excepto
544 2070 685 2140 quod
718 2048 795 2125 Vin
826 2048 1150 2142 quibusdam
1200 2048 1563 2140 Areopagitae
1595 2073 1713 2142 epi—

138 2159 295 2214 stolis
346 2159 796 2231 iuterpretandis,
844 2159 1234 2217 Carthusianus
1298 2170 1482 2215 noster
1543 2162 1716 2216 utitur

139 2249 500 2306 translatione
541 2250 763 2307 alterius
794 2252 1070 2322 cujusdam
1092 2251 1339 2313 Joannis,
1372 2267 1475 2305 non
1508 2269 1588 2318 re,
1620 2254 1713 2309 sed

138 2352 501 2412 cognomento
528 2340 809 2398 Sarraceni
833 2361 851 2396 :
882 2344 933 2398 in
956 2360 1093 2398 nona
1117 2357 1246 2397 vero
1272 2350 1324 2395 et
1347 2343 1545 2397 decium
1578 2345 1715 2414 (epi-

138 2434 326 2503 stola),
354 2434 774 2492 Camaldulensis
805 2436 1140 2503 (Ambrosii).
1179 2455 1197 2489 ι

212 2527 366 2583 Haud
422 2529 495 2583 ita
543 2530 720 2584 aetatis
773 2529 983 2593 medias,
1039 2529 1378 2599 maximeque
1426 2530 1713 2602 sequioris,

137 2620 275 2675 viris
332 2623 507 2677 doctis
539 2620 741 2691 placuit
782 2621 961 2677 versio
995 2619 1309 2693 Scotigeme,
1342 2623 1468 2690 quin
1522 2639 1713 2679 novam

139 2728 366 2783 operam
398 2714 454 2769 in
482 2713 877 2771 transferendis
903 2699 1131 2771 libriset
1158 2714 1398 2785 epistolis
1422 2717 1714 2787 Areopagi-

140 2806 268 2862 ticis
305 2806 651 2863 collocarent.
684 2806 821 2863 llinc
863 2808 1130 2863 secundus
1176 2806 1413 2861 laborem
1452 2808 1594 2863 hunc
1631 2824 1715 2863 as-

140 2897 376 2966 sumpsit
399 2897 544 2953 circa
576 2884 777 2951 annum
801 2894 938 2952 1118
966 2893 1205 2952 Joannes
1234 2893 1574 2963 Sarracinus,
1600 2896 1716 2950 sive

144 2992 500 3058 Sarrasenas,
534 3002 592 3047 ut
620 2991 843 3047 adnotat
864 2988 1148 3046 Fabricius
1179 2988 1231 3044 in
1274 2987 1603 3045 Bibliotheca
1634 2987 1717 3041 ci-

145 3094 280 3140 tata.
316 3085 405 3140 Sic
435 3098 562 3140 vero
609 3098 832 3139 narrare
874 3083 1049 3153 pergit
1078 3081 1210 3137 ille:
1261 3096 1287 3137 s
1323 3080 1513 3135 Latine
1558 3079 1717 3134 vertit

1822 1967 2017 2020 tatione
2046 1980 2063 2019 :
2092 1984 2210 2038 qua
2247 1971 2451 2023 cwteris
2480 1970 2647 2041 (quod
2683 1981 2817 2025 certe
2842 1982 3058 2027 conatus
3080 1974 3218 2047 sum)
3242 1992 3388 2044 pres-

1818 2058 1953 2122 sius,
1988 2068 2037 2111 et
2073 2059 2291 2123 clarius,
2318 2070 2472 2129 atque
2502 2062 2753 2130 theologis
2785 2067 3249 2131 accommodatius,
3274 2084 3387 2123 rer-

1820 2152 2003 2205 borum
2034 2154 2148 2223 ejus
2176 2156 2275 2207 vim
2307 2155 2444 2225 (quae
2490 2156 2556 2209 iis
2594 2156 2723 2215 inest
2765 2158 3029 2227 maxime).
3055 2160 3379 2228 exprimeret,

1818 2256 1866 2297 et
1907 2244 2042 2313 stle
2082 2246 2238 2312 plano
2268 2262 2475 2301 sensum
2499 2246 2735 2301 redderet
2761 2249 3065 2316 genuinum.

1890 2336 1953 2389 Il.
1982 2335 2122 2389 Loca
2154 2345 2332 2390 tamen
2357 2336 2534 2407 aliqua
2564 2338 2935 2407 AreOpagitica
2961 2338 3171 2395 felicius
3205 2349 3388 2396 trans-

1820 2421 1945 2475 ferri
2005 2423 2057 2475 in
2099 2421 2349 2477 Latinum
2420 2426 2657 2494 potuisse
2695 2428 3054 2483 observarunt
3085 2428 3186 2483 viri
3220 2431 3387 2487 docti.

1821 2502 2134 2581 Exemplum
2161 2511 2329 2567 all‘ero
2360 2529 2425 2569 ex
2465 2518 2643 2583 capite
2672 2514 2708 2569 Ξ
2759 2516 2835 2571 De
2862 2518 3051 2572 diuinis
3072 2520 3387 2588 nominibus,

1818 2604 1905 2656 ubi
1938 2601 1964 2673 §
1994 2603 2025 2657 6
2054 2603 2128 2657 sic
2150 2603 2301 2656 habet
2329 2614 2497 2659 textus
2529 2603 2748 2661 Graccus
2778 2620 2795 2658 :
2828 2610 3177 2681 Διακὲκριται
3204 2610 3262 2663 δὲ
3289 2610 3391 2682 τῆς

1817 2691 2235 2765 ἀγαθοπρεποῦς
2263 2696 2341 2757 εἰς
2385 2696 2530 2767 ἡμᾶς
2562 2695 2865 2769 θεουργίας,
2896 2700 2956 2753 τὸ
2985 2700 3102 2753 καθ’
3135 2700 3299 2771 ἡμᾶς,
3334 2699 3392 2767 ἐξ

1818 2786 1994 2857 ἡμῶν,
2022 2785 2216 2848 ὑλικῶς
2246 2787 2339 2840 καὶ
2360 2788 2573 2859 ἀληθῶς
2599 2790 2924 2862 οὐσιωθῆναι
2951 2792 3042 2846 τὸν
3074 2791 3392 2863 ὑπερούσιον

1816 2878 2009 2946 Λόγον,
2041 2879 2137 2931 καὶ
2179 2878 2370 2948 δρᾶσαι
2400 2880 2495 2931 καὶ
2536 2880 2727 2934 παθεῖν
2768 2882 2869 2935 ὅσα
2910 2882 3013 2953 τῆς
3042 2882 3394 2955 ἀνθρωπικῆς

1818 2970 1982 3026 αὐτοῦ
2012 2969 2299 3041 Θεουργίας
2330 2971 2476 3025 ἐπὶν
2522 2972 2749 3043 ἔκκριτα
2777 2974 2868 3025 καὶ
2900 2973 3163 3045 ἐξαίρετα.
3201 2973 3394 3030 Sarra-

1819 3064 1940 3117 ceni
1993 3061 2275 3119 translatio
2328 3061 2441 3118 haec
2490 3072 2610 3118 est:
2680 3063 2976 3120 Discretum
3032 3075 3203 3118 autem
3243 3072 3318 3119 est
3356 3082 3391 3119 ιι

144 3176 523 3233 Hierarchiam
567 3176 804 3249 Dionysii
852 3176 1190 3247 Areopagitae
1224 3175 1535 3244 (utramque
1574 3173 1717 3229 scili-
1748 3207 1790 3266 ε
1823 3157 2044 3266 Wlfflin“-
2504 3157 2827 3266 ?Pler‘aiit’re.
2856 3160 3142 3266 εξοιιηάωη
3183 3179 3300 3228 nos,
3331 3178 3396 3219 ea:

142 3282 252 3340 cet,
284 3273 579 3338 caelestem,
612 3281 669 3327 et
696 3266 1165 3338 ecclesiasticam).
1193 3268 1399 3325 Viderit
1425 3266 1716 3331 Gesnerus,

142 3368 236 3440 qui
264 3367 317 3421 in
354 3364 679 3420 Bibliotheca
707 3379 802 3419 sua
833 3362 947 3418 ait:
984 3361 1343 3419 Sarracenum
1376 3356 1717 3412 transtulisse

143 3474 337 3516 omnes
394 3460 733 3527 Areopagitae
780 3455 968 3524 libros,
1025 3466 1361 3535 excusosque
1417 3465 1538 3505 esse
1592 3465 1717 3506 cum

146 3552 399 3623 Dionysii
430 3550 775 3607 Cartbusiani
807 3547 1225 3605 Commentariis
1252 3545 1514 3610 Coloniae,
1554 3556 1661 3602 etc.
1686 3563 1711 3593 ι

144 3644 204 3701 1n
236 3646 321 3701 nis
350 3645 535 3715 utique
565 3644 1003 3707 Commentariis,
1047 3641 1348 3712 eademque
1388 3640 1442 3696 in
1485 3639 1722 3695 editione

144 3735 611 3797 Coloniensianni
650 3732 809 3801 1556,
848 3734 1094 3802 impensis
1124 3730 1365 3797 Quentel,
1398 3740 1575 3785 exstat
1616 3729 1724 3785 La-

146 3831 260 3888 tina
294 3826 581 3885 Sarraceni
622 3826 801 3881 versio
843 3824 917 3880 De
955 3824 1148 3880 scelesti
1191 3824 1514 3887 hierarchia,
1554 3830 1605 3879 et
1647 3821 1723 3877 De

144 3922 505 3980 ecclesiastica
546 3920 882 3985 hierarchia,
935 3932 1166 3990 utraque
1225 3918 1403 3974 dicata
1465 3917 1725 3988 magistro

143 4018 340 4075 Joanni
368 4016 433 4072 de
453 4015 774 4070 Sarlsberiis
799 4033 814 4069 :
848 4015 975 4069 item
1006 4012 1198 4067 Latina
1223 4011 1405 4067 versio
1426 4010 1505 4066 De
1528 4011 1720 4066 divinis

146 4106 468 4173 nominibus,
496 4116 549 4162 et
591 4106 667 4161 De
703 4106 925 4177 mystica
956 4104 1236 4173 theologia,
1265 4111 1492 4173 utraque
1520 4103 1725 4175 pariter

150 4203 215 4257 ad
254 4199 497 4258 Odonem
547 4199 735 4255 Sancti
786 4198 1025 4269 Dionysii
1070 4197 1319 4253 abbatem
1373 4204 1718 4267 nuncupata:

150 4296 386 4364 itemque
420 4294 633 4349 demum
688 4289 883 4346 Latina
936 4290 1115 4347 versio
1166 4287 1508 4359 epistolarum
1563 4288 1725 4343 unde-

148 4389 272 4444 clm.

222 4479 464 4536 Tertium
495 4491 724 4534 numero
754 4476 1085 4530 Ambrosium
1126 4484 1411 4543 oratorem,
1442 4482 1497 4529 et
1540 4488 1723 4527 mona-

1823 3249 1994 3313 nobis,
2028 3246 2258 3302 totaliter
2279 3256 2327 3301 et
2357 3263 2474 3302 vere
2496 3248 2840 3303 substantiam
2868 3249 3063 3318 factum
3088 3269 3195 3307 esse
3218 3272 3396 3326 super-

1820 3339 2170 3395 substantiale
2202 3335 2429 3393 Verbum
2458 3351 2477 3390 :
2507 3338 2704 3410 facere,
2726 3350 2772 3394 et
2803 3341 2914 3408 pati
2955 3359 3272 3415 quiscunque
3296 3348 3393 3400 hu-

1823 3447 1994 3487 mani:
2033 3431 2196 3501 ipsius
2240 3430 2693 3497 contemplationis
2724 3441 2844 3485 sunt
2890 3432 3049 3487 electa
3089 3445 3135 3488 et
3174 3448 3392 3493 semota.

1829 3522 2031 3578 Vocum
2082 3520 2329 3588 illarum,
2372 3521 2482 3590 τῆς
2526 3521 2903 3593 ἀνθρωπικῆς
2956 3526 3141 3581 αὑτοῦ
3196 3530 3398 3596 θεουρ-

1822 3617 1976 3687 γίας,
2021 3614 2241 3671 minime
2273 3614 2356 3670 vis
2406 3616 2769 3685 exprimitur:
2808 3616 2917 3673 imo
2947 3620 3212 3688 θεωρίας,
3273 3638 3400 3677 con-

1827 3709 2204 3777 templationis,
2248 3706 2445 3776 legisse
2481 3710 2697 3765 videtur
2741 3709 3008 3781 interpres
3057 3726 3156 3781 pro
3194 3716 3399 3781 θεουρ-

1809 3803 1975 3873 γίας.
2008 3801 2182 3857 Minus
2226 3802 2394 3856 etiam
2433 3811 2684 3857 accurata
2717 3801 2931 3859 videtur
2962 3803 3241 3859 translatio
3269 3804 3403 3860 Sco-

1828 3896 2043 3966 tigenae,
2084 3904 2133 3949 et
2182 3896 2412 3965 operari,
2457 3905 2505 3949 et
2552 3895 2665 3965 pati
2694 3911 3016 3966 qutecunque
3056 3895 3400 3951 humanitatis

1824 3988 1941 4057 ejus
2001 3989 2181 4044 divina
2236 3990 2444 4044 actione
2489 3998 2613 4043 sunt
2663 3990 2914 4055 discreta,
2960 3997 3009 4044 et
3056 4005 3257 4044 summe
3304 3989 3403 4041 mi-

1826 4081 2017 4137 randa.
2064 4080 2298 4152 Legebat
2336 4082 2571 4139 fortasse
2624 4082 3006 4150 ἀνθρωπηίης
3054 4097 3151 4152 pro
3179 4082 3403 4150 ἀνθρω-

1827 4172 2028 4243 nunc.
2057 4172 2377 4229 Feliciorem
2410 4188 2517 4228 non
2555 4172 2719 4229 habet
2765 4172 3066 4228 versionem
3090 4174 3405 4229 Ambrosius

1831 4267 2263 4327 Camaldulensis
2290 4289 2302 4324 :
2334 4284 2500 4339 eaque
2529 4276 2579 4324 et
2618 4276 2772 4337 gessit
2810 4275 2866 4321 et
2889 4266 3097 4334 pertulit
3127 4283 3245 4336 quis
3286 4277 3405 4320 sunt

1827 4362 2071 4417 humana:
2094 4363 2206 4431 ejus
2229 4362 2598 4429 assumptionis
2619 4360 2782 4415 electa
2804 4368 2960 4430 atque
2981 4362 3261 4430 principatu.
3293 4360 3404 4414 Vo-

1828 4475 1942 4515 cem
1959 4458 2266 4528 θεουργίας
2286 4457 2418 4512 satis
2432 4471 2537 4511 non
2548 4456 2817 4527 exprimit.
2834 4453 3163 4525 Imperfectus
3190 4454 3403 4509 demum

149 4577 305 4633 cltum
330 4571 758 4630 Camaldulensis
782 4570 1008 4636 ordinis,
1039 4575 1097 4622 ut
1124 4541 1437 4623 inscribitur
1458 4566 1510 4620 in
1533 4570 1722 4621 eodem

1830 4558 1955 4607 sunt
2004 4548 2238 4603 Perionii
2276 4557 2329 4603 et
2361 4545 2607 4602 Corderii
2639 4545 2918 4600 versiones
2948 4564 2959 4599 ε
3013 4543 3126 4606 illa,
3158 4541 3402 4610 fecitque,

148 4666 391 4735 Dionysii
433 4664 784 4722 Carthasiani
833 4663 1125 4727 volumine,
1174 4660 1316 4731 quod
1362 4661 1624 4729 integram
1658 4658 1725 4712 ab

148 4764 337 4820 eodem
379 4758 681 4815 conlectam
712 4756 1049 4825 ArcOpagita:
1093 4754 1375 4817 librorum,
1418 4761 1470 4807 et
1508 4751 1722 4820 Episto-

148 4852 321 4912 larum
362 4852 613 4909 undecim
649 4852 956 4905 versionem
998 4853 1237 4915 przestat.
1273 4842 1597 4898 Traversarii
1634 4856 1727 4897 co-

147 4963 383 5020 gnomen
413 4945 526 5012 ejus
556 4950 658 5009 est,
696 4957 759 4998 ac
790 4940 1044 5011 oppidum
1080 4936 1281 4993 Portici
1310 4950 1468 5005 supra
1500 4934 1727 4988 Forum-

147 5038 363 5102 livium,
404 5033 600 5104 patria.
630 5030 976 5087 Celeberrimi
1012 5026 1208 5084 saeculo
1252 5027 1479 5081 cadente
1519 5024 1728 5079 decimo

149 5140 369 5204 quarto,
410 5130 736 5197 labenteque
772 5127 961 5193 quinto
995 5123 1203 5179 decimo
1234 5119 1514 5191 scriptoris
1554 5117 1726 5189 elogia

152 5233 337 5279 texunt
364 5218 748 5290 bibliographi.
791 5215 1213 5271 Prteclarissime
1249 5213 1315 5267 de
1356 5226 1420 5266 eo
1453 5212 1727 5265 disseren—

151 5325 256 5369 tem
289 5312 406 5378 lege
425 5309 740 5379 Apostolum
768 5307 973 5389 lcitum
998 5309 1055 5361 in
1087 5303 1559 5359 Dissertationibus
1600 5298 1729 5354 Vos-

148 5407 313 5463 sianis
345 5402 529 5459 ltalice
562 5403 800 5471 scriptis,
826 5409 961 5457 tom.
986 5399 1030 5456 Ι.

218 5501 457 5568 Quartus
501 5506 584 5553 est
622 5494 933 5551 Joacbimus
976 5492 1296 5558 Perionius,
1348 5490 1729 5545 Benedictinus

150 5594 657 5651 Cormoeriacenus.
690 5576 1005 5643 versionem
1047 5604 1199 5643 suam
1239 5584 1485 5639 Latinam
1520 5597 1729 5636 nuncu-

150 5696 239 5758 pat
278 5683 540 5743 cardinali
592 5681 1010 5738 Vindociuensi.
1057 5680 1111 5734 lu
1162 5677 1385 5749 epistola
1426 5675 1550 5730 data
1601 5671 1726 5729 Kal.

151 5780 283 5837 Naii
332 5778 490 5842 1555,
538 5779 616 5833 sic
672 5778 884 5832 habet:
940 5793 957 5825 ι
1000 5773 1256 5829 Converti
1308 5781 1485 5825 autem
1546 5767 1729 5822 omnia

150 5875 261 5946 ejus
284 5889 449 5947 opera
482 5888 601 5943 qute
625 5880 863 5934 exstant,
895 5869 945 5921 id
976 5877 1056 5919 est
1090 5866 1161 5919 De
1188 5865 1381 5920 caelesti
1423 5859 1727 5917 hierarrhia

464 5971 732 6030 Ρλτιιοι..
781 5965 900 6025 Gn.
950 5962 1056 6023 lll.

1834 4653 1881 4697 et
1934 4658 2121 4713 passus
2171 4649 2245 4696 est
2294 4640 2493 4707 omnia,
2540 4653 2657 4708 qua:
2680 4638 2925 4691 humana:
2972 4635 3133 4704 ipsius
3186 4632 3404 4687 cuiauis

1834 4738 2103 4808 prwcipua
2148 4746 2268 4791 sunt
2301 4744 2348 4789 et
2381 4731 2720 4801 singularia:
2766 4730 2901 4794 ista,
2956 4745 3119 4797 eaque
3172 4728 3403 4797 gesserit,

1837 4832 2145 4899 tuleritque,
2170 4845 2287 4899 qua:
2309 4828 2557 4881 humana:
2578 4825 2741 4895 ipsius
2773 4822 3406 4891 actionisprwcipuasuut

1828 4935 1875 4981 et
1906 4923 2218 4999 singularia.

1902 5014 1979 5069 lta
2008 5030 2136 5069 vero
2169 5021 2373 5069 textum
2399 5010 2716 5067 vertendum
2736 5010 2889 5080 jubet
2916 5007 3143 5064 Michael
3178 5007 3407 5076 Lequie-

1836 5123 1936 5162 nus
1966 5106 2359 5163 Dissertatione
2418 5119 2459 5160 tt
2506 5104 2917 5169 Damascenica,
2959 5119 3106 5158 num.
3142 5102 3259 5166 XV,
3295 5118 3412 5171 ege-

1834 5201 2025 5270 ritque,
2055 5210 2101 5253 et
2136 5214 2405 5268 perpessus
2434 5198 2502 5250 sit
2538 5197 2730 5250 eximia
2758 5212 2993 5266 quisque,
3026 5204 3073 5249 et
3104 5196 3409 5249 excellentia

1834 5292 2289 5346 humano-dicina
2346 5290 2648 5359 efﬁcientic
2693 5305 2868 5357 opera.
2917 5287 3065 5341 llanc
3113 5302 3211 5343 suo
3276 5297 3413 5342 tem-

1835 5400 1994 5457 pore,
2026 5394 2118 5438 aut
2144 5399 2173 5437 a
2198 5399 2277 5449 se,
2307 5391 2401 5436 aut
2432 5384 2501 5437 ab
2525 5381 2645 5436 aliis
2669 5379 3001 5444 confectam,
3033 5380 3166 5431 vidit
3189 5388 3412 5432 sanctus

1834 5479 2078 5534 Thomas
2117 5475 2364 5547 Aquinas
2394 5477 2721 5540 versionem,
2752 5482 2807 5528 et
2831 5471 3075 5527 adhibuit
3119 5488 3179 5527 ιιι
3208 5489 3281 5539 p.,
3315 5486 3409 5539 qu.

1831 5584 1946 5635 xix,
1977 5578 2080 5623 art.
2116 5570 2168 5634 1,
2204 5570 2255 5623 iu
2285 5582 2403 5641 arg.
2431 5568 2481 5632 l,
2511 5567 2716 5635 aperari
2747 5577 2794 5620 et
2824 5569 2933 5636 pati
2958 5579 3277 5637 quacunque
3306 5562 3413 5615 hu-

1833 5677 2006 5719 mana:
2030 5662 2145 5730 ejus
2188 5661 2479 5729 dicina’que
2528 5659 2819 5727 operationi
2858 5664 3173 5728 congruunt.
3209 5655 3409 5721 Nempe

1836 5760 2038 5813 Doctor
2081 5747 2374 5823 Angelicus
2414 5769 2513 5822 pro
2568 5768 2662 5806 sua
2689 5752 2908 5823 peritia,
2954 5764 3156 5822 proque
3194 5763 3255 5802 ea
3302 5761 3409 5817 qua

1834 5851 2067 5923 pollebat
2104 5849 2305 5921 ingenii
2334 5850 2413 5913 vi,
2442 5847 2557 5903 suis
2586 5849 2637 5903 in
2678 5849 2930 5916 operibus
2968 5847 3124 5900 modo
3162 5842 3405 5910 sequitur

3051 5938 3091 6000 3
