4198 6304
840 395 911 449 Ἶϋ
1980 389 2037 444 S.
2081 386 2236 442 ΒΙοΝ
2250 386 2447 443 YSIUS
2483 385 2942 442 AREOPACITA.
4018 386 4089 442 ’⁷6

843 508 1167 580 Scotigcnae,
1204 520 1266 561 ac
1296 505 1453 561 modo
1494 503 1779 560 Sarraceni
1808 502 2050 557 Latinam
2084 504 2406 570 versionem,
2439 511 2483 567 Α
2515 514 2569 557 ut
2604 502 3027 574 Monophysitica
3084 502 3198 556 labe
3246 502 3503 559 infectum
3548 508 3801 562 ostendat
3844 508 4086 578 Operum

843 613 903 658 tit
937 601 1061 657 alibi
1086 598 1429 654 observatum
1460 604 1539 651 est
1561 614 1576 663 ;
1602 611 1664 649 ac
1685 595 1846 649 etiam
1874 594 2231 663 frequentius,
2257 606 2407 650 utro-
2512 597 3009 665 Areopagiticorum
3062 606 3358 651 auctorem.
3411 599 3481 652 At
3520 600 3707 653 eadem
3749 600 3802 656 in
3830 602 4090 657 versione

840 711 947 767 que
994 696 1289 779 interprete
1333 690 1576 755 dimisso,
1605 687 1973 757 Arcopagitici
2009 697 2187 742 textus
2232 687 2407 741 reddit
2512 688 2643 743 nihil
2687 703 2791 742 non
2825 689 2981 752 vidit,
3016 688 3117 741 nisi
3149 673 3389 757 apprime
3428 692 3810 757 orthodoxum,
3839 693 4087 748 Thomas

838 778 1433 847 sensumnitidioribus
1464 782 1678 847 verbis;
1710 783 1992 852 ipsumque
2020 790 2225 835 textum
2254 778 2405 834 (ἴττω-
2510 780 2772 849 Aquinas,
2800 789 2857 834 ut.
2905 781 3106 835 evincit
3138 781 3190 833 in
3230 781 3499 835 solutione
3548 785 3707 853 primi
3751 785 4087 855 argumenti.

839 900 963 940 cum
1003 883 1216 937 videtur
1243 880 1356 949 ipse
1380 877 1692 946 aliquando,
1722 874 1971 930 autalius
2000 875 2067 931 ab
2091 874 2279 929 eodem
2314 886 2403 927 ro-
2510 874 2603 945 Egi
2634 889 2735 945 ego
2767 875 2869 929 hac
2899 876 2964 929 de
3013 890 3072 930 re
3106 875 3324 929 uberius
3367 875 3418 930 in
3450 876 3840 933 Dissertatione
3882 878 4090 947 saepius

840 984 1015 1045 gallis,
1058 972 1421 1037 consuluisse,
1463 984 1525 1025 ac
1564 968 1753 1024 Latine
1792 970 2016 1025 reddere
2066 964 2403 1024 accuratiore
2508 967 2695 1032 citata,
2722 968 2900 1037 capite
2925 968 3012 1031 18,
3046 984 3109 1024 ac
3162 969 3354 1023 mirum
3398 985 3550 1035 sane,
3581 985 3688 1025 non
3724 973 3900 1027 visum
3924 986 3954 1025 a
3981 970 4089 1025 Le-

839 1067 1211 1122 translatione.
2510 1061 2709 1130 quieno
2737 1061 2913 1117 locum
2947 1060 3167 1118 Thoma:
3205 1072 3757 1135 praetermissumque.

911 1161 1171 1219 Versione
1206 1158 1293 1214 illa
1332 1173 1426 1215 sua
1450 1156 1757 1228 Lequienus
1787 1154 2027 1211 abutitur
2057 1154 2173 1211 loco
2216 1155 2398 1221 citato,

1301 1349 4072 1374 MM

1361 1516 2239 1611 TYPOGBAPHUS
2314 1514 2911 1610 STUDIOSO
2985 1510 3543 1608 LECTORI.

913 1903 1047 1955 Cum
1086 1898 1241 1951 multi
1276 1898 1327 1950 in
1364 1897 1466 1951 hac
1500 1897 1728 1977 civitate
1774 1895 1882 1950 sint
1920 1893 2494 1977 cgrcgiitypographi,
2529 1892 2618 1962 qni
2644 1900 2827 1974 partes
2869 1904 2995 1977 suas
3024 1904 3187 1977 quam
3220 1886 3565 1977 exactissime
3600 1888 3849 1977 implent,
3877 1890 4088 1977 facium

849 1984 1032 2029 tamen
1059 1978 1161 2032 cst,
1195 1984 1491 2037 paucorum
1521 1969 1732 2022 delectu
1774 1977 1937 2036 atque
1955 1958 2196 2029 incuria,
2218 1958 2396 2019 'ut'ex'
2423 1958 2702 2037 extraneis
2733 1960 2973 2016 nonnulli
2999 1961 3079 2037 __de
3104 1960 3571 2037 typographorum
3605 1958 3929 2037 Venetorum
3957 1962 4086 2037 dili-

851 2044 1036 2114 gentia
1070 2030 1232 2108 atque
1262 2040 1311 2114 in
1343 2038 1629 2107 promissis
1656 2030 1916 2114 lidelita'te
1947 2037 2125 2091 minus
2160 2046 2307 2114 recte
2352 2037 2608 2089 sentiant.
2646 2033 2756 2114 iloc
2784 2032 3072 2114 cum_mihi
3104 2032 3339 2114 ignotum
3387 2044 3491 2083 non
3509 2030 3621 2114 "sit,
3646 2045 3743 2099 ego
3768 2032 3820 2114 in
3856 2032 3905 2086 id
3952 2035 4087 2087 tutis

844 2101 1055 2168 v’irihns
1087 2101 1363 2171 incumbo',
1396 2118 1452 2161 ut
1479 2118 1534 2161 et
1563 2109 1760 2162 malam
1790 2107 2089 2177 aliqttorum
2134 2108 2443 2175 opinionem
2472 2105 2795 2169 convellam,
2828 2113 2882 2156 et
2914 2103 3107 2157 bonam
3140 2103 3366 2177 aliorum
3400 2101 3712 2155 conﬁrmem
3742 2112 3795 2156 et
3823 2118 4084 2173 augt-am;

841 2186 1069 2255 ipseque
1121 2198 1228 2255 non
1258 2180 1661 2249 indiligentibus
1694 2175 1905 2255 pangis,
1932 2179 2025 2255 sed
2052 2178 2279 2255 aliorum
2309 2178 2398 2255 qui
2440 2177 2809 2255 diligentiores
2843 2184 2895 2255 et
2938 2175 3317 2255 accuraiiores-
3338 2181 3482 2238 sunt,
3512 2186 3735 2255 numero
3763 2188 4085 2229 accensear.

840 2244 998 2324 Quod
1027 2254 1136 2322 jam
1164 2244 1503 2319 aliquotenus
1534 2268 1650 2304 mea
1783 2244 2375 2324 GregoriiNazianzeni
2408 2244 2664 2324 editione,
2693 2263 2811 2315 quae
2846 2246 2984 2324 haud
3017 2245 3226 2324 modico
3269 2244 3455 2324 plausu
3493 2252 3717 2311 excepta
3739 2253 3852 2324 est,
3884 2259 4086 2301 conse-

843 2314 1142 2381 cutum-me
1166 2314 1322 2391 spero
1350 2341 1363 2375 :
1388 2333 1439 2377 et
1481 2322 1757 2389 prtesenti,
1788 2314 1948 2391 quain
1999 2322 2094 2375 tibi
2126 2320 2316 2381 olIero,
2361 2319 2599 2391 studiose
2622 2314 2834 2383 Lector,
2885 2314 3653 2391 Areopagiticorum_()pe_rum
3686 2316 4087 2391 editionetmc

842 2397 1014 2452 multo
1046 2384 1217 2463 magis
1248 2384 1667 2463 consecuturum
1716 2384 1932 2445 conﬁdo
1966 2408 1980 2443 :
2023 2391 2457 2463 quandoquidem
2493 2390 2541 2442 in
2592 2406 2653 2443 ea
2689 2388 2995 2463 adornanda
3027 2384 3127 2440 nec
3171 2384 3604 2463 diligentiteulli,
3635 2388 4085 2463 nec-sumptibus

842 2468 957 2521 ullo
990 2455 1416 2532 timiIJpeperci.
1450 2462 1618 2517 Porro
1662 2463 1792 2531 quid
1844 2463 1897 2514 in
1929 2476 1991 2532 ea
2029 2455 2330 2531 praestitum
2355 2461 2444 2522 sit,
2480 2473 2731 2532 quotque
2760 2462 2823 2513 ad
2859 2473 2982 2532 eam
3020 2458 3351 2532 ornatiorem
3384 2455 3586 2532 tibique
3615 2456 3920 2532 chariorem
3952 2462 4082 2511 red-

843 2538 1077 2592 dendam
1114 2528 1223 2589 sint
1246 2528 1451 2598 addita,
1484 2548 1548 2587 ex
1581 2528 1783 2601 praevia
1812 2533 1910 2584 viri
1948 2528 2041 2585 le
2065 2533 2457 2586 Dissertatione
2483 2532 2613 2584 satis
2638 2529 2822 2585 habes.
2857 2528 3037 2582 Silebo
3067 2542 3194 2583 vero
3226 2529 3339 2596 ipse
3364 2529 3428 2601 de
3452 2528 3654 2581 charta:
3694 2528 3890 2601 nitore,
3918 2540 4082 2599 typo-

846 2624 969 2663 rutn
1005 2606 1296 2676 elegantia,
1330 2598 1827 2676 aliisque—adjectis
1851 2606 2209 2676 ornamentis,
2243 2612 2425 2676 utpote
2448 2617 2565 2668 qum
2598 2602 2649 2654 in
2681 2602 2865 2676 cenios
2903 2608 3023 2651 tuos
3047 2614 3142 2652 sua
3183 2609 3373 2676 sponte
3406 2600 3711 2676 incurrunt.
3747 2598 3858 2676 D_uo
3892 2598 4077 2676 taineu

841 2688 988 2742 sunt,
1027 2669 1312 2745 de'qnibns
1344 2669 1693 2745 peculiariter
1717 2684 1767 2727 te
1796 2674 2087 2727 admonere
2137 2689 2252 2745 mea
2295 2669 2555 2726 interesse
2588 2682 2735 2741 puto.
2770 2671 3010 2745 _I_’_rimnm
3041 2678 3141 2734 est,
3181 2671 3415 2745 studium
3456 2684 3516 2721 ac
3546 2669 3891 2745 diligentiam
3916 2669 4081 2738 plane

840 2740 1177 2819 singularem
1202 2760 1289 2799 me
1328 2740 1664 2819 adhibuisse,
1693 2754 1751 2798 ut
1796 2744 2423 2819 (μωῃίθειιοιιόδῑίεεηιιρ,
2473 2740 3043 2819 θεῴᾳυθωιίὺςηὶωε
3072 2754 3102 2793 a
3134 2740 3301 2819 naevis
3331 2740 3730 2811 typographicis
3764 2740 3930 2794 editio
3960 2745 4079 2819 ista

844 2811 1088 2891 pro'diret
1124 2835 1136 2868 :
1169 2817 1221 2871 in
1252 2830 1411 2891 quem
1462 2813 1624 2891 tinem
1671 2828 1775 2869 non
1814 2811 1993 2891 Vunius
2043 2824 2250 2868 tantum
2290 2812 2383 2867 sed
2437 2812 2668 2891 plurium
2719 2811 3055 2891 eruditorum
3084 2812 3335 2891 _virorum
3391 2826 3519 2891 usus
3569 2825 3686 2891 sum
3722 2814 4080 2891 opera.__Quo

843 2881 1045 2945 factum
1070 2900 1154 2943 est
1183 2898 1240 2941 nt
1265 2881 1317 2940 in
1366 2887 1465 2939 hac
1491 2886 1729 2939 editione
1761 2899 1865 2938 non
1898 2885 2068 2938 solum
2098 2895 2276 2939 errata
2317 2881 2452 2937 nova
2483 2885 2665 2937 addita
2697 2899 2799 2936 non
2826 2882 2957 2946 sint,
3006 2881 3099 2935 sed
3127 2882 3291 2935 etiam
3322 2895 3385 2935 ex
3433 2881 3731 2946 veteribus,
3765 2882 3831 2936 iis
3862 2882 4079 2937 scilicet

841 2976 963 3030 quie
1005 2960 1057 3013 in
1086 2959 1452 3030 praecedentes
1496 2955 1760 3030 editiones
1796 2957 2164 3030 irrepserant,»
2192 2955 2297 3030 sint
2342 2954 2483 3030 haud
2516 2969 2691 3030 pauca
2738 2952 2972 3030 sublata.
2996 2951 3076 3006 Ne
3101 2966 3229 3007 vero
3255 2950 3692 3030 merajactantia
3749 2967 3868 3005 mea
3900 2953 4079 3030 videri

844 3022 955 3086 haec
990 3022 1170 3100 posset
1208 3028 1466 3097 (iactatur
1496 3026 1546 3080 id
1579 3028 1779 3100 quippe
1820 3022 1985 3100 etiam
2038 3028 2113 3100 ab
2154 3024 2636 3100 indiligentissiinis
2672 3026 2995 3100 quandoque
3048 3023 3446 3100 typographis),
3498 3022 3890 3100 constitueram
3929 3023 4075 3077 inte-

844 3094 1004 3172 grum
1030 3094 1347 3172 mendcium
1378 3112 1499 3172 quae
1527 3094 1740 3172 sublata
1790 3107 1915 3151 sant
1940 3098 2228 3152 elenchum
2272 3096 2364 3149 tibi
2410 3096 2511 3149 hoc
2534 3096 2650 3172 loco
2674 3098 2742 3149 ob
2772 3095 2963 3172 oculos
2994 3109 3217 3172 ponere.
3257 3094 3363 3147 Sed
3413 3094 3673 3172 quoniam
3712 3095 3920 3172 veritus
3951 3110 4073 3147 sum

843 3162 913 3227 ne
946 3175 1047 3226 hoc
1077 3170 1242 3238 aliqui
1288 3162 1508 3222 sinistre
1550 3170 2056 3235 interpretarentur,
2092 3181 2260 3236 pauca
2310 3166 2701 3238 tantummodo,
2743 3162 3057 3235 Speciminis
3098 3178 3289 3238 causa,
3337 3163 3605 3238 versionis
3635 3162 3841 3238 Latina:
3888 3177 4077 3219 errata

848 3244 942 3295 tibi
975 3235 1198 3306 sistatn';
1240 3250 1295 3294 et
1330 3238 1547 3307 quidem
1581 3252 1644 3291 ex
1698 3253 1882 3291 eorum
1915 3235 2111 3308 genere
2157 3236 2528 3308 quienonnisi
2583 3239 2869 3308 attentiore
2914 3249 3106 3291 sensus
3152 3236 3695 3308 ponderatione,_aut
3742 3235 3907 3288 etiam
3948 3252 4078 3290 cuiu

844 3313 1035 3368 (ἒν-ειεςο
1069 3304 1215 3365 textu
1250 3304 1537 3363 collatione
1569 3308 1893 3376 deprehendi
1918 3304 2000 3362 ἐι
2030 3304 2306 3362 emendari
2336 3316 2605 3375 poterant.
2649 3306 2822 3362 liabet
2852 3308 3034 3376 itaque
3080 3304 3249 3361 editio
3300 3304 3640 3368 Parisieusis,
3673 3319 3761 3359 ex.
3806 3320 3912 3375 gr.,
3944 3324 4078 3360 conr-

847 3385 1127 3438 tentionem
1162 3396 1259 3449 pro
1294 3380 1717 3443 consensionem;
1763 3379 1978 3431 interitu
2012 3394 2108 3448 pro
2148 3378 2400 3441 introitu;
2441 3379 2854 3433 disturbatarum
2896 3394 2991 3446 pro
3020 3377 3459 3440 distributarum;
3491 3378 3787 3429 unctionem
3815 3392 3911 3443 pro
3956 3379 4078 3431 vin-

842 3457 1106 3516 ctionem;
1149 3451 1497 3520 corrupuisset
1531 3465 1626 3518 pro
1656 3452 2028 3517 corripuisset;
2069 3451 2154 3503 die
2186 3463 2286 3519 pro
2323 3453 2463 3514 aiis;
2498 3465 2718 3519 quarum
2750 3465 2846 3519 pro
2880 3464 3171 3518 aquarum;
3216 3452 3292 3502 uti
3332 3463 3429 3517 pro
3476 3456 3608 3511 voti;
3652 3449 4079 3520 inununitionem

842 3542 942 3596 pro
996 3517 1448 3596 imminutionem;
1498 3517 1723 3596 dicendi
1752 3535 1848 3590 pro
1894 3523 2161 3596 discendi;
2188 3517 2597 3589 investigabilem
2634 3536 2729 3596 pro
2751 3517 3255 3596 ininvestigabilem;
3300 3520 3582 3596 secundum
3627 3533 3723 3588 pro
3754 3517 4079 3596 fecundum;

848 3589 1103 3664 suscipiet
1125 3609 1224 3665 pro
1253 3592 1520 3659 suspiciet,
1547 3604 1653 3665 etc.
1684 3589 1808 3645 Hace
1844 3601 1895 3646 et
1924 3593 2031 3665 alia
2059 3594 2120 3665 id
2140 3606 2307 3663 genus
2332 3608 2439 3645 non
2480 3589 2649 3665 pauca
2678 3594 2729 3645 in
2756 3592 2855 3645 hac
2886 3603 3069 3646 nostra
3104 3593 3338 3647 editione
3364 3591 3463 3644 viri
3499 3590 3668 3665 docti,
3699 3600 3751 3643 et
3776 3592 4077 3665 utriusque

846 3660 1043 3733 lingula
1080 3660 1236 3734 periti
1270 3679 1431 3731 opera
1462 3663 1747 3716 emendata
1774 3672 1920 3717 sunt.
1952 3662 2033 3715 Nil
2073 3660 2247 3717 dicam
2312 3665 2377 3716 de
2426 3663 2785 3719 crassioribus
2828 3678 3021 3733 magno
3079 3677 3305 3717 numero
3366 3660 3663 3734 erroribus,
3697 3663 3894 3730 quibus
3925 3661 4082 3716 l’ari-

846 3732 961 3792 sitia
1004 3732 1172 3790 editio
1218 3734 1563 3803 aSpergitur:
1596 3734 1785 3785 horum
1836 3736 1979 3788 enim
2025 3736 2291 3789 corrcCtio
2324 3744 2379 3787 ut
2410 3735 2636 3799 facilior,
2666 3738 2739 3787 ita
2769 3749 2872 3787 non
2920 3732 3134 3788 esthoc
3182 3734 3299 3789 loco
3351 3732 3700 3803 peculiariter
3743 3747 4083 3788 commemo-

847 3811 1037 3862 randa.
1068 3807 1192 3860 Haec
1222 3800 1347 3859 vero
1379 3800 1559 3858 oinnia
1608 3819 1712 3857 non
1746 3816 1816 3858 ita
1845 3824 1874 3859 a
1906 3822 1990 3860 me
2023 3807 2165 3859 dicta
2198 3806 2455 3874 aecipias,
2485 3806 2544 3858 Β.
2587 3805 2675 3871 L.,
2704 3807 2861 3875 quasi
2897 3807 3011 3874 ipse
3060 3800 3363 3861 editionum
3392 3800 3781 3857 Pa'risiensium
3818 3806 4080 3873 (quarum

846 3895 977 3933 sane
1027 3879 1207 3946 plures
1255 3875 1595 3930 nitidissimte
1627 3889 1690 3929 ac
1736 3877 2189 3931 einendatissiniae
2229 3878 2374 3945 sunt)
2412 3877 2822 3932 :estimationem
2854 3876 3192 3931 imminutam
3232 3876 3431 3939 velint;
3466 3877 3561 3929 sed
3593 3876 3856 3946 ntﬂpalam
3890 3876 3983 3929 liat
4028 3878 4081 3928 in

848 3945 1043 4019 magno
1072 3963 1166 4002 eos
1196 3963 1382 4002 errore
1404 3947 1617 4019 aversari
1646 3947 1736 4015 qui
1781 3949 1922 4002 solas
1955 3948 2267 4017 peregrinas
2296 3950 2559 4002 editiones
2590 3950 2858 4003 aestimare
2905 3958 3145 4014 norunt;
3174 3961 3378 4016 easque
3418 3959 3606 4001 omnes
3641 3945 3861 4001 Venetis
3894 3949 4081 4001 mutti-

848 4018 957 4072 bus
991 4020 1193 4089 absque
1245 4019 1351 4071 ullo
1380 4018 1694 4089 discrimine
1739 4030 2097 4088 anteponunt.
2132 4020 2236 4073 Sed
2266 4020 2367 4072 hac
2396 4021 2463 4073 de
2500 4034 2557 4071 rc
2586 4020 2736 4072 satis.
2770 4020 3029 4082 Alterum,
3058 4021 3123 4074 de
3152 4035 3259 4089 quo
3291 4028 3341 4071 te
3372 4019 3743 4087 praemunitum
3796 4020 3937 4077 volo.
3970 4030 4081 4083 eet,

847 4093 992 4143 hunc
1018 4091 1252 4159 primum
1283 4088 1785 4157 AreOpagiticorum
1830 4090 2064 4159 Operum
2100 4100 2301 4144 tomum
2342 4091 2445 4143 hoc
2475 4091 2795 4144 decurrente
2830 4105 3015 4145 mense
3058 4088 3228 4159 Aprili
3268 4090 3319 4143 in
3351 4090 3522 4143 lucem
3551 4091 3804 4160 prodire;
3838 4107 3901 4145 eo
3925 4091 4081 4145 scili-

849 4174 935 4214 cet
969 4177 1175 4224 mense,
1218 4176 1325 4229 quo
1363 4162 1536 4230 ipsum
1570 4160 1929 4225 proditurum,
1971 4162 2129 4214 [idem
2160 4175 2335 4214 meam
2361 4162 2413 4213 in
2444 4160 2641 4230 praevia
2666 4162 3045 4217 Declaratione
3090 4162 3492 4217 obstrinxeram
3528 4179 3541 4214 :
3578 4171 3635 4213 ut
3683 4160 3766 4215 vel
3792 4164 3919 4216 hinc
3965 4160 4081 4215 col-

852 4232 986 4301 hgas
1014 4235 1142 4299 quid
1173 4233 1238 4284 de
1259 4229 1544 4303 promissis
1574 4244 1602 4280 a
1630 4244 1725 4303 me
1743 4230 1834 4303 tibi
1870 4233 1921 4284 in
1952 4242 2223 4298 posterum
2254 4229 2516 4287 faciendis
2543 4242 2863 4301 exspectare
2893 4242 3005 4287 tuto
3032 4238 3225 4303 possis.
3262 4232 3425 4296 Sane,
3472 4232 3928 4301 quemadmodum
3963 4232 4085 4300 ipse

852 4300 1105 4367 arbitror,
1138 4304 1369 4355 honesto
1403 4300 1623 4374 homine
1656 4300 1727 4352 nil
1759 4300 2031 4373 indignius
2058 4316 2180 4356 esse
2219 4316 2379 4370 quant
2424 4304 2603 4357 datam
2634 4300 2849 4373 publico
2883 4300 3047 4357 lideni
3075 4303 3404 4374 infringere;
3434 4300 3507 4356 ita
3538 4305 3766 4358 lirmiter
3811 4313 4085 4359 constitu-

852 4381 962 4423 tmn
1002 4375 1131 4425 mihi
1163 4383 1243 4426 est
1275 4372 1662 4426 detrimentum
1691 4375 1920 4445 quodvis
1955 4375 2134 4443 potius
2161 4375 2361 4436 subire,
2397 4389 2561 4441 quam
2599 4372 2805 4429 tantum
2830 4374 3065 4431 dedecus
3087 4372 3373 4445 aspergere
3402 4376 3603 4428 nomini
3634 4390 3773 4431 meo.
3807 4376 3924 4430 Hoc
3951 4391 4089 4429 veto

852 4458 1015 4495 unum
1064 4446 1332 4514 reliquum
1380 4452 1484 4507 est,
1522 4446 1727 4511 Optime
1757 4441 1971 4509 Lector,
2024 4454 2083 4497 ut.
2114 4448 2229 4498 hinc
2270 4459 2387 4498 mea
2430 4445 2524 4500 tibi
2554 4446 2766 4515 placere
2812 4448 3091 4501 ostendas.
3120 4441 3212 4501 Sic
3241 4441 3385 4502 6mm
3419 4446 3647 4514 majora,
3684 4458 3739 4500 et
3775 4449 4001 4504 meliora
4027 4448 4086 4501 in

854 4516 928 4566 tui
964 4517 1201 4570 favorem
1240 4526 1294 4570 et
1324 4516 1669 4569 commodum
1697 4516 2011 4583 capessendi
2046 4516 2099 4570 in
2138 4516 2252 4570 dies
2285 4515 2416 4570 mihi
2448 4518 2661 4573 animus
2688 4518 2935 4574 addetur.
2960 4518 3180 4575 interitu
3210 4519 3296 4574 his
3326 4519 3505 4574 lruere
3532 4526 3587 4573 et
3613 4519 3749 4571 vale.

3161 4725 4082 4748 __________.____.____,.

2186 4883 2763 4979 MONITUM

1628 5105 1925 5162 EDITIONI
1963 5106 2345 5164 PARISIENSI
2381 5109 2543 5165 ANNI
2582 5110 2887 5167 MDCXLIV
2921 5110 3331 5170 PRAEFIXUM.

2413 5300 2481 5308 ..ι-.-

932 5447 1060 5503 l’lus
1091 5451 1183 5503 tibi
1213 5466 1345 5503 nova
1377 5451 1478 5503 ista
1524 5450 1684 5505 editio
1732 5450 1931 5504 exhibet
1970 5467 2126 5520 quam
2165 5467 2278 5521 qua:
2312 5462 2513 5505 δαεῖεν-ιε
2553 5470 2727 5506 omnes
2756 5456 3005 5507 hactenus
3047 5460 3442 5521 prtecesserunt.
3481 5448 3623 5504 Duas
3661 5450 3849 5520 quippe
3877 5460 4084 5519 postre-

853 5537 986 5585 mus,
1016 5531 1063 5573 et
1092 5537 1181 5573 eas
1208 5522 1416 5590 quidem
1446 5523 1876 5575 accuratissimus
1906 5538 2133 5575 omnium
2181 5540 2241 5574 ac
2286 5524 2705 5577 absolutissimus
2732 5542 2835 5576 una
2878 5523 3271 5591 complectitur;
3302 5521 3399 5574 Itoc
3450 5531 3545 5585 est,
3586 5538 3767 5573 curam
3799 5537 4005 5574 omnem
4040 5532 4087 5573 et

924 5607 1337 5661 cperam,quam
1372 5598 1472 5643 duo
1518 5592 1595 5646 illi
1632 5596 1926 5661 gravissimi
1976 5610 2035 5644 ac
2066 5593 2349 5646 doctissimi
2375 5610 2401 5645 ε
2429 5596 2696 5649 Societate
2745 5596 2871 5649 Jesn
2920 5594 3129 5655 Patres,
3176 5592 3481 5645 Lansselius
3519 5604 3565 5645 et
3600 5591 3882 5645 Corderius
3929 5592 4089 5644 adhi-

853 5664 1096 5726 buerunt,
1119 5674 1476 5731 novorumque
1508 5662 1611 5715 ta‘m
1642 5670 1864 5716 arduam
1900 5680 1960 5715 ac
1988 5680 2245 5732 sagacem,
2278 5675 2329 5715 ut
2355 5681 2507 5718 suam
2542 5676 2755 5733 uterque
2796 5666 2970 5734 qucad
3009 5666 3175 5727 licuit,
3207 5665 3514 5717 adornaret.
3550 5662 3691 5734 Quin
3722 5673 3769 5716 et
3814 5662 4089 5734 quidpiam

853 5734 1078 5786 co-itinet
1110 5734 1280 5796 aliud,
1316 5736 1543 5785 nondum
1589 5746 1740 5787 antea
1772 5736 1825 5787 in
1856 5736 2021 5787 lucem
2070 5736 2330 5801 publicam
2382 5732 2700 5803 evulgatum.
2738 5732 3035 5788 Editioncm
3092 5734 3368 5795 Lansselii,
3399 5750 3515 5801 qua:
3547 5740 3597 5785 in
3628 5732 3723 5785 hac
3771 5734 3887 5801 ipsa
3924 5732 4088 5781 Γανι-

851 5820 1047 5858 swrutn
1078 5806 1288 5856 civitate
1320 5821 1457 5857 anno
1501 5805 1635 5859 iGIS
1663 5808 1953 5873 prodierat,
1980 5818 2153 5857 secuta
2180 5817 2251 5857 est
2286 5808 2398 5857 alia
2424 5809 2539 5871 itla,
2578 5822 2735 5874 quam
2776 5808 2915 5874 apud
2955 5804 3297 5871 Antucrpiam
3344 5811 3483 5856 anna
3518 5804 3653 5856 163i
3677 5804 3964 5857 Cor-derins
3992 5818 4091 5867 ap-

858 5876 1075 5943 paravit.
1113 5874 1241 5930 Eam
1286 5877 1441 5946 igitur
1479 5877 1640 5944 ipsum
1694 5894 1808 5946 qua;
1842 5888 2051 5931 auctore
2082 5876 2329 5930 Corderio
2376 5879 2591 5945 prodiit.
2627 5889 2675 5931 ut
2720 5878 3060 5948 posteriorem
3091 5887 3135 5929 et
3168 5876 3464 5929 accuratius
3512 5876 3857 5931 elaboratam.
3893 5875 3945 5927 in
3980 5875 4087 5925 cdt-
