4196 6306
149 441 209 493 77
1486 435 2012 492 PROLEGOMENA.
3290 445 3351 492 7R

147 560 275 610 tione
304 556 408 606 ista
435 551 566 624 uorti
599 554 741 624 sequi
773 554 962 617 libuit;
993 554 1222 620 adeoque
1263 553 1406 618 prior
1435 553 1649 624 hujusce
1681 553 1846 615 operis
1878 564 2064 612 tomus,
2094 554 2181 621 qui
2211 552 2268 604 S.
2303 553 2539 624 Dionysii
2569 563 2857 606 contextum
2900 554 3186 606 universum
3236 573 3351 608 nim

151 625 483 692 I’urhymerte
519 623 845 688 I’araplirasi
871 624 1117 684 continet,
1146 640 1209 675 ex
1233 629 1463 676 versione
1491 623 1727 673 Corderii
1765 625 2109 674 concinnatus
2131 635 2224 682 est,
2253 641 2367 675 cum
2397 623 2624 690 ejusdem
2653 625 3005 680 natationibus
3031 625 3099 675 ad
3124 629 3354 692 singu’a-

147 711 252 746 rum
281 696 510 753 capitum
545 694 737 744 calcem
768 695 1004 759 adjectis.
1037 695 1187 756 Quod
1230 695 1296 744 ad
1327 694 1662 756 posteriorem
1710 708 1825 744 vero
1859 702 2052 742 tomum
2083 704 2298 754 spectat,
2327 711 2425 761 quo
2459 692 2519 747 S.
2570 693 2793 745 Maximi
2837 693 3073 753 Scholia,
3122 697 3354 760 variique

147 771 400 818 tractatus
427 764 542 824 alii,
569 773 614 813 et
647 763 986 830 complurium
1012 774 1283 814 auctorum
1321 763 1371 813 in
1399 763 1550 812 istius
1582 770 1687 812 tant
1715 761 1876 812 divini
1908 763 2140 813 auctoris
2175 764 2330 814 vitam
2375 774 2463 815 aut
2503 766 2692 826 scripta
2716 764 3108 816 dissertaiiones
3146 775 3190 814 et
3219 778 3353 818 nota:

147 834 513 893 continentur;
553 833 789 898 qua'dam
816 834 866 883 in
890 848 946 884 eo
966 848 1027 884 ea:
1055 833 1281 884 versione
1312 830 1585 900 Lansselii,
1614 843 1657 881 et
1700 831 1806 882 alia
1840 831 2088 900 Aqutvdam
2127 848 2195 900 ea;
2230 834 2454 885 editione
2483 833 2717 886 Corderii
2742 834 3102 898 deprehendes.
3134 833 3196 885 Et
3221 852 3351 900 quo-

147 904 278 953 niam
309 902 366 953 id
418 910 596 965 optare
633 903 887 968 quispiam
919 903 1164 966 potuerit,
1207 911 1259 952 ut
1306 901 1420 970 ipsa
1461 899 1520 956 S.
1555 900 1776 970 Maximi
1823 898 2056 970 Scholia,
2090 913 2136 953 et
2169 899 2506 970 Pachymcra:
2553 904 2603 954 in
2639 902 2899 969 Epistolas
2949 898 3348 967 Paraphruﬁm,

145 972 296 1022 simul
326 987 442 1023 cum
497 972 721 1022 aliorum
770 971 998 1022 omnium
1031 987 1265 1041 aperumr
1301 969 1618 1041 Paraphrasi
1663 969 1860 1036 reliqua
1896 979 1940 1041 et
1975 968 2214 1041 Cerderii
2269 968 2535 1026 adnotatis
2566 973 2634 1024 ad
2674 968 3000 1041 singulorum
3047 972 3352 1041 Dionysiani

147 1050 311 1093 textus
336 1041 565 1110 capitum
599 1043 928 1110 appendicem
953 1041 1132 1091 eadem
1165 1040 1324 1091 series
1347 1039 1606 1090 exhiberet
1632 1055 1648 1100 ;
1673 1055 1732 1089 ne
1761 1056 1857 1110 suo
1890 1040 1991 1091 isto
2019 1039 2199 1093 Lector
2223 1051 2336 1095 voto
2363 1043 2570 1094 excidat
2594 1053 2639 1092 et
2673 1039 2953 1110 frustratus
2977 1042 3138 1094 videri
3165 1039 3350 1108 possit,

145 1116 207 1162 ad
240 1109 451 1178 singula
482 1111 595 1175 ipsa
644 1109 855 1180 μητριιί
888 1120 1056 1161 testas
1091 1111 1261 1176 capita
1287 1126 1375 1160 seu
1423 1124 1599 1180 eorum
1632 1109 1958 1180 appendicem
1994 1121 2042 1180 et
2082 1110 2272 1163 calcem
2307 1113 2500 1165 indices
2545 1121 2692 1164 notas
2739 1113 3048 1178 adjecimus,
3078 1129 3194 1180 qua:
3244 1123 3355 1162 tum

144 1181 209 1250 ad
234 1175 472 1238 Scholia,
498 1190 604 1230 tum
644 1181 710 1231 ad
759 1175 1519 1250 Paraphrasim'antedictam,
1567 1178 1850 1250 designatis
1880 1179 2126 1250 editionis
2167 1182 2434 1250 utriusque
2463 1181 2690 1249 paginis,
2719 1175 2928 1234 avocent
2967 1197 3026 1233 ac
3065 1175 3352 1236 remittant.

146 1248 227 1302 Ita
260 1267 353 1302 nec
387 1251 558 1301 minus
608 1249 894 1300 curiasitati
929 1248 1253 1315 satisfactum
1299 1250 1473 1315 fuerit,
1508 1263 1597 1298 nec
1625 1247 1825 1311 aliquid
1855 1248 2071 1300 utilitati
2103 1247 2416 1311 detractum,
2449 1247 2547 1304 aut
2582 1252 2857 1318 legentium
2892 1251 3141 1317 voluptati
3170 1267 3187 1314 ;
3238 1266 3355 1316 qum

144 1324 384 1385 utrinque
411 1330 516 1371 tam
548 1323 723 1371 eadem
756 1334 909 1384 quam
937 1319 979 1369 si
1003 1335 1105 1369 uno
1132 1328 1309 1370 tenore
1338 1319 1435 1370 ista
1469 1328 1810 1388 contectaque
1833 1329 2153 1371 constarent.
2183 1319 2332 1372 Nihil
2366 1323 2625 1374 enimvero
2659 1322 2712 1373 in
2742 1321 2942 1373 ca'teris
2970 1323 3357 1388 quanticunque

143 1391 298 1441 studii
332 1389 477 1440 licuit
519 1393 945 1454 prietermissum,
995 1390 1131 1455 quod
1159 1388 1224 1439 ad
1279 1404 1457 1440 novam
1491 1385 1626 1438 hanc
1667 1387 1944 1438 editionem
1994 1403 2057 1439 es:
2101 1392 2501 1443 omnium'votis
2533 1403 2578 1444 et
2625 1393 2796 1443 animo
2837 1385 3356 1444 cumulatissime—in-

145 1461 444 1511 struendam
494 1458 812 1579 acvnulmert's
860 1461 1093 1510 omnibus
1130 1458 1493 1510 abso/rendam
1541 1459 1840 1522 pertineret,
1881 1457 2030 1511 lectio
2072 1460 2184 1526 ipsa
2212 1461 2423 1525 certius,
2463 1478 2621 1530 quam
2653 1463 2923 1514 verborum
2972 1461 3354 1514 commendatio

145 1530 512 1579 romurobabil.
587 1527 634 1579 ἠ
661 1544 706 1579 e.

143 1530 512 1595 comprobabit.
563 1527 706 1582 Vale.

145 1726 3349 1755 ———————_————_——————————_~__m

1330 1891 2194 2008 Gonnum

249 2107 912 2173 OBSERVATIONES
948 2107 1420 2172 GENERALES
1463 2109 1619 2170 PRO
1656 2108 2061 2172 FACILIORI
2103 2107 2720 2168 INTELLIGENTIA
2753 2109 2812 2170 S.
2851 2110 3229 2171 DlONYSlI.

1715 2456 1758 2510 Α
1788 2447 1932 2511 νοῦν,
1965 2448 2050 2502 διὰ
2081 2448 2241 2517 μέσου
2276 2449 2434 2516 λόγου
2479 2449 2786 2518 σωματικοῦ
2818 2449 2934 2518 μὲν,
2982 2447 3265 2519 ἀῦὶοτέρου
3299 2450 3351 2503 δὲ

555 2455 987 2512 οιιςειινιιτιι)
1031 2453 1263 2510 PRIMA.

132 2571 260 2627 Tata
306 2570 549 2626 doctrina
594 2574 765 2624 sancti
814 2570 1048 2640 Dionysii
1090 2567 1336 2622 innititur
1366 2563 1522 2640 peer
1573 2563 1684 2640 Dei.

199 2642 518 2697 Substantia
549 2653 738 2694 nostra?
763 2635 1089 2692 Hieran-hia?
1119 2640 1323 2692 verbum
1355 2635 1690 2688 Dei.Dcscri-

195 2714 306 2779 ptio
339 2713 628 2779 Scriptura:
664 2723 710 2764 et
740 2712 1110 2763 traditionum.

200 2825 430 2897 Magnus
456 2824 766 2897 Dionysiut,
798 2835 856 2878 ut
884 2826 1099 2895 sapiens
1127 2827 1453 2879 architectus
1471 2821 1538 2888 ‘9,
1573 2833 1693 2890 ope-

129 2936 246 2975 rum
309 2936 532 2977 suorum
589 2921 1002 2974 fundamentum
1053 2920 1231 2989 posuit
1280 2915 1500 2972 verbum
1563 2915 1688 2978 Dei,

130 3031 252 3069 cum
288 3015 557 3085 scriptum
583 3058 595 3080 ,
631 3023 740 3066 tum
790 3013 1077 3077 traditum;
1121 3010 1288 3079 probe
1329 3010 1506 3063 sciens
1557 3008 1689 3061 nihil

127 3106 217 3161 illo
262 3123 389 3162 esse
437 3106 706 3173 stabilius,
741 3106 873 3159 nihil
915 3105 1141 3171 ﬁrmius,
1177 3103 1391 3160 dicente
1424 3101 1686 3158 Domino:

127 3198 326 3253 Ctzlum
366 3208 416 3253 et
465 3210 604 3252 terra
651 3199 974 3259 transibunt.
1005 3200 1162 3253 verba
1210 3207 1385 3251 autem
1433 3213 1546 3250 mea
1590 3213 1690 3252 non

125 3294 424 3347 transibunt
448 3293 515 3346 "°.
551 3291 687 3346 Huic
715 3308 848 3363 ergo
874 3292 1183 3346 firmissimo
1209 3293 1559 3348 fundamento
1581 3303 1689 3350 tots

126 3385 248 3456 ejus
289 3386 538 3441 doctrina
589 3385 974 3440 sublimissima
1026 3385 1293 3440 innititur.
1335 3387 1414 3440 Ac
1454 3390 1687 3454 primum

123 3482 346 3548 quidem
374 3489 531 3548 caput
565 3479 799 3534 Ctelestis
830 3479 1138 3534 hierarcliia:
1175 3489 1347 3534 totum
1380 3490 1462 3535 est
1502 3483 1566 3537 de
1597 3497 1688 3535 sa-

120 3593 209 3630 cra
251 3577 571 3645 Scriptura,
628 3577 862 3638 docens,
905 3574 1020 3643 ejus
1065 3573 1422 3631 illustratione
1471 3579 1534 3630 ad
1572 3594 1684 3631 cm-

120 3671 340 3724 lestium
373 3684 551 3722 rerum
573 3665 969 3735 indagationem
995 3668 1468 3737 cognitionemque
1495 3683 1688 3722 ascen-

120 3761 360 3813 dendnm
396 3775 535 3813 esse.
562 3758 751 3828 Capite
789 3760 1045 3822 secundo,
1079 3758 1326 3813 caelestes
1356 3759 1620 3814 bierarcbi
1662 3776 1687 3816 s

121 3857 192 3904 ait
228 3868 356 3906 ess:
410 3852 760 3906 celebrandas
794 3869 811 3902 ι
842 3850 981 3904 κατὰ
1017 3852 1114 3921 τὴν
1152 3851 1328 3904 αὐτῶν
1361 3852 1419 3904 ὲν
1453 3857 1562 3915 τοῖς
1589 3855 1685 3906 Λο-

115 3950 254 4017 γὶοις
313 3945 713 4016 ὲκςεαντορίαν,
763 3962 780 3994 ι
823 3945 873 3997 id
930 3954 1014 3997 est
1059 3946 1341 3997 secundum
1386 3951 1684 3998 earumdem

119 4042 399 4109 mysticam
453 4041 505 4090 in
557 4036 801 4091 Oraculis
858 4036 1295 4105 explanationem.
1354 4038 1415 4090 lit
1459 4054 1576 4108 cap.
1618 4041 1681 4091 6:

123 4153 141 4185 ι
175 4129 387 4187 Οὐκοῦν
411 4134 570 4203 ἡμεῖς
605 4133 700 4201 μὲν
729 4132 877 4184 οὐδὲν
903 4132 1266 4202 αὑτοκινήτως
1302 4132 1558 4203 ἐροῦμεν·
1587 4135 1686 4188 ὅσα

114 4229 168 4280 δὲ
199 4227 308 4280 τῶν
337 4225 640 4295 ἀγγελικῶν
666 4224 950 4295 θεαμάτων
983 4225 1088 4276 ὑπὸ
1109 4225 1214 4276 τῶν
1243 4226 1402 4294 ἱερῶν
1425 4226 1685 4294 θεολόγων

117 4323 422 4395 tegumen,
455 4323 626 4375 ταῦτα
651 4321 945 4392 μυηθέντες
973 4323 1150 4392 ἡμεῖς,
1176 4323 1249 4384 ὡς
1280 4317 1377 4375 οἷοί
1407 4324 1466 4375 τέ
1499 4325 1683 4395 ἐσμεν,

113 4415 481 4486 ἐκθησόμεθα.
526 4436 542 4466 ι
581 4415 761 4486 Itaque
797 4431 887 4467 nos
917 4415 1123 4482 quidem
1152 4415 1280 4467 nihil
1309 4424 1447 4467 motu
1475 4419 1685 4484 proprio

117 4507 380 4567 dicemus,
413 4506 525 4568 sed,
559 4521 670 4573 qtta’
711 4504 946 4575 angelica
992 4505 1285 4572 spectacula
1317 4508 1511 4559 sanctis
1543 4508 1687 4561 theo—

114 4598 246 4667 togis
289 4599 406 4651 visa
454 4597 689 4674 fuerint,
737 4597 926 4659 edocti,
972 4613 1067 4665 pro
1117 4598 1312 4650 viribus
1350 4615 1681 4666 exponemus.

114 4687 278 4742 Libro
317 4691 484 4742 etiam
536 4687 611 4741 De
654 4687 1008 4741 ecclesiastica
1058 4688 1387 4752 hierarchia,
1440 4705 1557 4758 cap.
1607 4693 1626 4744 1
1669 4709 1680 4745 :

117 4779 520 4841 liierarchiam,
571 4779 764 4849 inquit,
801 4793 1032 4833 nostram
1069 4780 1173 4834 Deo
1208 4781 1379 4834 insitte
1406 4798 1467 4834 ac
1495 4783 1684 4836 divina'

113 4869 427 4938 deiﬁcteque
456 4869 711 4946 scientias,
747 4885 838 4920 nec
881 4885 983 4921 non
1023 4871 1302 4938 aﬂiationis
1332 4879 1381 4923 et
1409 4870 1687 4938 perfectio-

114 4963 190 5013 nis
219 4979 332 5015 esse
361 4962 702 5029 lavationem,
735 4979 750 5009 ι
782 4961 844 5012 ἐκ
867 4961 972 5012 τῶν
999 4962 1382 5031 ὑπερκοσμίων
1415 4964 1506 5014 καὶ
1533 4963 1686 5032 ἱερω-

110 5051 287 5103 τὰτων
320 5052 470 5121 ἡμᾶς
515 5051 789 5116 ἀποδεῖξαι
809 5051 1016 5118 Λογίων
1049 5053 1174 5121 χρή,
1219 5071 1234 5102 ›
1287 5054 1336 5105 id
1370 5061 1450 5104 est
1486 5069 1550 5104 ex
1597 5071 1687 5106 su—

1793 2540 1969 2608 ὅμως,
1999 2539 2217 2611 γραφῆς
2253 2541 2424 2602 ἐκτὸς,
2459 2541 2506 2592 οἱ
2539 2540 2902 2611 καθηγεμόνες
2930 2541 3084 2610 ἡμῶν
3115 2542 3352 2611 ἐμυήθη-

1799 2647 1913 2683 σαν.
1963 2649 1982 2683 ι
2027 2633 2080 2685 Id
2121 2641 2242 2685 est:
2279 2632 2585 2685 Substantia
2631 2635 2767 2686 enim
2802 2633 3112 2686 hierarchitv
3159 2646 3353 2687 nostra:

1793 2732 1912 2774 sunt
1944 2723 2191 2777 divinitus
2216 2724 2412 2777 tradita
2438 2724 2670 2778 oracula.
2693 2723 2922 2779 Maz'me
2949 2742 3064 2780 rero
3092 2727 3191 2779 ista
3217 2725 3354 2780 Ora-

1795 2813 1916 2865 cula
1955 2812 2174 2866 dicimus
2200 2813 2514 2877 veneranda,
2544 2832 2658 2882 qum
2696 2833 2726 2868 a
2757 2818 2922 2870 sacris
2955 2819 3141 2871 nostris
3171 2819 3351 2871 initia-

1795 2905 1995 2956 toribus
2016 2942 2031 2968 ,
2063 2904 2238 2957 divino
2288 2904 2487 2972 Spiritu
2534 2905 2744 2973 amatis,
2773 2906 2828 2959 in
2869 2905 3157 2974 Scripturis
3188 2913 3352 2963 sacris

1793 2994 2042 3063 librisque
2080 2995 2384 3064 theologicis
2413 2995 2606 3048 tradita
2653 2997 2799 3050 nobis
2830 3007 2990 3063 sunt;
3029 2999 3108 3052 uti
3139 3010 3189 3054 st
3231 3002 3347 3066 illa,

1793 3102 1909 3156 quce
1941 3086 2003 3138 ab
2044 3085 2229 3138 iisdem
2274 3086 2402 3140 viris
2435 3089 2628 3140 sanctis
2669 3075 2936 3142 subtiliori
2984 3105 3085 3144 non
3136 3094 3349 3148 omnino

1794 3178 2069 3231 dissita‘ab
2112 3177 2294 3232 ordine
2331 3177 2519 3231 calesti
2560 3179 2946 3245 insinuatione,
2977 3182 3042 3236 de
3082 3193 3252 3237 mente
3295 3186 3351 3239 in

1795 3282 2032 3333 mentem,
2062 3271 2324 3324 mediante
2347 3271 2520 3335 verbo,
2541 3286 2786 3335 corporeo
2816 3274 3021 3341 quidem
3050 3272 3162 3339 illo,
3195 3277 3352 3330 simul

1797 3373 1968 3417 tamen
2009 3365 2382 3426 immateriato,
2418 3365 2527 3416 sine
2561 3365 2871 3431 scriptione.
2907 3366 3226 3422 institutores
3253 3386 3350 3423 no-

1795 3457 1891 3508 stri
1923 3472 2072 3508 sacra
2114 3456 2342 3524 quadam
2374 3456 2699 3507 traduuione
2728 3464 2847 3506 sunt
2873 3456 3061 3518 edocti.
3100 3458 3196 3512 ljbi
3228 3476 3349 3513 ver-

1797 3547 1924 3602 bum
1991 3549 2084 3602 Dei
2152 3559 2258 3600 tam
2306 3549 2566 3614 scriptum
2621 3560 2783 3614 quam
2824 3547 3075 3602 traditum
3131 3552 3350 3619 pulchre

1796 3640 2071 3695 degerib‘t.
2128 3641 2321 3694 Saeros
2357 3651 2535 3694 autem
2592 3640 2892 3700 initiatores
2940 3657 3150 3701 nostros
3196 3657 3350 3702 vocat

1795 3733 2089 3800 apostolos,
2134 3747 2362 3802 quorum
2406 3741 2511 3785 tam
2546 3733 2657 3802 ipse
2694 3750 2853 3804 quam
2902 3735 2958 3793 S.
3009 3735 3349 3800 Timotheus,

1720 3815 1758 3867 Β
1797 3824 1864 3877 ad
1909 3841 2066 3894 quem
2111 3825 2277 3880 libros
2321 3842 2448 3880 suos
2477 3825 2687 3890 scribit,
2713 3827 2960 3897 discipuli
2993 3831 3342 3885 exstiterunt.

1794 3919 1937 3973 Dicit
1963 3927 2140 3973 autem
2185 3919 2532 3972 traditionem
2559 3922 2727 3988 magis
2759 3923 2825 3977 ad
2855 3923 3167 3993 angelorum
3202 3925 3348 3979 locu-

1795 4011 1996 4064 tionem
2040 4011 2298 4064 accedere
2339 4025 2497 4078 quam
2548 4010 2907 4080 Scripturam,
2939 4015 3062 4084 quia
3096 4015 3218 4070 licet
3247 4033 3343 4070 ore

1790 4104 2009 4173 quidem
2044 4105 2293 4172 corporis
2322 4102 2681 4160 inst'rumento
2721 4107 2834 4171 ﬁat,
2868 4108 2919 4160 in
2949 4123 3056 4176 quo
3081 4109 3147 4163 ab
3180 4124 3344 4178 ange-

1790 4194 1894 4249 lica
1942 4195 2210 4251 locutione
2265 4197 2487 4260 deﬁcit,
2530 4198 2621 4267 qui
2669 4199 2771 4253 sibi
2821 4208 3006 4254 mutuo
3040 4199 3344 4255 immediate

1792 4299 2083 4359 conceptus
2113 4304 2243 4345 suos
2274 4290 2601 4358 patefaciunt
2623 4328 2639 4355 ,
2668 4291 2725 4343 ﬁt
2761 4299 2936 4344 tamen
2978 4293 3134 4346 modo
3169 4291 3347 4346 minus

1792 4382 2058 4436 materiali
2103 4396 2263 4450 quam
2296 4381 2558 4448 scriptura
2581 4421 2594 4443 ,
2635 4382 2758 4450 quia
2803 4382 2916 4436 solo
2945 4385 3129 4448 verbo,
3167 4385 3256 4438 ubi
3290 4387 3341 4437 iu

1790 4474 2077 4542 scripturis
2106 4482 2160 4525 et
2189 4473 2427 4526 calamus
2453 4484 2506 4526 et
2538 4481 2896 4526 atramentum
2930 4476 3164 4529 materia:
3195 4492 3343 4530 eras-

1790 4571 1963 4622 siores
1995 4569 2340 4622 adhibentur.

1860 4680 1916 4734 S.
1953 4681 2235 4751 Dionysius
2271 4682 2496 4750 prteﬁgit
2529 4682 2628 4734 sibi
2660 4681 2990 4750 Scripturam
3025 4693 3274 4752 tanquam

2439 4754 2692 4820 regulam.

1859 4865 1911 4918 1.ι
1963 4865 2100 4918 libro
2133 4881 2257 4918 vero
2290 4865 2362 4918 De
2395 4865 2582 4918 divinis
2623 4869 2917 4920 nominibus
2951 4869 3086 4922 hanc
3133 4868 3322 4922 iterum

1797 4958 1897 5010 sibi
1927 4958 2095 5026 legent
2129 4959 2373 5027 przetigit,
2406 4970 2462 5012 ut
2495 4960 2626 5012 nihil
2658 4960 2760 5013 nisi
2782 4973 2845 5011 ex
2874 4958 3149 5026 Scriptura
3177 4959 3340 5012 dicat.

1787 5050 1920 5120 Cap.
1966 5053 2018 5116 l,
2067 5054 2169 5106 sub
2219 5052 2434 5105 initium
2468 5069 2479 5103 :
2518 5070 2535 5100 ι
2574 5054 2751 5105 Ἔστω
2787 5051 2841 5104 δὲ
2873 5053 2965 5102 καὶ
3006 5050 3098 5102 νῦν
3145 5052 3272 5120 ἡμῖν
3316 5051 3344 5102 ὁ

111 5144 568 5209 permundialibus
601 5154 646 5195 et
671 5145 1035 5197 sacratissimis
1061 5143 1305 5197 Oraculis
1329 5146 1684 5198 demonstran-

1717 5165 1754 5220 ρ
1787 5146 1894 5197 τῶν
1950 5144 2140 5212 λογίων
2195 5145 2394 5214 Θεσμὸς
2457 5145 2930 5216 προδιωρισμένος.
2986 5163 3002 5193 ι
3052 5142 3128 5198 Sit
3171 5155 3341 5195 autent

111 5240 232 5288 dum
265 5237 419 5289 nobis
443 5247 538 5290 est.
567 5235 770 5289 Ibidem
801 5246 921 5303 post
949 5238 1179 5289 medium
1213 5247 1374 5303 caput
1403 5256 1413 5290 :
1450 5257 1466 5287 ι
1513 5239 1682 5292 (maia

111 5330 216 5400 γὰρ
249 5330 351 5399 τῆς
383 5327 507 5381 καθ’
544 5330 689 5399 ἡμᾶς
721 5331 997 5400 ἱεραρχίας
1040 5331 1158 5382 ἐστὶ
1209 5328 1275 5380 τὰ
1314 5329 1683 5400 θεοπαράδοτα

99 5421 282 5489 Λόγια.
324 5421 642 5473 Σεπτότατα
679 5421 733 5472 δὲ
766 5419 931 5487 Λόγια
962 5419 1134 5472 ταῦτά
1183 5438 1379 5488 φαμεν,
1413 5424 1510 5473 ὅσα
1549 5423 1682 5491 πρὸς

108 5515 215 5565 τῶν
246 5514 451 5566 ἐνθέων
481 5511 635 5581 ἡμῶν
669 5511 1057 5582 ἱεροτε>.εστῶν,
1087 5513 1142 5562 ὲν
1171 5513 1520 5582 ἁγιογράφοις
1553 5514 1680 5582 ἡμῖν

110 5610 200 5658 καὶ
224 5607 571 5673 Θεολογικαῖς
598 5605 891 5674 δεδώρηται
913 5606 1137 5668 δέλτοις·
1167 5608 1258 5658 καὶ
1289 5609 1392 5677 μὴν
1421 5609 1517 5658 ὅσα
1551 5607 1682 5676 πρὸς

109 5698 214 5751 τῶν
239 5699 425 5751 αὐτῶν
460 5698 622 5768 ἱερῶν
650 5697 856 5766 ἀνδρῶν
904 5694 1164 5769 ἁϋλοτέρᾳ
1211 5702 1426 5769 μυήσει,
1459 5700 1547 5750 καί
1574 5698 1685 5766 γεί-

104 5793 217 5841 τονί
247 5809 370 5852 πως
397 5791 499 5861 ἤδη
539 5790 638 5860 τῆς
677 5791 928 5860 οὐρανίας
977 5793 1251 5860 ἱεραρχίας
1277 5837 1290 5859 ,
1337 5794 1396 5844 ἐκ
1441 5791 1555 5852 νοὸς
1608 5793 1683 5851 εἰς

181 5952 223 5981 “
257 5951 272 6003 Ι
307 5949 436 6004 (ζον.
468 5965 548 6016 ιιι,
588 5949 674 6003 10.
749 5951 792 5980 ⁷ο
827 5948 956 6003 Luc.
992 5965 1100 6013 ut,
1130 5949 1216 6003 '53.

1789 5241 2072 5292 etiamnum
2125 5237 2268 5288 nobis
2321 5239 2652 5290 oraculorum
2705 5253 2856 5289 sacra
2900 5237 3201 5303 prtPsCiipta
3234 5237 3340 5297 lex,

1789 5338 1892 5383 etc.
1933 5329 1994 5382 Et
2028 5338 2209 5382 statim
2249 5338 2412 5396 post:
2451 5349 2467 5379 ι
2510 5328 2751 5382 Καθόλου
2800 5326 3082 5398 τοιγαροῦν
3118 5328 3176 5378 οὑ
3223 5326 3341 5378 τολ-

1792 5423 1986 5492 μητέον
2017 5412 2206 5483 εἰπεῖν,
2237 5421 2356 5473 οὔτε
2397 5423 2500 5491 μὴν
2531 5420 2774 5489 ἐννοῆσαί
2806 5438 2856 5471 τι
2883 5420 3008 5488 περὶ
3035 5419 3132 5487 τῆς
3174 5420 3339 5489 ὑπερ-

1787 5514 1966 5564 ουσίου
1997 5513 2088 5564 καὶ
2109 5513 2339 5583 κρυφίας
2372 5513 2640 5582 Θεότητος,
2679 5513 2824 5583 παρὰ
2849 5511 2916 5564 τὰ
2944 5510 3174 5573 θειωδῶς
3211 5515 3341 5581 ἡμῖν

1785 5607 1848 5657 ἐκ
1882 5606 1989 5657 τῶν
2044 5606 2200 5676 ἱερῶν
2245 5605 2438 5672 λογίων
2480 5606 2882 5674 ὲκπεφασμένα.
3066 5604 3171 5674 γὰρ
3204 5606 3341 5675 ὑπὲρ

1785 5697 1939 5764 λόγον
1995 5699 2086 5751 καὶ
2145 5697 2267 5750 νοῦν
2319 5699 2409 5750 καὶ
2457 5699 2638 5751 οὐσίαν
2687 5698 2854 5765 αὐτῆς
2897 5697 3339 5766 ὑπερουσιότητος

1787 5791 2048 5858 ἀγνωσία,
2078 5794 2215 5863 αὑτῇ
2245 5794 2340 5860 τὴν
2371 5792 2686 5862 ὑπεροῦσιον
2709 5793 3010 5860 ἐπιστήμην
3036 5788 3336 5848 ἀναθετέον,
