4198 6304
891 368 960 429 79
2007 373 2063 428 S.
2104 371 2470 431 DlONYSlUS
2508 372 2960 432 AREOPAGITA.
4032 376 4100 435 80

886 490 1136 545 τοσοῦτον
1168 489 1259 544 ἐπὶ
1285 487 1346 542 τὸ
1377 487 1596 551 ἄναντες
1637 488 2021 555 ἀνανεύοντας,
2074 490 2197 544 ὅσον
2241 490 2438 562 ἑαυτὴν
2468 496 2512 553 Α

2468 496 2512 553 Α
2545 490 2775 545 siasticc
2804 490 3137 554 hierarchire,
3160 498 3213 544 et
3240 488 3444 561 passim
3471 487 3619 556 alibi,
3649 490 3882 560 appellat
3919 507 3941 544 ι
3974 492 4100 553 τοὺς

886 580 1211 651 ἐνδίδωσινὴ
1244 577 1546 649 θεαρχικῶν
1566 575 1759 647 λογίων
1789 578 1960 644 ἀκτὶς,
1990 578 2125 651 πρὸς
2150 580 2248 644 τὰς
2272 582 2440 654 ὓπερ-
2550 583 2825 651 θεολόγους
2860 602 2879 636 s
2916 584 3202 652 theologos,
3237 601 3256 634 ι
3290 580 3419 647 τοὺς
3458 582 3671 646 ἐνθέους
3698 575 3855 654 ἡμῶν
3893 585 4101 657 ἱερατε-

885 672 1050 745 τέρας
1082 670 1272 741 αὐγὰς,
1305 674 1372 742 τῇ
1414 672 1540 741 περὶ
1577 669 1646 723 τὰ
1676 669 1792 723 θεῖα
1823 670 2141 745 σωφροσύνῃ
2170 671 2264 725 καὶ
2296 672 2439 726 batti—
2541 673 2543 722 ἲ

2541 671 2751 737 λεπάς,
2782 691 2802 725 s
2836 673 3009 725 divino
3042 671 3253 726 numine
3286 672 3485 743 amatos
3520 690 3696 727 sacros
3745 683 3955 729 nostros
3996 674 4098 728 ini-

884 782 1004 838 τητι
1040 762 1509 835 συστελλομένους.
1551 782 1570 816 ι
1612 758 1760 817 Nihil
1796 765 1961 834 igitur
1988 767 2199 819 omnino
2230 780 2435 835 prasit—

884 857 1132 912 mendum
1166 850 1339 909 dicere
1366 855 1443 910 vel
1470 855 1699 924 cogitare
1725 856 1788 911 de
1820 853 2243 925 superessentiali
2270 866 2319 911 et
2342 855 2437 911 ab-

886 948 997 1005 dita
1029 947 1261 1012 dsitate,
1293 955 1485 1013 prater
1527 944 1621 1000 illa
1671 962 1791 1016 quae
1833 946 2086 999 diuinitus
2134 944 2281 999 nobis
2308 954 2437 1023 sunt

883 1039 1049 1093 sacris
1092 1037 1314 1109 eloquiis
1342 1038 1631 1091 elucidata.
1679 1037 1819 1093 Nam
1866 1047 1913 1093 et
1960 1050 2249 1095 sermonem
2277 1047 2325 1093 et
2354 1038 2439 1093 in-

885 1129 1148 1185 tellectam
1193 1137 1241 1185 et
1289 1130 1569 1184 essentiam
1630 1131 1834 1184 excedit
1891 1124 2436 1197 superessentialitatis

882 1226 997 1295 ejus
1018 1224 1305 1294 ignoratio,
1328 1224 1414 1278 cui
1437 1223 1882 1293 superessentialis
1898 1224 2117 1277 scientia
2140 1222 2434 1279 tribuenda.

886 1319 1065 1386 Quare
1112 1328 1317 1371 tantum
1365 1315 1433 1369 ad
1484 1318 1805 1371 inaccessum
1850 1315 2191 1371 illudtlunten
2235 1316 2437 1385 aspire«

884 1425 1021 1477 mus,
1052 1419 1306 1481 quantum
1337 1423 1391 1461 se
1424 1408 1763 1463 insinuaverit
1804 1409 2101 1463 divinorum
2131 1408 2222 1463 ille
2253 1407 2435 1464 radius

886 1502 1223 1557 oraculorum
1247 1543 1261 1568 ,
1292 1518 1393 1572 quo
1422 1502 1849 1557 eminentioribus
1880 1501 2003 1555 istis
2029 1516 2200 1555 rerum
2235 1499 2442 1555 diuina-

885 1609 1002 1649 rum
1032 1593 1398 1663 splendoribus
1418 1634 1433 1657 ,
1488 1593 1765 1648 sobrietate
1796 1594 2023 1664 quadam
2056 1610 2117 1647 ac
2157 1592 2436 1647 sanctitate

886 1693 1358 1751 contemperamur.

951 1774 1192 1845 Denique
1231 1774 1283 1829 in
1339 1772 1563 1845 Mystica
1596 1772 1898 1846 Theologia,
1941 1790 2059 1845 cap.
2100 1777 2149 1840 Ι,
2182 1791 2248 1833 ex
2286 1776 2436 1835 Scri-

2539 764 2776 829 tiatores,
2815 778 2834 814 t
2872 762 2999 826 τοὺς
3045 761 3258 824 ἐνθέους
3301 761 3598 833 ἱεράρχας,
3628 781 3648 814 ι
3692 762 3866 816 divino
3905 764 4098 830 spiritu

2538 852 2741 923 amatos
2779 852 3100 918 hierarchas,
3133 870 3154 903 ι
3189 851 3314 916 τοὺς
3360 850 3609 923 πρώτους
3650 852 3752 922 τῆς
3792 850 3915 905 καθ’
3952 851 4098 922 ἡμᾶς

2541 944 2833 1016 ἱεραρχιας-
2854 944 3260 1016 καθηγεμόνας,
3302 962 3321 996 ι
3347 946 3541 1013 primos
3574 944 3879 999 hierarchia
3902 957 4098 999 nostra:

2539 1046 2907 1111 praeoptares,
2961 1033 3051 1107 §5
3083 1054 3098 1091 :
3133 1054 3151 1087 ι
3194 1034 3289 1089 Ἐκ
3330 1035 3432 1106 τῆς
3476 1035 3797 1107 ὑπερουσίου
3841 1035 4101 1108 θεαρχίας

2538 1123 2733 1190 αὐτούς
2752 1142 2810 1180 τε
2824 1125 3264 1200 ἀναπλησθέντας
3287 1124 3378 1179 τοῦ
3418 1124 3562 1197 ἱεροῦ
3589 1124 3785 1195 δώρου,
3814 1126 3908 1180 καὶ
3934 1112 4015 1191 sic
4043 1124 4102 1180 τὺ

2538 1215 2662 1285 ἑξῆς
2680 1215 2811 1272 αὐτὸ
2832 1219 3162 1289 προαγαγεῖν
3190 1215 3294 1271 uno
3321 1216 3423 1288 τῆς
3447 1214 3738 1288 Θεαρχικῆς
3764 1216 4102 1289 ἀγαθότητος

2536 1307 2993 1379 ἀπεσταλμένους.
3017 1326 3036 1360 ι
3071 1307 3154 1362 Ea:
3179 1305 3596 1375 superessentiali
3624 1305 3916 1361 Divinitate
3946 1320 4101 1362 sura

2538 1398 2679 1467 ipsos
2710 1414 2925 1455 munere
2950 1398 3194 1467 repletos,
3225 1406 3275 1452 et
3306 1398 3361 1451 in
3387 1405 3619 1467 posteros
3652 1396 3786 1451 illud
3812 1398 3985 1469 ipsum
4010 1400 4101 1453 de-

2538 1491 2762 1546 rivatum
2795 1508 2827 1544 a
2855 1491 3030 1545 divina
3056 1490 3286 1544 bonitate
3308 1490 3517 1554 missos,
3546 1501 3654 1545 etc.

3030 1603 3343 1665 OBSEBVA
3352 1604 3466 1661 T10
3519 1605 3605 1661 ΙΙΙ.

2710 1701 3051 1769 Quadruplex
3086 1702 3149 1756 de
3186 1701 3290 1755 Deo
3330 1700 3738 1770 philosophandi
3766 1703 3922 1756 ratio.

2608 1792 2851 1850 Notanda
2876 1803 2958 1850 est
2988 1795 3145 1865 hujus
3170 1794 3344 1850 sancti
3371 1793 3705 1863 quadruplex
3735 1794 3799 1850 de
3835 1795 3946 1850 Deo
3977 1794 4101 1864 phi-

881 1870 1054 1941 pturis
1092 1869 1291 1935 tradit,
1320 1854 1509 1924 Deum
1559 1870 1813 1927 tenebras
1862 1870 2107 1941 posuisse
2157 1866 2436 1933 latibulum
2469 1865 2539 1924 B‘

2469 1865 2511 1924 Β
2538 1885 2859 1967 Ioseph-odi
2895 1854 3271 1944 rato-Prima
3319 1854 3423 1951 esi,
3463 1854 3622 1955 prout
3658 1887 3798 1941 Deus
3830 1888 3883 1941 in
3922 1854 4099 1955 seipse

881 1975 1037 2021 suum
1062 1958 1132 2026 τί,
1178 1969 1234 2013 et
1283 1959 1460 2016 lucem
1511 1957 1840 2018 inhabitare
1867 1963 2297 2019 inaccessibilem
2328 1982 2348 2022 ς
2383 1975 2438 2019 et

881 2051 1130 2123 exemplo
1193 2050 1393 2124 Moysis
1449 2050 1777 2121 ostendit",
1834 2055 2104 2125 quomodo
2152 2056 2436 2129 caliginem

884 2143 1027 2197 illam
1058 2145 1339 2215 mysticam
1373 2144 1683 2201 subintrare
1708 2157 1978 2216 oporteat.
2005 2147 2081 2203 Ex
2107 2150 2300 2219 quibus
2330 2166 2437 2206 cat-

884 2235 1126 2305 terisqne
1174 2236 1392 2305 scriptis
1444 2236 1600 2304 ejus,
1652 2240 1902 2295 omnibus
1947 2240 2151 2310 liquido
2200 2253 2435 2309 constat,

886 2326 944 2388 S,
983 2324 1296 2401 Dionysium
1329 2326 1403 2384 nil
1435 2328 1537 2399 nisi
1566 2345 1595 2385 e
1622 2330 1785 2387 verbo
1823 2329 1916 2387 Dei
1948 2332 2320 2406 depromptum
2352 2334 2437 2390 af-

883 2416 1052 2475 ferre.

1388 2487 1821 2548 OBSERVATIO
1859 2490 1925 2550 ll.

884 2576 993 2661 Cur
1043 2574 1453 2661 S.__Dlon1sius.
1487 2594 1533 2637 et
1568 2586 2031 2661 quanrmagniﬁce
2064 2587 2128 2645 de
2160 2586 2439 2661 Scriptura

952 2652 1219 2732 incantatur.
1270 2652 1469 2732 Quibus
1522 2652 1818 2732 nominibus
1844 2652 2168 2732 'Scriptur‘as
2192 2652 2437 2732 appellet.

964 2720 1166 2788 Quibus
1201 2724 1496 2795 nominibus
1526 2725 1788 2795 apostolos
1818 2720 2107 2797 compellet.

956 2812 1089 2867 Cum
1124 2819 1345 2891 sanctus
1371 2814 1483 2881 hic,
1508 2816 1583 2873 uti
1616 2828 1888 2885 ostensum
1911 2826 2027 2885 est,
2044 2827 2209 2877 totam
2236 2819 2439 2877 doctri-

885 2921 1015 2990 pam
1048 2920 1202 2975 suam
1234 2906 1453 2962 hauriat
1482 2917 1537 2962 et
1565 2909 1819 2971 stabiliat
1848 2924 1914 2966 ea
1944 2911 2131 2977 ,verbo
2170 2911 2297 2980 Dei,
2336 2913 2441 2971 hoc

885 3000 962 3062 illi
1018 3002 1214 3059 merito
1270 3001 1692 3075 inﬁnitis-cura:
1727 3013 1811 3061 est
1842 3013 1903 3059 ut
1943 3018 2053 3076 quo
2084 3006 2442 3063 verbum‘Dei

887 3094 1071 3166 majus
1094 3098 1239 3169 apud
1264 3113 1366 3155 nos
1404 3105 1739 3153 momentum
1781 3096 2004 3163 habeat,
2040 3112 2138 3167 per
2168 3098 2440 3155 sublimis-

2536 1992 2658 2033 essc
2689 1977 3011 2048 concipitur,
3041 1978 3342 2033 secundum
3378 1992 3475 2033 eas
3507 1976 3863 2049 proprietates
3889 1991 3953 2029 ac
3977 1990 4102 2046 per-

2538 2070 2824 2136 fectiones,
2856 2085 2976 2143 qua:
3011 2068 3085 2126 illi
3110 2060 3177 2127 ex
3198 2078 3391 2125 natura
3424 2068 3499 2124 rei
3536 2082 3632 2125 seu
3668 2068 4102 2125 substantialiter

2538 2163 2869 2219 conveniunt
2905 2172 3153 2233 respectu
3201 2162 3314 2227 sbi,
3363 2172 3423 2217 ut
3463 2170 3630 2228 sunt,
3665 2175 3788 2218 esse
3832 2177 3998 2217 unum
4048 2163 4100 2215 in

2538 2257 2773 2313 essentia
2805 2271 2899 2311 seu
2944 2266 3133 2311 natura
3162 2256 3340 2312 divina
3362 2295 3378 2321 ,
3417 2258 3615 2311 trinum
3650 2256 3701 2310 in
3737 2258 4008 2326 personis,
4045 2262 4097 2310 et

2537 2353 2885 2420 cmtera‘qute
2938 2348 3046 2405 Deo
3078 2356 3203 2423 sunt
3243 2348 3557 2407 intrinseca.
3600 2347 3850 2404 Secunda
3875 2387 3892 2413 ,
3939 2354 4099 2417 prout

2540 2442 2916 2497 consideratur
2956 2456 3077 2497 cum
3111 2449 3354 2513 respectu
3397 2451 3452 2495 et
3482 2441 3673 2495 ordine
3700 2440 3765 2495 ad
3796 2448 4097 2505 creaturas,

2539 2542 2808 2606 quatenus
2842 2534 3090 2591 videlicet
3133 2549 3318 2590 earum
3370 2538 3565 2590 auctor
3622 2542 3726 2601 est,
3760 2534 4098 2602 gubernatur

2539 2643 2604 2682 ac
2633 2626 2775 2692 (litis,
2811 2637 2864 2683 et
2891 2628 2971 2682 sic
3002 2628 3077 2683 illi
3110 2628 3393 2697 desumpta
3422 2642 3490 2681 ex
3522 2624 3733 2683 ell'eetis
3769 2625 3989 2680 nomine
4018 2637 4101 2683 se

2542 2717 2865 2774 commodat.
2893 2715 3096 2787 Tertia,
3131 2725 3292 2786 prout
3322 2716 3462 2771 Deus
3506 2719 3560 2772 in
3607 2716 3903 2787 Scripturis
3926 2716 4101 2771 sacris

2541 2812 2877 2865 diversarum
2921 2825 3106 2869 rerum
3149 2798 3546 2881 corporearum‘
3574 2809 3761 2880 llguris
3801 2823 4100 2879 repraesen-

2543 2906 2714 2961 tatur,
2745 2906 2823 2970 et
2850 2897 3176 2958 earumdem
3215 2899 3527 2975 nominibus
3570 2899 3833 2966 amcltur,
3871 2908 3933 2954 ut
3974 2914 4097 2954 cura

2541 2998 2766 3053 vocatur
2807 3004 3002 3058 agnus,
3035 2988 3136 3054 leo,
3162 3001 3345 3060 petra,
3374 3003 3483 3045 etc.
3517 2990 3746 3059 Quarta,
3793 3000 3957 3062 prout
4004 3004 4099 3061 per

2541 3077 2782 3134 omnium
2813 3093 2993 3135 rerum
3038 3080 3476 3150 conceptibilium
3524 3068 3877 3146 ablutionem,
3912 3090 3967 3136 et
3997 3097 4097 3136 no-

886 3188 1061 3246 ‘simas
1093 3168 1161 3245 et
1183 3204 1415 3260 prorsus
1447 3190 1656 3246 divinas
1687 3190 1941 3262 loquendi
1976 3188 2270 3259 formulas,
2298 3189 2441 3245 divi»
2468 3218 2509 3275 ρ

2439 3219 2441 3229 .
2468 3218 2509 3275 C
2544 3170 2643 3225 stri
2695 3170 2866 3241 ipsius
2900 3170 3333 3236 abdicationem,
3366 3168 3535 3226 divini
3584 3172 3785 3228 amoris
3833 3173 4097 3229 subvecta

891 3292 1017 3334 nam
1055 3277 1173 3349 eius
1221 3282 1791 3338 auctoritatemnobis
1830 3280 2100 3350 inculcet,
2132 3295 2339 3352 nosque
2370 3281 2444 3337 si—

890 3368 1001 3425 mul
1046 3370 1100 3424 in
1146 3369 1387 3440 ejusdem
1438 3371 1849 3426 admirationem
1894 3368 2104 3440 rapiat,
2137 3382 2311 3440 neque
2344 3370 2445 3425 hu-

892 3460 1052 3528 miles
1084 3460 1152 3518 de
1179 3462 1477 3535 Scripturls
1501 3461 1860 3533 cogitationes
1888 3462 2089 3526 habere
2119 3462 2278 3518 sinat.
2304 3461 2444 3517 Hinc

886 3550 1008 3610 iere
1039 3566 1315 3623 nunquam
1360 3568 1454 3610 eas
1494 3551 1705 3625 vulgari
1754 3553 1971 3609 nomine
2017 3551 2445 3622 Scriptorasap-

889 3645 1091 3717 pellat,
1133 3646 1229 3702 sed
1282 3646 1461 3718 divina
1509 3645 1984 3717 prorsusratione
2017 3646 2441 3713 circumscribit,

889 3740 973 3795 uti
1002 3754 1071 3796 ex
1107 3738 1241 3795 locis
1282 3754 1444 3811 supra
1479 3739 1662 3795 citatis
1704 3748 1759 3794 et
1794 3738 2027 3799 maxime
2065 3740 2244 3809 capite
2273 3740 2299 3795 l
2330 3737 2445 3795 Ca-

890 3833 1033 3891 kstis
1064 3832 1377 3887 hierarchite
1426 3832 1612 3886 videre
1642 3830 1801 3898 licet,
1846 3831 1935 3885 ubi
1966 3831 2018 3884 iu
2054 3832 2251 3899 titulo,
2285 3844 2442 3897 sacra

889 3921 1172 3993 Scriptura
1231 3922 1432 3978 dicitur
1486 3920 1615 3977 θεία
1663 3920 1999 3991 “dumi-cc,
2035 3920 2089 3975 id
2131 3930 2221 3976 est
2266 3920 2443 3977 diuina

891 4014 1200 4085 illustratio,
1222 4018 1284 4069 ,ει
1309 4013 1363 4067 in
1403 4018 1657 4069 contextu
1696 4010 2138 4081 Πατροκινήτου
2178 4026 2445 4082 partapa-

889 4106 1055 4170 τείας
1096 4101 1388 4172 πρόοδος,
1424 4104 1477 4159 id
1513 4111 1594 4159 est
1630 4120 1664 4165 α
1695 4102 1858 4159 Patre
1885 4113 2043 4159 multa
2076 4103 2442 4160 illustratioais

891 4198 1177 4252 emanatio.
1212 4196 1280 4251 Et
1313 4198 1560 4252 invocato
1590 4193 1742 4264 Jesu,
1774 4197 1844 4253 ad
1875 4196 1993 4265 ejus
2035 4195 2444 4267 contemplatio-

892 4303 1017 4342 nem
1047 4301 1107 4343 se
1148 4296 1464 4343 reverenter
1492 4302 1845 4358 componens,
1878 4289 2074 4355 ibidem
2104 4289 2219 4342 ait:
2253 4306 2273 4340 ι
2322 4288 2445 4342 Ἐπὶ

886 4380 985 4444 τὰς
1038 4379 1146 4435 τῶν
1204 4380 1510 4454 [spinetith
1552 4379 1747 4449 λογίων
1788 4379 2305 4453 Πατροπαραδότους
2354 4380 2443 4435 ἑλ-

887 4474 1121 4546 λάμψεις
1169 4473 1244 4538 ὡς
1287 4469 1504 4543 ἐφικτὸν
1537 4472 1937 4545 ἀνανεύσωμεν.
1974 4491 1994 4525 s
2032 4473 2115 4526 Ad
2141 4472 2445 4527 sacratissi—

2542 3260 2737 3333 pennls
2759 3302 2775 3329 ,
2829 3278 2981 3319 mens
3024 3272 3206 3320 nostra
3238 3263 3291 3318 in
3321 3262 3488 3319 Deum
3521 3263 3837 3336 subrigitur,
3869 3272 3927 3321 et
3956 3279 4097 3336 pra:-

2544 3354 2736 3411 sentias
2787 3354 2904 3426 ejus
2940 3356 3103 3412 radiis
3140 3344 3314 3410 amata
3338 3395 3354 3420 ,
3389 3354 3669 3427 caligando
3706 3354 3916 3426 penitus
3947 3364 4097 3413 extra

2544 3463 2812 3521 supraque
2857 3463 2915 3505 se
2955 3447 3160 3520 rapitur
3190 3457 3353 3517 atque
3386 3446 3723 3512 absorbetur.
3756 3450 3832 3503 Ac
3864 3450 4097 3520 primam

2544 3544 2759 3613 quidem
2808 3555 2895 3597 res
2938 3541 3150 3597 divinas
3198 3537 3469 3605 tractandi
3518 3543 3782 3597 rationem
3819 3541 3995 3598 tenuit
4045 3543 4097 3597 in

2545 3635 2686 3691 libro
2730 3632 3165 3705 Hypotyposeton,
3206 3643 3263 3689 ut
3301 3648 3367 3689 ex
3394 3648 3514 3705 cap.
3545 3632 3580 3689 5
3607 3631 3846 3705 Hysticce
3899 3632 4098 3689 theolo-

2544 3728 2645 3800 gia
2690 3736 2883 3793 patet;
2921 3725 3014 3781 sed
3061 3736 3253 3796 magno
3283 3725 3538 3782 Ecclesiae
3577 3728 3774 3782 damno
3819 3727 4097 3785 divinissi—

2549 3835 2667 3877 mus
2698 3818 2788 3887 ille
2815 3827 3082 3875 tractatus
3109 3819 3405 3876 intercidit.
3436 3814 3744 3875 Secundam
3768 3834 3897 3874 vero
3926 3822 4098 3875 ratio.

2542 3927 2667 3969 nem
2711 3921 2894 3968 servat
2926 3912 2979 3965 in
3027 3910 3165 3966 libro
3193 3909 3270 3966 De
3290 3910 3481 3965 diuinis
3509 3912 3827 3966 nominibus.
3860 3909 4097 3967 Tertiam

2542 4004 2840 4059 tradiderat
2868 4004 2920 4059 in
2950 4002 3246 4075 Symbolica
3297 4004 3575 4075 theologia,
3606 4003 3759 4074 cujus
3788 4002 4098 4075 frequenter

2544 4098 2873 4153 mentionem
2916 4096 3045 4153 facit
3066 4139 3081 4162 .
3114 4097 3209 4154 sed
3239 4095 3490 4153 similiter
3529 4096 3887 4152 desideratur.
3919 4096 4096 4166 Quar-

2545 4197 2655 4245 tam
2688 4192 2923 4263 denique
2967 4192 3309 4259 maximeque
3344 4188 3645 4246 mirabilem
3675 4189 3912 4260 praetice
3944 4191 4095 4247 theo-

2541 4286 2753 4357 logandl
2796 4299 3043 4341 normam
3076 4283 3239 4340 tradit
3282 4284 3333 4339 in
3376 4280 3601 4363 Hgstica
3669 4281 3952 4357 theologia,
3978 4302 4097 4357 qua:

2542 4390 2650 4433 non
2684 4385 2895 4432 tantum
2946 4374 3278 4431 intellectum
3329 4372 3439 4429 Deo
3470 4372 3694 4445 subjicit
3734 4384 3790 4441 et
3832 4376 4097 4448 adjungit,

2541 4470 2634 4525 sed
2698 4469 2780 4524 vel
2852 4468 3250 4541 quammaxime
3312 4458 3559 4527 allectum
3608 4466 3806 4535 allicit,
3883 4479 3979 4539 et,
4038 4481 4097 4526 ut

890 4585 1091 4623 morum
1122 4587 1153 4623 a
1186 4568 1435 4626 Patribus
1456 4570 1677 4623 traditas
1705 4569 2028 4641 eloquiorum
2057 4567 2435 4623 illustrationes
2469 4571 2513 4627 Ι)
2544 4562 2606 4617 S.
2632 4560 2897 4617 Maximus
2927 4570 2981 4619 et
3015 4562 3304 4635 Dionysius
3346 4555 3746 4627 AleXand‘rinus
3778 4560 4093 4629 louuuntur,

889 4676 983 4731 pro
1006 4661 1201 4713 viribus
1240 4659 1606 4727 suspiciamus.
1634 4658 1700 4716 Et
1725 4674 1964 4725 rursum,
1998 4667 2153 4713 vocat
2180 4672 2301 4713 eam
2340 4657 2442 4729 τὴν

889 4750 1121 4823 ἀρχικήν
1172 4751 1264 4805 καὶ
1287 4749 1610 4822 ὐπεράρχιον
1636 4750 1729 4804 τοῦ
1756 4748 2043 4821 θεαρχικοῦ
2082 4748 2295 4822 Πατρὸς
2330 4764 2444 4818 φω-

889 4843 1153 4907 τοδοσίαν,
1194 4861 1213 4894 ι
1266 4842 1317 4897 id
1366 4850 1447 4897 est.
1488 4842 1824 4913 principalem
1858 4850 1909 4895 et
1950 4840 2445 4913 superprincipalem

892 4934 1092 4998 Patris,
1116 4932 1209 5004 qui
1227 4924 1539 5002 principium
1559 4930 1859 4987 Dioinitatis
1883 4943 1988 4997 est,
2004 4931 2444 4997 illustratioaem;

890 5037 944 5079 et
970 5025 1127 5095 paulo
1157 5033 1308 5095 post:
1352 5042 1369 5075 t
1391 5023 1489 5097 τήν
1526 5022 1816 5097 θιαρχικὴν
1854 5021 2066 5089 ἀκτῖνα,
2111 5044 2129 5077 s
2170 5024 2222 5079 id
2252 5033 2333 5080 est
2360 5023 2443 5078 di-

891 5117 1380 5185 vino-principalem
1412 5117 1660 5182 radium;
1695 5117 1821 5171 alibi
1854 5134 1872 5168 t
1916 5118 2013 5190 τὴν
2060 5117 2375 5187 Θεολογίαν.,
2414 5135 2435 5170 s

891 5220 998 5267 etc.
1048 5206 1139 5264 Sic
1172 5210 1490 5265 traditiones
1527 5218 1685 5274 vocat
1711 5222 1760 5264 c.
1797 5208 1852 5271 2,
1886 5207 1912 5280 §
1944 5208 1996 5272 ὅ,
2027 5227 2045 5260 ι
2080 5209 2178 5281 τὴν
2206 5202 2441 5281 κρνφιαν

892 5302 983 5357 καὶ
1013 5301 1288 5373 ἱερατικὴν
1322 5299 1635 5370 παράδοσιν,
1663 5316 1682 5350 s
1724 5298 1777 5353 id
1808 5310 1887 5355 est
1908 5304 2156 5353 arcanam
2189 5313 2235 5354 et
2267 5316 2443 5356 sacer-

891 5396 1114 5451 dotalem
1148 5394 1509 5461 traditionem,
1543 5394 1740 5464 quibus
1764 5392 1991 5463 aliisque
2037 5383 2439 5452 Sublimissimis

891 5488 1142 5558 loquendi
1176 5487 1365 5550 modis,
1410 5487 1477 5541 ad
1525 5485 1784 5540 sublimes
1816 5499 1878 5553 ac
1916 5485 2031 5554 Deo
2058 5485 2248 5556 dignas
2276 5486 2436 5557 erigit

891 5578 1289 5636 meditationes.
1328 5579 1581 5634 Eamdem
1632 5579 1701 5633 ob
1750 5587 1969 5645 causam
2013 5574 2118 5633 SS.
2168 5564 2439 5647 apostolos

891 5673 1129 5743 aliosque
1176 5670 1464 5742 Scriptum
1496 5684 1662 5725 sacrae
1704 5672 2028 5740 scriptores,
2076 5678 2128 5725 c.
2164 5670 2188 5723 i
2247 5668 2429 5727 Eccle-

1036 5832 1081 5864 "
1106 5830 1246 5887 Psal.
1284 5832 1486 5887 xvn."
1511 5829 1679 5886 Exod.
1716 5846 1828 5898 six,
1879 5843 2001 5884 xxxi

2540 4656 2668 4723 ταῖς
2697 4653 3034 4723 ἀδιδάκτοις
3062 4656 3147 4711 vel
3177 4657 3351 4724 patius
3380 4651 3773 4722 θεοδιδάκτοις
3791 4670 4091 4725 μυσταγω-

2540 4752 2697 4822 τίαις
2728 4750 2780 4806 in
2816 4750 2926 4805 Deo
2956 4746 3271 4804 felicissime
3318 4747 3547 4804 collocat
3592 4762 3656 4803 ac
3701 4747 3900 4813 ﬂrmat,
3932 4748 4007 4801 ita
4040 4753 4093 4804 ut

2545 4842 2691 4897 nulla
2730 4838 3015 4910 theologia:
3044 4853 3171 4911 pars
3195 4852 3227 4894 a
3256 4838 3597 4895 divinissimo
3619 4838 3779 4907 plane
3808 4837 3926 4892 viro
3956 4850 4097 4907 pru-

2550 4935 2805 4993 termissa
2836 4934 3101 4993 videatur.

3036 5016 3467 5079 OBSERVATIO
3516 5016 3607 5074 IV.

2738 5116 2907 5183 Quam
2940 5115 3039 5169 vim
3073 5113 3293 5168 habeant
3327 5112 3612 5181 composita
3646 5122 3710 5163 es
3751 5107 3926 5176 ὑπὲρ.

2617 5207 2891 5265 Notandus
2914 5220 3126 5277 quoque
3148 5221 3268 5259 cum
3299 5203 3483 5259 Lessio
3513 5192 3604 5256 lib.
3633 5218 3648 5255 ι
3670 5199 3745 5254 De
3766 5198 4099 5269 perfectioni-

2550 5302 2645 5357 bus
2673 5300 2883 5366 divinis,
2917 5316 3038 5369 cap.
3060 5300 3115 5363 5,
3146 5294 3407 5352 mirabilis
3428 5301 3479 5349 et
3504 5292 3621 5362 plus
3641 5306 3805 5361 quam
3838 5290 4101 5345 ltum‘mtus

2550 5395 2743 5449 modus
2777 5391 3035 5462 loquendi
3076 5388 3137 5447 S.
3172 5386 3435 5455 Dionysii,
3479 5398 3587 5453 quo
3625 5385 3797 5449 utitur
3826 5381 3891 5435 ad
3923 5382 4099 5451 expri-

2551 5487 2801 5542 mendam
2848 5500 3066 5540 suorum
3115 5492 3472 5551 conceptuum
3519 5475 3923 5538 sublimitatem,
3951 5482 4004 5528 et
4032 5474 4099 5528 ad

2549 5579 2848 5633 divinitatis
2874 5592 3033 5648 supra
3062 5576 3240 5630 omnia
3286 5581 3467 5629 creata
3492 5558 3669 5628 mente
3696 5568 4096 5638 conceptlbilia,

2551 5670 2813 5727 infinitam
2880 5668 3228 5726 eminentiam
3272 5669 3649 5725 insinuandain
3718 5665 4098 5737 praepositione
