  <div class='ocr_page' id='page_1' title='image "/cluster/home/n/w/nwhite01/storage/ocr_20150623/3/pst.000003853313/050.png"; bbox 0 0 4196 6306; ppageno 0'>
   <div class='ocr_carea' id='block_1_1' title="bbox 109 367 1990 438">
    <p class='ocr_par' dir='ltr' id='par_1_1' title="bbox 109 367 1990 438">
     <span class='ocr_line' id='line_1_1' title="bbox 109 367 1990 438; baseline 0.007 -14"><span class='ocrx_word' id='word_1_1' title='bbox 109 367 167 424; x_wconf 71' lang='lat' dir='ltr'><strong>di</strong></span> <span class='ocrx_word' id='word_1_2' title='bbox 1462 376 1990 438; x_wconf 79' lang='lat' dir='ltr'><strong>PROLEGOMENA.</strong></span> 
     </span>
    </p>
   </div>
   <div class='ocr_carea' id='block_1_2' title="bbox 3268 393 3336 450">
    <p class='ocr_par' dir='ltr' id='par_1_2' title="bbox 3268 393 3336 450">
     <span class='ocr_line' id='line_1_2' title="bbox 3268 393 3336 450; baseline -0.044 0"><span class='ocrx_word' id='word_1_3' title='bbox 3268 393 3336 450; x_wconf 67' lang='lat'><strong>82</strong></span> 
     </span>
    </p>
   </div>
   <div class='ocr_carea' id='block_1_3' title="bbox 108 479 1765 570">
    <p class='ocr_par' dir='ltr' id='par_1_3' title="bbox 108 479 1745 564">
     <span class='ocr_line' id='line_1_3' title="bbox 108 479 1745 564; baseline 0.006 -31"><span class='ocrx_word' id='word_1_4' title='bbox 108 479 253 546; x_wconf 73' lang='grc' dir='ltr'><strong>ὑπέρ</strong></span> <span class='ocrx_word' id='word_1_5' title='bbox 283 482 605 551; x_wconf 65' lang='lat' dir='ltr'><strong>praeposita,</strong></span> <span class='ocrx_word' id='word_1_6' title='bbox 638 484 883 540; x_wconf 88' lang='lat' dir='ltr'><strong>vocando</strong></span> <span class='ocrx_word' id='word_1_7' title='bbox 913 501 966 540; x_wconf 74' lang='grc' dir='ltr'><strong>ν.</strong></span> <span class='ocrx_word' id='word_1_8' title='bbox 995 501 1050 557; x_wconf 76' lang='lat' dir='ltr'><strong>g.</strong></span> <span class='ocrx_word' id='word_1_9' title='bbox 1087 487 1254 541; x_wconf 88' lang='lat' dir='ltr'><strong>Deum</strong></span> <span class='ocrx_word' id='word_1_10' title='bbox 1296 506 1314 541; x_wconf 74' lang='grc' dir='ltr'>ι</span> <span class='ocrx_word' id='word_1_11' title='bbox 1353 491 1674 562; x_wconf 83' lang='grc' dir='ltr'><strong>ὑπερούσιον</strong></span> <span class='ocrx_word' id='word_1_12' title='bbox 1702 506 1745 564; x_wconf 71' lang='grc' dir='ltr'><strong>Α</strong></span> 
     </span>
    </p>
   </div>
   <div class='ocr_carea' id='block_1_4' title="bbox 1679 479 3336 570">
    <p class='ocr_par' dir='ltr' id='par_1_4' title="bbox 1702 494 3336 570">
     <span class='ocr_line' id='line_1_4' title="bbox 1702 494 3336 570; baseline 0.009 -24"><span class='ocrx_word' id='word_1_13' title='bbox 1702 506 1745 564; x_wconf 73' lang='grc' dir='ltr'><strong>Α</strong></span> <span class='ocrx_word' id='word_1_14' title='bbox 1778 494 2164 560; x_wconf 78' lang='lat' dir='ltr'><strong>cssentialiter.</strong></span> <span class='ocrx_word' id='word_1_15' title='bbox 2206 510 2266 551; x_wconf 88' lang='lat' dir='ltr'><strong>ac</strong></span> <span class='ocrx_word' id='word_1_16' title='bbox 2292 496 2520 566; x_wconf 80' lang='lat' dir='ltr'><strong>proinde</strong></span> <span class='ocrx_word' id='word_1_17' title='bbox 2561 496 2800 557; x_wconf 80' lang='lat' dir='ltr'><strong>absolute</strong></span> <span class='ocrx_word' id='word_1_18' title='bbox 2821 511 2873 555; x_wconf 87' lang='lat' dir='ltr'><strong>ct</strong></span> <span class='ocrx_word' id='word_1_19' title='bbox 2899 502 3161 570; x_wconf 76' lang='lat' dir='ltr'><strong>perfecto,</strong></span> <span class='ocrx_word' id='word_1_20' title='bbox 3195 505 3336 561; x_wconf 84' lang='lat' dir='ltr'><strong>sicut</strong></span> 
     </span>
    </p>
   </div>
   <div class='ocr_carea' id='block_1_5' title="bbox 109 567 1669 654">
    <p class='ocr_par' dir='ltr' id='par_1_5' title="bbox 109 567 1669 654">
     <span class='ocr_line' id='line_1_5' title="bbox 109 567 1669 654; baseline 0.011 -34"><span class='ocrx_word' id='word_1_21' title='bbox 109 567 316 634; x_wconf 74' lang='grc' dir='ltr'><strong>οὐσίαν,</strong></span> <span class='ocrx_word' id='word_1_22' title='bbox 353 590 373 624; x_wconf 78' lang='lat' dir='ltr'><strong>s</strong></span> <span class='ocrx_word' id='word_1_23' title='bbox 404 574 683 628; x_wconf 70' lang='lat' dir='ltr'><strong>essentiam</strong></span> <span class='ocrx_word' id='word_1_24' title='bbox 719 579 1230 644; x_wconf 85' lang='lat' dir='ltr'><strong>superessentialem,</strong></span> <span class='ocrx_word' id='word_1_25' title='bbox 1262 582 1518 636; x_wconf 85' lang='lat' dir='ltr'><strong>nimirum</strong></span> <span class='ocrx_word' id='word_1_26' title='bbox 1543 586 1669 654; x_wconf 83' lang='lat' dir='ltr'><strong>quia</strong></span> 
     </span>
    </p>
   </div>
   <div class='ocr_carea' id='block_1_6' title="bbox 107 666 1668 731">
    <p class='ocr_par' dir='ltr' id='par_1_6' title="bbox 107 666 1668 731">
     <span class='ocr_line' id='line_1_6' title="bbox 107 666 1668 731; baseline 0.01 -15"><span class='ocrx_word' id='word_1_27' title='bbox 107 670 186 716; x_wconf 84' lang='lat' dir='ltr'><strong>est</strong></span> <span class='ocrx_word' id='word_1_28' title='bbox 211 666 451 719; x_wconf 72' lang='lat' dir='ltr'><strong>essentia</strong></span> <span class='ocrx_word' id='word_1_29' title='bbox 482 679 578 719; x_wconf 91' lang='lat' dir='ltr'><strong>seu</strong></span> <span class='ocrx_word' id='word_1_30' title='bbox 603 669 904 722; x_wconf 67' lang='lat' dir='ltr'><strong>substantia</strong></span> <span class='ocrx_word' id='word_1_31' title='bbox 935 671 1266 726; x_wconf 75' lang='lat' dir='ltr'><strong>eminentior</strong></span> <span class='ocrx_word' id='word_1_32' title='bbox 1287 677 1434 728; x_wconf 90' lang='lat' dir='ltr'><strong>omni</strong></span> <span class='ocrx_word' id='word_1_33' title='bbox 1479 689 1668 731; x_wconf 88' lang='lat' dir='ltr'><strong>essen-</strong></span> 
     </span>
    </p>
   </div>
   <div class='ocr_carea' id='block_1_7' title="bbox 108 753 1669 836">
    <p class='ocr_par' dir='ltr' id='par_1_7' title="bbox 108 753 1669 836">
     <span class='ocr_line' id='line_1_7' title="bbox 108 753 1669 836; baseline 0.01 -30"><span class='ocrx_word' id='word_1_34' title='bbox 108 753 174 806; x_wconf 94' lang='lat' dir='ltr'><strong>tia</strong></span> <span class='ocrx_word' id='word_1_35' title='bbox 205 755 534 822; x_wconf 80' lang='lat' dir='ltr'><strong>conceptiin</strong></span> <span class='ocrx_word' id='word_1_36' title='bbox 568 771 595 809; x_wconf 88' lang='lat' dir='ltr'><strong>a</strong></span> <span class='ocrx_word' id='word_1_37' title='bbox 628 769 876 813; x_wconf 88' lang='lat' dir='ltr'><strong>creatura</strong></span> <span class='ocrx_word' id='word_1_38' title='bbox 905 779 918 814; x_wconf 92' lang='lat'><strong>:</strong></span> <span class='ocrx_word' id='word_1_39' title='bbox 952 761 1078 815; x_wconf 89' lang='lat' dir='ltr'><strong>item</strong></span> <span class='ocrx_word' id='word_1_40' title='bbox 1100 781 1118 814; x_wconf 72' lang='grc' dir='ltr'>ι</span> <span class='ocrx_word' id='word_1_41' title='bbox 1160 765 1504 834; x_wconf 82' lang='grc' dir='ltr'>ὑπεράγαθον</span> <span class='ocrx_word' id='word_1_42' title='bbox 1530 769 1669 836; x_wconf 82' lang='grc' dir='ltr'><strong>ἀγα-</strong></span> 
     </span>
    </p>
   </div>
   <div class='ocr_carea' id='block_1_8' title="bbox 107 845 1668 923">
    <p class='ocr_par' dir='ltr' id='par_1_8' title="bbox 107 845 1668 923">
     <span class='ocr_line' id='line_1_8' title="bbox 107 845 1668 923; baseline 0.012 -27"><span class='ocrx_word' id='word_1_43' title='bbox 107 845 298 915; x_wconf 76' lang='grc' dir='ltr'><strong>θότητα</strong></span> <span class='ocrx_word' id='word_1_44' title='bbox 317 884 332 908; x_wconf 89' lang='grc'><em>,</em></span> <span class='ocrx_word' id='word_1_45' title='bbox 363 848 458 899; x_wconf 74' lang='grc' dir='ltr'><strong>καὶ</strong></span> <span class='ocrx_word' id='word_1_46' title='bbox 482 848 742 920; x_wconf 79' lang='grc' dir='ltr'><strong>ὑπέρθεον</strong></span> <span class='ocrx_word' id='word_1_47' title='bbox 791 851 1051 923; x_wconf 79' lang='grc' dir='ltr'><strong>θέοτητα,</strong></span> <span class='ocrx_word' id='word_1_48' title='bbox 1089 873 1108 906; x_wconf 79' lang='lat' dir='ltr'><strong>t</strong></span> <span class='ocrx_word' id='word_1_49' title='bbox 1147 856 1427 910; x_wconf 78' lang='lat' dir='ltr'><strong>bonitatem</strong></span> <span class='ocrx_word' id='word_1_50' title='bbox 1457 869 1504 913; x_wconf 91' lang='lat' dir='ltr'><strong>et</strong></span> <span class='ocrx_word' id='word_1_51' title='bbox 1533 861 1668 914; x_wconf 74' lang='lat' dir='ltr'><strong>ditii-</strong></span> 
     </span>
    </p>
   </div>
   <div class='ocr_carea' id='block_1_9' title="bbox 105 938 1664 1016">
    <p class='ocr_par' dir='ltr' id='par_1_9' title="bbox 105 938 1664 1016">
     <span class='ocr_line' id='line_1_9' title="bbox 105 938 1664 1016; baseline 0.011 -28"><span class='ocrx_word' id='word_1_52' title='bbox 105 938 339 1004; x_wconf 77' lang='lat' dir='ltr'><strong>nitatem,</strong></span> <span class='ocrx_word' id='word_1_53' title='bbox 364 941 505 992; x_wconf 87' lang='lat' dir='ltr'><strong>omni</strong></span> <span class='ocrx_word' id='word_1_54' title='bbox 531 941 761 995; x_wconf 88' lang='lat' dir='ltr'><strong>bonitate</strong></span> <span class='ocrx_word' id='word_1_55' title='bbox 788 953 837 997; x_wconf 84' lang='lat' dir='ltr'><strong>et</strong></span> <span class='ocrx_word' id='word_1_56' title='bbox 861 944 1055 1000; x_wconf 79' lang='lat' dir='ltr'><strong>deitate</strong></span> <span class='ocrx_word' id='word_1_57' title='bbox 1076 948 1401 1016; x_wconf 84' lang='lat' dir='ltr'><strong>conceptibiti</strong></span> <span class='ocrx_word' id='word_1_58' title='bbox 1432 951 1664 1005; x_wconf 86' lang='lat' dir='ltr'><strong>eminen-</strong></span> 
     </span>
    </p>
   </div>
   <div class='ocr_carea' id='block_1_10' title="bbox 106 1027 1666 1101">
    <p class='ocr_par' dir='ltr' id='par_1_10' title="bbox 106 1027 1666 1101">
     <span class='ocr_line' id='line_1_10' title="bbox 106 1027 1666 1101; baseline 0.012 -23"><span class='ocrx_word' id='word_1_59' title='bbox 106 1027 321 1091; x_wconf 86' lang='lat' dir='ltr'><strong>tiorem;</strong></span> <span class='ocrx_word' id='word_1_60' title='bbox 379 1032 647 1097; x_wconf 89' lang='lat' dir='ltr'><strong>quomodo</strong></span> <span class='ocrx_word' id='word_1_61' title='bbox 695 1036 1007 1101; x_wconf 76' lang='lat' dir='ltr'><strong>exponenda</strong></span> <span class='ocrx_word' id='word_1_62' title='bbox 1054 1046 1182 1091; x_wconf 88' lang='lat' dir='ltr'><strong>sunt</strong></span> <span class='ocrx_word' id='word_1_63' title='bbox 1229 1041 1409 1092; x_wconf 83' lang='lat' dir='ltr'><strong>omnia</strong></span> <span class='ocrx_word' id='word_1_64' title='bbox 1449 1044 1666 1097; x_wconf 87' lang='lat' dir='ltr'><strong>nomina</strong></span> 
     </span>
    </p>
   </div>
   <div class='ocr_carea' id='block_1_11' title="bbox 103 1118 1669 1202">
    <p class='ocr_par' dir='ltr' id='par_1_11' title="bbox 103 1118 1669 1202">
     <span class='ocr_line' id='line_1_11' title="bbox 103 1118 1669 1202; baseline 0.013 -34"><span class='ocrx_word' id='word_1_65' title='bbox 103 1118 397 1187; x_wconf 87' lang='lat' dir='ltr'><strong>composita</strong></span> <span class='ocrx_word' id='word_1_66' title='bbox 428 1134 495 1175; x_wconf 80' lang='lat' dir='ltr'><strong>ex</strong></span> <span class='ocrx_word' id='word_1_67' title='bbox 525 1123 788 1190; x_wconf 89' lang='lat' dir='ltr'><strong>particula</strong></span> <span class='ocrx_word' id='word_1_68' title='bbox 813 1126 987 1194; x_wconf 84' lang='grc' dir='ltr'><strong>ὺπέρ,</strong></span> <span class='ocrx_word' id='word_1_69' title='bbox 1023 1137 1079 1181; x_wconf 93' lang='lat' dir='ltr'><strong>ut</strong></span> <span class='ocrx_word' id='word_1_70' title='bbox 1102 1128 1467 1199; x_wconf 71' lang='grc' dir='ltr'><strong>ὑπέρφωτος,</strong></span> <span class='ocrx_word' id='word_1_71' title='bbox 1496 1136 1669 1202; x_wconf 80' lang='grc' dir='ltr'><strong>ὑπερ-</strong></span> 
     </span>
    </p>
   </div>
   <div class='ocr_carea' id='block_1_12' title="bbox 106 1206 1664 1289">
    <p class='ocr_par' dir='ltr' id='par_1_12' title="bbox 106 1206 1664 1289">
     <span class='ocr_line' id='line_1_12' title="bbox 106 1206 1664 1289; baseline 0.012 -30"><span class='ocrx_word' id='word_1_72' title='bbox 106 1206 322 1274; x_wconf 65' lang='grc' dir='ltr'><strong>άρχιος,</strong></span> <span class='ocrx_word' id='word_1_73' title='bbox 357 1213 727 1280; x_wconf 77' lang='grc' dir='ltr'><strong>ὑπερτελής,</strong></span> <span class='ocrx_word' id='word_1_74' title='bbox 758 1227 892 1283; x_wconf 88' lang='lat' dir='ltr'><strong>etc.,</strong></span> <span class='ocrx_word' id='word_1_75' title='bbox 921 1219 973 1273; x_wconf 92' lang='lat' dir='ltr'><strong>id</strong></span> <span class='ocrx_word' id='word_1_76' title='bbox 1023 1230 1107 1274; x_wconf 86' lang='lat' dir='ltr'><strong>est</strong></span> <span class='ocrx_word' id='word_1_77' title='bbox 1149 1223 1291 1276; x_wconf 87' lang='lat' dir='ltr'><strong>omni</strong></span> <span class='ocrx_word' id='word_1_78' title='bbox 1345 1223 1478 1289; x_wconf 84' lang='lat' dir='ltr'><strong>luce,</strong></span> <span class='ocrx_word' id='word_1_79' title='bbox 1523 1228 1664 1280; x_wconf 89' lang='lat' dir='ltr'><strong>omni</strong></span> 
     </span>
    </p>
   </div>
   <div class='ocr_carea' id='block_1_13' title="bbox 103 1300 1662 1372">
    <p class='ocr_par' dir='ltr' id='par_1_13' title="bbox 103 1300 1662 1372">
     <span class='ocr_line' id='line_1_13' title="bbox 103 1300 1662 1372; baseline 0.013 -22"><span class='ocrx_word' id='word_1_80' title='bbox 103 1300 383 1368; x_wconf 79' lang='lat' dir='ltr'><strong>principio,</strong></span> <span class='ocrx_word' id='word_1_81' title='bbox 415 1304 556 1356; x_wconf 89' lang='lat' dir='ltr'><strong>omni</strong></span> <span class='ocrx_word' id='word_1_82' title='bbox 601 1306 919 1372; x_wconf 79' lang='lat' dir='ltr'><strong>perfectione</strong></span> <span class='ocrx_word' id='word_1_83' title='bbox 950 1309 1310 1370; x_wconf 71' lang='lat' dir='ltr'><strong>excellentior.</strong></span> <span class='ocrx_word' id='word_1_84' title='bbox 1358 1313 1488 1369; x_wconf 93' lang='lat' dir='ltr'><strong>Illud</strong></span> <span class='ocrx_word' id='word_1_85' title='bbox 1520 1317 1662 1371; x_wconf 89' lang='lat' dir='ltr'><strong>enim</strong></span> 
     </span>
    </p>
   </div>
   <div class='ocr_carea' id='block_1_14' title="bbox 106 1388 1666 1472">
    <p class='ocr_par' dir='ltr' id='par_1_14' title="bbox 106 1388 1666 1472">
     <span class='ocr_line' id='line_1_14' title="bbox 106 1388 1666 1472; baseline 0.013 -31"><span class='ocrx_word' id='word_1_86' title='bbox 106 1388 266 1456; x_wconf 73' lang='grc' dir='ltr'><strong>ὑπέρ,</strong></span> <span class='ocrx_word' id='word_1_87' title='bbox 302 1391 357 1445; x_wconf 90' lang='lat' dir='ltr'><strong>id</strong></span> <span class='ocrx_word' id='word_1_88' title='bbox 384 1404 657 1462; x_wconf 84' lang='lat' dir='ltr'><strong>estsuper,</strong></span> <span class='ocrx_word' id='word_1_89' title='bbox 686 1398 826 1467; x_wconf 90' lang='lat' dir='ltr'><strong>apud</strong></span> <span class='ocrx_word' id='word_1_90' title='bbox 857 1397 1169 1469; x_wconf 84' lang='lat' dir='ltr'><strong>Dionysium</strong></span> <span class='ocrx_word' id='word_1_91' title='bbox 1197 1401 1250 1455; x_wconf 92' lang='lat' dir='ltr'><strong>in</strong></span> <span class='ocrx_word' id='word_1_92' title='bbox 1277 1406 1666 1472; x_wconf 85' lang='lat' dir='ltr'><strong>compositione</strong></span> 
     </span>
    </p>
   </div>
   <div class='ocr_carea' id='block_1_15' title="bbox 103 1478 1665 1566">
    <p class='ocr_par' dir='ltr' id='par_1_15' title="bbox 103 1478 1665 1566">
     <span class='ocr_line' id='line_1_15' title="bbox 103 1478 1665 1566; baseline 0.014 -36"><span class='ocrx_word' id='word_1_93' title='bbox 103 1478 344 1548; x_wconf 79' lang='lat' dir='ltr'><strong>designat</strong></span> <span class='ocrx_word' id='word_1_94' title='bbox 384 1483 803 1550; x_wconf 79' lang='lat' dir='ltr'><strong>excellentiam,</strong></span> <span class='ocrx_word' id='word_1_95' title='bbox 834 1499 1074 1544; x_wconf 81' lang='lat' dir='ltr'><strong>creatam</strong></span> <span class='ocrx_word' id='word_1_96' title='bbox 1107 1505 1322 1547; x_wconf 89' lang='lat' dir='ltr'><strong>omnem</strong></span> <span class='ocrx_word' id='word_1_97' title='bbox 1355 1496 1665 1566; x_wconf 75' lang='lat' dir='ltr'><strong>intelligen-</strong></span> 
     </span>
    </p>
   </div>
   <div class='ocr_carea' id='block_1_16' title="bbox 107 1579 637 1639">
    <p class='ocr_par' dir='ltr' id='par_1_16' title="bbox 107 1579 637 1639">
     <span class='ocr_line' id='line_1_16' title="bbox 107 1579 637 1639; baseline 0.013 -18"><span class='ocrx_word' id='word_1_98' title='bbox 107 1579 228 1622; x_wconf 85' lang='lat' dir='ltr'><strong>ttam</strong></span> <span class='ocrx_word' id='word_1_99' title='bbox 259 1583 637 1639; x_wconf 79' lang='lat' dir='ltr'><strong>superantem.</strong></span> 
     </span>
    </p>
   </div>
   <div class='ocr_carea' id='block_1_17' title="bbox 147 1681 1629 1817">
    <p class='ocr_par' dir='ltr' id='par_1_17' title="bbox 147 1681 1629 1817">
     <span class='ocr_line' id='line_1_17' title="bbox 147 1681 1629 1817; baseline 0.015 -82"><span class='ocrx_word' id='word_1_100' title='bbox 147 1681 253 1738; x_wconf 61' lang='grc' dir='ltr'><strong>νοω</strong></span> <span class='ocrx_word' id='word_1_101' title='bbox 297 1687 483 1741; x_wconf 82' lang='grc' dir='ltr'><em>οὐσία</em></span> <span class='ocrx_word' id='word_1_102' title='bbox 509 1706 666 1759; x_wconf 83' lang='lat' dir='ltr'><strong>quam</strong></span> <span class='ocrx_word' id='word_1_103' title='bbox 705 1693 822 1781; x_wconf 41' lang='lat' dir='ltr'><strong>vim.</strong></span> <span class='ocrx_word' id='word_1_104' title='bbox 851 1694 1042 1817; x_wconf 57' lang='lat' dir='ltr'><strong>hgbeat</strong></span> <span class='ocrx_word' id='word_1_105' title='bbox 1090 1713 1209 1752; x_wconf 77' lang='lat' dir='ltr'><strong>cum</strong></span> <span class='ocrx_word' id='word_1_106' title='bbox 1257 1702 1629 1770; x_wconf 66' lang='lat' dir='ltr'><strong>praepositione</strong></span> 
     </span>
     <span class='ocr_line' id='line_1_18' title="bbox 795 1779 966 1817; baseline 0 0"><span class='ocrx_word' id='word_1_107' title='bbox 795 1779 878 1817; x_wconf 83' lang='grc' dir='ltr'><strong>υπ</strong></span> <span class='ocrx_word' id='word_1_108' title='bbox 911 1782 966 1817; x_wconf 88' lang='lat' dir='ltr'><strong>o.</strong></span> 
     </span>
    </p>
   </div>
   <div class='ocr_carea' id='block_1_18' title="bbox 795 1779 966 1832">
    <p class='ocr_par' dir='ltr' id='par_1_18' title="bbox 795 1779 966 1832">
     <span class='ocr_line' id='line_1_19' title="bbox 795 1779 966 1832; baseline 0.006 -15"><span class='ocrx_word' id='word_1_109' title='bbox 795 1779 966 1832; x_wconf 81' lang='grc' dir='ltr'><strong>υπερ.</strong></span> 
     </span>
    </p>
   </div>
   <div class='ocr_carea' id='block_1_19' title="bbox 1775 584 3331 659">
    <p class='ocr_par' dir='ltr' id='par_1_19' title="bbox 1775 584 3331 659">
     <span class='ocr_line' id='line_1_20' title="bbox 1775 584 3331 659; baseline 0.009 -22"><span class='ocrx_word' id='word_1_110' title='bbox 1775 584 1890 653; x_wconf 84' lang='lat' dir='ltr'><strong>ipsa</strong></span> <span class='ocrx_word' id='word_1_111' title='bbox 1939 585 2199 642; x_wconf 84' lang='lat' dir='ltr'><strong>divinitas</strong></span> <span class='ocrx_word' id='word_1_112' title='bbox 2250 596 2334 643; x_wconf 89' lang='lat' dir='ltr'><strong>est</strong></span> <span class='ocrx_word' id='word_1_113' title='bbox 2383 591 2436 642; x_wconf 91' lang='lat' dir='ltr'><strong>in</strong></span> <span class='ocrx_word' id='word_1_114' title='bbox 2486 591 2725 659; x_wconf 88' lang='lat' dir='ltr'><strong>qualibet</strong></span> <span class='ocrx_word' id='word_1_115' title='bbox 2773 608 3004 653; x_wconf 81' lang='lat' dir='ltr'><strong>persona</strong></span> <span class='ocrx_word' id='word_1_116' title='bbox 3051 609 3115 650; x_wconf 82' lang='lat' dir='ltr'><strong>ex</strong></span> <span class='ocrx_word' id='word_1_117' title='bbox 3162 597 3331 652; x_wconf 83' lang='lat' dir='ltr'><strong>tribus</strong></span> 
     </span>
    </p>
   </div>
   <div class='ocr_carea' id='block_1_20' title="bbox 1778 676 2738 751">
    <p class='ocr_par' dir='ltr' id='par_1_20' title="bbox 1778 676 2738 751">
     <span class='ocr_line' id='line_1_21' title="bbox 1778 676 2738 751; baseline 0.009 -23"><span class='ocrx_word' id='word_1_118' title='bbox 1778 683 1914 740; x_wconf 89' lang='lat' dir='ltr'><strong>tota,</strong></span> <span class='ocrx_word' id='word_1_119' title='bbox 1945 676 2212 746; x_wconf 82' lang='lat' dir='ltr'><strong>perlecta,</strong></span> <span class='ocrx_word' id='word_1_120' title='bbox 2246 687 2450 751; x_wconf 73' lang='lat' dir='ltr'><strong>integra</strong></span> <span class='ocrx_word' id='word_1_121' title='bbox 2479 689 2532 735; x_wconf 89' lang='lat' dir='ltr'><strong>et</strong></span> <span class='ocrx_word' id='word_1_122' title='bbox 2556 682 2738 751; x_wconf 89' lang='lat' dir='ltr'><strong>plena.</strong></span> 
     </span>
    </p>
   </div>
   <div class='ocr_carea' id='block_1_21' title="bbox 1845 768 3331 835">
    <p class='ocr_par' dir='ltr' id='par_1_21' title="bbox 1845 768 3331 835">
     <span class='ocr_line' id='line_1_22' title="bbox 1845 768 3331 835; baseline 0.008 -12"><span class='ocrx_word' id='word_1_123' title='bbox 1845 768 1998 827; x_wconf 88' lang='lat' dir='ltr'><strong>Unde</strong></span> <span class='ocrx_word' id='word_1_124' title='bbox 2039 771 2178 828; x_wconf 84' lang='lat' dir='ltr'><strong>bene</strong></span> <span class='ocrx_word' id='word_1_125' title='bbox 2217 774 2524 830; x_wconf 77' lang='lat' dir='ltr'><strong>observavit</strong></span> <span class='ocrx_word' id='word_1_126' title='bbox 2560 775 2618 830; x_wconf 87' lang='lat' dir='ltr'><strong>P.</strong></span> <span class='ocrx_word' id='word_1_127' title='bbox 2662 775 2857 834; x_wconf 88' lang='lat' dir='ltr'><strong>Franc.</strong></span> <span class='ocrx_word' id='word_1_128' title='bbox 2907 777 3210 835; x_wconf 82' lang='lat' dir='ltr'><strong>Turrianus</strong></span> <span class='ocrx_word' id='word_1_129' title='bbox 3263 781 3331 835; x_wconf 88' lang='lat' dir='ltr'><strong>ad</strong></span> 
     </span>
    </p>
   </div>
   <div class='ocr_carea' id='block_1_22' title="bbox 1767 860 3330 938">
    <p class='ocr_par' dir='ltr' id='par_1_22' title="bbox 1767 860 3330 938">
     <span class='ocr_line' id='line_1_23' title="bbox 1767 860 3330 938; baseline 0.005 -21"><span class='ocrx_word' id='word_1_130' title='bbox 1767 860 1995 918; x_wconf 78' lang='lat' dir='ltr'><strong>Joannis</strong></span> <span class='ocrx_word' id='word_1_131' title='bbox 2020 865 2402 936; x_wconf 73' lang='lat' dir='ltr'><strong>Cyparissiotze</strong></span> <span class='ocrx_word' id='word_1_132' title='bbox 2435 867 2698 923; x_wconf 86' lang='lat' dir='ltr'><strong>Decadem</strong></span> <span class='ocrx_word' id='word_1_133' title='bbox 2729 885 2782 924; x_wconf 87' lang='lat' dir='ltr'><strong>tv</strong></span> <span class='ocrx_word' id='word_1_134' title='bbox 2818 870 3179 938; x_wconf 75' lang='lat' dir='ltr'><strong>Expositionis</strong></span> <span class='ocrx_word' id='word_1_135' title='bbox 3213 888 3330 925; x_wconf 83' lang='lat' dir='ltr'><strong>ina-</strong></span> 
     </span>
    </p>
   </div>
   <div class='ocr_carea' id='block_1_23' title="bbox 1770 954 3328 1032">
    <p class='ocr_par' dir='ltr' id='par_1_23' title="bbox 1770 954 3328 1032">
     <span class='ocr_line' id='line_1_24' title="bbox 1770 954 3328 1032; baseline 0.009 -28"><span class='ocrx_word' id='word_1_136' title='bbox 1770 954 1993 1022; x_wconf 73' lang='lat' dir='ltr'><strong>teriatte,</strong></span> <span class='ocrx_word' id='word_1_137' title='bbox 2022 970 2142 1024; x_wconf 87' lang='lat' dir='ltr'><strong>cap.</strong></span> <span class='ocrx_word' id='word_1_138' title='bbox 2178 955 2233 1022; x_wconf 86' lang='lat'><strong>9,</strong></span> <span class='ocrx_word' id='word_1_139' title='bbox 2264 972 2369 1012; x_wconf 92' lang='lat' dir='ltr'><strong>non</strong></span> <span class='ocrx_word' id='word_1_140' title='bbox 2401 957 2472 1011; x_wconf 91' lang='lat' dir='ltr'><strong>ita</strong></span> <span class='ocrx_word' id='word_1_141' title='bbox 2502 972 2624 1013; x_wconf 88' lang='lat' dir='ltr'><strong>esse</strong></span> <span class='ocrx_word' id='word_1_142' title='bbox 2653 968 2710 1013; x_wconf 93' lang='lat' dir='ltr'><strong>ut</strong></span> <span class='ocrx_word' id='word_1_143' title='bbox 2733 960 2948 1027; x_wconf 87' lang='lat' dir='ltr'><strong>quidem</strong></span> <span class='ocrx_word' id='word_1_144' title='bbox 2979 972 3328 1032; x_wconf 66' lang='lat' dir='ltr'><strong>putaverunt,</strong></span> 
     </span>
    </p>
   </div>
   <div class='ocr_carea' id='block_1_24' title="bbox 1770 1046 3328 1133">
    <p class='ocr_par' dir='ltr' id='par_1_24' title="bbox 1770 1046 3328 1133">
     <span class='ocr_line' id='line_1_25' title="bbox 1770 1046 3328 1133; baseline 0.005 -31"><span class='ocrx_word' id='word_1_145' title='bbox 1770 1046 1950 1102; x_wconf 84' lang='lat' dir='ltr'><strong>divina</strong></span> <span class='ocrx_word' id='word_1_146' title='bbox 2001 1050 2218 1103; x_wconf 90' lang='lat' dir='ltr'><strong>nomina</strong></span> <span class='ocrx_word' id='word_1_147' title='bbox 2275 1051 2573 1105; x_wconf 85' lang='lat' dir='ltr'><strong>secundum</strong></span> <span class='ocrx_word' id='word_1_148' title='bbox 2628 1052 2978 1133; x_wconf 81' lang='lat' dir='ltr'><strong>Dionysium,</strong></span> <span class='ocrx_word' id='word_1_149' title='bbox 3035 1058 3328 1110; x_wconf 88' lang='lat' dir='ltr'><strong>secundum</strong></span> 
     </span>
    </p>
   </div>
   <div class='ocr_carea' id='block_1_25' title="bbox 1768 1141 3331 1224">
    <p class='ocr_par' dir='ltr' id='par_1_25' title="bbox 1768 1141 3331 1224">
     <span class='ocr_line' id='line_1_26' title="bbox 1768 1141 3331 1224; baseline 0.006 -32"><span class='ocrx_word' id='word_1_150' title='bbox 1768 1153 1987 1193; x_wconf 81' lang='lat' dir='ltr'><strong>causam</strong></span> <span class='ocrx_word' id='word_1_151' title='bbox 2029 1148 2235 1194; x_wconf 88' lang='lat' dir='ltr'><strong>tantum</strong></span> <span class='ocrx_word' id='word_1_152' title='bbox 2262 1142 2328 1196; x_wconf 91' lang='lat' dir='ltr'><strong>de</strong></span> <span class='ocrx_word' id='word_1_153' title='bbox 2359 1141 2468 1196; x_wconf 89' lang='lat' dir='ltr'><strong>Deo</strong></span> <span class='ocrx_word' id='word_1_154' title='bbox 2496 1142 2622 1209; x_wconf 89' lang='lat' dir='ltr'><strong>dici,</strong></span> <span class='ocrx_word' id='word_1_155' title='bbox 2651 1152 2710 1197; x_wconf 91' lang='lat' dir='ltr'><strong>ut</strong></span> <span class='ocrx_word' id='word_1_156' title='bbox 2740 1145 2939 1210; x_wconf 86' lang='lat' dir='ltr'><strong>bonus,</strong></span> <span class='ocrx_word' id='word_1_157' title='bbox 2971 1148 3113 1224; x_wconf 86' lang='lat' dir='ltr'><strong>quod</strong></span> <span class='ocrx_word' id='word_1_158' title='bbox 3140 1149 3210 1202; x_wconf 86' lang='lat' dir='ltr'><strong>sit</strong></span> <span class='ocrx_word' id='word_1_159' title='bbox 3241 1162 3331 1201; x_wconf 91' lang='lat' dir='ltr'><strong>au-</strong></span> 
     </span>
    </p>
   </div>
   <div class='ocr_carea' id='block_1_26' title="bbox 1768 1232 3330 1303">
    <p class='ocr_par' dir='ltr' id='par_1_26' title="bbox 1768 1232 3330 1303">
     <span class='ocr_line' id='line_1_27' title="bbox 1768 1232 3330 1303; baseline 0.006 -22"><span class='ocrx_word' id='word_1_160' title='bbox 1768 1238 1888 1283; x_wconf 91' lang='lat' dir='ltr'><strong>ctor</strong></span> <span class='ocrx_word' id='word_1_161' title='bbox 1910 1232 2186 1298; x_wconf 88' lang='lat' dir='ltr'><strong>bonitatis,</strong></span> <span class='ocrx_word' id='word_1_162' title='bbox 2216 1235 2458 1302; x_wconf 86' lang='lat' dir='ltr'><strong>sapiens,</strong></span> <span class='ocrx_word' id='word_1_163' title='bbox 2485 1234 2628 1302; x_wconf 90' lang='lat' dir='ltr'><strong>quod</strong></span> <span class='ocrx_word' id='word_1_164' title='bbox 2657 1236 2960 1303; x_wconf 66' lang='lat' dir='ltr'><strong>sapientiae,</strong></span> <span class='ocrx_word' id='word_1_165' title='bbox 2991 1249 3045 1291; x_wconf 88' lang='lat' dir='ltr'><strong>et</strong></span> <span class='ocrx_word' id='word_1_166' title='bbox 3075 1238 3330 1292; x_wconf 85' lang='lat' dir='ltr'><strong>similiter</strong></span> 
     </span>
    </p>
   </div>
   <div class='ocr_carea' id='block_1_27' title="bbox 1766 1319 3329 1390">
    <p class='ocr_par' dir='ltr' id='par_1_27' title="bbox 1766 1319 3329 1390">
     <span class='ocr_line' id='line_1_28' title="bbox 1766 1319 3329 1390; baseline 0.005 -15"><span class='ocrx_word' id='word_1_167' title='bbox 1766 1319 1822 1375; x_wconf 88' lang='lat' dir='ltr'><strong>in</strong></span> <span class='ocrx_word' id='word_1_168' title='bbox 1851 1323 1990 1378; x_wconf 76' lang='lat' dir='ltr'><strong>aliis.</strong></span> <span class='ocrx_word' id='word_1_169' title='bbox 2024 1323 2079 1378; x_wconf 93' lang='lat' dir='ltr'><strong>Si</strong></span> <span class='ocrx_word' id='word_1_170' title='bbox 2110 1325 2255 1379; x_wconf 91' lang='lat' dir='ltr'><strong>enim</strong></span> <span class='ocrx_word' id='word_1_171' title='bbox 2297 1326 2376 1380; x_wconf 87' lang='lat' dir='ltr'><strong>sic</strong></span> <span class='ocrx_word' id='word_1_172' title='bbox 2408 1326 2720 1381; x_wconf 84' lang='lat' dir='ltr'><strong>dicerentur</strong></span> <span class='ocrx_word' id='word_1_173' title='bbox 2753 1327 2818 1381; x_wconf 87' lang='lat' dir='ltr'><strong>de</strong></span> <span class='ocrx_word' id='word_1_174' title='bbox 2850 1327 2976 1390; x_wconf 89' lang='lat' dir='ltr'><strong>Deo,</strong></span> <span class='ocrx_word' id='word_1_175' title='bbox 3013 1330 3329 1383; x_wconf 67' lang='lat' dir='ltr'><strong>clauderent</strong></span> 
     </span>
    </p>
   </div>
   <div class='ocr_carea' id='block_1_28' title="bbox 1767 1411 3326 1484">
    <p class='ocr_par' dir='ltr' id='par_1_28' title="bbox 1767 1411 3326 1484">
     <span class='ocr_line' id='line_1_29' title="bbox 1767 1411 3326 1484; baseline 0.004 -18"><span class='ocrx_word' id='word_1_176' title='bbox 1767 1411 1824 1467; x_wconf 92' lang='lat' dir='ltr'><strong>in</strong></span> <span class='ocrx_word' id='word_1_177' title='bbox 1880 1429 1980 1470; x_wconf 89' lang='lat' dir='ltr'><strong>suo</strong></span> <span class='ocrx_word' id='word_1_178' title='bbox 2028 1416 2347 1481; x_wconf 88' lang='lat' dir='ltr'><strong>intellectu,</strong></span> <span class='ocrx_word' id='word_1_179' title='bbox 2397 1426 2456 1470; x_wconf 88' lang='lat' dir='ltr'><strong>ut</strong></span> <span class='ocrx_word' id='word_1_180' title='bbox 2497 1417 2574 1471; x_wconf 87' lang='lat' dir='ltr'><strong>ait</strong></span> <span class='ocrx_word' id='word_1_181' title='bbox 2615 1417 2673 1472; x_wconf 93' lang='grc'>8.</span> <span class='ocrx_word' id='word_1_182' title='bbox 2708 1418 2979 1484; x_wconf 84' lang='lat' dir='ltr'><strong>Thomas,</strong></span> <span class='ocrx_word' id='word_1_183' title='bbox 3030 1421 3326 1474; x_wconf 87' lang='lat' dir='ltr'><strong>bonitatem</strong></span> 
     </span>
    </p>
   </div>
   <div class='ocr_carea' id='block_1_29' title="bbox 1763 1507 3326 1578">
    <p class='ocr_par' dir='ltr' id='par_1_29' title="bbox 1763 1507 3326 1578">
     <span class='ocr_line' id='line_1_30' title="bbox 1763 1507 3326 1578; baseline 0.006 -22"><span class='ocrx_word' id='word_1_184' title='bbox 1763 1515 2058 1571; x_wconf 68' lang='lat' dir='ltr'><strong>creaturae;</strong></span> <span class='ocrx_word' id='word_1_185' title='bbox 2112 1521 2175 1560; x_wconf 88' lang='lat' dir='ltr'><strong>ac</strong></span> <span class='ocrx_word' id='word_1_186' title='bbox 2212 1508 2438 1576; x_wconf 82' lang='lat' dir='ltr'><strong>proinde</strong></span> <span class='ocrx_word' id='word_1_187' title='bbox 2483 1507 2551 1560; x_wconf 82' lang='lat' dir='ltr'><strong>de.</strong></span> <span class='ocrx_word' id='word_1_188' title='bbox 2595 1518 2846 1562; x_wconf 81' lang='lat' dir='ltr'><strong>creatura</strong></span> <span class='ocrx_word' id='word_1_189' title='bbox 2892 1511 3140 1578; x_wconf 87' lang='lat' dir='ltr'><strong>inprimis</strong></span> <span class='ocrx_word' id='word_1_190' title='bbox 3178 1512 3326 1565; x_wconf 82' lang='lat' dir='ltr'><strong>dice-</strong></span> 
     </span>
    </p>
   </div>
   <div class='ocr_carea' id='block_1_30' title="bbox 1765 1598 3326 1673">
    <p class='ocr_par' dir='ltr' id='par_1_30' title="bbox 1765 1598 3326 1673">
     <span class='ocr_line' id='line_1_31' title="bbox 1765 1598 3326 1673; baseline 0.006 -25"><span class='ocrx_word' id='word_1_191' title='bbox 1765 1605 1978 1673; x_wconf 61' lang='lat' dir='ltr'><strong>rentur,</strong></span> <span class='ocrx_word' id='word_1_192' title='bbox 2012 1598 2168 1668; x_wconf 87' lang='lat' dir='ltr'><strong>quasi</strong></span> <span class='ocrx_word' id='word_1_193' title='bbox 2221 1598 2361 1652; x_wconf 88' lang='lat' dir='ltr'><strong>Deus</strong></span> <span class='ocrx_word' id='word_1_194' title='bbox 2397 1599 2671 1654; x_wconf 85' lang='lat' dir='ltr'><strong>diceretur</strong></span> <span class='ocrx_word' id='word_1_195' title='bbox 2712 1602 2885 1655; x_wconf 91' lang='lat' dir='ltr'><strong>bonus</strong></span> <span class='ocrx_word' id='word_1_196' title='bbox 2912 1612 2965 1654; x_wconf 90' lang='lat' dir='ltr'><strong>et</strong></span> <span class='ocrx_word' id='word_1_197' title='bbox 3006 1603 3224 1669; x_wconf 84' lang='lat' dir='ltr'><strong>sapiens</strong></span> <span class='ocrx_word' id='word_1_198' title='bbox 3260 1605 3326 1656; x_wconf 88' lang='lat' dir='ltr'><strong>ad</strong></span> 
     </span>
    </p>
   </div>
   <div class='ocr_carea' id='block_1_31' title="bbox 1765 1683 3327 1761">
    <p class='ocr_par' dir='ltr' id='par_1_31' title="bbox 1765 1683 3327 1761">
     <span class='ocr_line' id='line_1_32' title="bbox 1765 1683 3327 1761; baseline 0.006 -23"><span class='ocrx_word' id='word_1_199' title='bbox 1765 1683 2173 1740; x_wconf 81' lang='lat' dir='ltr'><strong>similitudinem</strong></span> <span class='ocrx_word' id='word_1_200' title='bbox 2202 1688 2351 1752; x_wconf 90' lang='lat' dir='ltr'><strong>boni,</strong></span> <span class='ocrx_word' id='word_1_201' title='bbox 2383 1687 2466 1743; x_wconf 90' lang='lat' dir='ltr'><strong>cui</strong></span> <span class='ocrx_word' id='word_1_202' title='bbox 2500 1690 2593 1744; x_wconf 89' lang='lat' dir='ltr'><strong>dat</strong></span> <span class='ocrx_word' id='word_1_203' title='bbox 2625 1691 2952 1755; x_wconf 86' lang='lat' dir='ltr'><strong>bonitatem;</strong></span> <span class='ocrx_word' id='word_1_204' title='bbox 2978 1701 3030 1745; x_wconf 91' lang='lat' dir='ltr'><strong>et</strong></span> <span class='ocrx_word' id='word_1_205' title='bbox 3067 1694 3327 1761; x_wconf 80' lang='lat' dir='ltr'><strong>sapientis</strong></span> 
     </span>
    </p>
   </div>
   <div class='ocr_carea' id='block_1_32' title="bbox 1764 1777 3326 1854">
    <p class='ocr_par' dir='ltr' id='par_1_32' title="bbox 1764 1777 3326 1854">
     <span class='ocr_line' id='line_1_33' title="bbox 1764 1777 3326 1854; baseline 0.005 -23"><span class='ocrx_word' id='word_1_206' title='bbox 1764 1777 1854 1832; x_wconf 90' lang='lat' dir='ltr'><strong>cui</strong></span> <span class='ocrx_word' id='word_1_207' title='bbox 1895 1778 1989 1833; x_wconf 89' lang='lat' dir='ltr'><strong>dat</strong></span> <span class='ocrx_word' id='word_1_208' title='bbox 2018 1779 2358 1850; x_wconf 83' lang='lat' dir='ltr'><strong>sapientiam.</strong></span> <span class='ocrx_word' id='word_1_209' title='bbox 2382 1783 2452 1837; x_wconf 77' lang='lat' dir='ltr'><strong>At</strong></span> <span class='ocrx_word' id='word_1_210' title='bbox 2483 1799 2587 1839; x_wconf 91' lang='lat' dir='ltr'><strong>non</strong></span> <span class='ocrx_word' id='word_1_211' title='bbox 2620 1784 2698 1839; x_wconf 92' lang='lat' dir='ltr'><strong>sic</strong></span> <span class='ocrx_word' id='word_1_212' title='bbox 2730 1785 3015 1854; x_wconf 88' lang='lat' dir='ltr'><strong>Dionysius</strong></span> <span class='ocrx_word' id='word_1_213' title='bbox 3048 1788 3236 1850; x_wconf 88' lang='lat' dir='ltr'><strong>sensit,</strong></span> <span class='ocrx_word' id='word_1_214' title='bbox 3268 1796 3326 1839; x_wconf 89' lang='lat' dir='ltr'><strong>ut</strong></span> 
     </span>
    </p>
   </div>
   <div class='ocr_carea' id='block_1_33' title="bbox 165 1843 3319 1932">
    <p class='ocr_par' dir='ltr' id='par_1_33' title="bbox 165 1843 3319 1932">
     <span class='ocr_line' id='line_1_34' title="bbox 165 1843 3319 1932; baseline 0.011 -36"><span class='ocrx_word' id='word_1_215' title='bbox 165 1843 301 1897; x_wconf 88' lang='lat' dir='ltr'><strong>Cum</strong></span> <span class='ocrx_word' id='word_1_216' title='bbox 329 1856 510 1902; x_wconf 90' lang='lat' dir='ltr'><strong>autem</strong></span> <span class='ocrx_word' id='word_1_217' title='bbox 536 1853 843 1920; x_wconf 72' lang='lat' dir='ltr'><strong>prazpositio</strong></span> <span class='ocrx_word' id='word_1_218' title='bbox 881 1856 1030 1923; x_wconf 81' lang='grc' dir='ltr'><strong>ὑπέρ</strong></span> <span class='ocrx_word' id='word_1_219' title='bbox 1070 1857 1201 1912; x_wconf 89' lang='lat' dir='ltr'><strong>nulli</strong></span> <span class='ocrx_word' id='word_1_220' title='bbox 1236 1861 1498 1916; x_wconf 89' lang='lat' dir='ltr'><strong>vocabulo</strong></span> <span class='ocrx_word' id='word_1_221' title='bbox 1549 1862 1660 1918; x_wconf 89' lang='lat' dir='ltr'><strong>l&#39;re-</strong></span> <span class='ocrx_word' id='word_1_222' title='bbox 1692 1844 1735 1900; x_wconf 75' lang='grc' dir='ltr'><em>Β</em></span> <span class='ocrx_word' id='word_1_223' title='bbox 1767 1871 1984 1924; x_wconf 89' lang='lat' dir='ltr'><strong>nomina</strong></span> <span class='ocrx_word' id='word_1_224' title='bbox 2027 1843 2209 1926; x_wconf 65' lang='lat' dir='ltr'><strong>divina</strong></span> <span class='ocrx_word' id='word_1_225' title='bbox 2259 1876 2555 1929; x_wconf 91' lang='lat' dir='ltr'><strong>secundum</strong></span> <span class='ocrx_word' id='word_1_226' title='bbox 2603 1890 2819 1931; x_wconf 79' lang='lat' dir='ltr'><strong>causam</strong></span> <span class='ocrx_word' id='word_1_227' title='bbox 2853 1887 3063 1930; x_wconf 85' lang='lat' dir='ltr'><strong>tantum</strong></span> <span class='ocrx_word' id='word_1_228' title='bbox 3101 1879 3165 1932; x_wconf 89' lang='lat' dir='ltr'><strong>de</strong></span> <span class='ocrx_word' id='word_1_229' title='bbox 3210 1879 3319 1931; x_wconf 86' lang='lat' dir='ltr'><strong>Deo</strong></span> 
     </span>
    </p>
   </div>
   <div class='ocr_carea' id='block_1_34' title="bbox 102 1938 1661 2016">
    <p class='ocr_par' dir='ltr' id='par_1_34' title="bbox 102 1938 1661 2016">
     <span class='ocr_line' id='line_1_35' title="bbox 102 1938 1661 2016; baseline 0.015 -27"><span class='ocrx_word' id='word_1_230' title='bbox 102 1938 354 2003; x_wconf 88' lang='lat' dir='ltr'><strong>quentius</strong></span> <span class='ocrx_word' id='word_1_231' title='bbox 386 1955 734 2011; x_wconf 63' lang='lat' dir='ltr'><strong>pricponatur</strong></span> <span class='ocrx_word' id='word_1_232' title='bbox 765 1961 927 2016; x_wconf 91' lang='lat' dir='ltr'><strong>quam</strong></span> <span class='ocrx_word' id='word_1_233' title='bbox 967 1951 1084 2004; x_wconf 85' lang='lat' dir='ltr'><strong>voci</strong></span> <span class='ocrx_word' id='word_1_234' title='bbox 1127 1952 1339 2016; x_wconf 78' lang='grc' dir='ltr'><strong>οὐσία,</strong></span> <span class='ocrx_word' id='word_1_235' title='bbox 1382 1956 1661 2013; x_wconf 90' lang='lat' dir='ltr'><strong>sciendum</strong></span> 
     </span>
    </p>
   </div>
   <div class='ocr_carea' id='block_1_35' title="bbox 101 2027 1661 2126">
    <p class='ocr_par' dir='ltr' id='par_1_35' title="bbox 101 2027 1661 2126">
     <span class='ocr_line' id='line_1_36' title="bbox 101 2027 1661 2126; baseline 0.017 -49"><span class='ocrx_word' id='word_1_236' title='bbox 101 2027 235 2083; x_wconf 87' lang='lat' dir='ltr'><strong>hanc</strong></span> <span class='ocrx_word' id='word_1_237' title='bbox 283 2044 472 2086; x_wconf 82' lang='lat' dir='ltr'><strong>vocem</strong></span> <span class='ocrx_word' id='word_1_238' title='bbox 505 2035 645 2102; x_wconf 88' lang='lat' dir='ltr'><strong>apud</strong></span> <span class='ocrx_word' id='word_1_239' title='bbox 681 2037 997 2126; x_wconf 66' lang='lat' dir='ltr'><strong>Dionysium</strong></span> <span class='ocrx_word' id='word_1_240' title='bbox 1049 2051 1104 2095; x_wconf 93' lang='lat' dir='ltr'><strong>ut</strong></span> <span class='ocrx_word' id='word_1_241' title='bbox 1148 2043 1442 2112; x_wconf 91' lang='lat' dir='ltr'><strong>plurimum</strong></span> <span class='ocrx_word' id='word_1_242' title='bbox 1488 2049 1661 2118; x_wconf 78' lang='lat' dir='ltr'><strong>accipi</strong></span> 
     </span>
    </p>
   </div>
   <div class='ocr_carea' id='block_1_36' title="bbox 99 2123 1660 2211">
    <p class='ocr_par' dir='ltr' id='par_1_36' title="bbox 99 2123 1660 2211">
     <span class='ocr_line' id='line_1_37' title="bbox 99 2123 1660 2211; baseline 0.017 -41"><span class='ocrx_word' id='word_1_243' title='bbox 99 2133 197 2187; x_wconf 92' lang='lat' dir='ltr'><strong>pro</strong></span> <span class='ocrx_word' id='word_1_244' title='bbox 226 2123 492 2190; x_wconf 85' lang='lat' dir='ltr'><strong>essentia,</strong></span> <span class='ocrx_word' id='word_1_245' title='bbox 537 2129 844 2183; x_wconf 86' lang='lat' dir='ltr'><strong>substantia</strong></span> <span class='ocrx_word' id='word_1_246' title='bbox 869 2123 1130 2196; x_wconf 19' lang='lat' dir='ltr'><strong>,‘nalura,</strong></span> <span class='ocrx_word' id='word_1_247' title='bbox 1164 2140 1463 2204; x_wconf 62' lang='lat' dir='ltr'><strong>prasertim</strong></span> <span class='ocrx_word' id='word_1_248' title='bbox 1498 2141 1660 2211; x_wconf 86' lang='lat' dir='ltr'><strong>spiri-</strong></span> 
     </span>
    </p>
   </div>
   <div class='ocr_carea' id='block_1_37' title="bbox 103 2211 1658 2297">
    <p class='ocr_par' dir='ltr' id='par_1_37' title="bbox 103 2211 1658 2297">
     <span class='ocr_line' id='line_1_38' title="bbox 103 2211 1658 2297; baseline 0.017 -35"><span class='ocrx_word' id='word_1_249' title='bbox 103 2211 222 2265; x_wconf 91' lang='lat' dir='ltr'><strong>tuali</strong></span> <span class='ocrx_word' id='word_1_250' title='bbox 243 2251 258 2275; x_wconf 89' lang='lat'><strong>,</strong></span> <span class='ocrx_word' id='word_1_251' title='bbox 288 2224 346 2268; x_wconf 87' lang='lat' dir='ltr'><strong>et</strong></span> <span class='ocrx_word' id='word_1_252' title='bbox 379 2217 647 2273; x_wconf 90' lang='lat' dir='ltr'><strong>interdum</strong></span> <span class='ocrx_word' id='word_1_253' title='bbox 676 2222 872 2290; x_wconf 87' lang='lat' dir='ltr'><strong>etiam,</strong></span> <span class='ocrx_word' id='word_1_254' title='bbox 907 2226 1001 2280; x_wconf 91' lang='lat' dir='ltr'><strong>sed</strong></span> <span class='ocrx_word' id='word_1_255' title='bbox 1037 2227 1237 2293; x_wconf 88' lang='lat' dir='ltr'><strong>rarius,</strong></span> <span class='ocrx_word' id='word_1_256' title='bbox 1272 2243 1374 2297; x_wconf 88' lang='lat' dir='ltr'><strong>pro</strong></span> <span class='ocrx_word' id='word_1_257' title='bbox 1407 2235 1658 2288; x_wconf 87' lang='lat' dir='ltr'><strong>materia.</strong></span> 
     </span>
    </p>
   </div>
   <div class='ocr_carea' id='block_1_38' title="bbox 97 2301 1657 2400">
    <p class='ocr_par' dir='ltr' id='par_1_38' title="bbox 97 2301 1657 2400">
     <span class='ocr_line' id='line_1_39' title="bbox 97 2301 1657 2400; baseline 0.017 -47"><span class='ocrx_word' id='word_1_258' title='bbox 97 2301 325 2368; x_wconf 85' lang='lat' dir='ltr'><strong>Quando</strong></span> <span class='ocrx_word' id='word_1_259' title='bbox 379 2317 559 2362; x_wconf 83' lang='lat' dir='ltr'><strong>autem</strong></span> <span class='ocrx_word' id='word_1_260' title='bbox 621 2311 934 2380; x_wconf 67' lang='lat' dir='ltr'><strong>adiungitur</strong></span> <span class='ocrx_word' id='word_1_261' title='bbox 1002 2317 1077 2371; x_wconf 91' lang='lat' dir='ltr'><strong>illi</strong></span> <span class='ocrx_word' id='word_1_262' title='bbox 1144 2322 1454 2389; x_wconf 63' lang='lat' dir='ltr'><strong>praepositio</strong></span> <span class='ocrx_word' id='word_1_263' title='bbox 1496 2324 1657 2400; x_wconf 60' lang='grc' dir='ltr'><strong>ὑπὲρ,</strong></span> 
     </span>
    </p>
   </div>
   <div class='ocr_carea' id='block_1_39' title="bbox 98 2401 1663 2488">
    <p class='ocr_par' dir='ltr' id='par_1_39' title="bbox 98 2401 1663 2488">
     <span class='ocr_line' id='line_1_40' title="bbox 98 2401 1663 2488; baseline 0.017 -39"><span class='ocrx_word' id='word_1_264' title='bbox 98 2408 202 2452; x_wconf 82' lang='lat' dir='ltr'><strong>tuin</strong></span> <span class='ocrx_word' id='word_1_265' title='bbox 248 2401 365 2457; x_wconf 83' lang='lat' dir='ltr'><strong>iere</strong></span> <span class='ocrx_word' id='word_1_266' title='bbox 407 2405 473 2459; x_wconf 91' lang='lat' dir='ltr'><strong>de</strong></span> <span class='ocrx_word' id='word_1_267' title='bbox 505 2405 616 2462; x_wconf 91' lang='lat' dir='ltr'><strong>Deo</strong></span> <span class='ocrx_word' id='word_1_268' title='bbox 649 2411 921 2480; x_wconf 83' lang='lat' dir='ltr'><strong>rebusque</strong></span> <span class='ocrx_word' id='word_1_269' title='bbox 949 2414 1152 2470; x_wconf 77' lang='lat' dir='ltr'><strong>divinis</strong></span> <span class='ocrx_word' id='word_1_270' title='bbox 1181 2432 1244 2470; x_wconf 89' lang='lat' dir='ltr'><strong>ac</strong></span> <span class='ocrx_word' id='word_1_271' title='bbox 1274 2429 1663 2488; x_wconf 84' lang='lat' dir='ltr'><strong>supernatura-</strong></span> 
     </span>
    </p>
   </div>
   <div class='ocr_carea' id='block_1_40' title="bbox 94 2492 1658 2582">
    <p class='ocr_par' dir='ltr' id='par_1_40' title="bbox 94 2492 1658 2582">
     <span class='ocr_line' id='line_1_41' title="bbox 94 2492 1658 2582; baseline 0.015 -37"><span class='ocrx_word' id='word_1_272' title='bbox 94 2492 232 2550; x_wconf 89' lang='lat' dir='ltr'><strong>libus</strong></span> <span class='ocrx_word' id='word_1_273' title='bbox 263 2511 446 2552; x_wconf 92' lang='lat' dir='ltr'><strong>sermo</strong></span> <span class='ocrx_word' id='word_1_274' title='bbox 491 2510 595 2554; x_wconf 86' lang='lat' dir='ltr'><strong>est.</strong></span> <span class='ocrx_word' id='word_1_275' title='bbox 632 2500 773 2557; x_wconf 85' lang='lat' dir='ltr'><strong>Hinc</strong></span> <span class='ocrx_word' id='word_1_276' title='bbox 806 2505 899 2560; x_wconf 90' lang='lat' dir='ltr'><strong>lib.</strong></span> <span class='ocrx_word' id='word_1_277' title='bbox 953 2507 1030 2560; x_wconf 87' lang='lat' dir='ltr'><strong>De</strong></span> <span class='ocrx_word' id='word_1_278' title='bbox 1082 2510 1274 2564; x_wconf 75' lang='lat' dir='ltr'><strong>divinis</strong></span> <span class='ocrx_word' id='word_1_279' title='bbox 1331 2514 1658 2582; x_wconf 74' lang='lat' dir='ltr'><strong>nominibus,</strong></span> 
     </span>
    </p>
   </div>
   <div class='ocr_carea' id='block_1_41' title="bbox 101 2589 1662 2678">
    <p class='ocr_par' dir='ltr' id='par_1_41' title="bbox 101 2589 1662 2678">
     <span class='ocr_line' id='line_1_42' title="bbox 101 2589 1662 2678; baseline 0.01 -35"><span class='ocrx_word' id='word_1_280' title='bbox 101 2601 216 2654; x_wconf 79' lang='lat' dir='ltr'><strong>cap.</strong></span> <span class='ocrx_word' id='word_1_281' title='bbox 248 2590 302 2653; x_wconf 79' lang='grc'><strong>1,</strong></span> <span class='ocrx_word' id='word_1_282' title='bbox 336 2589 364 2661; x_wconf 83' lang='lat'><strong>§</strong></span> <span class='ocrx_word' id='word_1_283' title='bbox 402 2593 450 2655; x_wconf 88' lang='lat' dir='ltr'><strong>l,</strong></span> <span class='ocrx_word' id='word_1_284' title='bbox 482 2605 536 2648; x_wconf 90' lang='lat' dir='ltr'><strong>et</strong></span> <span class='ocrx_word' id='word_1_285' title='bbox 583 2594 710 2650; x_wconf 88' lang='lat' dir='ltr'><strong>alibi</strong></span> <span class='ocrx_word' id='word_1_286' title='bbox 767 2600 1003 2667; x_wconf 88' lang='lat' dir='ltr'><strong>passim,</strong></span> <span class='ocrx_word' id='word_1_287' title='bbox 1051 2602 1208 2657; x_wconf 81' lang='lat' dir='ltr'><strong>[idem</strong></span> <span class='ocrx_word' id='word_1_288' title='bbox 1251 2615 1407 2660; x_wconf 78' lang='lat' dir='ltr'><strong>vocat</strong></span> <span class='ocrx_word' id='word_1_289' title='bbox 1438 2624 1458 2658; x_wconf 70' lang='grc' dir='ltr'>ι</span> <span class='ocrx_word' id='word_1_290' title='bbox 1494 2608 1662 2678; x_wconf 82' lang='grc' dir='ltr'>ὑπερ-</span> 
     </span>
    </p>
   </div>
   <div class='ocr_carea' id='block_1_42' title="bbox 96 2679 1653 2764">
    <p class='ocr_par' dir='ltr' id='par_1_42' title="bbox 96 2679 1653 2764">
     <span class='ocr_line' id='line_1_43' title="bbox 96 2679 1653 2764; baseline 0.015 -35"><span class='ocrx_word' id='word_1_291' title='bbox 96 2679 267 2732; x_wconf 78' lang='grc' dir='ltr'><strong>ούσιον</strong></span> <span class='ocrx_word' id='word_1_292' title='bbox 293 2683 625 2754; x_wconf 75' lang='grc' dir='ltr'><strong>ἐπιστήμην,</strong></span> <span class='ocrx_word' id='word_1_293' title='bbox 648 2705 666 2737; x_wconf 71' lang='grc' dir='ltr'><strong>ι</strong></span> <span class='ocrx_word' id='word_1_294' title='bbox 696 2686 746 2740; x_wconf 92' lang='lat' dir='ltr'><strong>id</strong></span> <span class='ocrx_word' id='word_1_295' title='bbox 774 2696 857 2741; x_wconf 83' lang='lat' dir='ltr'><strong>est</strong></span> <span class='ocrx_word' id='word_1_296' title='bbox 881 2695 1334 2756; x_wconf 83' lang='lat' dir='ltr'><strong>supernaturalem</strong></span> <span class='ocrx_word' id='word_1_297' title='bbox 1354 2698 1653 2764; x_wconf 81' lang='lat' dir='ltr'><strong>scientiam,</strong></span> 
     </span>
    </p>
   </div>
   <div class='ocr_carea' id='block_1_43' title="bbox 95 2773 1660 2854">
    <p class='ocr_par' dir='ltr' id='par_1_43' title="bbox 95 2773 1660 2854">
     <span class='ocr_line' id='line_1_44' title="bbox 95 2773 1660 2854; baseline 0.013 -30"><span class='ocrx_word' id='word_1_298' title='bbox 95 2773 212 2838; x_wconf 89' lang='lat' dir='ltr'><strong>quia</strong></span> <span class='ocrx_word' id='word_1_299' title='bbox 267 2775 477 2831; x_wconf 88' lang='lat' dir='ltr'><strong>viribus</strong></span> <span class='ocrx_word' id='word_1_300' title='bbox 534 2786 739 2832; x_wconf 72' lang='lat' dir='ltr'><strong>naturze</strong></span> <span class='ocrx_word' id='word_1_301' title='bbox 797 2781 983 2836; x_wconf 90' lang='lat' dir='ltr'><strong>haberi</strong></span> <span class='ocrx_word' id='word_1_302' title='bbox 1038 2785 1263 2854; x_wconf 89' lang='lat' dir='ltr'><strong>nequit,</strong></span> <span class='ocrx_word' id='word_1_303' title='bbox 1323 2787 1414 2842; x_wconf 87' lang='lat' dir='ltr'><strong>sed</strong></span> <span class='ocrx_word' id='word_1_304' title='bbox 1464 2804 1492 2842; x_wconf 91' lang='lat' dir='ltr'><strong>a</strong></span> <span class='ocrx_word' id='word_1_305' title='bbox 1551 2789 1660 2844; x_wconf 89' lang='lat' dir='ltr'><strong>Deo</strong></span> 
     </span>
    </p>
   </div>
   <div class='ocr_carea' id='block_1_44' title="bbox 93 2866 1658 2950">
    <p class='ocr_par' dir='ltr' id='par_1_44' title="bbox 93 2866 1658 2950">
     <span class='ocr_line' id='line_1_45' title="bbox 93 2866 1658 2950; baseline 0.012 -32"><span class='ocrx_word' id='word_1_306' title='bbox 93 2866 244 2921; x_wconf 89' lang='lat' dir='ltr'><strong>nobis</strong></span> <span class='ocrx_word' id='word_1_307' title='bbox 287 2867 409 2935; x_wconf 75' lang='lat' dir='ltr'><strong>ejus</strong></span> <span class='ocrx_word' id='word_1_308' title='bbox 463 2869 678 2925; x_wconf 84' lang='lat' dir='ltr'><strong>iiabitus</strong></span> <span class='ocrx_word' id='word_1_309' title='bbox 736 2872 943 2928; x_wconf 78' lang='lat' dir='ltr'><strong>infundi</strong></span> <span class='ocrx_word' id='word_1_310' title='bbox 999 2876 1199 2941; x_wconf 86' lang='lat' dir='ltr'><strong>debet,</strong></span> <span class='ocrx_word' id='word_1_311' title='bbox 1257 2891 1312 2933; x_wconf 88' lang='lat' dir='ltr'><strong>et</strong></span> <span class='ocrx_word' id='word_1_312' title='bbox 1378 2879 1473 2935; x_wconf 90' lang='lat' dir='ltr'><strong>Dei</strong></span> <span class='ocrx_word' id='word_1_313' title='bbox 1530 2896 1658 2950; x_wconf 59' lang='lat' dir='ltr'><strong>gran</strong></span> 
     </span>
    </p>
   </div>
   <div class='ocr_carea' id='block_1_45' title="bbox 95 2959 1657 3028">
    <p class='ocr_par' dir='ltr' id='par_1_45' title="bbox 95 2959 1657 3028">
     <span class='ocr_line' id='line_1_46' title="bbox 95 2959 1657 3028; baseline 0.012 -20"><span class='ocrx_word' id='word_1_314' title='bbox 95 2959 164 3010; x_wconf 88' lang='lat' dir='ltr'><strong>tia</strong></span> <span class='ocrx_word' id='word_1_315' title='bbox 214 2973 352 3028; x_wconf 89' lang='lat' dir='ltr'><strong>opus</strong></span> <span class='ocrx_word' id='word_1_316' title='bbox 426 2971 510 3014; x_wconf 90' lang='lat' dir='ltr'><strong>est</strong></span> <span class='ocrx_word' id='word_1_317' title='bbox 565 2971 623 3016; x_wconf 93' lang='lat' dir='ltr'><strong>ut</strong></span> <span class='ocrx_word' id='word_1_318' title='bbox 670 2973 826 3020; x_wconf 88' lang='lat' dir='ltr'><strong>actus</strong></span> <span class='ocrx_word' id='word_1_319' title='bbox 869 2964 992 3020; x_wconf 74' lang='lat' dir='ltr'><strong>fidei</strong></span> <span class='ocrx_word' id='word_1_320' title='bbox 1038 2967 1310 3027; x_wconf 90' lang='lat' dir='ltr'><strong>eliciatur.</strong></span> <span class='ocrx_word' id='word_1_321' title='bbox 1357 2970 1447 3027; x_wconf 88' lang='lat' dir='ltr'><strong>Sic</strong></span> <span class='ocrx_word' id='word_1_322' title='bbox 1495 2974 1657 3027; x_wconf 90' lang='lat' dir='ltr'><strong>etiam</strong></span> 
     </span>
    </p>
   </div>
   <div class='ocr_carea' id='block_1_46' title="bbox 94 3046 1657 3133">
    <p class='ocr_par' dir='ltr' id='par_1_46' title="bbox 94 3046 1657 3133">
     <span class='ocr_line' id='line_1_47' title="bbox 94 3046 1657 3133; baseline 0.012 -34"><span class='ocrx_word' id='word_1_323' title='bbox 94 3046 393 3114; x_wconf 75' lang='lat' dir='ltr'><strong>Christum,</strong></span> <span class='ocrx_word' id='word_1_324' title='bbox 432 3061 688 3120; x_wconf 88' lang='lat' dir='ltr'><strong>tanquam</strong></span> <span class='ocrx_word' id='word_1_325' title='bbox 721 3055 846 3109; x_wconf 87' lang='lat' dir='ltr'><strong>lidei</strong></span> <span class='ocrx_word' id='word_1_326' title='bbox 875 3065 928 3110; x_wconf 91' lang='lat' dir='ltr'><strong>et</strong></span> <span class='ocrx_word' id='word_1_327' title='bbox 970 3060 1158 3127; x_wconf 74' lang='lat' dir='ltr'><strong>gratiae</strong></span> <span class='ocrx_word' id='word_1_328' title='bbox 1190 3071 1465 3116; x_wconf 89' lang='lat' dir='ltr'><strong>auctorem</strong></span> <span class='ocrx_word' id='word_1_329' title='bbox 1489 3103 1504 3126; x_wconf 91' lang='lat'><strong>,</strong></span> <span class='ocrx_word' id='word_1_330' title='bbox 1536 3078 1657 3133; x_wconf 88' lang='lat' dir='ltr'><strong>cap.</strong></span> 
     </span>
    </p>
   </div>
   <div class='ocr_carea' id='block_1_47' title="bbox 93 3134 1652 3218">
    <p class='ocr_par' dir='ltr' id='par_1_47' title="bbox 93 3134 1652 3218">
     <span class='ocr_line' id='line_1_48' title="bbox 93 3134 1652 3218; baseline 0.013 -32"><span class='ocrx_word' id='word_1_331' title='bbox 93 3135 116 3187; x_wconf 77' lang='lat' dir='ltr'><strong>l</strong></span> <span class='ocrx_word' id='word_1_332' title='bbox 151 3134 296 3192; x_wconf 81' lang='lat' dir='ltr'><strong>Eccl.</strong></span> <span class='ocrx_word' id='word_1_333' title='bbox 340 3141 520 3192; x_wconf 83' lang='lat' dir='ltr'><strong>hierar</strong></span> <span class='ocrx_word' id='word_1_334' title='bbox 549 3181 566 3206; x_wconf 90' lang='lat'><strong>,</strong></span> <span class='ocrx_word' id='word_1_335' title='bbox 594 3141 622 3212; x_wconf 67' lang='grc' dir='ltr'>δ</span> <span class='ocrx_word' id='word_1_336' title='bbox 659 3143 706 3206; x_wconf 82' lang='lat' dir='ltr'><strong>l,</strong></span> <span class='ocrx_word' id='word_1_337' title='bbox 738 3145 967 3213; x_wconf 86' lang='lat' dir='ltr'><strong>appellat</strong></span> <span class='ocrx_word' id='word_1_338' title='bbox 1001 3165 1019 3198; x_wconf 67' lang='grc' dir='ltr'><strong>ε</strong></span> <span class='ocrx_word' id='word_1_339' title='bbox 1059 3146 1491 3218; x_wconf 79' lang='grc' dir='ltr'><strong>Οεαρχικώτατον</strong></span> <span class='ocrx_word' id='word_1_340' title='bbox 1527 3153 1652 3205; x_wconf 81' lang='grc' dir='ltr'><strong>νοῦν</strong></span> 
     </span>
    </p>
   </div>
   <div class='ocr_carea' id='block_1_48' title="bbox 93 3228 1655 3302">
    <p class='ocr_par' dir='ltr' id='par_1_48' title="bbox 93 3228 1655 3302">
     <span class='ocr_line' id='line_1_49' title="bbox 93 3228 1655 3302; baseline 0.011 -23"><span class='ocrx_word' id='word_1_341' title='bbox 93 3228 183 3280; x_wconf 79' lang='grc' dir='ltr'><strong>καὶ</strong></span> <span class='ocrx_word' id='word_1_342' title='bbox 232 3230 585 3302; x_wconf 78' lang='grc' dir='ltr'><strong>ὑπερούσιον,</strong></span> <span class='ocrx_word' id='word_1_343' title='bbox 621 3251 639 3283; x_wconf 75' lang='grc' dir='ltr'><strong><em>ι</em></strong></span> <span class='ocrx_word' id='word_1_344' title='bbox 671 3233 722 3288; x_wconf 92' lang='lat' dir='ltr'><strong>id</strong></span> <span class='ocrx_word' id='word_1_345' title='bbox 761 3246 845 3289; x_wconf 84' lang='lat' dir='ltr'><strong>est</strong></span> <span class='ocrx_word' id='word_1_346' title='bbox 885 3251 1110 3291; x_wconf 82' lang='lat' dir='ltr'><strong>mentem</strong></span> <span class='ocrx_word' id='word_1_347' title='bbox 1162 3242 1389 3296; x_wconf 71' lang='lat' dir='ltr'><strong>maxime</strong></span> <span class='ocrx_word' id='word_1_348' title='bbox 1422 3243 1655 3296; x_wconf 76' lang='lat' dir='ltr'><strong>divinam</strong></span> 
     </span>
    </p>
   </div>
   <div class='ocr_carea' id='block_1_49' title="bbox 93 3324 1661 3389">
    <p class='ocr_par' dir='ltr' id='par_1_49' title="bbox 93 3324 1661 3389">
     <span class='ocr_line' id='line_1_50' title="bbox 93 3324 1661 3389; baseline 0.012 -19"><span class='ocrx_word' id='word_1_349' title='bbox 93 3336 150 3371; x_wconf 87' lang='lat' dir='ltr'><strong>ac</strong></span> <span class='ocrx_word' id='word_1_350' title='bbox 184 3324 665 3388; x_wconf 84' lang='lat' dir='ltr'><strong>superuaturalem.</strong></span> <span class='ocrx_word' id='word_1_351' title='bbox 717 3325 982 3382; x_wconf 89' lang='lat' dir='ltr'><strong>Similiter</strong></span> <span class='ocrx_word' id='word_1_352' title='bbox 1028 3333 1440 3387; x_wconf 86' lang='lat' dir='ltr'><strong>sacraineutalia</strong></span> <span class='ocrx_word' id='word_1_353' title='bbox 1478 3343 1530 3388; x_wconf 90' lang='lat' dir='ltr'><strong>et</strong></span> <span class='ocrx_word' id='word_1_354' title='bbox 1572 3349 1661 3389; x_wconf 85' lang='lat' dir='ltr'><strong>sa-</strong></span> 
     </span>
    </p>
   </div>
   <div class='ocr_carea' id='block_1_50' title="bbox 92 3413 1660 3495">
    <p class='ocr_par' dir='ltr' id='par_1_50' title="bbox 92 3413 1660 3495">
     <span class='ocr_line' id='line_1_51' title="bbox 92 3413 1660 3495; baseline 0.013 -34"><span class='ocrx_word' id='word_1_355' title='bbox 92 3422 372 3466; x_wconf 86' lang='lat' dir='ltr'><strong>cramenta</strong></span> <span class='ocrx_word' id='word_1_356' title='bbox 399 3452 414 3477; x_wconf 94' lang='lat'><strong>,</strong></span> <span class='ocrx_word' id='word_1_357' title='bbox 462 3425 517 3468; x_wconf 89' lang='lat' dir='ltr'><strong>et</strong></span> <span class='ocrx_word' id='word_1_358' title='bbox 557 3413 869 3485; x_wconf 89' lang='lat' dir='ltr'><strong>Scripturas</strong></span> <span class='ocrx_word' id='word_1_359' title='bbox 899 3419 1107 3476; x_wconf 76' lang='lat' dir='ltr'><strong>divinas</strong></span> <span class='ocrx_word' id='word_1_360' title='bbox 1143 3421 1340 3476; x_wconf 91' lang='lat' dir='ltr'><strong>ibidem</strong></span> <span class='ocrx_word' id='word_1_361' title='bbox 1378 3423 1406 3495; x_wconf 65' lang='grc' dir='ltr'><strong>ς</strong></span> <span class='ocrx_word' id='word_1_362' title='bbox 1438 3425 1471 3479; x_wconf 89' lang='grc'><strong>5</strong></span> <span class='ocrx_word' id='word_1_363' title='bbox 1505 3437 1660 3481; x_wconf 79' lang='lat' dir='ltr'><strong>vocat</strong></span> 
     </span>
    </p>
   </div>
   <div class='ocr_carea' id='block_1_51' title="bbox 97 3505 1660 3585">
    <p class='ocr_par' dir='ltr' id='par_1_51' title="bbox 97 3505 1660 3585">
     <span class='ocr_line' id='line_1_52' title="bbox 97 3505 1660 3585; baseline 0.012 -31"><span class='ocrx_word' id='word_1_364' title='bbox 97 3521 113 3553; x_wconf 84' lang='lat' dir='ltr'><strong>t</strong></span> <span class='ocrx_word' id='word_1_365' title='bbox 149 3505 206 3556; x_wconf 79' lang='grc' dir='ltr'>τὸ</span> <span class='ocrx_word' id='word_1_366' title='bbox 238 3505 388 3577; x_wconf 71' lang='grc' dir='ltr'>ἱερὸν</span> <span class='ocrx_word' id='word_1_367' title='bbox 413 3506 588 3578; x_wconf 85' lang='grc' dir='ltr'>δῶρον</span> <span class='ocrx_word' id='word_1_368' title='bbox 616 3511 714 3580; x_wconf 83' lang='grc' dir='ltr'><strong>τῆς</strong></span> <span class='ocrx_word' id='word_1_369' title='bbox 752 3511 1079 3581; x_wconf 74' lang='grc' dir='ltr'><strong>ὑπερουσίου</strong></span> <span class='ocrx_word' id='word_1_370' title='bbox 1115 3511 1403 3585; x_wconf 70' lang='grc' dir='ltr'><strong>θεαρχίας,</strong></span> <span class='ocrx_word' id='word_1_371' title='bbox 1441 3537 1460 3568; x_wconf 71' lang='grc' dir='ltr'><strong><em>ι</em></strong></span> <span class='ocrx_word' id='word_1_372' title='bbox 1492 3517 1542 3572; x_wconf 86' lang='lat' dir='ltr'><strong>id</strong></span> <span class='ocrx_word' id='word_1_373' title='bbox 1574 3529 1660 3573; x_wconf 87' lang='lat' dir='ltr'><strong>est</strong></span> 
     </span>
    </p>
   </div>
   <div class='ocr_carea' id='block_1_52' title="bbox 94 3603 1658 3675">
    <p class='ocr_par' dir='ltr' id='par_1_52' title="bbox 94 3603 1658 3675">
     <span class='ocr_line' id='line_1_53' title="bbox 94 3603 1658 3675; baseline 0.012 -29"><span class='ocrx_word' id='word_1_374' title='bbox 94 3613 299 3649; x_wconf 82' lang='lat' dir='ltr'><strong>sacrum</strong></span> <span class='ocrx_word' id='word_1_375' title='bbox 344 3614 536 3653; x_wconf 84' lang='lat' dir='ltr'><strong>munus</strong></span> <span class='ocrx_word' id='word_1_376' title='bbox 565 3603 984 3672; x_wconf 82' lang='lat' dir='ltr'><strong>supernaturalis</strong></span> <span class='ocrx_word' id='word_1_377' title='bbox 1030 3604 1122 3657; x_wconf 88' lang='lat' dir='ltr'><strong>Dei</strong></span> <span class='ocrx_word' id='word_1_378' title='bbox 1152 3608 1501 3675; x_wconf 84' lang='lat' dir='ltr'><strong>principatus.</strong></span> <span class='ocrx_word' id='word_1_379' title='bbox 1532 3607 1658 3665; x_wconf 59' lang='lat' dir='ltr'><strong>Hac</strong></span> 
     </span>
    </p>
   </div>
   <div class='ocr_carea' id='block_1_53' title="bbox 96 3686 1658 3758">
    <p class='ocr_par' dir='ltr' id='par_1_53' title="bbox 96 3686 1658 3758">
     <span class='ocr_line' id='line_1_54' title="bbox 96 3686 1658 3758; baseline 0.012 -22"><span class='ocrx_word' id='word_1_380' title='bbox 96 3686 234 3738; x_wconf 86' lang='lat' dir='ltr'><strong>enim</strong></span> <span class='ocrx_word' id='word_1_381' title='bbox 263 3690 451 3742; x_wconf 88' lang='lat' dir='ltr'><strong>omnia</strong></span> <span class='ocrx_word' id='word_1_382' title='bbox 485 3700 734 3758; x_wconf 89' lang='lat' dir='ltr'><strong>spectant</strong></span> <span class='ocrx_word' id='word_1_383' title='bbox 770 3694 841 3746; x_wconf 91' lang='lat' dir='ltr'><strong>ad</strong></span> <span class='ocrx_word' id='word_1_384' title='bbox 879 3695 1123 3748; x_wconf 87' lang='lat' dir='ltr'><strong>ordinem</strong></span> <span class='ocrx_word' id='word_1_385' title='bbox 1156 3705 1349 3752; x_wconf 88' lang='lat' dir='ltr'><strong>natura</strong></span> <span class='ocrx_word' id='word_1_386' title='bbox 1381 3701 1658 3755; x_wconf 88' lang='lat' dir='ltr'><strong>sublimio-</strong></span> 
     </span>
    </p>
   </div>
   <div class='ocr_carea' id='block_1_54' title="bbox 95 3779 1658 3853">
    <p class='ocr_par' dir='ltr' id='par_1_54' title="bbox 95 3779 1658 3853">
     <span class='ocr_line' id='line_1_55' title="bbox 95 3779 1658 3853; baseline 0.012 -25"><span class='ocrx_word' id='word_1_387' title='bbox 95 3792 226 3845; x_wconf 89' lang='lat' dir='ltr'><strong>rem,</strong></span> <span class='ocrx_word' id='word_1_388' title='bbox 255 3779 470 3833; x_wconf 90' lang='lat' dir='ltr'><strong>scilicet</strong></span> <span class='ocrx_word' id='word_1_389' title='bbox 510 3782 729 3851; x_wconf 68' lang='lat' dir='ltr'><strong>gratiae,</strong></span> <span class='ocrx_word' id='word_1_390' title='bbox 761 3798 866 3851; x_wconf 88' lang='lat' dir='ltr'><strong>qua</strong></span> <span class='ocrx_word' id='word_1_391' title='bbox 915 3798 1078 3853; x_wconf 89' lang='lat' dir='ltr'><strong>supra</strong></span> <span class='ocrx_word' id='word_1_392' title='bbox 1121 3794 1370 3841; x_wconf 88' lang='lat' dir='ltr'><strong>naturam</strong></span> <span class='ocrx_word' id='word_1_393' title='bbox 1403 3791 1469 3843; x_wconf 92' lang='lat' dir='ltr'><strong>ad</strong></span> <span class='ocrx_word' id='word_1_394' title='bbox 1519 3791 1658 3846; x_wconf 82' lang='lat' dir='ltr'><strong>divi-</strong></span> 
     </span>
    </p>
   </div>
   <div class='ocr_carea' id='block_1_55' title="bbox 97 3868 1657 3953">
    <p class='ocr_par' dir='ltr' id='par_1_55' title="bbox 97 3868 1657 3953">
     <span class='ocr_line' id='line_1_56' title="bbox 97 3868 1657 3953; baseline 0.012 -35"><span class='ocrx_word' id='word_1_395' title='bbox 97 3881 221 3918; x_wconf 86' lang='lat' dir='ltr'><strong>num</strong></span> <span class='ocrx_word' id='word_1_396' title='bbox 251 3868 543 3937; x_wconf 80' lang='lat' dir='ltr'><strong>quemdam</strong></span> <span class='ocrx_word' id='word_1_397' title='bbox 575 3877 773 3924; x_wconf 87' lang='lat' dir='ltr'><strong>statum</strong></span> <span class='ocrx_word' id='word_1_398' title='bbox 808 3873 1102 3942; x_wconf 87' lang='lat' dir='ltr'><strong>elevamur,</strong></span> <span class='ocrx_word' id='word_1_399' title='bbox 1135 3878 1210 3929; x_wconf 91' lang='lat' dir='ltr'><strong>uti</strong></span> <span class='ocrx_word' id='word_1_400' title='bbox 1260 3877 1417 3932; x_wconf 88' lang='lat' dir='ltr'><strong>docet</strong></span> <span class='ocrx_word' id='word_1_401' title='bbox 1457 3879 1657 3953; x_wconf 85' lang='lat' dir='ltr'><strong>Diony-</strong></span> 
     </span>
    </p>
   </div>
   <div class='ocr_carea' id='block_1_56' title="bbox 95 3957 1166 4034">
    <p class='ocr_par' dir='ltr' id='par_1_56' title="bbox 95 3957 1166 4034">
     <span class='ocr_line' id='line_1_57' title="bbox 95 3957 1166 4034; baseline 0.01 -22"><span class='ocrx_word' id='word_1_402' title='bbox 95 3959 201 4012; x_wconf 82' lang='lat' dir='ltr'><strong>sius</strong></span> <span class='ocrx_word' id='word_1_403' title='bbox 232 3957 308 4012; x_wconf 86' lang='lat' dir='ltr'><strong>De</strong></span> <span class='ocrx_word' id='word_1_404' title='bbox 341 3958 472 4013; x_wconf 84' lang='lat' dir='ltr'><strong>eccl.</strong></span> <span class='ocrx_word' id='word_1_405' title='bbox 509 3960 665 4028; x_wconf 79' lang='lat' dir='ltr'><strong>bier.,</strong></span> <span class='ocrx_word' id='word_1_406' title='bbox 704 3978 824 4032; x_wconf 85' lang='lat' dir='ltr'><strong>cap.</strong></span> <span class='ocrx_word' id='word_1_407' title='bbox 855 3963 908 4029; x_wconf 74' lang='lat'><strong>2,</strong></span> <span class='ocrx_word' id='word_1_408' title='bbox 937 3977 1091 4034; x_wconf 88' lang='lat' dir='ltr'><strong>parte</strong></span> <span class='ocrx_word' id='word_1_409' title='bbox 1128 3985 1166 4024; x_wconf 81' lang='grc' dir='ltr'><strong>ι.</strong></span> 
     </span>
    </p>
   </div>
   <div class='ocr_carea' id='block_1_57' title="bbox 609 4101 1144 4162">
    <p class='ocr_par' dir='ltr' id='par_1_57' title="bbox 609 4101 1144 4162">
     <span class='ocr_line' id='line_1_58' title="bbox 609 4101 1144 4162; baseline 0.006 -5"><span class='ocrx_word' id='word_1_410' title='bbox 609 4101 1042 4161; x_wconf 81' lang='lat' dir='ltr'><strong>OBSERVATIO</strong></span> <span class='ocrx_word' id='word_1_411' title='bbox 1082 4108 1144 4162; x_wconf 74' lang='grc' dir='ltr'><strong>ν.</strong></span> 
     </span>
    </p>
   </div>
   <div class='ocr_carea' id='block_1_58' title="bbox 97 4193 1656 4265">
    <p class='ocr_par' dir='ltr' id='par_1_58' title="bbox 97 4193 1656 4265">
     <span class='ocr_line' id='line_1_59' title="bbox 97 4193 1656 4265; baseline 0.008 -19"><span class='ocrx_word' id='word_1_412' title='bbox 97 4193 228 4260; x_wconf 84' lang='lat' dir='ltr'><strong>Quid</strong></span> <span class='ocrx_word' id='word_1_413' title='bbox 275 4195 575 4265; x_wconf 75' lang='lat' dir='ltr'><strong>signiﬁcent</strong></span> <span class='ocrx_word' id='word_1_414' title='bbox 625 4197 911 4265; x_wconf 84' lang='lat' dir='ltr'><strong>composita</strong></span> <span class='ocrx_word' id='word_1_415' title='bbox 963 4215 1027 4252; x_wconf 83' lang='lat' dir='ltr'><strong>ea:</strong></span> <span class='ocrx_word' id='word_1_416' title='bbox 1085 4204 1247 4256; x_wconf 82' lang='grc' dir='ltr'><strong>αὑτό.</strong></span> <span class='ocrx_word' id='word_1_417' title='bbox 1301 4202 1532 4262; x_wconf 80' lang='lat' dir='ltr'><strong>Nomina</strong></span> <span class='ocrx_word' id='word_1_418' title='bbox 1574 4211 1656 4265; x_wconf 53' lang='lat' dir='ltr'><strong>di.-</strong></span> 
     </span>
    </p>
   </div>
   <div class='ocr_carea' id='block_1_59' title="bbox 163 4264 1655 4337">
    <p class='ocr_par' dir='ltr' id='par_1_59' title="bbox 163 4264 1655 4337">
     <span class='ocr_line' id='line_1_60' title="bbox 163 4264 1655 4337; baseline 0.001 -18"><span class='ocrx_word' id='word_1_419' title='bbox 163 4267 279 4319; x_wconf 65' lang='lat' dir='ltr'><strong>trina</strong></span> <span class='ocrx_word' id='word_1_420' title='bbox 310 4264 416 4337; x_wconf 68' lang='lat' dir='ltr'><strong>quo</strong></span> <span class='ocrx_word' id='word_1_421' title='bbox 445 4281 597 4320; x_wconf 77' lang='lat' dir='ltr'><strong>sensu</strong></span> <span class='ocrx_word' id='word_1_422' title='bbox 616 4266 679 4314; x_wconf 87' lang='lat' dir='ltr'><strong>de</strong></span> <span class='ocrx_word' id='word_1_423' title='bbox 704 4264 808 4317; x_wconf 86' lang='lat' dir='ltr'><strong>Deo</strong></span> <span class='ocrx_word' id='word_1_424' title='bbox 825 4268 1091 4331; x_wconf 67' lang='lat' dir='ltr'><strong>praedicet.</strong></span> <span class='ocrx_word' id='word_1_425' title='bbox 1126 4273 1266 4337; x_wconf 85' lang='lat' dir='ltr'><strong>Quid</strong></span> <span class='ocrx_word' id='word_1_426' title='bbox 1326 4279 1396 4329; x_wconf 89' lang='lat' dir='ltr'><strong>sit</strong></span> <span class='ocrx_word' id='word_1_427' title='bbox 1450 4296 1509 4332; x_wconf 88' lang='lat' dir='ltr'><strong>ea</strong></span> <span class='ocrx_word' id='word_1_428' title='bbox 1533 4264 1655 4334; x_wconf 73' lang='lat'><strong>080.</strong></span> 
     </span>
    </p>
   </div>
   <div class='ocr_carea' id='block_1_60' title="bbox 161 4334 1654 4460">
    <p class='ocr_par' dir='ltr' id='par_1_60' title="bbox 161 4334 1654 4460">
     <span class='ocr_line' id='line_1_61' title="bbox 161 4334 1654 4460; baseline 0.01 -72"><span class='ocrx_word' id='word_1_429' title='bbox 161 4334 404 4460; x_wconf 51' lang='grc' dir='ltr'><strong>πρεθέῷςξ</strong></span> <span class='ocrx_word' id='word_1_430' title='bbox 461 4341 762 4406; x_wconf 71' lang='grc' dir='ltr'><strong>ρτωαίεαή.</strong></span> <span class='ocrx_word' id='word_1_431' title='bbox 821 4337 946 4393; x_wconf 80' lang='lat' dir='ltr'><strong>Non</strong></span> <span class='ocrx_word' id='word_1_432' title='bbox 1003 4334 1173 4396; x_wconf 79' lang='lat' dir='ltr'><strong>solum</strong></span> <span class='ocrx_word' id='word_1_433' title='bbox 1219 4350 1503 4402; x_wconf 83' lang='lat' dir='ltr'><strong>secundum</strong></span> <span class='ocrx_word' id='word_1_434' title='bbox 1535 4368 1654 4403; x_wconf 85' lang='lat' dir='ltr'><strong>cuu-</strong></span> 
     </span>
     <span class='ocr_line' id='line_1_62' title="bbox 161 4422 428 4460; baseline 0 0"><span class='ocrx_word' id='word_1_435' title='bbox 161 4422 267 4460; x_wconf 86' lang='lat' dir='ltr'><strong>sam</strong></span> <span class='ocrx_word' id='word_1_436' title='bbox 333 4425 428 4460; x_wconf 83' lang='lat' dir='ltr'><strong>tes.</strong></span> 
     </span>
    </p>
   </div>
   <div class='ocr_carea' id='block_1_61' title="bbox 157 4422 428 4462">
    <p class='ocr_par' dir='ltr' id='par_1_61' title="bbox 157 4422 428 4462">
     <span class='ocr_line' id='line_1_63' title="bbox 157 4422 428 4462; baseline 0.004 -1"><span class='ocrx_word' id='word_1_437' title='bbox 157 4422 267 4461; x_wconf 86' lang='lat' dir='ltr'><strong>sam</strong></span> <span class='ocrx_word' id='word_1_438' title='bbox 295 4422 428 4462; x_wconf 74' lang='grc' dir='ltr'><strong><em>αισι.</em></strong></span> 
     </span>
    </p>
   </div>
   <div class='ocr_carea' id='block_1_62' title="bbox 161 4520 2248 4621">
    <p class='ocr_par' dir='ltr' id='par_1_62' title="bbox 161 4520 2248 4621">
     <span class='ocr_line' id='line_1_64' title="bbox 161 4520 2248 4621; baseline 0.009 -48"><span class='ocrx_word' id='word_1_439' title='bbox 161 4520 333 4574; x_wconf 89' lang='lat' dir='ltr'><strong>Simili</strong></span> <span class='ocrx_word' id='word_1_440' title='bbox 381 4520 501 4575; x_wconf 80' lang='lat' dir='ltr'><strong>fere</strong></span> <span class='ocrx_word' id='word_1_441' title='bbox 548 4521 706 4574; x_wconf 89' lang='lat' dir='ltr'><strong>modo</strong></span> <span class='ocrx_word' id='word_1_442' title='bbox 752 4521 1091 4594; x_wconf 81' lang='lat' dir='ltr'><strong>intelligenda</strong></span> <span class='ocrx_word' id='word_1_443' title='bbox 1124 4539 1248 4582; x_wconf 91' lang='lat' dir='ltr'><strong>sunt</strong></span> <span class='ocrx_word' id='word_1_444' title='bbox 1280 4531 1497 4586; x_wconf 91' lang='lat' dir='ltr'><strong>nomina</strong></span> <span class='ocrx_word' id='word_1_445' title='bbox 1533 4549 1652 4600; x_wconf 75' lang='lat' dir='ltr'><strong>qua:</strong></span> <span class='ocrx_word' id='word_1_446' title='bbox 1684 4532 1728 4587; x_wconf 90' lang='lat' dir='ltr'><strong>D</strong></span> <span class='ocrx_word' id='word_1_447' title='bbox 1795 4555 2066 4621; x_wconf 66' lang='lat' dir='ltr'><strong>Quomodo</strong></span> <span class='ocrx_word' id='word_1_448' title='bbox 2111 4557 2248 4613; x_wconf 59' lang='lat' dir='ltr'><strong>De,“</strong></span> 
     </span>
    </p>
   </div>
   <div class='ocr_carea' id='block_1_63' title="bbox 95 4615 1657 4686">
    <p class='ocr_par' dir='ltr' id='par_1_63' title="bbox 95 4615 1657 4686">
     <span class='ocr_line' id='line_1_65' title="bbox 95 4615 1657 4686; baseline 0.009 -21"><span class='ocrx_word' id='word_1_449' title='bbox 95 4623 492 4682; x_wconf 89' lang='lat' dir='ltr'><strong>componuntur</strong></span> <span class='ocrx_word' id='word_1_450' title='bbox 522 4629 587 4667; x_wconf 75' lang='lat' dir='ltr'><strong>ex</strong></span> <span class='ocrx_word' id='word_1_451' title='bbox 617 4615 876 4681; x_wconf 86' lang='lat' dir='ltr'><strong>particula</strong></span> <span class='ocrx_word' id='word_1_452' title='bbox 909 4621 1076 4683; x_wconf 78' lang='grc' dir='ltr'><strong>αὐτό,</strong></span> <span class='ocrx_word' id='word_1_453' title='bbox 1110 4630 1166 4674; x_wconf 82' lang='grc' dir='ltr'><strong>ιιι</strong></span> <span class='ocrx_word' id='word_1_454' title='bbox 1194 4638 1317 4678; x_wconf 90' lang='lat' dir='ltr'><strong>cum</strong></span> <span class='ocrx_word' id='word_1_455' title='bbox 1346 4624 1395 4678; x_wconf 89' lang='lat' dir='ltr'><strong>in</strong></span> <span class='ocrx_word' id='word_1_456' title='bbox 1425 4628 1561 4683; x_wconf 92' lang='lat' dir='ltr'><strong>libro</strong></span> <span class='ocrx_word' id='word_1_457' title='bbox 1580 4631 1657 4686; x_wconf 63' lang='lat' dir='ltr'><strong>ne</strong></span> 
     </span>
    </p>
   </div>
   <div class='ocr_carea' id='block_1_64' title="bbox 95 4704 1655 4778">
    <p class='ocr_par' dir='ltr' id='par_1_64' title="bbox 95 4704 1655 4778">
     <span class='ocr_line' id='line_1_66' title="bbox 95 4704 1655 4778; baseline 0.012 -25"><span class='ocrx_word' id='word_1_458' title='bbox 95 4704 277 4757; x_wconf 72' lang='lat' dir='ltr'><strong>diuinis</strong></span> <span class='ocrx_word' id='word_1_459' title='bbox 310 4706 639 4772; x_wconf 83' lang='lat' dir='ltr'><strong>nominibus,</strong></span> <span class='ocrx_word' id='word_1_460' title='bbox 669 4723 790 4777; x_wconf 89' lang='lat' dir='ltr'><strong>cap.</strong></span> <span class='ocrx_word' id='word_1_461' title='bbox 824 4709 856 4761; x_wconf 87' lang='lat'>5</span> <span class='ocrx_word' id='word_1_462' title='bbox 882 4719 933 4764; x_wconf 90' lang='lat' dir='ltr'><strong>et</strong></span> <span class='ocrx_word' id='word_1_463' title='bbox 962 4711 1051 4773; x_wconf 78' lang='grc'><strong>11,</strong></span> <span class='ocrx_word' id='word_1_464' title='bbox 1075 4723 1125 4764; x_wconf 90' lang='lat' dir='ltr'><strong>et</strong></span> <span class='ocrx_word' id='word_1_465' title='bbox 1152 4713 1301 4778; x_wconf 90' lang='lat' dir='ltr'><strong>alibi,</strong></span> <span class='ocrx_word' id='word_1_466' title='bbox 1353 4714 1518 4770; x_wconf 88' lang='lat' dir='ltr'><strong>Deum</strong></span> <span class='ocrx_word' id='word_1_467' title='bbox 1556 4735 1655 4772; x_wconf 85' lang='lat' dir='ltr'><strong>vo-</strong></span> 
     </span>
    </p>
   </div>
   <div class='ocr_carea' id='block_1_65' title="bbox 94 4797 1654 4873">
    <p class='ocr_par' dir='ltr' id='par_1_65' title="bbox 94 4797 1654 4873">
     <span class='ocr_line' id='line_1_67' title="bbox 94 4797 1654 4873; baseline 0.009 -25"><span class='ocrx_word' id='word_1_468' title='bbox 94 4806 176 4848; x_wconf 88' lang='lat' dir='ltr'><strong>cat</strong></span> <span class='ocrx_word' id='word_1_469' title='bbox 215 4797 278 4850; x_wconf 85' lang='grc' dir='ltr'><strong>τὸ</strong></span> <span class='ocrx_word' id='word_1_470' title='bbox 327 4798 476 4850; x_wconf 79' lang='grc' dir='ltr'><strong>αὐτὸ</strong></span> <span class='ocrx_word' id='word_1_471' title='bbox 525 4798 675 4854; x_wconf 80' lang='grc' dir='ltr'><strong>εἶναι</strong></span> <span class='ocrx_word' id='word_1_472' title='bbox 702 4839 717 4864; x_wconf 87' lang='grc'><em>,</em></span> <span class='ocrx_word' id='word_1_473' title='bbox 769 4801 883 4868; x_wconf 76' lang='grc' dir='ltr'><strong>τὴν</strong></span> <span class='ocrx_word' id='word_1_474' title='bbox 927 4803 1242 4870; x_wconf 73' lang='grc' dir='ltr'><strong>αὐτοζωήν,</strong></span> <span class='ocrx_word' id='word_1_475' title='bbox 1269 4807 1380 4873; x_wconf 76' lang='grc' dir='ltr'><strong>τὴν</strong></span> <span class='ocrx_word' id='word_1_476' title='bbox 1401 4810 1654 4862; x_wconf 84' lang='grc' dir='ltr'><strong>αὺτοσο-</strong></span> 
     </span>
    </p>
   </div>
   <div class='ocr_carea' id='block_1_66' title="bbox 91 4888 1652 4968">
    <p class='ocr_par' dir='ltr' id='par_1_66' title="bbox 91 4888 1652 4968">
     <span class='ocr_line' id='line_1_68' title="bbox 91 4888 1652 4968; baseline 0.012 -32"><span class='ocrx_word' id='word_1_477' title='bbox 91 4888 248 4952; x_wconf 52' lang='grc' dir='ltr'><em>μίαν,</em></span> <span class='ocrx_word' id='word_1_478' title='bbox 285 4900 424 4954; x_wconf 87' lang='lat' dir='ltr'><strong>etc.,</strong></span> <span class='ocrx_word' id='word_1_479' title='bbox 469 4889 524 4944; x_wconf 89' lang='lat' dir='ltr'><strong>id</strong></span> <span class='ocrx_word' id='word_1_480' title='bbox 558 4900 639 4945; x_wconf 87' lang='lat' dir='ltr'><strong>est</strong></span> <span class='ocrx_word' id='word_1_481' title='bbox 669 4908 761 4960; x_wconf 86' lang='lat' dir='ltr'><strong>per</strong></span> <span class='ocrx_word' id='word_1_482' title='bbox 789 4908 841 4945; x_wconf 86' lang='lat' dir='ltr'><strong>se</strong></span> <span class='ocrx_word' id='word_1_483' title='bbox 875 4909 1004 4957; x_wconf 85' lang='lat' dir='ltr'><strong>esse,</strong></span> <span class='ocrx_word' id='word_1_484' title='bbox 1042 4911 1133 4963; x_wconf 91' lang='lat' dir='ltr'><strong>per</strong></span> <span class='ocrx_word' id='word_1_485' title='bbox 1173 4913 1226 4948; x_wconf 86' lang='lat' dir='ltr'><strong>se</strong></span> <span class='ocrx_word' id='word_1_486' title='bbox 1261 4899 1439 4961; x_wconf 84' lang='lat' dir='ltr'><strong>vitam,</strong></span> <span class='ocrx_word' id='word_1_487' title='bbox 1466 4916 1558 4968; x_wconf 85' lang='lat' dir='ltr'><strong>per</strong></span> <span class='ocrx_word' id='word_1_488' title='bbox 1598 4918 1652 4955; x_wconf 86' lang='lat' dir='ltr'><strong>se</strong></span> 
     </span>
    </p>
   </div>
   <div class='ocr_carea' id='block_1_67' title="bbox 91 4983 1649 5063">
    <p class='ocr_par' dir='ltr' id='par_1_67' title="bbox 91 4983 1649 5063">
     <span class='ocr_line' id='line_1_69' title="bbox 91 4983 1649 5063; baseline 0.011 -33"><span class='ocrx_word' id='word_1_489' title='bbox 91 4983 438 5048; x_wconf 83' lang='lat' dir='ltr'><strong>sapientiam,</strong></span> <span class='ocrx_word' id='word_1_490' title='bbox 467 4992 522 5036; x_wconf 87' lang='lat' dir='ltr'><strong>et</strong></span> <span class='ocrx_word' id='word_1_491' title='bbox 563 4983 782 5051; x_wconf 89' lang='lat' dir='ltr'><strong>similia,</strong></span> <span class='ocrx_word' id='word_1_492' title='bbox 829 5002 949 5054; x_wconf 70' lang='lat' dir='ltr'><strong>qua:</strong></span> <span class='ocrx_word' id='word_1_493' title='bbox 992 4988 1089 5041; x_wconf 90' lang='lat' dir='ltr'><strong>soli</strong></span> <span class='ocrx_word' id='word_1_494' title='bbox 1138 4989 1246 5044; x_wconf 90' lang='lat' dir='ltr'><strong>Deo</strong></span> <span class='ocrx_word' id='word_1_495' title='bbox 1293 5003 1649 5063; x_wconf 87' lang='lat' dir='ltr'><strong>competunt:</strong></span> 
     </span>
    </p>
   </div>
   <div class='ocr_carea' id='block_1_68' title="bbox 95 5073 1655 5154">
    <p class='ocr_par' dir='ltr' id='par_1_68' title="bbox 95 5073 1655 5154">
     <span class='ocr_line' id='line_1_70' title="bbox 95 5073 1655 5154; baseline 0.012 -32"><span class='ocrx_word' id='word_1_496' title='bbox 95 5073 233 5124; x_wconf 80' lang='lat' dir='ltr'><strong>nulla</strong></span> <span class='ocrx_word' id='word_1_497' title='bbox 262 5076 409 5128; x_wconf 88' lang='lat' dir='ltr'><strong>enim</strong></span> <span class='ocrx_word' id='word_1_498' title='bbox 445 5085 698 5130; x_wconf 87' lang='lat' dir='ltr'><strong>creatura</strong></span> <span class='ocrx_word' id='word_1_499' title='bbox 725 5088 804 5132; x_wconf 90' lang='lat' dir='ltr'><strong>est</strong></span> <span class='ocrx_word' id='word_1_500' title='bbox 835 5093 931 5147; x_wconf 86' lang='lat' dir='ltr'><strong>per</strong></span> <span class='ocrx_word' id='word_1_501' title='bbox 959 5095 1015 5133; x_wconf 91' lang='lat' dir='ltr'><strong>se</strong></span> <span class='ocrx_word' id='word_1_502' title='bbox 1055 5081 1104 5133; x_wconf 87' lang='lat' dir='ltr'><strong>id</strong></span> <span class='ocrx_word' id='word_1_503' title='bbox 1137 5085 1276 5148; x_wconf 81' lang='lat' dir='ltr'><strong>quod</strong></span> <span class='ocrx_word' id='word_1_504' title='bbox 1301 5097 1407 5147; x_wconf 88' lang='lat' dir='ltr'><strong>est,</strong></span> <span class='ocrx_word' id='word_1_505' title='bbox 1437 5088 1529 5139; x_wconf 87' lang='lat' dir='ltr'><strong>sed</strong></span> <span class='ocrx_word' id='word_1_506' title='bbox 1561 5103 1655 5154; x_wconf 87' lang='lat' dir='ltr'><strong>per</strong></span> 
     </span>
    </p>
   </div>
   <div class='ocr_carea' id='block_1_69' title="bbox 93 5167 1653 5245">
    <p class='ocr_par' dir='ltr' id='par_1_69' title="bbox 93 5167 1653 5245">
     <span class='ocr_line' id='line_1_71' title="bbox 93 5167 1653 5245; baseline 0.011 -28"><span class='ocrx_word' id='word_1_507' title='bbox 93 5167 599 5237; x_wconf 84' lang='lat' dir='ltr'><strong>participationem;</strong></span> <span class='ocrx_word' id='word_1_508' title='bbox 631 5169 777 5224; x_wconf 90' lang='lat' dir='ltr'><strong>solus</strong></span> <span class='ocrx_word' id='word_1_509' title='bbox 807 5180 988 5226; x_wconf 90' lang='lat' dir='ltr'><strong>autem</strong></span> <span class='ocrx_word' id='word_1_510' title='bbox 1021 5173 1161 5228; x_wconf 85' lang='lat' dir='ltr'><strong>Deus</strong></span> <span class='ocrx_word' id='word_1_511' title='bbox 1199 5186 1282 5230; x_wconf 88' lang='lat' dir='ltr'><strong>est</strong></span> <span class='ocrx_word' id='word_1_512' title='bbox 1325 5178 1496 5245; x_wconf 91' lang='lat' dir='ltr'><strong>ipsum</strong></span> <span class='ocrx_word' id='word_1_513' title='bbox 1552 5181 1653 5234; x_wconf 87' lang='lat' dir='ltr'><strong>hoc</strong></span> 
     </span>
    </p>
   </div>
   <div class='ocr_carea' id='block_1_70' title="bbox 93 5258 1648 5337">
    <p class='ocr_par' dir='ltr' id='par_1_70' title="bbox 93 5258 1648 5337">
     <span class='ocr_line' id='line_1_72' title="bbox 93 5258 1648 5337; baseline 0.012 -31"><span class='ocrx_word' id='word_1_514' title='bbox 93 5258 229 5323; x_wconf 90' lang='lat' dir='ltr'><strong>quod</strong></span> <span class='ocrx_word' id='word_1_515' title='bbox 261 5269 348 5312; x_wconf 87' lang='lat' dir='ltr'><strong>est</strong></span> <span class='ocrx_word' id='word_1_516' title='bbox 377 5275 478 5328; x_wconf 89' lang='lat' dir='ltr'><strong>per</strong></span> <span class='ocrx_word' id='word_1_517' title='bbox 508 5275 590 5327; x_wconf 89' lang='lat' dir='ltr'><strong>se,</strong></span> <span class='ocrx_word' id='word_1_518' title='bbox 625 5261 675 5316; x_wconf 90' lang='lat' dir='ltr'><strong>id</strong></span> <span class='ocrx_word' id='word_1_519' title='bbox 702 5270 784 5316; x_wconf 90' lang='lat' dir='ltr'><strong>est</strong></span> <span class='ocrx_word' id='word_1_520' title='bbox 819 5279 914 5318; x_wconf 88' lang='lat' dir='ltr'><strong>sua</strong></span> <span class='ocrx_word' id='word_1_521' title='bbox 939 5267 1206 5330; x_wconf 89' lang='lat' dir='ltr'><strong>essentia,</strong></span> <span class='ocrx_word' id='word_1_522' title='bbox 1239 5279 1294 5322; x_wconf 91' lang='lat' dir='ltr'><strong>et</strong></span> <span class='ocrx_word' id='word_1_523' title='bbox 1323 5286 1475 5323; x_wconf 90' lang='lat' dir='ltr'><strong>suum</strong></span> <span class='ocrx_word' id='word_1_524' title='bbox 1509 5285 1648 5337; x_wconf 89' lang='lat' dir='ltr'><strong>esse,</strong></span> 
     </span>
    </p>
   </div>
   <div class='ocr_carea' id='block_1_71' title="bbox 94 5354 1652 5425">
    <p class='ocr_par' dir='ltr' id='par_1_71' title="bbox 94 5354 1652 5425">
     <span class='ocr_line' id='line_1_73' title="bbox 94 5354 1652 5425; baseline 0.012 -25"><span class='ocrx_word' id='word_1_525' title='bbox 94 5359 268 5405; x_wconf 90' lang='lat' dir='ltr'><strong>etnon</strong></span> <span class='ocrx_word' id='word_1_526' title='bbox 313 5354 619 5408; x_wconf 87' lang='lat' dir='ltr'><strong>secundum</strong></span> <span class='ocrx_word' id='word_1_527' title='bbox 649 5357 1143 5425; x_wconf 89' lang='lat' dir='ltr'><strong>participationem.</strong></span> <span class='ocrx_word' id='word_1_528' title='bbox 1196 5363 1398 5417; x_wconf 78' lang='lat' dir='ltr'><strong>Idcirco</strong></span> <span class='ocrx_word' id='word_1_529' title='bbox 1436 5365 1492 5417; x_wconf 84' lang='grc' dir='ltr'><strong>Ι).</strong></span> <span class='ocrx_word' id='word_1_530' title='bbox 1524 5365 1652 5418; x_wconf 92' lang='lat' dir='ltr'><strong>Dio-</strong></span> 
     </span>
    </p>
   </div>
   <div class='ocr_carea' id='block_1_72' title="bbox 95 5444 1646 5519">
    <p class='ocr_par' dir='ltr' id='par_1_72' title="bbox 95 5444 1646 5519">
     <span class='ocr_line' id='line_1_74' title="bbox 95 5444 1646 5519; baseline 0.013 -28"><span class='ocrx_word' id='word_1_531' title='bbox 95 5445 267 5508; x_wconf 87' lang='lat' dir='ltr'><strong>nysius</strong></span> <span class='ocrx_word' id='word_1_532' title='bbox 296 5459 426 5513; x_wconf 88' lang='lat' dir='ltr'><strong>cap.</strong></span> <span class='ocrx_word' id='word_1_533' title='bbox 464 5444 500 5497; x_wconf 75' lang='lat'><strong>2</strong></span> <span class='ocrx_word' id='word_1_534' title='bbox 527 5446 601 5500; x_wconf 87' lang='lat' dir='ltr'><strong>ait</strong></span> <span class='ocrx_word' id='word_1_535' title='bbox 652 5447 765 5501; x_wconf 80' lang='lat' dir='ltr'><strong>lia-c</strong></span> <span class='ocrx_word' id='word_1_536' title='bbox 797 5452 1034 5516; x_wconf 91' lang='lat' dir='ltr'><strong>nomina,</strong></span> <span class='ocrx_word' id='word_1_537' title='bbox 1068 5461 1321 5519; x_wconf 80' lang='lat' dir='ltr'><strong>tanquam</strong></span> <span class='ocrx_word' id='word_1_538' title='bbox 1356 5455 1520 5508; x_wconf 88' lang='lat' dir='ltr'><strong>Deum</strong></span> <span class='ocrx_word' id='word_1_539' title='bbox 1553 5458 1646 5510; x_wconf 86' lang='lat' dir='ltr'><strong>de-</strong></span> 
     </span>
    </p>
   </div>
   <div class='ocr_carea' id='block_1_73' title="bbox 93 5535 1648 5618">
    <p class='ocr_par' dir='ltr' id='par_1_73' title="bbox 93 5535 1648 5618">
     <span class='ocr_line' id='line_1_75' title="bbox 93 5535 1648 5618; baseline 0.014 -36"><span class='ocrx_word' id='word_1_540' title='bbox 93 5535 288 5596; x_wconf 67' lang='lat' dir='ltr'><strong>centia,</strong></span> <span class='ocrx_word' id='word_1_541' title='bbox 325 5537 557 5591; x_wconf 88' lang='lat' dir='ltr'><strong>attribui</strong></span> <span class='ocrx_word' id='word_1_542' title='bbox 604 5540 870 5596; x_wconf 85' lang='lat' dir='ltr'><strong>divinitati</strong></span> <span class='ocrx_word' id='word_1_543' title='bbox 918 5546 1077 5597; x_wconf 90' lang='lat' dir='ltr'><strong>trium</strong></span> <span class='ocrx_word' id='word_1_544' title='bbox 1111 5544 1470 5600; x_wconf 82' lang='lat' dir='ltr'><strong>Personarum</strong></span> <span class='ocrx_word' id='word_1_545' title='bbox 1512 5549 1648 5618; x_wconf 81' lang='grc' dir='ltr'><strong>ἀμε-</strong></span> 
     </span>
    </p>
   </div>
   <div class='ocr_carea' id='block_1_74' title="bbox 89 5621 1648 5709">
    <p class='ocr_par' dir='ltr' id='par_1_74' title="bbox 89 5621 1648 5709">
     <span class='ocr_line' id='line_1_76' title="bbox 89 5621 1648 5709; baseline 0.012 -33"><span class='ocrx_word' id='word_1_546' title='bbox 89 5621 227 5689; x_wconf 66' lang='grc' dir='ltr'><strong>ιὼς,</strong></span> <span class='ocrx_word' id='word_1_547' title='bbox 264 5627 368 5680; x_wconf 75' lang='lat' dir='ltr'><strong>hoc</strong></span> <span class='ocrx_word' id='word_1_548' title='bbox 414 5638 502 5682; x_wconf 90' lang='lat' dir='ltr'><strong>est</strong></span> <span class='ocrx_word' id='word_1_549' title='bbox 535 5629 958 5702; x_wconf 87' lang='lat' dir='ltr'><strong>imparticipate,</strong></span> <span class='ocrx_word' id='word_1_550' title='bbox 1011 5647 1170 5706; x_wconf 82' lang='lat' dir='ltr'><strong>atque</strong></span> <span class='ocrx_word' id='word_1_551' title='bbox 1215 5637 1346 5692; x_wconf 79' lang='lat' dir='ltr'><strong>adeo</strong></span> <span class='ocrx_word' id='word_1_552' title='bbox 1395 5640 1546 5709; x_wconf 89' lang='lat' dir='ltr'><strong>plcuc</strong></span> <span class='ocrx_word' id='word_1_553' title='bbox 1595 5652 1648 5697; x_wconf 85' lang='lat' dir='ltr'><strong>ct</strong></span> 
     </span>
    </p>
   </div>
   <div class='ocr_carea' id='block_1_75' title="bbox 184 5802 510 5862">
    <p class='ocr_par' dir='ltr' id='par_1_75' title="bbox 184 5802 510 5862">
     <span class='ocr_line' id='line_1_77' title="bbox 184 5802 510 5862; baseline 0.009 -7"><span class='ocrx_word' id='word_1_554' title='bbox 184 5802 223 5832; x_wconf 84' lang='lat'>&quot;</span> <span class='ocrx_word' id='word_1_555' title='bbox 254 5803 420 5862; x_wconf 79' lang='lat' dir='ltr'><strong>Marc.</strong></span> <span class='ocrx_word' id='word_1_556' title='bbox 458 5822 510 5859; x_wconf 73' lang='grc' dir='ltr'><strong>ι.</strong></span> 
     </span>
    </p>
   </div>
   <div class='ocr_carea' id='block_1_76' title="bbox 1688 3189 1735 3250">
    <p class='ocr_par' dir='ltr' id='par_1_76' title="bbox 1688 3189 1735 3250">
     <span class='ocr_line' id='line_1_78' title="bbox 1688 3189 1735 3250; baseline 0 0"><span class='ocrx_word' id='word_1_557' title='bbox 1688 3189 1735 3250; x_wconf 85' lang='lat' dir='ltr'><strong>C</strong></span> 
     </span>
    </p>
   </div>
   <div class='ocr_carea' id='block_1_77' title="bbox 1761 1963 3325 2037">
    <p class='ocr_par' dir='ltr' id='par_1_77' title="bbox 1761 1963 3325 2037">
     <span class='ocr_line' id='line_1_79' title="bbox 1761 1963 3325 2037; baseline 0.004 -21"><span class='ocrx_word' id='word_1_558' title='bbox 1761 1963 2105 2030; x_wconf 88' lang='lat' dir='ltr'><strong>dicerentur;</strong></span> <span class='ocrx_word' id='word_1_559' title='bbox 2141 1967 2234 2021; x_wconf 90' lang='lat' dir='ltr'><strong>sed</strong></span> <span class='ocrx_word' id='word_1_560' title='bbox 2267 1967 2366 2031; x_wconf 92' lang='lat' dir='ltr'><strong>sic,</strong></span> <span class='ocrx_word' id='word_1_561' title='bbox 2394 1978 2452 2020; x_wconf 89' lang='lat' dir='ltr'><strong>ut</strong></span> <span class='ocrx_word' id='word_1_562' title='bbox 2477 1966 2589 2021; x_wconf 81' lang='lat' dir='ltr'><strong>Deo</strong></span> <span class='ocrx_word' id='word_1_563' title='bbox 2632 1970 2862 2037; x_wconf 85' lang='lat' dir='ltr'><strong>primum</strong></span> <span class='ocrx_word' id='word_1_564' title='bbox 2894 1970 3325 2022; x_wconf 89' lang='lat' dir='ltr'><strong>attribuerentur</strong></span> 
     </span>
    </p>
   </div>
   <div class='ocr_carea' id='block_1_78' title="bbox 1762 2055 3321 2128">
    <p class='ocr_par' dir='ltr' id='par_1_78' title="bbox 1762 2055 3321 2128">
     <span class='ocr_line' id='line_1_80' title="bbox 1762 2055 3321 2128; baseline 0.004 -22"><span class='ocrx_word' id='word_1_565' title='bbox 1762 2063 1820 2107; x_wconf 92' lang='lat' dir='ltr'><strong>ut</strong></span> <span class='ocrx_word' id='word_1_566' title='bbox 1846 2067 1968 2108; x_wconf 90' lang='lat' dir='ltr'><strong>eum</strong></span> <span class='ocrx_word' id='word_1_567' title='bbox 1995 2055 2212 2119; x_wconf 88' lang='lat' dir='ltr'><strong>decent,</strong></span> <span class='ocrx_word' id='word_1_568' title='bbox 2242 2056 2292 2110; x_wconf 92' lang='lat' dir='ltr'><strong>id</strong></span> <span class='ocrx_word' id='word_1_569' title='bbox 2317 2066 2400 2110; x_wconf 92' lang='lat' dir='ltr'><strong>cst</strong></span> <span class='ocrx_word' id='word_1_570' title='bbox 2427 2058 2824 2128; x_wconf 82' lang='lat' dir='ltr'><strong>imparticipate</strong></span> <span class='ocrx_word' id='word_1_571' title='bbox 2855 2070 2909 2112; x_wconf 90' lang='lat' dir='ltr'><strong>et</strong></span> <span class='ocrx_word' id='word_1_572' title='bbox 2936 2061 3321 2114; x_wconf 88' lang='lat' dir='ltr'><strong>cssentialiter.</strong></span> 
     </span>
    </p>
   </div>
   <div class='ocr_carea' id='block_1_79' title="bbox 1759 2146 3322 2220">
    <p class='ocr_par' dir='ltr' id='par_1_79' title="bbox 1759 2146 3322 2220">
     <span class='ocr_line' id='line_1_81' title="bbox 1759 2146 3322 2220; baseline 0.004 -19"><span class='ocrx_word' id='word_1_573' title='bbox 1759 2146 1892 2201; x_wconf 81' lang='lat' dir='ltr'><strong>Cum</strong></span> <span class='ocrx_word' id='word_1_574' title='bbox 1927 2149 2072 2200; x_wconf 88' lang='lat' dir='ltr'><strong>enim</strong></span> <span class='ocrx_word' id='word_1_575' title='bbox 2104 2149 2238 2202; x_wconf 87' lang='lat' dir='ltr'><strong>dicit</strong></span> <span class='ocrx_word' id='word_1_576' title='bbox 2274 2149 2556 2220; x_wconf 90' lang='lat' dir='ltr'><strong>Scriptura</strong></span> <span class='ocrx_word' id='word_1_577' title='bbox 2590 2169 2605 2205; x_wconf 73' lang='grc' dir='ltr'>ε</span> <span class='ocrx_word' id='word_1_578' title='bbox 2646 2151 2812 2206; x_wconf 80' lang='lat' dir='ltr'><strong>Nemo</strong></span> <span class='ocrx_word' id='word_1_579' title='bbox 2855 2154 3018 2206; x_wconf 85' lang='lat' dir='ltr'><strong>bonus</strong></span> <span class='ocrx_word' id='word_1_580' title='bbox 3046 2156 3147 2207; x_wconf 88' lang='lat' dir='ltr'><strong>nisi</strong></span> <span class='ocrx_word' id='word_1_581' title='bbox 3179 2156 3322 2208; x_wconf 83' lang='lat' dir='ltr'><strong>solus</strong></span> 
     </span>
    </p>
   </div>
   <div class='ocr_carea' id='block_1_80' title="bbox 1763 2239 3322 2314">
    <p class='ocr_par' dir='ltr' id='par_1_80' title="bbox 1763 2239 3322 2314">
     <span class='ocr_line' id='line_1_82' title="bbox 1763 2239 3322 2314; baseline 0.003 -21"><span class='ocrx_word' id='word_1_582' title='bbox 1763 2240 1902 2293; x_wconf 82' lang='lat' dir='ltr'><strong>Deus</strong></span> <span class='ocrx_word' id='word_1_583' title='bbox 1923 2239 1988 2302; x_wconf 83' lang='lat'><strong>&quot;,</strong></span> <span class='ocrx_word' id='word_1_584' title='bbox 2017 2241 2239 2309; x_wconf 89' lang='lat' dir='ltr'><strong>perinde</strong></span> <span class='ocrx_word' id='word_1_585' title='bbox 2267 2252 2352 2295; x_wconf 86' lang='lat' dir='ltr'><strong>est</strong></span> <span class='ocrx_word' id='word_1_586' title='bbox 2381 2257 2442 2298; x_wconf 91' lang='lat' dir='ltr'><strong>ac</strong></span> <span class='ocrx_word' id='word_1_587' title='bbox 2459 2243 2505 2297; x_wconf 84' lang='lat' dir='ltr'><strong>si</strong></span> <span class='ocrx_word' id='word_1_588' title='bbox 2529 2245 2705 2298; x_wconf 76' lang='lat' dir='ltr'><strong>dicat:</strong></span> <span class='ocrx_word' id='word_1_589' title='bbox 2734 2244 2901 2299; x_wconf 82' lang='lat' dir='ltr'><strong>Nemo</strong></span> <span class='ocrx_word' id='word_1_590' title='bbox 2930 2261 3024 2314; x_wconf 91' lang='lat' dir='ltr'><strong>per</strong></span> <span class='ocrx_word' id='word_1_591' title='bbox 3046 2260 3103 2299; x_wconf 89' lang='lat' dir='ltr'><strong>se</strong></span> <span class='ocrx_word' id='word_1_592' title='bbox 3132 2247 3322 2310; x_wconf 90' lang='lat' dir='ltr'><strong>bonus,</strong></span> 
     </span>
    </p>
   </div>
   <div class='ocr_carea' id='block_1_81' title="bbox 1762 2326 3326 2402">
    <p class='ocr_par' dir='ltr' id='par_1_81' title="bbox 1762 2326 3326 2402">
     <span class='ocr_line' id='line_1_83' title="bbox 1762 2326 3326 2402; baseline 0.006 -23"><span class='ocrx_word' id='word_1_593' title='bbox 1762 2326 1813 2379; x_wconf 90' lang='lat' dir='ltr'><strong>id</strong></span> <span class='ocrx_word' id='word_1_594' title='bbox 1842 2336 1946 2390; x_wconf 90' lang='lat' dir='ltr'><strong>est,</strong></span> <span class='ocrx_word' id='word_1_595' title='bbox 1971 2341 2131 2381; x_wconf 90' lang='lat' dir='ltr'><strong>nemo</strong></span> <span class='ocrx_word' id='word_1_596' title='bbox 2159 2342 2320 2398; x_wconf 88' lang='lat' dir='ltr'><strong>supra</strong></span> <span class='ocrx_word' id='word_1_597' title='bbox 2345 2331 2636 2386; x_wconf 88' lang='lat' dir='ltr'><strong>bonitatem</strong></span> <span class='ocrx_word' id='word_1_598' title='bbox 2648 2333 3153 2402; x_wconf 87' lang='lat' dir='ltr'><strong>participatam,nisi</strong></span> <span class='ocrx_word' id='word_1_599' title='bbox 3180 2335 3326 2388; x_wconf 85' lang='lat' dir='ltr'><strong>solus</strong></span> 
     </span>
    </p>
   </div>
   <div class='ocr_carea' id='block_1_82' title="bbox 1762 2413 3317 2490">
    <p class='ocr_par' dir='ltr' id='par_1_82' title="bbox 1762 2413 3317 2490">
     <span class='ocr_line' id='line_1_84' title="bbox 1762 2413 3317 2490; baseline 0.007 -24"><span class='ocrx_word' id='word_1_600' title='bbox 1762 2413 1904 2468; x_wconf 85' lang='lat' dir='ltr'><strong>Deus</strong></span> <span class='ocrx_word' id='word_1_601' title='bbox 1937 2433 1951 2469; x_wconf 90' lang='lat'><strong>:</strong></span> <span class='ocrx_word' id='word_1_602' title='bbox 1987 2417 2064 2472; x_wconf 89' lang='lat' dir='ltr'><strong>sic</strong></span> <span class='ocrx_word' id='word_1_603' title='bbox 2097 2420 2244 2472; x_wconf 90' lang='lat' dir='ltr'><strong>enim</strong></span> <span class='ocrx_word' id='word_1_604' title='bbox 2276 2419 2541 2473; x_wconf 78' lang='lat' dir='ltr'><strong>intellexit</strong></span> <span class='ocrx_word' id='word_1_605' title='bbox 2560 2429 2615 2474; x_wconf 89' lang='lat' dir='ltr'><strong>et</strong></span> <span class='ocrx_word' id='word_1_606' title='bbox 2641 2421 3030 2490; x_wconf 87' lang='lat' dir='ltr'><strong>interpretatus</strong></span> <span class='ocrx_word' id='word_1_607' title='bbox 3061 2434 3144 2478; x_wconf 88' lang='lat' dir='ltr'><strong>est</strong></span> <span class='ocrx_word' id='word_1_608' title='bbox 3174 2424 3317 2478; x_wconf 90' lang='lat' dir='ltr'><strong>idem</strong></span> 
     </span>
    </p>
   </div>
   <div class='ocr_carea' id='block_1_83' title="bbox 1761 2506 3320 2584">
    <p class='ocr_par' dir='ltr' id='par_1_83' title="bbox 1761 2506 3320 2584">
     <span class='ocr_line' id='line_1_85' title="bbox 1761 2506 3320 2584; baseline 0.006 -25"><span class='ocrx_word' id='word_1_609' title='bbox 1761 2506 2052 2579; x_wconf 81' lang='lat' dir='ltr'><strong>Dionysius</strong></span> <span class='ocrx_word' id='word_1_610' title='bbox 2078 2524 2201 2578; x_wconf 85' lang='lat' dir='ltr'><strong>cap.</strong></span> <span class='ocrx_word' id='word_1_611' title='bbox 2231 2510 2266 2563; x_wconf 71' lang='lat'><strong>2</strong></span> <span class='ocrx_word' id='word_1_612' title='bbox 2298 2511 2372 2564; x_wconf 89' lang='lat' dir='ltr'><strong>De</strong></span> <span class='ocrx_word' id='word_1_613' title='bbox 2395 2511 2582 2566; x_wconf 80' lang='lat' dir='ltr'><strong>divinis</strong></span> <span class='ocrx_word' id='word_1_614' title='bbox 2609 2514 2904 2567; x_wconf 86' lang='lat' dir='ltr'><strong>nominibus</strong></span> <span class='ocrx_word' id='word_1_615' title='bbox 2936 2516 2987 2567; x_wconf 91' lang='lat' dir='ltr'><strong>iu</strong></span> <span class='ocrx_word' id='word_1_616' title='bbox 3019 2515 3320 2584; x_wconf 86' lang='lat' dir='ltr'><strong>principio:</strong></span> 
     </span>
    </p>
   </div>
   <div class='ocr_carea' id='block_1_84' title="bbox 1762 2601 3324 2674">
    <p class='ocr_par' dir='ltr' id='par_1_84' title="bbox 1762 2601 3324 2674">
     <span class='ocr_line' id='line_1_86' title="bbox 1762 2601 3324 2674; baseline 0.008 -22"><span class='ocrx_word' id='word_1_617' title='bbox 1762 2611 1821 2654; x_wconf 91' lang='lat' dir='ltr'><strong>ut</strong></span> <span class='ocrx_word' id='word_1_618' title='bbox 1845 2601 1958 2670; x_wconf 89' lang='lat' dir='ltr'><strong>jam</strong></span> <span class='ocrx_word' id='word_1_619' title='bbox 1983 2604 2158 2656; x_wconf 90' lang='lat' dir='ltr'><strong>bonus</strong></span> <span class='ocrx_word' id='word_1_620' title='bbox 2185 2613 2239 2658; x_wconf 89' lang='lat' dir='ltr'><strong>et</strong></span> <span class='ocrx_word' id='word_1_621' title='bbox 2269 2606 2489 2672; x_wconf 87' lang='lat' dir='ltr'><strong>sapiens</strong></span> <span class='ocrx_word' id='word_1_622' title='bbox 2517 2607 2730 2660; x_wconf 89' lang='lat' dir='ltr'><strong>dicatur</strong></span> <span class='ocrx_word' id='word_1_623' title='bbox 2759 2607 2921 2672; x_wconf 88' lang='lat' dir='ltr'><strong>Deus,</strong></span> <span class='ocrx_word' id='word_1_624' title='bbox 2957 2610 3078 2674; x_wconf 88' lang='lat' dir='ltr'><strong>quia</strong></span> <span class='ocrx_word' id='word_1_625' title='bbox 3111 2610 3324 2664; x_wconf 85' lang='lat' dir='ltr'><strong>bonitas</strong></span> 
     </span>
    </p>
   </div>
   <div class='ocr_carea' id='block_1_85' title="bbox 1762 2689 3323 2763">
    <p class='ocr_par' dir='ltr' id='par_1_85' title="bbox 1762 2689 3323 2763">
     <span class='ocr_line' id='line_1_87' title="bbox 1762 2689 3323 2763; baseline 0.006 -20"><span class='ocrx_word' id='word_1_626' title='bbox 1762 2689 1814 2744; x_wconf 92' lang='lat' dir='ltr'><strong>in</strong></span> <span class='ocrx_word' id='word_1_627' title='bbox 1847 2706 1911 2745; x_wconf 90' lang='lat' dir='ltr'><strong>eo</strong></span> <span class='ocrx_word' id='word_1_628' title='bbox 1937 2692 2223 2747; x_wconf 88' lang='lat' dir='ltr'><strong>antecellat</strong></span> <span class='ocrx_word' id='word_1_629' title='bbox 2245 2706 2296 2748; x_wconf 92' lang='lat' dir='ltr'><strong>ct</strong></span> <span class='ocrx_word' id='word_1_630' title='bbox 2319 2705 2603 2763; x_wconf 79' lang='lat' dir='ltr'><strong>exsuperet</strong></span> <span class='ocrx_word' id='word_1_631' title='bbox 2628 2710 2840 2751; x_wconf 87' lang='lat' dir='ltr'><strong>omnem</strong></span> <span class='ocrx_word' id='word_1_632' title='bbox 2865 2698 3161 2753; x_wconf 87' lang='lat' dir='ltr'><strong>bonitatem</strong></span> <span class='ocrx_word' id='word_1_633' title='bbox 3178 2713 3323 2752; x_wconf 65' lang='lat' dir='ltr'><strong>crea.</strong></span> 
     </span>
    </p>
   </div>
   <div class='ocr_carea' id='block_1_86' title="bbox 1763 2784 3324 2853">
    <p class='ocr_par' dir='ltr' id='par_1_86' title="bbox 1763 2784 3324 2853">
     <span class='ocr_line' id='line_1_88' title="bbox 1763 2784 3324 2853; baseline 0.008 -20"><span class='ocrx_word' id='word_1_634' title='bbox 1763 2789 1870 2834; x_wconf 90' lang='lat' dir='ltr'><strong>tam</strong></span> <span class='ocrx_word' id='word_1_635' title='bbox 1921 2791 1974 2836; x_wconf 91' lang='lat' dir='ltr'><strong>et</strong></span> <span class='ocrx_word' id='word_1_636' title='bbox 2017 2784 2423 2852; x_wconf 87' lang='lat' dir='ltr'><strong>participatam.</strong></span> <span class='ocrx_word' id='word_1_637' title='bbox 2457 2786 2769 2853; x_wconf 72' lang='lat' dir='ltr'><strong>Huiusmodi</strong></span> <span class='ocrx_word' id='word_1_638' title='bbox 2803 2799 2981 2844; x_wconf 87' lang='lat' dir='ltr'><strong>autem</strong></span> <span class='ocrx_word' id='word_1_639' title='bbox 3016 2791 3195 2844; x_wconf 87' lang='lat' dir='ltr'><strong>divina</strong></span> <span class='ocrx_word' id='word_1_640' title='bbox 3226 2806 3324 2845; x_wconf 91' lang='lat' dir='ltr'><strong>no-</strong></span> 
     </span>
    </p>
   </div>
   <div class='ocr_carea' id='block_1_87' title="bbox 1766 2875 3324 2946">
    <p class='ocr_par' dir='ltr' id='par_1_87' title="bbox 1766 2875 3324 2946">
     <span class='ocr_line' id='line_1_89' title="bbox 1766 2875 3324 2946; baseline 0.007 -22"><span class='ocrx_word' id='word_1_641' title='bbox 1766 2875 1932 2938; x_wconf 88' lang='lat' dir='ltr'><strong>mina,</strong></span> <span class='ocrx_word' id='word_1_642' title='bbox 1965 2889 2086 2940; x_wconf 67' lang='lat' dir='ltr'><strong>qua:</strong></span> <span class='ocrx_word' id='word_1_643' title='bbox 2118 2879 2415 2932; x_wconf 90' lang='lat' dir='ltr'><strong>secundum</strong></span> <span class='ocrx_word' id='word_1_644' title='bbox 2449 2880 2836 2946; x_wconf 89' lang='lat' dir='ltr'><strong>plenitudinem</strong></span> <span class='ocrx_word' id='word_1_645' title='bbox 2886 2891 2940 2935; x_wconf 92' lang='lat' dir='ltr'><strong>et</strong></span> <span class='ocrx_word' id='word_1_646' title='bbox 2987 2897 3089 2935; x_wconf 91' lang='lat' dir='ltr'><strong>non</strong></span> <span class='ocrx_word' id='word_1_647' title='bbox 3133 2898 3324 2936; x_wconf 90' lang='lat' dir='ltr'><strong>secun-</strong></span> 
     </span>
    </p>
   </div>
   <div class='ocr_carea' id='block_1_88' title="bbox 1761 2965 3307 3036">
    <p class='ocr_par' dir='ltr' id='par_1_88' title="bbox 1761 2965 3307 3036">
     <span class='ocr_line' id='line_1_90' title="bbox 1761 2965 3307 3036; baseline 0.005 -18"><span class='ocrx_word' id='word_1_648' title='bbox 1761 2965 1884 3018; x_wconf 90' lang='lat' dir='ltr'><strong>dum</strong></span> <span class='ocrx_word' id='word_1_649' title='bbox 1915 2969 2386 3036; x_wconf 89' lang='lat' dir='ltr'><strong>participationem</strong></span> <span class='ocrx_word' id='word_1_650' title='bbox 2430 2971 2538 3024; x_wconf 88' lang='lat' dir='ltr'><strong>Deo</strong></span> <span class='ocrx_word' id='word_1_651' title='bbox 2578 2970 2966 3035; x_wconf 89' lang='lat' dir='ltr'><strong>attribuuntur,</strong></span> <span class='ocrx_word' id='word_1_652' title='bbox 3003 2981 3158 3025; x_wconf 86' lang='lat' dir='ltr'><strong>vocat</strong></span> <span class='ocrx_word' id='word_1_653' title='bbox 3201 2971 3307 3025; x_wconf 56' lang='lat' dir='ltr'><strong>Diuo</strong></span> 
     </span>
    </p>
   </div>
   <div class='ocr_carea' id='block_1_89' title="bbox 1762 3058 3323 3126">
    <p class='ocr_par' dir='ltr' id='par_1_89' title="bbox 1762 3058 3323 3126">
     <span class='ocr_line' id='line_1_91' title="bbox 1762 3058 3323 3126; baseline 0.006 -18"><span class='ocrx_word' id='word_1_654' title='bbox 1762 3058 1950 3124; x_wconf 82' lang='lat' dir='ltr'><strong>nysius</strong></span> <span class='ocrx_word' id='word_1_655' title='bbox 1981 3058 2300 3126; x_wconf 78' lang='grc' dir='ltr'><strong>θεοπρεπῆ,</strong></span> <span class='ocrx_word' id='word_1_656' title='bbox 2327 3060 2380 3114; x_wconf 91' lang='lat' dir='ltr'><strong>id</strong></span> <span class='ocrx_word' id='word_1_657' title='bbox 2407 3070 2491 3115; x_wconf 89' lang='lat' dir='ltr'><strong>est</strong></span> <span class='ocrx_word' id='word_1_658' title='bbox 2515 3063 2729 3115; x_wconf 88' lang='lat' dir='ltr'><strong>nomina</strong></span> <span class='ocrx_word' id='word_1_659' title='bbox 2765 3063 2931 3116; x_wconf 86' lang='lat' dir='ltr'><strong>Deum</strong></span> <span class='ocrx_word' id='word_1_660' title='bbox 2965 3065 3233 3118; x_wconf 84' lang='lat' dir='ltr'><strong>decentia.</strong></span> <span class='ocrx_word' id='word_1_661' title='bbox 3265 3065 3323 3117; x_wconf 86' lang='lat' dir='ltr'><strong>Si</strong></span> 
     </span>
    </p>
   </div>
   <div class='ocr_carea' id='block_1_90' title="bbox 1765 3146 3321 3217">
    <p class='ocr_par' dir='ltr' id='par_1_90' title="bbox 1765 3146 3321 3217">
     <span class='ocr_line' id='line_1_92' title="bbox 1765 3146 3321 3217; baseline 0.006 -19"><span class='ocrx_word' id='word_1_662' title='bbox 1765 3146 1928 3216; x_wconf 75' lang='lat' dir='ltr'><strong>igitur</strong></span> <span class='ocrx_word' id='word_1_663' title='bbox 1977 3151 2276 3204; x_wconf 89' lang='lat' dir='ltr'><strong>secundum</strong></span> <span class='ocrx_word' id='word_1_664' title='bbox 2327 3166 2543 3205; x_wconf 82' lang='lat' dir='ltr'><strong>causam</strong></span> <span class='ocrx_word' id='word_1_665' title='bbox 2589 3162 2791 3206; x_wconf 74' lang='lat' dir='ltr'><strong>tantum</strong></span> <span class='ocrx_word' id='word_1_666' title='bbox 2840 3154 3172 3217; x_wconf 81' lang='lat' dir='ltr'><strong>dicerentur,</strong></span> <span class='ocrx_word' id='word_1_667' title='bbox 3217 3170 3321 3208; x_wconf 91' lang='lat' dir='ltr'><strong>non</strong></span> 
     </span>
    </p>
   </div>
   <div class='ocr_carea' id='block_1_91' title="bbox 1762 3241 3324 3311">
    <p class='ocr_par' dir='ltr' id='par_1_91' title="bbox 1762 3241 3324 3311">
     <span class='ocr_line' id='line_1_93' title="bbox 1762 3241 3324 3311; baseline 0.005 -19"><span class='ocrx_word' id='word_1_668' title='bbox 1762 3248 1948 3294; x_wconf 86' lang='lat' dir='ltr'><strong>essent</strong></span> <span class='ocrx_word' id='word_1_669' title='bbox 1975 3242 2192 3295; x_wconf 91' lang='lat' dir='ltr'><strong>nomina</strong></span> <span class='ocrx_word' id='word_1_670' title='bbox 2235 3241 2401 3295; x_wconf 85' lang='lat' dir='ltr'><strong>Deum</strong></span> <span class='ocrx_word' id='word_1_671' title='bbox 2435 3243 2706 3308; x_wconf 80' lang='lat' dir='ltr'><strong>decentia,</strong></span> <span class='ocrx_word' id='word_1_672' title='bbox 2734 3243 2855 3311; x_wconf 87' lang='lat' dir='ltr'><strong>quia</strong></span> <span class='ocrx_word' id='word_1_673' title='bbox 2891 3244 2969 3297; x_wconf 81' lang='lat' dir='ltr'><strong>sic</strong></span> <span class='ocrx_word' id='word_1_674' title='bbox 3003 3244 3145 3298; x_wconf 87' lang='lat' dir='ltr'><strong>dicta</strong></span> <span class='ocrx_word' id='word_1_675' title='bbox 3183 3244 3234 3297; x_wconf 90' lang='lat' dir='ltr'><strong>in</strong></span> <span class='ocrx_word' id='word_1_676' title='bbox 3265 3260 3324 3302; x_wconf 87' lang='lat' dir='ltr'><strong>se</strong></span> 
     </span>
    </p>
   </div>
   <div class='ocr_carea' id='block_1_92' title="bbox 1762 3330 3320 3406">
    <p class='ocr_par' dir='ltr' id='par_1_92' title="bbox 1762 3330 3320 3406">
     <span class='ocr_line' id='line_1_94' title="bbox 1762 3330 3320 3406; baseline 0.004 -22"><span class='ocrx_word' id='word_1_677' title='bbox 1762 3330 2082 3399; x_wconf 87' lang='lat' dir='ltr'><strong>includunt,</strong></span> <span class='ocrx_word' id='word_1_678' title='bbox 2118 3343 2176 3387; x_wconf 88' lang='lat' dir='ltr'><strong>ut</strong></span> <span class='ocrx_word' id='word_1_679' title='bbox 2218 3335 2350 3399; x_wconf 80' lang='lat' dir='ltr'><strong>dixi,</strong></span> <span class='ocrx_word' id='word_1_680' title='bbox 2383 3335 2559 3388; x_wconf 90' lang='lat' dir='ltr'><strong>solum</strong></span> <span class='ocrx_word' id='word_1_681' title='bbox 2611 3337 3055 3405; x_wconf 76' lang='lat' dir='ltr'><strong>participatioues</strong></span> <span class='ocrx_word' id='word_1_682' title='bbox 3086 3351 3320 3406; x_wconf 84' lang='lat' dir='ltr'><strong>creatas,</strong></span> 
     </span>
    </p>
   </div>
   <div class='ocr_carea' id='block_1_93' title="bbox 1761 3424 3323 3496">
    <p class='ocr_par' dir='ltr' id='par_1_93' title="bbox 1761 3424 3323 3496">
     <span class='ocr_line' id='line_1_95' title="bbox 1761 3424 3323 3496; baseline 0.004 -20"><span class='ocrx_word' id='word_1_683' title='bbox 1761 3432 1822 3476; x_wconf 89' lang='lat' dir='ltr'><strong>ut</strong></span> <span class='ocrx_word' id='word_1_684' title='bbox 1847 3425 2019 3478; x_wconf 90' lang='lat' dir='ltr'><strong>bonus</strong></span> <span class='ocrx_word' id='word_1_685' title='bbox 2061 3424 2360 3479; x_wconf 85' lang='lat' dir='ltr'><strong>bonitatem</strong></span> <span class='ocrx_word' id='word_1_686' title='bbox 2393 3427 2794 3494; x_wconf 84' lang='lat' dir='ltr'><strong>participatam,</strong></span> <span class='ocrx_word' id='word_1_687' title='bbox 2824 3428 2978 3496; x_wconf 85' lang='lat' dir='ltr'><strong>cujus</strong></span> <span class='ocrx_word' id='word_1_688' title='bbox 3013 3435 3200 3481; x_wconf 86' lang='lat' dir='ltr'><strong>auctor</strong></span> <span class='ocrx_word' id='word_1_689' title='bbox 3227 3428 3323 3482; x_wconf 86' lang='lat' dir='ltr'><strong>bo-</strong></span> 
     </span>
    </p>
   </div>
   <div class='ocr_carea' id='block_1_94' title="bbox 1762 3514 3322 3588">
    <p class='ocr_par' dir='ltr' id='par_1_94' title="bbox 1762 3514 3322 3588">
     <span class='ocr_line' id='line_1_96' title="bbox 1762 3514 3322 3588; baseline 0.005 -22"><span class='ocrx_word' id='word_1_690' title='bbox 1762 3530 1862 3567; x_wconf 92' lang='lat' dir='ltr'><strong>nus</strong></span> <span class='ocrx_word' id='word_1_691' title='bbox 1897 3514 2068 3582; x_wconf 89' lang='lat' dir='ltr'><strong>Deus;</strong></span> <span class='ocrx_word' id='word_1_692' title='bbox 2113 3518 2333 3586; x_wconf 87' lang='lat' dir='ltr'><strong>sapiens</strong></span> <span class='ocrx_word' id='word_1_693' title='bbox 2374 3519 2697 3587; x_wconf 88' lang='lat' dir='ltr'><strong>sapientiam</strong></span> <span class='ocrx_word' id='word_1_694' title='bbox 2733 3520 3142 3588; x_wconf 83' lang='lat' dir='ltr'><strong>participatam,</strong></span> <span class='ocrx_word' id='word_1_695' title='bbox 3169 3522 3322 3588; x_wconf 86' lang='lat' dir='ltr'><strong>cujus</strong></span> 
     </span>
    </p>
   </div>
   <div class='ocr_carea' id='block_1_95' title="bbox 1761 3610 3317 3678">
    <p class='ocr_par' dir='ltr' id='par_1_95' title="bbox 1761 3610 3317 3678">
     <span class='ocr_line' id='line_1_97' title="bbox 1761 3610 3317 3678; baseline 0.006 -20"><span class='ocrx_word' id='word_1_696' title='bbox 1761 3618 1951 3661; x_wconf 90' lang='lat' dir='ltr'><strong>auctor</strong></span> <span class='ocrx_word' id='word_1_697' title='bbox 1998 3610 2222 3678; x_wconf 86' lang='lat' dir='ltr'><strong>sapiens</strong></span> <span class='ocrx_word' id='word_1_698' title='bbox 2277 3610 2455 3678; x_wconf 89' lang='lat' dir='ltr'><strong>Deus;</strong></span> <span class='ocrx_word' id='word_1_699' title='bbox 2505 3627 2556 3672; x_wconf 85' lang='lat' dir='ltr'><strong>et</strong></span> <span class='ocrx_word' id='word_1_700' title='bbox 2579 3617 2643 3670; x_wconf 93' lang='lat' dir='ltr'><strong>ad</strong></span> <span class='ocrx_word' id='word_1_701' title='bbox 2669 3616 2913 3671; x_wconf 88' lang='lat' dir='ltr'><strong>eumdem</strong></span> <span class='ocrx_word' id='word_1_702' title='bbox 2940 3615 3155 3671; x_wconf 90' lang='lat' dir='ltr'><strong>modum</strong></span> <span class='ocrx_word' id='word_1_703' title='bbox 3191 3618 3317 3669; x_wconf 84' lang='lat' dir='ltr'><strong>alia.</strong></span> 
     </span>
    </p>
   </div>
   <div class='ocr_carea' id='block_1_96' title="bbox 1760 3698 3319 3775">
    <p class='ocr_par' dir='ltr' id='par_1_96' title="bbox 1760 3698 3319 3775">
     <span class='ocr_line' id='line_1_98' title="bbox 1760 3698 3319 3775; baseline 0.004 -21"><span class='ocrx_word' id='word_1_704' title='bbox 1760 3699 1940 3764; x_wconf 88' lang='lat' dir='ltr'><strong>Quare</strong></span> <span class='ocrx_word' id='word_1_705' title='bbox 1971 3698 2030 3755; x_wconf 91' lang='lat' dir='ltr'><strong>S.</strong></span> <span class='ocrx_word' id='word_1_706' title='bbox 2059 3699 2316 3773; x_wconf 88' lang='lat' dir='ltr'><strong>Dionysio</strong></span> <span class='ocrx_word' id='word_1_707' title='bbox 2345 3706 2669 3759; x_wconf 86' lang='lat' dir='ltr'><strong>contradicit</strong></span> <span class='ocrx_word' id='word_1_708' title='bbox 2705 3715 2757 3759; x_wconf 89' lang='lat' dir='ltr'><strong>et</strong></span> <span class='ocrx_word' id='word_1_709' title='bbox 2807 3716 3090 3775; x_wconf 78' lang='lat' dir='ltr'><strong>repugnat,</strong></span> <span class='ocrx_word' id='word_1_710' title='bbox 3120 3708 3209 3775; x_wconf 89' lang='lat' dir='ltr'><strong>qui</strong></span> <span class='ocrx_word' id='word_1_711' title='bbox 3238 3710 3319 3761; x_wconf 90' lang='lat' dir='ltr'><strong>di-</strong></span> 
     </span>
    </p>
   </div>
   <div class='ocr_carea' id='block_1_97' title="bbox 1760 3793 3321 3865">
    <p class='ocr_par' dir='ltr' id='par_1_97' title="bbox 1760 3793 3321 3865">
     <span class='ocr_line' id='line_1_99' title="bbox 1760 3793 3321 3865; baseline 0.003 -20"><span class='ocrx_word' id='word_1_712' title='bbox 1760 3793 1838 3845; x_wconf 87' lang='lat' dir='ltr'><strong>cit</strong></span> <span class='ocrx_word' id='word_1_713' title='bbox 1889 3794 2111 3848; x_wconf 86' lang='lat' dir='ltr'><strong>nomina</strong></span> <span class='ocrx_word' id='word_1_714' title='bbox 2154 3795 2337 3847; x_wconf 89' lang='lat' dir='ltr'><strong>divina</strong></span> <span class='ocrx_word' id='word_1_715' title='bbox 2384 3797 2682 3850; x_wconf 87' lang='lat' dir='ltr'><strong>secundum</strong></span> <span class='ocrx_word' id='word_1_716' title='bbox 2734 3796 3081 3865; x_wconf 84' lang='lat' dir='ltr'><strong>Dionysium,</strong></span> <span class='ocrx_word' id='word_1_717' title='bbox 3128 3814 3321 3851; x_wconf 84' lang='lat' dir='ltr'><strong>secun-</strong></span> 
     </span>
    </p>
   </div>
   <div class='ocr_carea' id='block_1_98' title="bbox 1760 3885 3317 3956">
    <p class='ocr_par' dir='ltr' id='par_1_98' title="bbox 1760 3885 3317 3956">
     <span class='ocr_line' id='line_1_100' title="bbox 1760 3885 3317 3956; baseline 0.003 -19"><span class='ocrx_word' id='word_1_718' title='bbox 1760 3885 1886 3937; x_wconf 88' lang='lat' dir='ltr'><strong>dum</strong></span> <span class='ocrx_word' id='word_1_719' title='bbox 1935 3901 2154 3941; x_wconf 89' lang='lat' dir='ltr'><strong>causam</strong></span> <span class='ocrx_word' id='word_1_720' title='bbox 2191 3897 2396 3942; x_wconf 87' lang='lat' dir='ltr'><strong>tantum</strong></span> <span class='ocrx_word' id='word_1_721' title='bbox 2438 3889 2545 3942; x_wconf 90' lang='lat' dir='ltr'><strong>dici</strong></span> <span class='ocrx_word' id='word_1_722' title='bbox 2585 3889 2652 3943; x_wconf 90' lang='lat' dir='ltr'><strong>de</strong></span> <span class='ocrx_word' id='word_1_723' title='bbox 2679 3890 2786 3943; x_wconf 86' lang='lat' dir='ltr'><strong>Deo</strong></span> <span class='ocrx_word' id='word_1_724' title='bbox 2822 3908 2833 3942; x_wconf 95' lang='lat'>:</span> <span class='ocrx_word' id='word_1_725' title='bbox 2868 3891 2944 3941; x_wconf 84' lang='lat' dir='ltr'><strong>sic</strong></span> <span class='ocrx_word' id='word_1_726' title='bbox 2973 3891 3115 3942; x_wconf 90' lang='lat' dir='ltr'><strong>enim</strong></span> <span class='ocrx_word' id='word_1_727' title='bbox 3155 3891 3317 3956; x_wconf 86' lang='lat' dir='ltr'><strong>dicta,</strong></span> 
     </span>
    </p>
   </div>
   <div class='ocr_carea' id='block_1_99' title="bbox 1759 3981 3317 4051">
    <p class='ocr_par' dir='ltr' id='par_1_99' title="bbox 1759 3981 3317 4051">
     <span class='ocr_line' id='line_1_101' title="bbox 1759 3981 3317 4051; baseline 0.004 -19"><span class='ocrx_word' id='word_1_728' title='bbox 1759 3994 1863 4033; x_wconf 90' lang='lat' dir='ltr'><strong>non</strong></span> <span class='ocrx_word' id='word_1_729' title='bbox 1893 3989 2018 4034; x_wconf 91' lang='lat' dir='ltr'><strong>sunt</strong></span> <span class='ocrx_word' id='word_1_730' title='bbox 2059 3981 2225 4038; x_wconf 81' lang='lat' dir='ltr'><strong>Deum</strong></span> <span class='ocrx_word' id='word_1_731' title='bbox 2267 3983 2535 4048; x_wconf 89' lang='lat' dir='ltr'><strong>decentia,</strong></span> <span class='ocrx_word' id='word_1_732' title='bbox 2583 3998 2649 4037; x_wconf 91' lang='lat' dir='ltr'><strong>ac</strong></span> <span class='ocrx_word' id='word_1_733' title='bbox 2682 3985 2908 4051; x_wconf 83' lang='lat' dir='ltr'><strong>proinde</strong></span> <span class='ocrx_word' id='word_1_734' title='bbox 2954 3985 3032 4038; x_wconf 89' lang='lat' dir='ltr'><strong>sic</strong></span> <span class='ocrx_word' id='word_1_735' title='bbox 3075 3995 3317 4051; x_wconf 83' lang='lat' dir='ltr'><strong>accepta,</strong></span> 
     </span>
    </p>
   </div>
   <div class='ocr_carea' id='block_1_100' title="bbox 1758 4074 3318 4145">
    <p class='ocr_par' dir='ltr' id='par_1_100' title="bbox 1758 4074 3318 4145">
     <span class='ocr_line' id='line_1_102' title="bbox 1758 4074 3318 4145; baseline 0.003 -20"><span class='ocrx_word' id='word_1_736' title='bbox 1758 4087 1865 4125; x_wconf 91' lang='lat' dir='ltr'><strong>non</strong></span> <span class='ocrx_word' id='word_1_737' title='bbox 1907 4082 2034 4127; x_wconf 87' lang='lat' dir='ltr'><strong>sunt</strong></span> <span class='ocrx_word' id='word_1_738' title='bbox 2072 4074 2290 4127; x_wconf 87' lang='lat' dir='ltr'><strong>nomina</strong></span> <span class='ocrx_word' id='word_1_739' title='bbox 2329 4075 2534 4129; x_wconf 87' lang='lat' dir='ltr'><strong>divina.</strong></span> <span class='ocrx_word' id='word_1_740' title='bbox 2563 4075 2819 4145; x_wconf 88' lang='lat' dir='ltr'><strong>Dionysio</strong></span> <span class='ocrx_word' id='word_1_741' title='bbox 2856 4087 3034 4129; x_wconf 85' lang='lat' dir='ltr'><strong>autem</strong></span> <span class='ocrx_word' id='word_1_742' title='bbox 3075 4089 3318 4141; x_wconf 86' lang='lat' dir='ltr'><strong>auctore,</strong></span> 
     </span>
    </p>
   </div>
   <div class='ocr_carea' id='block_1_101' title="bbox 1757 4164 3316 4238">
    <p class='ocr_par' dir='ltr' id='par_1_101' title="bbox 1757 4164 3316 4238">
     <span class='ocr_line' id='line_1_103' title="bbox 1757 4164 3316 4238; baseline 0.005 -24"><span class='ocrx_word' id='word_1_743' title='bbox 1757 4165 1978 4219; x_wconf 88' lang='lat' dir='ltr'><strong>nomina</strong></span> <span class='ocrx_word' id='word_1_744' title='bbox 2026 4164 2204 4219; x_wconf 89' lang='lat' dir='ltr'><strong>divina</strong></span> <span class='ocrx_word' id='word_1_745' title='bbox 2248 4166 2414 4221; x_wconf 89' lang='lat' dir='ltr'><strong>Deum</strong></span> <span class='ocrx_word' id='word_1_746' title='bbox 2457 4167 2730 4230; x_wconf 89' lang='lat' dir='ltr'><strong>decentia,</strong></span> <span class='ocrx_word' id='word_1_747' title='bbox 2766 4168 3033 4231; x_wconf 79' lang='lat' dir='ltr'><strong>absolute,</strong></span> <span class='ocrx_word' id='word_1_748' title='bbox 3063 4172 3316 4238; x_wconf 86' lang='lat' dir='ltr'><strong>perlecte,</strong></span> 
     </span>
    </p>
   </div>
   <div class='ocr_carea' id='block_1_102' title="bbox 1759 4254 3316 4330">
    <p class='ocr_par' dir='ltr' id='par_1_102' title="bbox 1759 4254 3316 4330">
     <span class='ocr_line' id='line_1_104' title="bbox 1759 4254 3316 4330; baseline 0.006 -24"><span class='ocrx_word' id='word_1_749' title='bbox 1759 4254 1969 4324; x_wconf 80' lang='lat' dir='ltr'><strong>integre</strong></span> <span class='ocrx_word' id='word_1_750' title='bbox 1997 4266 2053 4311; x_wconf 89' lang='lat' dir='ltr'><strong>et</strong></span> <span class='ocrx_word' id='word_1_751' title='bbox 2080 4258 2237 4327; x_wconf 87' lang='lat' dir='ltr'><strong>plene</strong></span> <span class='ocrx_word' id='word_1_752' title='bbox 2257 4299 2271 4324; x_wconf 93' lang='lat'><strong>,</strong></span> <span class='ocrx_word' id='word_1_753' title='bbox 2299 4259 2352 4313; x_wconf 91' lang='lat' dir='ltr'><strong>id</strong></span> <span class='ocrx_word' id='word_1_754' title='bbox 2382 4269 2462 4315; x_wconf 86' lang='lat' dir='ltr'><strong>est</strong></span> <span class='ocrx_word' id='word_1_755' title='bbox 2493 4273 2883 4330; x_wconf 77' lang='lat' dir='ltr'><strong>cxsuperautcr</strong></span> <span class='ocrx_word' id='word_1_756' title='bbox 2917 4271 2972 4316; x_wconf 90' lang='lat' dir='ltr'><strong>et</strong></span> <span class='ocrx_word' id='word_1_757' title='bbox 3013 4262 3316 4316; x_wconf 86' lang='lat' dir='ltr'><strong>eminenter</strong></span> 
     </span>
    </p>
   </div>
   <div class='ocr_carea' id='block_1_103' title="bbox 1758 4346 2244 4406">
    <p class='ocr_par' dir='ltr' id='par_1_103' title="bbox 1758 4346 2244 4406">
     <span class='ocr_line' id='line_1_105' title="bbox 1758 4346 2244 4406; baseline 0.012 -7"><span class='ocrx_word' id='word_1_758' title='bbox 1758 4346 1867 4400; x_wconf 87' lang='lat' dir='ltr'><strong>Deo</strong></span> <span class='ocrx_word' id='word_1_759' title='bbox 1897 4351 2244 4406; x_wconf 88' lang='lat' dir='ltr'><strong>conveniunt.</strong></span> 
     </span>
    </p>
   </div>
   <div class='ocr_carea' id='block_1_104' title="bbox 2243 4466 2802 4523">
    <p class='ocr_par' dir='ltr' id='par_1_104' title="bbox 2243 4466 2802 4523">
     <span class='ocr_line' id='line_1_106' title="bbox 2243 4466 2802 4523; baseline 0.004 -2"><span class='ocrx_word' id='word_1_760' title='bbox 2243 4466 2677 4523; x_wconf 69' lang='lat' dir='ltr'><strong>OBSERVATIO</strong></span> <span class='ocrx_word' id='word_1_761' title='bbox 2719 4468 2802 4523; x_wconf 82' lang='lat' dir='ltr'><strong>Vl.</strong></span> 
     </span>
    </p>
   </div>
   <div class='ocr_carea' id='block_1_105' title="bbox 2285 4561 3279 4639">
    <p class='ocr_par' dir='ltr' id='par_1_105' title="bbox 2285 4561 3279 4627">
     <span class='ocr_line' id='line_1_107' title="bbox 2285 4561 3279 4627; baseline -0.001 -16"><span class='ocrx_word' id='word_1_762' title='bbox 2285 4561 2351 4612; x_wconf 84' lang='lat' dir='ltr'><strong>sit</strong></span> <span class='ocrx_word' id='word_1_763' title='bbox 2391 4576 2481 4627; x_wconf 87' lang='lat' dir='ltr'><strong>per</strong></span> <span class='ocrx_word' id='word_1_764' title='bbox 2523 4578 2576 4612; x_wconf 87' lang='lat' dir='ltr'><strong>se</strong></span> <span class='ocrx_word' id='word_1_765' title='bbox 2606 4561 2709 4612; x_wconf 72' lang='lat' dir='ltr'><strong>vita</strong></span> <span class='ocrx_word' id='word_1_766' title='bbox 2733 4601 2746 4624; x_wconf 94' lang='lat'><strong>,</strong></span> <span class='ocrx_word' id='word_1_767' title='bbox 2783 4571 2829 4615; x_wconf 87' lang='lat' dir='ltr'><strong>et</strong></span> <span class='ocrx_word' id='word_1_768' title='bbox 2874 4569 3060 4611; x_wconf 85' lang='lat' dir='ltr'><strong>auctor</strong></span> <span class='ocrx_word' id='word_1_769' title='bbox 3103 4575 3194 4624; x_wconf 86' lang='lat' dir='ltr'><strong>per</strong></span> <span class='ocrx_word' id='word_1_770' title='bbox 3226 4574 3279 4610; x_wconf 89' lang='lat' dir='ltr'><strong>se</strong></span> 
     </span>
    </p>
   </div>
   <div class='ocr_carea' id='block_1_106' title="bbox 2394 4641 2673 4695">
    <p class='ocr_par' dir='ltr' id='par_1_106' title="bbox 2394 4641 2673 4695">
     <span class='ocr_line' id='line_1_108' title="bbox 2394 4641 2673 4695; baseline -0.007 -12"><span class='ocrx_word' id='word_1_771' title='bbox 2394 4641 2536 4695; x_wconf 75' lang='lat' dir='ltr'><strong>vitaz,</strong></span> <span class='ocrx_word' id='word_1_772' title='bbox 2567 4642 2673 4684; x_wconf 86' lang='lat' dir='ltr'><strong>etc.</strong></span> 
     </span>
    </p>
   </div>
   <div class='ocr_carea' id='block_1_107' title="bbox 1827 4719 3316 4792">
    <p class='ocr_par' dir='ltr' id='par_1_107' title="bbox 1827 4719 3316 4792">
     <span class='ocr_line' id='line_1_109' title="bbox 1827 4719 3316 4792; baseline 0.001 -19"><span class='ocrx_word' id='word_1_773' title='bbox 1827 4719 1923 4775; x_wconf 90' lang='lat' dir='ltr'><strong>ilic</strong></span> <span class='ocrx_word' id='word_1_774' title='bbox 1982 4722 2208 4776; x_wconf 90' lang='lat' dir='ltr'><strong>ulterius</strong></span> <span class='ocrx_word' id='word_1_775' title='bbox 2254 4723 2544 4776; x_wconf 90' lang='lat' dir='ltr'><strong>notandum</strong></span> <span class='ocrx_word' id='word_1_776' title='bbox 2589 4723 2864 4790; x_wconf 88' lang='lat' dir='ltr'><strong>quomodo</strong></span> <span class='ocrx_word' id='word_1_777' title='bbox 2917 4721 2976 4775; x_wconf 90' lang='lat' dir='ltr'><strong>S.</strong></span> <span class='ocrx_word' id='word_1_778' title='bbox 3026 4721 3316 4792; x_wconf 83' lang='lat' dir='ltr'><strong>Dionysius</strong></span> 
     </span>
    </p>
   </div>
   <div class='ocr_carea' id='block_1_108' title="bbox 1755 4813 3314 4885">
    <p class='ocr_par' dir='ltr' id='par_1_108' title="bbox 1755 4813 3314 4885">
     <span class='ocr_line' id='line_1_110' title="bbox 1755 4813 3314 4885; baseline 0 -17"><span class='ocrx_word' id='word_1_779' title='bbox 1755 4816 2042 4884; x_wconf 83' lang='lat' dir='ltr'><strong>aliquando</strong></span> <span class='ocrx_word' id='word_1_780' title='bbox 2077 4816 2292 4885; x_wconf 86' lang='lat' dir='ltr'><strong>quidem</strong></span> <span class='ocrx_word' id='word_1_781' title='bbox 2326 4817 2490 4870; x_wconf 90' lang='lat' dir='ltr'><strong>Deum</strong></span> <span class='ocrx_word' id='word_1_782' title='bbox 2525 4825 2680 4870; x_wconf 88' lang='lat' dir='ltr'><strong>vocet</strong></span> <span class='ocrx_word' id='word_1_783' title='bbox 2728 4813 2842 4880; x_wconf 80' lang='grc' dir='ltr'><strong>τὴν</strong></span> <span class='ocrx_word' id='word_1_784' title='bbox 2897 4814 3222 4883; x_wconf 71' lang='grc' dir='ltr'><strong>αὐτοζιυὴν,</strong></span> <span class='ocrx_word' id='word_1_785' title='bbox 3264 4815 3314 4868; x_wconf 91' lang='lat' dir='ltr'><strong>id</strong></span> 
     </span>
    </p>
   </div>
   <div class='ocr_carea' id='block_1_109' title="bbox 1753 4904 3314 4977">
    <p class='ocr_par' dir='ltr' id='par_1_109' title="bbox 1753 4904 3314 4977">
     <span class='ocr_line' id='line_1_111' title="bbox 1753 4904 3314 4977; baseline 0 -14"><span class='ocrx_word' id='word_1_786' title='bbox 1753 4920 1827 4963; x_wconf 80' lang='lat' dir='ltr'><strong>est</strong></span> <span class='ocrx_word' id='word_1_787' title='bbox 1877 4926 1966 4976; x_wconf 86' lang='lat' dir='ltr'><strong>per</strong></span> <span class='ocrx_word' id='word_1_788' title='bbox 2011 4927 2065 4962; x_wconf 84' lang='lat' dir='ltr'><strong>se</strong></span> <span class='ocrx_word' id='word_1_789' title='bbox 2107 4912 2300 4972; x_wconf 78' lang='lat' dir='ltr'><strong>vitam,</strong></span> <span class='ocrx_word' id='word_1_790' title='bbox 2351 4910 2641 4977; x_wconf 86' lang='lat' dir='ltr'><strong>aliquando</strong></span> <span class='ocrx_word' id='word_1_791' title='bbox 2689 4923 2818 4960; x_wconf 86' lang='lat' dir='ltr'><strong>vero</strong></span> <span class='ocrx_word' id='word_1_792' title='bbox 2863 4905 2973 4971; x_wconf 77' lang='grc' dir='ltr'><strong>τῆς</strong></span> <span class='ocrx_word' id='word_1_793' title='bbox 3022 4904 3314 4972; x_wconf 46' lang='lat' dir='ltr'><strong>aint/(wit:</strong></span> 
     </span>
    </p>
   </div>
   <div class='ocr_carea' id='block_1_110' title="bbox 1755 4996 3313 5068">
    <p class='ocr_par' dir='ltr' id='par_1_110' title="bbox 1755 4996 3313 5068">
     <span class='ocr_line' id='line_1_112' title="bbox 1755 4996 3313 5068; baseline -0.003 -14"><span class='ocrx_word' id='word_1_794' title='bbox 1755 5001 2140 5068; x_wconf 84' lang='grc' dir='ltr'><strong>ὑποστάτην,</strong></span> <span class='ocrx_word' id='word_1_795' title='bbox 2191 5000 2306 5053; x_wconf 87' lang='lat' dir='ltr'><strong>sive</strong></span> <span class='ocrx_word' id='word_1_796' title='bbox 2356 5017 2444 5067; x_wconf 83' lang='lat' dir='ltr'><strong>per</strong></span> <span class='ocrx_word' id='word_1_797' title='bbox 2492 5016 2545 5053; x_wconf 86' lang='lat' dir='ltr'><strong>se</strong></span> <span class='ocrx_word' id='word_1_798' title='bbox 2597 5001 2713 5053; x_wconf 81' lang='lat' dir='ltr'><strong>vita:</strong></span> <span class='ocrx_word' id='word_1_799' title='bbox 2759 5009 3183 5051; x_wconf 80' lang='lat' dir='ltr'><strong>sustentatorcm.</strong></span> <span class='ocrx_word' id='word_1_800' title='bbox 3249 4996 3313 5049; x_wconf 86' lang='lat' dir='ltr'><strong>Et</strong></span> 
     </span>
    </p>
   </div>
   <div class='ocr_carea' id='block_1_111' title="bbox 1755 5087 3310 5160">
    <p class='ocr_par' dir='ltr' id='par_1_111' title="bbox 1755 5087 3310 5160">
     <span class='ocr_line' id='line_1_113' title="bbox 1755 5087 3310 5160; baseline -0.003 -16"><span class='ocrx_word' id='word_1_801' title='bbox 1755 5093 1942 5145; x_wconf 84' lang='lat' dir='ltr'><strong>eodem</strong></span> <span class='ocrx_word' id='word_1_802' title='bbox 1984 5093 2158 5160; x_wconf 81' lang='lat' dir='ltr'><strong>capite</strong></span> <span class='ocrx_word' id='word_1_803' title='bbox 2195 5091 2253 5144; x_wconf 79' lang='lat' dir='ltr'><strong>ll</strong></span> <span class='ocrx_word' id='word_1_804' title='bbox 2298 5105 2402 5157; x_wconf 88' lang='lat' dir='ltr'><strong>quo</strong></span> <span class='ocrx_word' id='word_1_805' title='bbox 2436 5105 2596 5144; x_wconf 84' lang='lat' dir='ltr'><strong>sensu</strong></span> <span class='ocrx_word' id='word_1_806' title='bbox 2643 5091 2755 5142; x_wconf 66' lang='lat' dir='ltr'><strong>haec</strong></span> <span class='ocrx_word' id='word_1_807' title='bbox 2791 5087 3136 5155; x_wconf 80' lang='lat' dir='ltr'><strong>intelligenda</strong></span> <span class='ocrx_word' id='word_1_808' title='bbox 3182 5088 3310 5149; x_wconf 87' lang='lat' dir='ltr'><strong>sint,</strong></span> 
     </span>
    </p>
   </div>
   <div class='ocr_carea' id='block_1_112' title="bbox 1757 5178 3306 5252">
    <p class='ocr_par' dir='ltr' id='par_1_112' title="bbox 1757 5178 3306 5252">
     <span class='ocr_line' id='line_1_114' title="bbox 1757 5178 3306 5252; baseline -0.006 -14"><span class='ocrx_word' id='word_1_809' title='bbox 1757 5184 1983 5252; x_wconf 79' lang='lat' dir='ltr'><strong>ipsemet</strong></span> <span class='ocrx_word' id='word_1_810' title='bbox 2009 5184 2194 5251; x_wconf 86' lang='lat' dir='ltr'><strong>pandit</strong></span> <span class='ocrx_word' id='word_1_811' title='bbox 2240 5183 2321 5235; x_wconf 85' lang='lat' dir='ltr'><strong>liis</strong></span> <span class='ocrx_word' id='word_1_812' title='bbox 2351 5181 2530 5234; x_wconf 85' lang='lat' dir='ltr'><strong>verbis</strong></span> <span class='ocrx_word' id='word_1_813' title='bbox 2562 5196 2574 5232; x_wconf 76' lang='grc' dir='ltr'>ε</span> <span class='ocrx_word' id='word_1_814' title='bbox 2619 5198 2635 5228; x_wconf 79' lang='lat' dir='ltr'><strong>t</strong></span> <span class='ocrx_word' id='word_1_815' title='bbox 2671 5181 2784 5231; x_wconf 73' lang='grc' dir='ltr'><strong>Οὐκ</strong></span> <span class='ocrx_word' id='word_1_816' title='bbox 2813 5181 3047 5230; x_wconf 72' lang='grc' dir='ltr'>ἐναντίον</span> <span class='ocrx_word' id='word_1_817' title='bbox 3093 5178 3306 5229; x_wconf 70' lang='grc' dir='ltr'><strong>ιιῦτοδύ-</strong></span> 
     </span>
    </p>
   </div>
   <div class='ocr_carea' id='block_1_113' title="bbox 1753 5269 3310 5344">
    <p class='ocr_par' dir='ltr' id='par_1_113' title="bbox 1753 5269 3310 5344">
     <span class='ocr_line' id='line_1_115' title="bbox 1753 5269 3310 5344; baseline -0.006 -18"><span class='ocrx_word' id='word_1_818' title='bbox 1753 5292 1913 5344; x_wconf 85' lang='grc' dir='ltr'>ναμιν</span> <span class='ocrx_word' id='word_1_819' title='bbox 1940 5273 2268 5344; x_wconf 75' lang='grc' dir='ltr'><strong>ἢαὺτοζωὴν</strong></span> <span class='ocrx_word' id='word_1_820' title='bbox 2293 5274 2462 5325; x_wconf 84' lang='grc' dir='ltr'>εἰπεῖν</span> <span class='ocrx_word' id='word_1_821' title='bbox 2489 5272 2579 5324; x_wconf 81' lang='grc' dir='ltr'><strong>τὸν</strong></span> <span class='ocrx_word' id='word_1_822' title='bbox 2607 5272 2756 5332; x_wconf 77' lang='grc' dir='ltr'>θεὸν,</span> <span class='ocrx_word' id='word_1_823' title='bbox 2782 5273 2872 5322; x_wconf 69' lang='grc' dir='ltr'>καὶ</span> <span class='ocrx_word' id='word_1_824' title='bbox 2896 5272 2991 5340; x_wconf 71' lang='grc' dir='ltr'><strong>τῆς</strong></span> <span class='ocrx_word' id='word_1_825' title='bbox 3018 5269 3310 5337; x_wconf 72' lang='grc' dir='ltr'><strong>αὑτοξωῆς,</strong></span> 
     </span>
    </p>
   </div>
   <div class='ocr_carea' id='block_1_114' title="bbox 1756 5359 3310 5436">
    <p class='ocr_par' dir='ltr' id='par_1_114' title="bbox 1756 5359 3310 5436">
     <span class='ocr_line' id='line_1_116' title="bbox 1756 5359 3310 5436; baseline -0.006 -17"><span class='ocrx_word' id='word_1_826' title='bbox 1756 5368 1789 5436; x_wconf 84' lang='grc' dir='ltr'>ἦ</span> <span class='ocrx_word' id='word_1_827' title='bbox 1815 5368 2053 5436; x_wconf 78' lang='grc' dir='ltr'><strong>εἰρήνης,</strong></span> <span class='ocrx_word' id='word_1_828' title='bbox 2099 5365 2452 5435; x_wconf 54' lang='grc' dir='ltr'>ἠδυνάμεως</span> <span class='ocrx_word' id='word_1_829' title='bbox 2495 5365 2830 5432; x_wconf 78' lang='grc' dir='ltr'><strong>ὑποστάτην·</strong></span> <span class='ocrx_word' id='word_1_830' title='bbox 2877 5362 2942 5413; x_wconf 73' lang='grc' dir='ltr'>τὰ</span> <span class='ocrx_word' id='word_1_831' title='bbox 2976 5362 3070 5430; x_wconf 81' lang='grc' dir='ltr'><strong>μὲν</strong></span> <span class='ocrx_word' id='word_1_832' title='bbox 3117 5359 3222 5430; x_wconf 74' lang='grc' dir='ltr'><strong>γὰρ</strong></span> <span class='ocrx_word' id='word_1_833' title='bbox 3250 5361 3310 5410; x_wconf 76' lang='grc' dir='ltr'><strong>ἐκ</strong></span> 
     </span>
    </p>
   </div>
   <div class='ocr_carea' id='block_1_115' title="bbox 1754 5448 3309 5524">
    <p class='ocr_par' dir='ltr' id='par_1_115' title="bbox 1754 5448 3309 5524">
     <span class='ocr_line' id='line_1_117' title="bbox 1754 5448 3309 5524; baseline -0.008 -16"><span class='ocrx_word' id='word_1_834' title='bbox 1754 5457 1860 5508; x_wconf 80' lang='grc' dir='ltr'><strong>τῶν</strong></span> <span class='ocrx_word' id='word_1_835' title='bbox 1886 5457 2070 5518; x_wconf 72' lang='grc' dir='ltr'><strong>ὄντων,</strong></span> <span class='ocrx_word' id='word_1_836' title='bbox 2098 5458 2189 5507; x_wconf 71' lang='grc' dir='ltr'><strong>καὶ</strong></span> <span class='ocrx_word' id='word_1_837' title='bbox 2219 5454 2449 5524; x_wconf 78' lang='grc' dir='ltr'><strong>μάλιστα</strong></span> <span class='ocrx_word' id='word_1_838' title='bbox 2491 5455 2553 5505; x_wconf 82' lang='grc' dir='ltr'>ὲκ</span> <span class='ocrx_word' id='word_1_839' title='bbox 2593 5454 2700 5504; x_wconf 81' lang='grc' dir='ltr'><strong>τῶν</strong></span> <span class='ocrx_word' id='word_1_840' title='bbox 2739 5452 2964 5523; x_wconf 80' lang='grc' dir='ltr'><strong>πρώτως</strong></span> <span class='ocrx_word' id='word_1_841' title='bbox 3003 5451 3188 5510; x_wconf 78' lang='grc' dir='ltr'><strong>ὄντων,</strong></span> <span class='ocrx_word' id='word_1_842' title='bbox 3238 5448 3309 5509; x_wconf 73' lang='grc' dir='ltr'><strong>ὡς,</strong></span> 
     </span>
    </p>
   </div>
   <div class='ocr_carea' id='block_1_116' title="bbox 1756 5541 3306 5614">
    <p class='ocr_par' dir='ltr' id='par_1_116' title="bbox 1756 5541 3306 5614">
     <span class='ocr_line' id='line_1_118' title="bbox 1756 5541 3306 5614; baseline -0.008 -13"><span class='ocrx_word' id='word_1_843' title='bbox 1756 5549 1923 5610; x_wconf 63' lang='lat' dir='ltr'><strong>uicto;</strong></span> <span class='ocrx_word' id='word_1_844' title='bbox 1968 5549 2180 5601; x_wconf 76' lang='grc' dir='ltr'>πάντων</span> <span class='ocrx_word' id='word_1_845' title='bbox 2225 5547 2330 5599; x_wconf 80' lang='grc' dir='ltr'><strong>τῶν</strong></span> <span class='ocrx_word' id='word_1_846' title='bbox 2359 5548 2524 5598; x_wconf 71' lang='grc' dir='ltr'>ὄντων</span> <span class='ocrx_word' id='word_1_847' title='bbox 2569 5547 2780 5614; x_wconf 74' lang='grc' dir='ltr'><strong>λέγεται</strong></span> <span class='ocrx_word' id='word_1_848' title='bbox 2807 5562 2818 5572; x_wconf 88' lang='grc'><strong>·</strong></span> <span class='ocrx_word' id='word_1_849' title='bbox 2856 5543 2922 5595; x_wconf 75' lang='grc' dir='ltr'><strong>τὰ</strong></span> <span class='ocrx_word' id='word_1_850' title='bbox 2967 5543 3021 5592; x_wconf 79' lang='grc' dir='ltr'><strong>δὲ</strong></span> <span class='ocrx_word' id='word_1_851' title='bbox 3057 5542 3128 5601; x_wconf 78' lang='grc' dir='ltr'>ὡς</span> <span class='ocrx_word' id='word_1_852' title='bbox 3175 5541 3306 5607; x_wconf 68' lang='grc' dir='ltr'>ὑπὲρ</span> 
     </span>
    </p>
   </div>
   <div class='ocr_carea' id='block_1_117' title="bbox 1757 5633 3302 5712">
    <p class='ocr_par' dir='ltr' id='par_1_117' title="bbox 1757 5635 3302 5712">
     <span class='ocr_line' id='line_1_119' title="bbox 1757 5635 3302 5712; baseline -0.008 -20"><span class='ocrx_word' id='word_1_853' title='bbox 1757 5642 1928 5692; x_wconf 74' lang='grc' dir='ltr'><strong>πάντα</strong></span> <span class='ocrx_word' id='word_1_854' title='bbox 1968 5640 2059 5692; x_wconf 74' lang='grc' dir='ltr'>καὶ</span> <span class='ocrx_word' id='word_1_855' title='bbox 2084 5640 2149 5691; x_wconf 72' lang='grc' dir='ltr'>τὰ</span> <span class='ocrx_word' id='word_1_856' title='bbox 2195 5639 2418 5712; x_wconf 77' lang='grc' dir='ltr'><strong>πρώτως</strong></span> <span class='ocrx_word' id='word_1_857' title='bbox 2465 5640 2611 5703; x_wconf 68' lang='grc' dir='ltr'><strong>ὄντα,</strong></span> <span class='ocrx_word' id='word_1_858' title='bbox 2658 5637 2870 5708; x_wconf 76' lang='grc' dir='ltr'>ὑπερὼν</span> <span class='ocrx_word' id='word_1_859' title='bbox 2922 5635 3302 5702; x_wconf 51' lang='grc' dir='ltr'><strong>ὑπεροισιωςη</strong></span> 
     </span>
    </p>
   </div>
  </div>
