4198 6304
830 363 899 418 85
1953 365 2003 416 S.
2055 363 2210 421 DION
2223 364 2417 420 YSlL‘S
2455 367 2904 425 AREOPAGITA.
3985 368 4054 422 84

832 477 955 532 Non
997 492 1250 549 pugnant,
1297 480 1494 549 inquit,
1544 496 1740 542 secum,
1792 480 1966 532 dicere
2012 479 2170 533 Deum
2209 499 2296 549 per
2337 500 2390 535 sc
2419 493 2464 547 Α
2493 485 2763 547 sanctitas,
2784 477 3017 550 justitta,
3058 486 3440 551 misericordia,
3475 485 3762 547 beatitudo,
3805 487 3904 538 vita
3935 502 4051 538 om-

828 583 1132 642 potestatem
1165 584 1211 626 et
1253 591 1342 640 per
1371 591 1424 626 se
1466 575 1658 637 vitam;
1694 584 1738 626 et
1778 575 1948 627 dicere
1994 574 2152 627 Deum
2183 586 2384 626 creato-

827 681 934 718 rem
961 682 1052 728 per
1079 682 1131 718 se
1168 667 1305 727 vittc,
1347 666 1420 719 vel
1445 683 1536 734 per
1561 683 1611 718 se
1643 668 1808 732 pacis,
1841 666 1915 720 vel
1955 683 2045 734 per
2076 684 2128 720 se
2155 675 2384 734 potesta-

827 756 893 807 tis
914 770 929 816 ,‘
950 757 1058 808 lucc
1085 756 1220 808 enim
1244 757 1438 809 dicitur
1459 755 1597 809 Deus
1623 773 1685 808 ex
1710 756 1774 808 iis
1796 773 1911 825 qua:
1933 766 2137 822 sum,et
2161 757 2386 808 maxime

827 859 892 897 ex
930 845 993 898 iis
1026 861 1142 914 ante
1170 847 1340 914 prima
1373 857 1515 910 sunt,
1547 857 1794 915 tanquam
1823 864 1980 900 causa
2009 849 2236 901 onmium
2269 865 2384 916 quo:

826 947 947 989 sunt
989 957 1005 992 :
1045 937 1138 991 illa
1169 949 1340 996 autem
1384 939 1578 990 dici-:ur
1622 950 1869 1009 tanquam
1917 941 2146 994 existens
2196 958 2383 1009 super-

824 1029 1242 1082 substantialiter
1273 1046 1431 1096 supra
1465 1033 1639 1083 omnia
1669 1048 1786 1100 qum
1823 1043 1965 1097 sunt,
1995 1045 2042 1085 et
2075 1051 2191 1101 qua:
2215 1033 2383 1101 primo

823 1131 964 1174 sunt.
999 1119 1206 1175 Dicitur
1235 1137 1364 1191 ergo
1399 1122 1538 1175 Deus
1579 1139 1670 1190 per
1700 1140 1751 1175 se
1781 1125 1906 1185 vita,
1939 1124 2147 1177 Scilicet
2183 1124 2384 1192 impar-

828 1212 1070 1279 ticipata,
1125 1211 1388 1266 illimilata
1417 1253 1431 1278 ,
1469 1223 1573 1268 etc.
1616 1214 1812 1266 Auctor
1855 1230 1981 1268 vero
2015 1231 2106 1282 per
2147 1232 2200 1268 se
2243 1225 2380 1279 vita',

824 1303 1031 1355 scilicet
1063 1304 1421 1372 participatze,
1460 1306 1701 1359 limitant:
1724 1347 1738 1370 ,
1770 1317 1902 1368 etc.,
1931 1306 2044 1360 sive
2074 1306 2198 1360 doni
2240 1307 2383 1362 illius

823 1408 930 1460 quo
964 1395 1206 1449 viventes
1238 1395 1394 1461 facit,
1437 1397 1508 1450 ita
1543 1397 1795 1449 nimirum
1829 1406 1885 1450 ut
1917 1412 2012 1465 per
2052 1412 2110 1450 se
2141 1397 2246 1449 vita
2291 1413 2384 1448 ni:-

829 1497 1007 1539 turam
1051 1490 1173 1542 vitae
1203 1490 1494 1559 signiticet,
1539 1488 1589 1543 id
1623 1499 1701 1542 est
1735 1503 1795 1543 ca
1824 1504 1944 1558 «μω
1971 1489 2173 1543 cadunt
2206 1489 2255 1542 in
2289 1489 2383 1542 de-

825 1579 1120 1633 tinitionem
1163 1579 1283 1633 vitae
1314 1579 1417 1647 (5).

1301 1673 1734 1728 OBSERV'ATIO
1773 1672 1884 1729 VII.

1103 1766 1242 1830 Quid
1281 1769 1482 1836 signent
1520 1767 1804 1834 composita
1834 1782 1898 1819 ea:
1931 1765 2094 1836 ἀρχή.

2492 573 2632 623 nium
2667 573 2959 634 viventium,
3003 591 3111 627 esse
3155 577 3388 628 omnium
3420 577 3774 638 existentium,
3818 578 4050 629 omnium

2487 662 2755 730 perfectio,
2797 666 3151 730 pulchritudo,
3198 684 3462 731 mensura,
3513 669 3669 730 ratio,
3719 669 3886 731 salus,
3929 685 4056 721 con-

2488 758 2729 808 servatio.
2765 756 2911 810 Unde
2939 757 3092 811 divus
3114 758 3440 820 Bernartius,
3482 759 3578 811 lib.
3612 776 3643 810 ν
3696 760 3770 813 De
3796 762 4001 814 consiti.
4032 777 4052 814 :

2491 848 2628 912 Quid
2659 859 2732 902 est
2767 849 2943 902 Dens?
3000 849 3251 904 Voluntas
3292 853 3634 919 omnipotens,
3667 854 4049 906 benevolentis—

2487 944 2620 994 sima
2657 942 2845 1006 virtus,
2872 941 3044 994 lumen
3080 953 3355 1005 tcternum,
3402 943 3850 997 incommutabilis
3895 948 4050 1010 ratio,

2487 1040 2681 1083 a'terna
2711 1034 2995 1085 beatitudo.
3035 1033 3099 1086 Et
3125 1033 3263 1085 infra
3298 1053 3311 1087 :
3343 1036 3493 1085 Amat
3539 1046 3590 1086 ut
3626 1036 3882 1100 charitas,
3911 1043 4052 1090 novit

2488 1133 2542 1173 nt
2589 1124 2803 1186 veritas,
2841 1125 3048 1192 judicat
3087 1136 3141 1177 ut
3185 1129 3424 1195 wquitas,
3469 1126 3770 1179 dominatur
3799 1139 3853 1180 ut
3888 1131 4054 1195 maje-

2485 1223 2616 1278 stas,
2652 1216 2781 1282 regit
2812 1226 2866 1266 ut
2897 1216 3231 1283 principium,
3261 1205 3505 1282 operaturJ
3552 1229 3604 1268 ut
3643 1219 3829 1283 virtus,
3870 1227 4055 1272 tuetur

2486 1312 2539 1353 nt
2577 1301 2742 1368 salus,
2783 1305 2976 1357 revelat
3016 1315 3070 1357 ut
3116 1303 3226 1367 lux,
3279 1305 3476 1358 assistit
3513 1316 3566 1358 ut
3601 1308 3790 1374 pietas,
3829 1317 3939 1362 etc.
3987 1309 4057 1362 Et

2485 1399 2730 1464 quamvis
2767 1399 2996 1467 plurima
3026 1412 3206 1452 rerum
3241 1400 3457 1454 nomina
3488 1401 3560 1455 illi
3597 1417 3702 1455 non
3741 1403 4056 1457 tribuantur

2485 1489 2554 1540 ob
2586 1489 3048 1559 imperfectionem
3092 1507 3255 1562 quam
3292 1493 3596 1558 involvunt,
3637 1504 3816 1549 tamen
3862 1509 4054 1548 omnes

2488 1596 2665 1636 rerum
2723 1585 2933 1652 Species
2979 1595 3034 1639 et
3088 1587 3270 1640 omnia
3336 1587 3610 1642 individua
3671 1589 3878 1643 suntin
3935 1589 4054 1658 ipso

2485 1674 2784 1728 eminenter
2815 1677 3110 1730 secundum
3153 1694 3253 1732 sua
3284 1688 3594 1748 protolypa,
3630 1690 3681 1733 et
3727 1678 3896 1733 veluti
3931 1680 4055 1749 pri-

2486 1781 2654 1819 maeva
2687 1777 2740 1820 et
2763 1776 2964 1822 aeterna
2998 1769 3228 1835 semina,
3261 1786 3326 1824 ex
3353 1786 3583 1839 quorum
3614 1773 3661 1825 vi
3697 1771 4052 1839 pullularunt,

893 1854 1006 1906 Non
1042 1869 1165 1908 raro
1203 1870 1418 1924 quoque
1465 1854 1522 1909 S.
1558 1855 1846 1926 Dionysius
1876 1854 2049 1909 utitur
2074 1854 2379 1909 nominibus
2413 1842 2455 1896 Β
2486 1869 2648 1927 atque
2671 1861 2805 1914 adeo
2825 1863 3015 1914 suntin
3039 1861 3152 1929 ipso
3176 1846 3605 1926 intrinsece,non
3624 1863 3837 1932 quidem
3855 1877 4055 1918 secun-

819 1962 885 2000 (ιι
914 1962 1040 2002 voce
1072 1949 1210 2018 ἀρχή
1243 1948 1579 2016 compositis,
1606 1949 1846 2004 vocando
1878 1948 2046 2003 Deum
2077 1948 2379 2015 θεαρχίαν,

820 2042 1145 2108 θεαρχικίιν
1183 2041 1462 2107 ὕπαρξιν,
1522 2051 1655 2106 etc.,
1686 2041 1738 2095 id
1771 2049 1854 2096 est
1881 2040 2379 2109 Dei-principatum,

818 2135 1164 2188 substantiam
1194 2133 1756 2201 divino-principalem,
1781 2133 2074 2186 divinitatis
2101 2132 2379 2202 originem,

823 2224 874 2277 in
913 2226 1180 2279 creaturis
1217 2224 1450 2289 scilicet,
1483 2225 1610 2292 quia
1645 2225 1788 2278 Deus
1819 2233 1903 2279 est
1944 2235 2135 2279 auctor
2183 2223 2382 2276 divini—

821 2318 948 2372 tatis
990 2319 1045 2372 in
1097 2319 1308 2373 cunctis
1356 2318 1666 2373 hominibus
1717 2325 1772 2373 et
1823 2317 2034 2388 angelis
2076 2318 2166 2387 qui
2218 2317 2381 2373 Deum

821 2407 1103 2464 imitantur
1127 2418 1181 2466 et
1227 2411 1274 2466 ei
1307 2409 1518 2466 similes
1561 2411 1723 2478 ﬁniit,
1764 2410 1833 2465 de
1875 2410 2074 2481 quibus
2119 2412 2382 2480 scriptum

819 2515 908 2561 est
940 2522 956 2560 :
1001 2503 1113 2576 Ego
1145 2505 1257 2560 dixi
1284 2519 1302 2557 :
1331 2503 1417 2559 Dii
1444 2507 1568 2561 estis
1591 2506 1662 2571 ";
1709 2517 1760 2562 et
1790 2506 1920 2561 illud
1959 2530 1970 2562 ;
2004 2505 2142 2560 Deus
2166 2506 2383 2560 deorum

819 2602 876 2654 in
929 2600 1060 2655 Sion
1110 2602 1178 2654 ".
1237 2601 1530 2668 θεαρχίαν
1575 2601 1758 2671 itaque
1809 2600 1974 2668 dicit,
2023 2599 2176 2668 quasi
2233 2595 2384 2650 θεῶν

817 2693 1100 2761 ἄρχοντα,
1130 2693 1378 2747 dicamus
1410 2707 1510 2747 nos
1540 2693 1709 2746 Deum
1744 2692 1992 2757 deorum,
2017 2699 2075 2745 ut
2101 2690 2268 2745 David
2303 2691 2384 2744 di-

818 2786 914 2838 cit.
956 2782 1145 2851 Cap.5
1181 2780 1414 2836 Caelestis
1439 2781 1758 2837 lucrare/tia:
1804 2783 1968 2837 Deum
1991 2790 2146 2836 vocat
2175 2784 2374 2833 τελετ-

820 2878 1036 2945 αρχίαν
1071 2875 1165 2929 καὶ
1207 2876 1767 2942 αὑτοτελεταρχίαν,
1793 2873 1844 2928 id
1871 2882 1953 2927 est
1983 2874 2234 2942 originem
2266 2887 2385 2941 per-

823 2970 1085 3035 fectionis,
1124 2978 1170 3021 et
1210 2984 1298 3036 per
1324 2984 1378 3021 se
1423 2967 1677 3036 originem
1711 2965 2087 3034 perfectionis;
2125 2965 2252 3018 item
2284 2981 2385 3016 τα·-

822 3061 1097 3133 εαρχίαν,
1128 3062 1177 3115 id
1208 3071 1290 3114 est
1335 3061 1587 3129 originem
1621 3059 1990 3113 ordinationis.
2030 3058 2160 3112 ltem
2195 3073 2310 3127 cap.
2348 3057 2381 3110 '5

2485 1953 2609 2004 dum
2630 1966 2785 2005 suum
2809 1968 2928 2007 esse
2961 1954 3186 2009 formale
3208 1964 3260 2009 et
3286 1954 3592 2015 essentiale,
3620 1955 3716 2007 sed
3750 1955 4054 2008 secundum

2484 2059 2604 2096 esse
2625 2057 2778 2097 suum
2810 2046 3052 2100 eminens
3071 2055 3122 2099 et
3149 2045 3620 2116 superessentiale.
3655 2046 3805 2102 Unde
3834 2046 3950 2113 ipse
3970 2054 4056 2100 est

2483 2134 2665 2188 Omnia
2693 2143 2746 2188 et
2786 2135 2996 2204 singula
3035 2138 3342 2192 eminenter
3397 2149 3451 2193 et
3497 2137 4050 2207 superessentialitcr.

2865 2227 3140 2292 Quomodo
3166 2230 3343 2282 omnia
3376 2240 3650 2299 negentur.

2553 2319 2830 2390 Negantur
2879 2321 2946 2375 de
2991 2319 3106 2390 ipso
3154 2321 3359 2389 omnia,
3408 2321 3534 2391 quia
3584 2322 3700 2391 ipse
3752 2331 3839 2377 est
3884 2337 4055 2392 supra

2480 2426 2697 2467 omnem
2749 2412 3016 2466 rationem
3042 2420 3096 2468 et
3136 2414 3370 2483 speciem
3415 2425 3615 2468 creata:
3645 2413 3810 2467 menti
3854 2429 4056 2470 conce-

2483 2504 2747 2575 ptibilem.
2778 2503 2870 2560 Sic
2899 2503 3204 2575 Dionysius,
3242 2506 3407 2577 capit.
3433 2505 3533 2560 ult.
3565 2504 3723 2574 Myst.
3757 2502 4052 2574 theologica,

2483 2597 2615 2652 dicit
2643 2597 2811 2653 Deum
2851 2613 2972 2654 esse
3005 2613 3109 2654 non
3145 2599 3532 2665 substantiam,
3575 2614 3682 2654 non
3717 2598 3913 2663 vitam,
3947 2615 4054 2654 non

2484 2686 2680 2756 lucem,
2711 2702 2818 2743 non
2848 2703 3089 2754 sensum,
3123 2703 3228 2742 non
3261 2697 3522 2756 mentem,
3556 2705 3664 2744 non
3698 2690 4052 2758 sapientiam,

2485 2795 2587 2834 non
2636 2780 2960 2850 bonitatem,
3015 2796 3123 2834 non
3169 2782 3466 2847 deitatem,
3522 2784 3616 2836 sed
3667 2783 3924 2852 quiddam
3970 2781 4056 2836 bis

2483 2874 2738 2928 omnibus
2771 2874 3098 2928 eminentius
3131 2882 3291 2942 atque
3325 2874 3698 2943 praestantius.
3751 2873 3912 2927 Ratio
3948 2882 4055 2939 est,

2482 2967 2607 3033 quia
2641 2965 2825 3021 omnia
2860 2966 2990 3032 ista,
3022 2974 3289 3035 quatenus
3322 2964 3486 3018 menti
3519 2972 3718 3018 creata:
3748 2975 3874 3017 sunt
3902 2979 4058 3018 com-

2483 3058 2869 3128 prehensibilia
2907 3068 2958 3114 et
2987 3058 3366 3120 nominabilia,
3406 3057 3606 3112 habent
3636 3068 3933 3125 conceptus
3959 3058 4060 3110 ob-

822 3153 900 3207 De
943 3154 1130 3206 divinis
1173 3153 1489 3219 nominibus,
1531 3153 1557 3223 §
1595 3152 1650 3218 2,
1689 3167 1887 3220 corpus
1919 3153 1979 3206 B.
2019 3151 2254 3220 Virginis
2285 3167 2379 3205 νο·
2410 3191 2450 3244 C
2479 3153 2707 3223 jectivos
2746 3153 3007 3208 limitatos
3052 3153 3104 3206 in
3138 3153 3354 3207 ratione
3393 3150 3535 3206 entis
3569 3166 3583 3206 :
3627 3149 3888 3203 limitatos
3913 3191 3927 3213 ,
3973 3149 4060 3202 in-

816 3257 914 3301 eat
947 3245 1284 3313 ζωαρχικόν,
1326 3245 1378 3298 id
1424 3254 1506 3298 est
1531 3245 1670 3309 quod
1697 3245 1816 3298 vita:
1845 3243 2163 3314 principium
2190 3243 2353 3298 dedit.

1300 3357 1735 3415 OBSERVATIO
1776 3356 1911 3414 Vlll.

826 3452 1134 3522 Dionysium
1179 3451 1356 3504 omnia
1382 3453 1443 3503 de
1478 3450 1580 3503 Deo
1605 3452 1864 3522 afﬁrmare
1887 3461 1932 3504 et
1965 3451 2151 3504 iterum
2176 3463 2382 3517 negare.

1086 3524 1354 3586 Quomodo
1385 3522 1561 3574 omnia
1585 3523 1647 3573 de
1676 3521 1782 3574 Deo
1806 3523 2146 3590 aﬁirntentur.

897 3617 1200 3672 Notandum
1242 3630 1457 3685 quoque
1488 3615 1546 3669 S.
1584 3615 1898 3684 Dionysium
1945 3614 2037 3668 lib.
2093 3613 2166 3666 De
2193 3614 2386 3668 divinis

827 3712 1142 3772 nominibus,
1176 3725 1297 3778 cap.
1331 3709 1386 3776 1,
1425 3711 1483 3774 2,
1525 3707 1613 3773 15,
1654 3717 1709 3760 et
1755 3706 1904 3773 alibi,
1941 3707 2234 3775 aliquando
2267 3706 2388 3775 qui-

826 3806 946 3857 dem
978 3806 1155 3856 omnia
1190 3803 1256 3856 de
1294 3801 1405 3856 Deo
1438 3801 1729 3866 allirmare,
1763 3801 2056 3869 aliquando
2095 3816 2223 3854 vero
2261 3817 2387 3854 rur-

825 3913 944 3950 sum
971 3895 1148 3949 omnia
1178 3909 1396 3964 negare.
1426 3894 1561 3949 llinc
1603 3893 1735 3948 dicit
1761 3893 1930 3948 Deum
1961 3893 2145 3947 omnia
2171 3906 2292 3947 esse
2327 3901 2387 3946 ut

827 3985 997 4040 Deum
1042 3986 1225 4050 decet;
1272 3994 1326 4038 et
1365 3984 1498 4038 nihil
1549 3999 1738 4038 eorum
1770 3997 1914 4048 esse,
1963 3991 2021 4036 ut
2060 3998 2224 4053 supra
2257 3985 2390 4038 sub-

828 4079 1084 4132 stantiam
1136 4087 1251 4141 est;
1299 4088 1592 4143 utrumque
1635 4077 1779 4130 enim
1825 4076 2041 4146 proprie
2082 4076 2282 4130 dicitur
2335 4077 2389 4129 in

831 4171 926 4226 Dei
954 4169 1308 4240 amplitudine
1339 4185 1353 4220 :
1390 4181 1472 4232 ut,
1503 4167 1644 4221 Deus
1675 4177 1758 4222 est
1790 4167 1926 4232 vita,
1956 4167 2095 4223 Deus
2125 4177 2208 4221 est
2233 4166 2389 4220 boni-

835 4276 953 4329 tas;
985 4272 1058 4326 et,
1088 4263 1229 4316 Deus
1256 4278 1360 4316 non
1391 4262 1630 4325 estvita,
1660 4271 1713 4316 et
1750 4277 1855 4315 non
1881 4272 1965 4315 est
1992 4261 2234 4327 bonitas,
2264 4261 2389 4329 quia

829 4368 915 4414 est
961 4373 1122 4427 supra
1168 4359 1302 4422 tunc,
1349 4371 1467 4424 qua:
1499 4370 1598 4410 nos
1641 4370 1737 4423 per
1780 4355 1949 4408 vitam
1985 4363 2042 4408 et
2084 4356 2389 4408 bonitatem

834 4453 1202 4523 intelligimus.
1229 4453 1291 4506 Et
1321 4452 1421 4505 hoc
1449 4465 1608 4504 sensu
1641 4465 1762 4518 cap.
1793 4451 1850 4515 2,
1873 4449 2004 4520 §ul,
2035 4459 2186 4504 vocat
2223 4450 2388 4504 Deum

2488 3263 2673 3315 quam,
2717 3263 2819 3302 nou
2862 3262 2926 3300 ex
2974 3258 3128 3313 parte
3176 3246 3251 3298 rei
3296 3259 3414 3312 qua:
3461 3243 3797 3310 concipitur,
3845 3242 3939 3295 sed
3987 3257 4058 3295 es

2487 3345 2640 3405 parte
2686 3337 2826 3390 modi
2856 3336 3220 3402 concipiendi.
3255 3333 3408 3388 Unde
3439 3346 3496 3387 ut
3527 3334 3605 3387 sic
3636 3334 4055 3401 concipiuntur,

2490 3443 2595 3481 non
2627 3427 2908 3482 includunt
2953 3427 3258 3481 formaliter
3299 3427 3434 3480 alias
3465 3426 3827 3495 perfectiones
3861 3443 3875 3479 :
3913 3425 4056 3478 ratio

2487 3519 2632 3572 enim
2676 3520 3015 3582 substantiae,
3072 3529 3128 3571 ut
3177 3534 3206 3572 a
3254 3529 3510 3572 creatura
3559 3518 3885 3586 concipitur,
3943 3534 4057 3570 non

2491 3611 2723 3667 includit
2756 3613 3022 3666 rationem
3058 3613 3345 3680 sapientia:
3375 3621 3467 3664 aut
3496 3620 3722 3665 cmteras
3755 3610 4058 3676 perfectio-

2491 3720 2610 3770 nes,
2645 3719 2745 3760 nec
2777 3714 2985 3771 contra,
3020 3705 3113 3758 sed
3143 3718 3368 3773 quaeque
3400 3718 3555 3758 suum
3589 3701 3880 3754 limitatum
3917 3715 4060 3754 con-

2489 3803 2704 3863 ceptum
2753 3793 2936 3848 habet.
2989 3794 3129 3847 Deus
3169 3802 3351 3846 autem
3383 3803 3461 3848 est
3500 3791 3638 3845 ratio
3676 3805 3904 3861 prorsus
3943 3790 4059 3843 illi-

2490 3883 2716 3948 mitata,
2770 3882 2914 3936 unde
2968 3881 3272 3936 formaliter
3327 3882 3412 3937 vel
3468 3882 3775 3936 eminenter
3827 3880 4062 3934 includit

2489 3987 2701 4027 onmem
2732 3972 3116 4044 perfectionem
3147 3972 3593 4041 conceptibilem.

2693 4066 3044 4135 Perfectiones
3076 4066 3365 4135 ndupliciter
3395 4067 3625 4119 existunt
3655 4066 3708 4119 in
3743 4065 3873 4118 Deo.

2564 4162 2697 4217 llinc
2724 4167 2873 4230 patet
2919 4173 3108 4214 omnes
3131 4158 3495 4228 perfectiones
3525 4174 3645 4228 quae
3671 4159 3778 4213 Deo
3809 4159 4066 4217 tribuun-

2496 4268 2579 4311 tur
2609 4257 2815 4324 absque
2843 4256 3190 4324 metaphora,
3222 4253 3508 4322 dupliciter
3535 4254 3587 4306 in
3615 4254 3731 4320 ipso
3765 4252 4059 4319 contineri,

2494 4348 2791 4402 iormaliter
2825 4353 2879 4401 et
2916 4346 3215 4400 eminenter
3255 4363 3270 4399 :
3313 4345 3640 4408 iormaliter,
3667 4345 3710 4397 si
3741 4350 4064 4413 spectentur

2494 4439 2789 4493 secundum
2816 4437 3092 4507 proprium
3121 4445 3459 4504 conceptum,
3492 4450 3599 4502 quo
3622 4451 3648 4486 a
3677 4434 3783 4486 Deo
3806 4442 3861 4486 et
3883 4433 4064 4487 beatis

834 4564 855 4595 ι
897 4545 1113 4597 πάντων
1161 4542 1305 4594 Οὲσιν
1352 4545 1441 4595 καὶ
1485 4540 1698 4594 πάντων
1735 4541 2042 4610 ἀφαίρεσιν,
2095 4559 2112 4591 ι
2159 4541 2389 4592 omnium
2422 4538 2469 4595 D

2422 4538 2469 4595 ι)
2497 4532 2892 4601 concipiuntur,
2942 4532 3031 4600 qui
3066 4543 3147 4585 est
3195 4530 3496 4583 illimitatus
3530 4529 3580 4580 iu
3626 4539 3822 4594 genere
3856 4526 4003 4578 cutis
4041 4542 4056 4593 ;

832 4639 1166 4707 positionem,
1199 4647 1244 4687 et
1290 4635 1523 4687 omnium
1568 4633 1904 4694 ablutionem,
1935 4632 2059 4700 quia
2089 4633 2392 4686 eminenter

832 4733 985 4801 ponit
1019 4730 1222 4790 omnia,
1273 4737 1530 4795 tanquam
1572 4726 1751 4779 onmia
1798 4725 2131 4791 continens;
2182 4733 2236 4778 et
2281 4725 2393 4778 for-

835 4825 1051 4877 maliter
1087 4822 1266 4875 omnia
1292 4820 1490 4882 aul'ert,
1519 4819 1644 4885 quia
1681 4821 1820 4872 ratio
1862 4819 2078 4886 propria
2113 4833 2218 4886 qua
2252 4816 2392 4870 Deus

835 4925 940 4980 est,
970 4915 1206 4968 excludit
1246 4915 1312 4966 ab
1348 4915 1464 4982 ipso
1494 4927 1707 4965 omnem
1747 4909 2026 4963 formalem
2063 4911 2329 4962 rationem
2364 4924 2393 4961 a

836 5018 1018 5060 creata
1050 5019 1225 5060 mente
1265 5005 1825 5074 comprehcnsibilem,
1863 5006 1939 5056 uti
1972 5004 2181 5056 erudite
2207 5005 2394 5058 obser-

834 5112 926 5152 vat
968 5100 1183 5152 Le-ssius
1217 5099 1308 5152 lib.
1340 5114 1354 5150 ι
1415 5097 1488 5150 De
1520 5100 1732 5166 perfect.
1767 5098 1952 5159 divin.,
1984 5113 2102 5161 cap.
2151 5098 2204 5156 5,
2240 5097 2394 5161 cujus

837 5194 1000 5242 Verba
1050 5209 1172 5243 cum
1225 5191 1282 5242 S.
1331 5190 1586 5258 Dionysio
1636 5203 1883 5255 magnam
1932 5186 2104 5240 lucem
2143 5187 2394 5249 alierum,

839 5287 924 5337 hic
951 5285 1148 5336 referre
1165 5282 1400 5349 placuit:
1435 5282 1651 5344 Omnia,
1682 5282 1874 5346 inquit,
1902 5283 1962 5332 de
1993 5281 2100 5332 Deo
2131 5281 2397 5348 affirman-

839 5387 944 5435 tur,
982 5376 1103 5441 quia
1137 5375 1310 5424 omnia
1346 5385 1462 5426 sunt
1496 5377 1546 5424 in
1583 5376 1691 5440 ipso
1735 5373 2025 5438 [ormaltter
2057 5375 2130 5424 vel
2165 5373 2396 5424 eminen-

839 5476 940 5522 ter.
997 5466 1130 5517 llinc
1176 5469 1368 5516 (llt'tlltr
1425 5466 1706 5533 sapientia,
1753 5466 1982 5526 bonitas,
2031 5465 2240 5528 veritas,
2279 5471 2392 5537 lux,

911 5649 958 5680 "
999 5649 1137 5703 Psal.
1193 5665 1374 5703 L\.\.\l.
1457 5649 1499 5678 ⁷⁵
1536 5649 1676 5700 Psal.
1735 5659 1960 5700 unm.

2497 4628 2826 4691 eminenter,
2873 4626 2916 4679 si
2953 4625 3366 4677 considereutur
3413 4621 3707 4674 secundum
3764 4624 4064 4684 concele

2498 4720 2771 4790 proprios,
2801 4733 2936 4786 quos
2967 4718 3164 4770 habent
3200 4724 3257 4767 ut
3283 4729 3312 4766 a
3337 4713 3606 4767 creaturis
3630 4713 3832 4778 absque
3857 4706 4065 4761 lumine

2499 4814 2684 4884 glorise
2735 4808 3206 4879 apprehendantur
3245 4820 3260 4858 :
3303 4807 3407 4860 etsi
3459 4805 3602 4859 enim
3656 4818 3744 4856 res
3791 4807 4062 4868 concepta

2497 4908 2567 4959 sit
2613 4903 2826 4973 proprie
2867 4903 2920 4955 in
2955 4901 3086 4965 Deo,
3121 4914 3226 4953 non
3280 4907 3462 4952 tamen
3513 4910 3637 4951 cum
3686 4909 3750 4948 eo
3800 4893 3957 4947 modo
4006 4903 4064 4948 et

2498 4995 2819 5050 limitatione
2847 4994 2946 5047 sub
2970 5007 3074 5062 qua
3108 4990 3436 5059 concipitur.

3009 5106 3441 5164 OBSERVATIO
3479 5104 3571 5162 IX.

2502 5204 2858 5276 Perfectiones
2890 5201 2985 5276 Dei
3018 5199 3298 5266 dupliciter
3328 5197 3747 5276 considerantur.
3776 5190 4063 5276 Quomodo

2702 5275 2845 5327 Deus
2876 5275 3241 5324 denominetur
3271 5271 3499 5333 sapiens,
3525 5271 3726 5333 justus,
3753 5271 3860 5317 etc.

2574 5369 2642 5425 Ut
2688 5369 2803 5422 huic
2854 5375 2906 5420 et
2947 5366 3052 5418 alia
3109 5378 3228 5434 quae
3279 5378 3441 5432 supra
3492 5362 3805 5432 attigimus,
3865 5359 4065 5415 melius

2505 5464 2892 5533 intelligantur,
2935 5461 3134 5514 ibidem
3172 5473 3202 5512 ε
3247 5457 3436 5512 Lessio
3482 5455 3775 5510 notandum
3823 5463 3925 5515 cst,
3975 5453 4064 5505 di-

913 5811 991 5885 (5)
1027 5807 1156 5865 Vide
1187 5810 1325 5866 intra
1359 5827 1403 5866 ε.
1437 5811 1468 5864 ἰ)
1505 5819 1556 5865 et
1592 5810 1644 5864 ll
1699 5807 1769 5864 De
1788 5804 1978 5859 duini.
2011 5805 2303 5862 nominibus
2344 5813 2397 5858 et
2427 5802 2721 5872 Epistolam
2764 5803 2819 5855 S.
2856 5799 3091 5869 Dionysii
3129 5799 3192 5853 ad
3222 5799 3411 5854 Caium
3438 5796 3622 5867 (epist.
3661 5795 3724 5861 1,».
