4198 6304
128 368 191 425 85
1462 371 1991 434 PROLEGOMENA.
3284 378 3355 437 86

125 488 282 545 vinas
330 489 700 560 perfectiones
764 487 1055 556 dupliciter
1112 488 1453 543 considerari
1510 506 1693 559 posse.
1727 496 1771 555 Α
1802 493 1895 546 sed
1938 489 2099 544 etiam
2144 502 2305 544 omne
2348 488 2618 561 objectnm
2668 491 3030 565 in‘leliigibile,
3066 500 3121 549 et
3164 493 3247 550 sic
3292 496 3361 553 do

126 580 332 650 Primo,
364 592 423 639 ut
452 591 581 639 sunt
612 582 666 638 in
694 582 862 638 rebus
888 581 1090 637 creatis
1119 580 1204 634 vel
1241 582 1405 634 etiam
1438 590 1599 651 prout
1626 583 1695 636 ab

128 675 407 733 intellectu
439 687 626 734 creato
654 678 863 747 absque
893 674 1099 730 lumine
1126 673 1311 744 gloriae
1334 673 1545 743 concipi
1572 687 1697 741 pos-

126 778 286 836 sunt;
334 771 703 836 secundogut
742 776 873 825 sunt
916 767 971 821 in
1018 766 1151 825 Deo.
1201 764 1257 819 Si
1303 766 1487 837 priore
1534 767 1695 821 modo

125 865 571 927 considereutur,
622 862 1033 931 distinguuntur
1066 860 1211 914 inter
1260 874 1319 915 se
1369 857 1694 924 formaliter,

125 958 237 1013 imo
270 954 460 1011 multa:
480 955 647 1012 etiam
676 954 920 1021 realiter,
947 963 1181 1024 suntque
1213 954 1444 1009 diversae
1483 952 1695 1018 formar,

123 1050 209 1105 vel
237 1050 487 1106 rationes
524 1049 803 1109 formales.
834 1051 899 1106 Et
928 1049 1176 1122 quamvis
1224 1047 1610 1118 concipiantur
1641 1042 1699 1103 ut

125 1140 461 1208 illimitatae,
512 1140 600 1197 vel
660 1140 885 1197 inﬁnitae
938 1139 1296 1213 perfectionis
1345 1140 1487 1194 intra
1542 1148 1696 1195 suam

122 1234 369 1304 Speciem
402 1248 499 1289 seu
533 1234 802 1289 rationem
837 1232 1152 1301 farmalem,
1190 1240 1370 1287 tamen
1405 1233 1457 1287 in
1486 1233 1698 1289 ratione

126 1327 270 1382 entis
318 1328 404 1382 vel
440 1328 796 1397 perfectionis
824 1336 951 1383 sunt
976 1325 1245 1391 limitatze,
1277 1327 1402 1396 quia
1440 1342 1545 1381 una
1587 1342 1695 1382 non

126 1418 361 1474 includit
408 1420 596 1489 aljam.
644 1419 758 1475 Hoc
808 1421 971 1477 modo
1018 1421 1123 1477 illm
1160 1420 1529 1493 perfectiones
1586 1434 1696 1475 non

126 1521 251 1566 sunt
304 1513 359 1568 in
413 1510 523 1568 Deo
565 1512 894 1577 formaliter,
948 1513 1042 1569 sed
1092 1517 1393 1570 eminenter
1444 1522 1695 1578 tantum,

125 1620 323 1676 nempe
354 1614 416 1662 ut
458 1607 512 1661 in
541 1621 706 1662 causa
754 1607 1059 1677 superioris
1098 1608 1331 1675 ordinis,
1361 1616 1416 1661 et
1442 1607 1695 1677 analoga.

126 1695 186 1752 Si
231 1711 363 1752 vero
416 1698 657 1753 secundo
706 1700 869 1755 modo
913 1699 1314 1769 concipiautur,
1348 1700 1429 1755 sic
1460 1715 1566 1755 non
1602 1699 1697 1754 ha-

122 1792 257 1844 bent
306 1788 453 1844 inter
496 1805 555 1845 se
588 1790 752 1845 ullam
790 1791 1198 1848 distinctionem
1247 1790 1555 1856 formalem,
1601 1793 1697 1847 sed

124 1890 255 1936 sunt
285 1896 391 1936 una
423 1881 823 1954 simplicissima
853 1882 1049 1948 forma,
1085 1897 1114 1938 a
1150 1898 1255 1953 qua
1289 1883 1432 1939 Deus
1455 1883 1695 1939 omnium

125 1973 345 2029 illarum
386 1974 782 2044 perfectionum
825 1974 1324 2031 denominationem
1356 1975 1579 2046 accipit,
1604 1978 1699 2029 sed

128 2061 296 2135 longe
335 2066 499 2121 altior
529 2080 689 2135 quam
741 2082 896 2121 mens
939 2076 1118 2121 creata
1160 2068 1454 2136 concipere
1502 2068 1698 2138 possit.

124 2152 345 2210 Dicitur
384 2159 531 2213 enim
562 2160 789 2229 sapiens,
828 2174 935 2215 non
971 2158 1125 2232 quasi
1162 2160 1429 2229 sapientia
1464 2160 1703 2215 imbutus

124 2256 185 2301 et
225 2247 574 2315 informatus,
607 2250 701 2305 sed
737 2260 797 2305 ut
844 2252 1109 2324 sapientia
1142 2268 1239 2323 per
1269 2266 1330 2308 se
1377 2244 1700 2307 subsistens.

124 2338 340 2395 Dicitur
362 2342 562 2412 justus,
612 2343 937 2410 misericors,
956 2356 1192 2410 sanctus,
1228 2359 1333 2399 non
1363 2354 1420 2397 ut
1456 2344 1543 2399 his
1578 2358 1703 2416 per-

131 2429 467 2487 fectionibus
506 2430 752 2499 allectus,
790 2445 1016 2491 ornatus
1060 2444 1116 2492 et
1146 2435 1383 2491 imbutus
1410 2434 1705 2505 (quomodo

126 2539 155 2578 a
186 2522 353 2580 nobis
394 2525 741 2598 concipitur),
769 2529 864 2585 sed
898 2539 958 2586 ut
973 2528 1209 2601 iustitia,
1252 2528 1623 2585 misericordia
1650 2537 1707 2583 et

124 2616 401 2673 sanctitas
431 2618 829 2686 substantialis,
881 2636 978 2693 per
1017 2634 1079 2677 se
1124 2622 1457 2685 subsistens.
1504 2620 1708 2677 Eodem

125 2708 293 2766 modo
321 2710 653 2782 accipiendae
684 2726 875 2769 omnes
911 2713 1032 2771 aliae
1059 2713 1429 2785 perfectiones.
1452 2729 1575 2785 quae
1604 2715 1713 2782 ipsi

126 2801 470 2868 tribuuntur,
508 2802 635 2873 quia
664 2805 717 2859 in
747 2805 840 2860 illo
869 2804 1012 2859 nulla
1054 2814 1136 2861 est
1172 2805 1464 2860 diversitas
1496 2806 1704 2859 forma-

123 2909 248 2949 rum
274 2907 368 2951 aut
391 2898 661 2953 rationum
692 2897 1025 2964 formaliunt,
1046 2899 1145 2955 sed
1164 2914 1269 2953 una
1298 2898 1701 2970 simplicissima

126 2986 310 3043 forma
337 3003 435 3059 per
468 3004 529 3046 se
573 2992 899 3057 subsistens,
935 2991 1143 3047 inﬁnite
1174 3007 1338 3063 supra
1379 2991 1560 3047 omnia
1594 2990 1706 3046 ele-

124 3090 282 3147 vata,
313 3095 435 3151 quae
479 3092 566 3137 est
605 3083 775 3153 ipsius
810 3083 1051 3139 essentia
1087 3083 1272 3156 (quam
1318 3084 1581 3139 Deitatem
1610 3099 1709 3139 vo-

127 3188 265 3228 care
298 3175 609 3249 possumus)
637 3192 735 3246 per
767 3191 929 3246 quam
957 3191 1147 3232 omnes
1178 3175 1280 3230 illm
1307 3176 1705 3231 denominatio-

1795 581 2028 636 caeteris.

1800 691 1968 747 Nulla
2003 701 2079 748 est
2115 692 2410 748 similitudo
2450 692 2589 748 inter
2615 693 2959 764 perfectiones
2990 694 3088 751 Dei
3119 704 3167 751 et
3209 711 3363 750 ενοι*

2498 776 2653 819 ειη-ω.

1870 854 2153 924 Sequitur,
2192 858 2377 921 tertio,
2427 856 2795 927 perfectiones
2849 857 3085 923 divinas,
3131 866 3193 913 ut
3236 866 3365 913 sunt

1800 950 1853 1005 in
1887 950 2014 1016 Dee,
2060 966 2168 1006 non
2214 952 2413 1006 habere
2445 952 2609 1007 ullam
2639 951 3053 1007 similitudinem
3082 966 3207 1007 cum
3237 968 3366 1022 per-

1800 1042 2123 1099 fectionibus
2167 1057 2290 1113 qua:
2335 1051 2462 1098 sunt
2514 1043 2599 1100 vel
2644 1058 2767 1099 esse
2815 1054 3043 1113 possunt
3092 1042 3147 1097 in
3199 1046 3364 1099 rebus

1799 1135 2020 1202 creatis,
2042 1142 2102 1190 ut
2123 1136 2282 1190 docet
2314 1136 2602 1207 Dionysius
2625 1150 2748 1205 cap.
2784 1134 2819 1189 9
2872 1134 3165 1189 Dovdisinis
3193 1136 3366 1193 nanti.-

1799 1227 1973 1290 nibus,
2005 1234 2061 1280 et
2094 1241 2215 1295 cap.
2251 1224 2285 1279 5
2321 1223 2556 1295 Mystica:
2603 1226 2901 1295 theologia.
2936 1224 3107 1291 Quam
3143 1224 3215 1281 ob
3240 1240 3366 1278 can.

1799 1335 1916 1375 sam
1968 1321 2108 1375 Deus
2158 1321 2362 1375 dicitur
2412 1335 2518 1373 non
2563 1333 2683 1374 esse
2723 1320 3054 1384 substantia,
3101 1334 3209 1373 non
3248 1334 3368 1373 esse

1800 1416 1935 1480 vita,
1987 1423 2120 1479 etc.,
2166 1416 2291 1484 quia
2332 1414 2405 1469 ita
2443 1422 2528 1469 est
2568 1418 2729 1484 super
2764 1414 2947 1469 omnia
2994 1414 3265 1477 elevatus,
3309 1420 3370 1466 ut

1800 1523 1924 1563 cum
1964 1508 2110 1562 nulla
2142 1523 2201 1563 re
2236 1517 2420 1563 creata
2454 1505 2537 1560 vel
2569 1506 2791 1562 creabili
2828 1505 3238 1561 similitudinem
3272 1504 3373 1559 lia-7

1798 1600 1946 1655 beat.
1994 1602 2134 1667 Quia
2189 1612 2375 1655 tamen
2418 1614 2506 1654 res
2551 1606 2753 1653 creatae
2798 1598 3033 1667 aliquam
3082 1596 3150 1652 ad
3198 1596 3366 1651 Deum

1798 1694 2210 1763 proportionem
2241 1692 2444 1745 habent
2476 1698 2735 1758 tanquam
2766 1688 2992 1744 effectus
3017 1698 3072 1743 et
3106 1686 3367 1743 imitatio-

1803 1797 1902 1840 nes
1942 1786 2189 1853 quadam
2221 1783 2363 1839 illius
2410 1782 2502 1853 (ob
2547 1798 2709 1853 quam
2749 1782 3182 1852 praportionem,
3216 1781 3262 1834 si
3297 1781 3371 1833 sit

1805 1877 1858 1930 in
1905 1890 2115 1931 summo
2158 1876 2327 1946 gradu
2378 1876 2633 1931 dicuntur
2678 1876 2845 1929 etiam
2885 1871 2997 1927 Deo
3044 1871 3270 1936 simites,
3317 1880 3372 1921 et

1806 1968 1901 2025 Dei
1928 1969 2213 2039 imagines,
2240 1975 2297 2022 ut
2326 1977 2472 2037 patet
2513 1969 2564 2021 in
2599 1976 2794 2022 natura
2835 1963 3239 2033 intellectuali),
3274 1976 3368 2015 ne-

1804 2077 1911 2132 que
1940 2076 2040 2116 nos
2071 2060 2237 2116 Deum
2262 2060 2363 2115 nisi
2393 2075 2459 2114 ex
2494 2061 2653 2115 rebus
2678 2060 2875 2115 creatis
2901 2072 2997 2129 per
3029 2057 3369 2127 analogicutn

1806 2168 2092 2209 ascensum
2120 2167 2459 2223 cognoscere
2488 2168 2801 2223 possumus,
2834 2152 2956 2207 ideo
2988 2150 3207 2206 nomina
3243 2162 3370 2219 per-

1806 2247 2106 2303 fectionum
2134 2256 2438 2302 creatarum
2472 2246 2538 2301 ad
2562 2246 2928 2316 perfectiones
2954 2245 3168 2299 divinas
3193 2252 3371 2299 trans-

1806 2338 2067 2406 ierimus;
2130 2338 2377 2409 alioquin
2436 2342 2504 2395 de
2556 2338 2759 2395 divinis
2810 2338 2957 2393 nullo
3011 2336 3175 2391 modo
3225 2334 3369 2405 loqui

1807 2440 2111 2502 possemus.
2142 2430 2345 2484 Verum
2385 2431 2503 2487 haec
2546 2434 2765 2486 nomina
2795 2428 2954 2501 longe
2994 2426 3173 2482 altiori
3207 2440 3371 2480 sensu

1807 2526 2124 2598 accipienda
2182 2533 2343 2591 sunt,
2390 2541 2511 2581 cum
2564 2525 2878 2580 tribuuntur
2932 2522 3095 2577 rebus
3150 2517 3373 2584 divinis,

1809 2635 1975 2695 quam
2011 2634 2135 2675 cum
2166 2619 2374 2674 creatis
2408 2636 2421 2673 :
2470 2618 2524 2673 in
2560 2616 2672 2674 Deo
2701 2618 2845 2673 enim
2887 2616 3199 2687 signiﬁcant
3239 2612 3373 2669 sub-

1810 2712 2083 2769 stantiam.
2109 2725 2136 2764 a
2172 2725 2229 2765 se
2260 2710 2613 2774 existenaem,
2657 2721 2720 2763 ac
2752 2708 2975 2779 proinde
3008 2704 3237 2763 omnino
3264 2704 3376 2760 illi—

1810 2804 2084 2869 mitatam,
2122 2817 2243 2871 qua:
2273 2816 2370 2872 per
2399 2816 2460 2857 se
2491 2799 2794 2856 formslitcr
2830 2802 3037 2869 absque
3063 2798 3210 2853 omni
3248 2806 3371 2851 actu

1810 2895 1994 2951 elicito
2047 2902 2273 2964 praestat
2324 2892 2508 2948 omnia
2571 2906 2690 2962 quae
2754 2892 3119 2960 perfectiones
3172 2900 3373 2943 creata:

1808 2997 2070 3059 prtestare
2114 2996 2379 3057 possunt,
2424 2995 2478 3041 et
2522 2986 2679 3041 modo
2724 2983 2933 3039 inllnite
2977 2983 3374 3039 excellentiori.

1809 3079 1998 3151 Itaque
2037 3095 2210 3150 neque
2251 3081 2305 3135 in
2340 3078 2500 3135 modo
2547 3080 2839 3145 existendi,
2887 3094 3063 3149 neque
3115 3074 3168 3131 in
3220 3076 3377 3131 modo

1811 3173 2103 3245 operandi,
2133 3188 2309 3243 neque
2344 3174 2396 3227 in
2427 3173 2589 3227 modo
2631 3173 2901 3229 tribuendi
2935 3188 3093 3227 suum
3127 3169 3375 3225 etTectunt

127 3283 235 3321 nes
260 3266 339 3321 illi
369 3281 439 3323 ex
471 3281 625 3339 parte
657 3271 737 3325 rei
787 3280 1124 3340 competunt.
1171 3267 1228 3325 ld
1257 3270 1400 3324 enim
1429 3280 1511 3325 εει
1542 3269 1702 3341 longe
1733 3271 1781 3329 Ο
1810 3266 2089 3323 formalem
2119 3275 2203 3319 est
2229 3264 2333 3320 ulla
2371 3264 2691 3329 similitudo,
2726 3274 2831 3319 etc.

124 3356 433 3432 perfectius
474 3370 529 3416 et
570 3362 788 3432 dignius
832 3361 907 3417 illi
948 3361 1250 3429 majestati,
1303 3361 1514 3415 inﬁnite
1545 3376 1707 3430 supra

126 3455 322 3510 omnia
361 3469 483 3524 qua:
509 3462 636 3508 sunt
664 3462 717 3507 et
745 3467 865 3524 qua:
893 3467 999 3508 non
1037 3460 1164 3507 sunt
1194 3454 1275 3523 (ut
1309 3451 1597 3523 Dionysius
1630 3454 1708 3507 lo-

125 3546 221 3618 qui
234 3545 348 3614 tur)
380 3544 623 3601 elevatae.

478 3639 754 3705 Quomodo
783 3656 836 3693 se
863 3652 1042 3692 mutuo
1074 3640 1370 3694 includunt.

206 3734 349 3789 llinc
400 3734 645 3802 sequitur
690 3734 887 3803 primo,
947 3730 1128 3787 omnia
1181 3735 1482 3799 attributa,
1549 3747 1713 3806 prout

131 3826 560 3882 considerantur
597 3825 653 3879 in
694 3840 903 3880 summa
938 3839 1032 3880 sua
1066 3823 1372 3883 elevatione
1418 3829 1713 3898 (quomodo

132 3928 267 3977 sunt
293 3920 346 3975 in
374 3918 529 3988 Deo),
562 3932 622 3973 se
663 3925 851 3973 mutuo
881 3920 1179 3988 includere,
1215 3933 1267 3977 et
1295 3922 1349 3976 ιιι
1384 3922 1544 3976 unius
1572 3936 1707 3977 con-

132 4022 298 4081 ceptu
333 4012 632 4067 intrinsece
657 4010 863 4066 includi
894 4013 1098 4080 omnia,
1130 4014 1255 4083 quia
1283 4022 1414 4069 sunt
1440 4030 1544 4068 una
1573 4014 1709 4071 sim-

132 4103 435 4173 plicissima
464 4101 663 4168 forma,
706 4103 760 4157 in
794 4118 852 4159 se
877 4104 1054 4158 omnis
1083 4106 1451 4161 distinctionis
1483 4122 1707 4175 expers,

135 4198 207 4251 de
230 4197 385 4264 cujus
414 4196 626 4251 ratione
660 4204 744 4251 est
766 4195 948 4250 omnia
983 4196 1069 4249 illa
1099 4196 1403 4253 fortnaliter
1430 4208 1484 4253 et
1511 4215 1711 4254 secun-

135 4292 264 4342 dum
294 4302 564 4343 summam
606 4288 946 4343 identitatem
979 4288 1275 4355 includere,
1312 4301 1365 4345 et
1397 4293 1583 4347 omnia
1619 4294 1711 4348 illa

133 4397 256 4438 esse
288 4380 614 4438 forntaliter.

475 4470 748 4537 Quomodo
775 4472 878 4526 sint
908 4472 1113 4540 inﬁnite
1141 4472 1375 4530 elevatae.

210 4558 497 4627 Sequitur,
554 4559 818 4624 secundo,
862 4561 1229 4630 perfectiones
1273 4564 1504 4628 divinas,
1548 4575 1711 4636 prout

138 4662 268 4703 sunt
318 4652 375 4705 in
410 4651 541 4716 Deo,
576 4667 701 4707 esse
745 4652 958 4707 inlinite
1000 4654 1242 4708 elevatas
1280 4671 1441 4725 supra
1483 4658 1702 4712 easdem

134 4742 504 4812 perfectiones
538 4754 830 4814 spectatas,
865 4754 1024 4815 prout
1054 4758 1182 4801 sunt
1209 4758 1301 4801 aut
1331 4758 1557 4816 possunt
1588 4764 1712 4806 esse

139 4836 193 4886 in
234 4835 531 4904 creaturis,
567 4846 661 4890 aut
692 4837 855 4891 etiam
900 4846 1061 4905 prout
1091 4853 1120 4891 a
1155 4849 1332 4893 mente
1361 4852 1542 4894 creata
1580 4855 1711 4909 pos-

135 4946 264 4989 sunt
294 4936 528 5004 concipi.
564 4936 725 4992 Ratio
763 4949 870 5003 est,
902 4939 1027 5008 quia
1062 4948 1119 4992 ut
1156 4949 1285 4992 sunt
1321 4940 1375 4993 in
1407 4942 1540 5005 Deo,
1584 4952 1711 4997 sunt

137 5028 373 5083 inﬁnita:
435 5031 788 5098 perfectionis
840 5048 943 5086 non
999 5031 1171 5087 solum
1237 5035 1378 5087 intra
1436 5038 1708 5104 propriam

138 5124 405 5192 speciem,
439 5124 535 5180 sed
568 5125 815 5179 absolute
843 5137 898 5179 et
929 5125 983 5179 in
1011 5133 1125 5180 toto
1152 5140 1349 5194 genere
1378 5129 1539 5181 cutis.
1571 5128 1707 5183 Tum

139 5212 302 5264 etiam
337 5211 466 5280 quia
498 5212 550 5265 in
589 5211 695 5267 Deo
738 5230 841 5268 non
873 5225 999 5270 sunt
1031 5216 1205 5270 forma
1240 5219 1418 5287 aliqua
1452 5221 1709 5273 acciden-

141 5304 309 5365 taria,
360 5304 451 5356 sed
506 5308 813 5362 substantia
862 5326 958 5379 per
995 5326 1056 5365 se
1096 5312 1422 5376 subsistens,
1478 5322 1532 5364 et
1573 5330 1600 5363 a
1652 5326 1711 5365 se

144 5392 356 5448 habens
395 5397 575 5449 Omnia
618 5398 847 5465 infinite,
888 5418 1006 5469 qua:
1049 5405 1114 5458 ad
1160 5405 1421 5457 rationein
1454 5402 1713 5473 cujusque

142 5485 501 5552 pcrl‘etgtionis
547 5496 813 5557 spectant,
850 5507 900 5546 ν.
950 5509 1028 5563 g.,
1072 5498 1337 5565 sapientia
1382 5495 1559 5548 αἰνὶιιιι
1607 5513 1711 5548 non

143 5588 230 5629 est
261 5578 521 5644 qualitas,
565 5581 657 5635 sed
690 5586 991 5639 substantia
1025 5604 1120 5656 per
1152 5604 1209 5642 se
1241 5589 1567 5651 subsistens,
1614 5590 1712 5642 ha-

145 5668 279 5722 bens
311 5684 339 5721 a
375 5685 430 5725 se
464 5686 567 5725 non
600 5673 776 5730 solum
812 5676 1078 5734 inﬁnitum
1112 5681 1290 5733 lumen
1330 5677 1712 5747 intcllectualc,

286 5848 329 5879 "
374 5850 512 5911 Psitl.
556 5870 739 5912 cxuv.

2320 3400 2758 3460 OBSERVATIO
2798 3402 2862 3458 Χ.

1814 3495 2047 3549 Nomina
2075 3499 2374 3551 communia
2407 3513 2509 3564 quo
2549 3512 2703 3549 sensu
2738 3500 2883 3564 prius
2912 3496 2974 3547 de
3003 3495 3133 3560 Deo,
3156 3508 3203 3549 et
3234 3512 3379 3564 prius

1883 3572 1945 3618 de
1980 3569 2235 3621 creaturis
2279 3568 2543 3623 dicantur.
2584 3564 2816 3622 Nomina
2860 3577 2979 3619 sunt
3014 3573 3164 3619 rebus
3203 3577 3377 3633 poste-

1884 3638 2052 3690 riora.
2084 3636 2315 3691 Nomina
2338 3638 2400 3689 ab
2433 3636 2637 3690 homine
2664 3640 2898 3689 iuventa.

1888 3728 2020 3784 Nota
2061 3727 2121 3785 S.
2152 3728 2445 3794 Thomam,
2472 3736 2628 3797 parte
2661 3746 2697 3790 ι,
2724 3743 2817 3799 qu.
2859 3729 2943 3795 l5,
2978 3738 3085 3789 arl.
3107 3730 3166 3795 6,
3198 3731 3379 3786 dicere

1812 3822 2103 3893 przedictas
2136 3821 2516 3893 perfectiones,
2547 3832 2805 3890 quantum
2849 3824 2915 3876 ad
2951 3838 3064 3877 rem
3098 3822 3377 3894 signiﬁca-

1813 3920 1922 3963 tam
1960 3926 2057 3980 per
2082 3924 2315 3975 nomen,
2337 3910 2487 3979 prius
2514 3910 2617 3964 dici
2650 3909 2717 3964 de
2746 3908 2785 3963 [ι
2826 3927 2857 3965 o
2880 3926 3042 3982 quam
3066 3913 3133 3967 de
3161 3922 3380 3969 creatu-

1812 4008 1929 4073 ris;
1962 4007 2087 4076 quia
2120 4022 2150 4062 a
2183 4006 2292 4059 Deo
2330 4004 2637 4072 huiusmodi
2670 4005 3039 4074 perlectiones
3072 4007 3125 4061 in
3159 4016 3379 4063 creatuo

1814 4115 1903 4155 ras
1924 4108 2175 4164 manant;
2202 4098 2294 4152 sed
2312 4107 2575 4166 quantum
2599 4098 2665 4152 ad
2692 4098 3089 4167 impositionem
3118 4102 3377 4166 nominis,

1815 4194 1963 4262 prius
1990 4208 2017 4244 a
2049 4191 2205 4246 nobis
2232 4192 2433 4261 imponi
2459 4191 2726 4245 creaturis
2749 4206 2885 4260 quas
2917 4192 3067 4260 prius
3098 4196 3381 4263 cognosci-

1816 4301 1973 4350 mus;
2021 4284 2164 4339 unde
2219 4294 2275 4338 et
2326 4285 2545 4338 modum
2598 4283 2951 4353 significandi
2999 4285 3231 4353 habent,
3287 4290 3379 4356 qui

1813 4375 2075 4444 competit
2098 4374 2384 4428 creaturis.
2416 4373 2540 4428 Non
2573 4376 2713 4428 enim
2751 4375 2951 4446 (inquit
2988 4374 3237 4441 Basilius,
3278 4377 3374 4433 lib.

1817 4483 1878 4532 tt,
1910 4479 2094 4521 contra
2124 4465 2472 4535 Eunomium)
2506 4476 2701 4521 natura
2732 4484 2905 4521 rerum
2948 4472 3163 4524 nomina
3205 4473 3380 4541 sequi-

1817 4572 1925 4623 tur,
1962 4562 2067 4612 imo
2090 4569 2206 4627 post
2234 4578 2316 4614 res
2339 4561 2482 4628 ipsas
2510 4561 2715 4613 inventa
2748 4573 2870 4615 sunt
2898 4564 3131 4615 nomina.
3168 4562 3379 4617 Etenim

1816 4656 1860 4707 si
1904 4656 2004 4706 hoc
2034 4661 2179 4708 esset
2208 4667 2416 4716 verum,
2450 4666 2556 4705 non
2594 4667 2715 4709 esse
2757 4655 2977 4709 nomina
3011 4658 3169 4709 rebus
3199 4666 3380 4725 poste-

1819 4746 1986 4807 riora,
2016 4760 2151 4813 opus
2193 4754 2355 4810 esset,
2385 4756 2441 4799 ut
2473 4760 2702 4815 quorum
2732 4756 2857 4799 sunt
2901 4749 3101 4801 eaedem
3134 4749 3384 4803 nominas

1818 4842 2015 4906 tiones,
2067 4858 2169 4896 una
2221 4851 2272 4895 et
2322 4842 2509 4894 eadem
2556 4844 2859 4897 substantia
2914 4854 3098 4899 esset:
3150 4860 3220 4898 ex
3269 4860 3377 4914 quo

1818 4938 1995 4999 ﬁeret,
2032 4945 2089 4988 ut
2119 4938 2242 5004 quia
2273 4935 2368 5004 qui
2406 4942 2535 4987 sunt
2578 4935 2779 4988 virtute
2826 4934 3074 5005 perfecti,
3103 4937 3248 5007 digni
3274 4954 3375 4992 no-

1820 5030 1964 5083 mine
2006 5030 2101 5082 Dei
2128 5030 2415 5091 habentur,
2448 5035 2501 5081 et
2544 5026 2618 5079 dii
2663 5026 3026 5095 appellantur,
3071 5038 3253 5083 essent
3283 5030 3381 5083 bo-

1824 5124 1999 5178 mines
2050 5121 2315 5193 ὁμούσιοι,
2375 5121 2425 5176 id
2480 5129 2566 5174 est
2614 5118 2855 5186 ejusdem
2908 5121 3225 5177 substantia:
3273 5138 3382 5191 qua

1822 5216 1983 5269 Dens.
2021 5215 2217 5268 Verum
2267 5215 2407 5268 sicut
2450 5215 2552 5268 hoc
2584 5212 2790 5278 dicere,
2832 5211 3120 5267 manifesta
3165 5214 3377 5269 insania

1817 5319 1937 5372 est;
1988 5310 2066 5362 sic
2117 5307 2243 5361 illud
2277 5305 2482 5370 dicere,
2515 5320 2669 5376 aeque
2714 5306 2987 5360 dementia
3017 5316 3123 5361 est.
3174 5307 3286 5360 Imo
3323 5315 3382 5361 et

1818 5398 2109 5468 Gregorius
2148 5397 2419 5467 Nyssenus
2454 5396 2548 5454 lib.
2582 5412 2708 5465 xm,
2739 5398 3021 5467 disputans
3050 5406 3241 5452 contra
3271 5396 3383 5453 Eu-

1825 5492 2061 5545 nomiutn
2090 5507 2103 5542 ε
2136 5488 2431 5554 Miserator,
2473 5489 2669 5562 inquit,
2695 5500 2742 5543 et
2772 5492 3066 5545 misericors
3098 5490 3379 5554 Dominus,

1818 5587 2043 5652 patiens,
2087 5594 2131 5636 et
2171 5584 2347 5635 multis
2386 5583 2757 5636 misericordiae
2804 5583 3014 5650 ".Qnid
3065 5585 3179 5637 haec
3216 5583 3382 5636 aidnt

1811 5676 2152 5746 significare?
2175 5674 2525 5739 Naturamne,
2562 5690 2627 5729 an
2664 5675 3063 5735 operationem?
3095 5674 3259 5729 Nemo
3285 5689 3372 5730 sa-
