4198 6304
817 344 885 398 87
1949 342 2004 396 S.
2050 340 2416 397 DIONYSiLS
2456 339 2907 396 AREOPAGITA.
3976 338 4039 393 88

808 478 877 516 ne
907 462 1049 515 aliud
1068 454 1347 515 declarare
1370 458 1960 527 dixeritpraaterquam
1985 459 2381 525 operationem.
2407 457 2448 509 Α
2479 470 2640 508 unum
2706 462 2781 507 est
2830 451 2970 521 quod
3024 449 3377 519 significatur.
3430 448 3496 502 Et
3550 449 3597 503 si
3630 448 3814 503 Deum
3868 451 4037 515 dicas,

806 553 1038 620 Quando
1067 552 1234 623 igitur
1270 551 1561 605 miseratus
1589 560 1674 603 est
1701 549 1980 615 Dominus,
2018 559 2164 604 utex
2204 563 2391 619 opera-

809 648 956 699 tione
976 643 1345 699 miserationis
1372 657 1565 697 nomen
1593 640 1851 696 duceret?
1874 638 2129 709 Nunquid
2162 650 2291 695 ante
2310 641 2387 695 vi-

809 750 923 793 tam
943 736 1273 792 humanam?
1295 734 1491 804 Ecquis
1511 746 1639 788 tunc
1664 733 2042 787 misericordia
2075 732 2388 803 indigebat?

808 834 877 887 At
912 846 1038 885 vero
1080 838 1199 899 post
1242 838 1522 897 peccatum
1564 841 1784 896 prorsus
1835 824 2215 880 misericordia
2250 840 2391 895 opus

806 924 933 989 fuit,
963 932 1246 993 peceatum
1281 928 1465 973 autem
1500 928 1623 989 post
1658 917 1938 973 hominem
1973 918 2235 985 existitit;
2266 926 2388 989 post

807 1017 1084 1072 hominem
1108 1014 1275 1082 igitur
1303 1014 1446 1069 actio
1476 1011 1768 1069 miserendi
1790 1022 1847 1067 et
1875 1011 2266 1067 misericordia
2287 1026 2389 1067 no-

809 1126 955 1167 men.
982 1109 1136 1165 Unde
1156 1106 1501 1163 manifestum
1526 1105 1758 1161 efﬁcitur
1786 1106 2093 1175 posteriora
2128 1118 2253 1159 esse
2287 1118 2389 1159 no-

810 1207 955 1261 mina
983 1205 1095 1273 ipsa
1122 1204 1428 1257 mternitate
1447 1200 1567 1268 Dei,
1599 1210 1653 1256 et
1688 1208 1811 1271 post
1847 1200 2125 1254 hominem
2155 1208 2211 1253 et
2236 1212 2390 1253 men-

811 1310 917 1355 tem
944 1300 1181 1354 hominis
1210 1300 1428 1351 invcnta
1456 1309 1599 1350 esse.
1624 1293 1775 1349 Mens
1804 1293 1953 1348 enim
1981 1294 2217 1346 humana
2245 1291 2389 1345 sicut

808 1395 1041 1448 aliarum
1065 1408 1247 1449 rerum
1268 1392 1486 1445 nomina
1513 1390 1820 1454 adinvenit,
1851 1390 1932 1444 sic
1962 1388 2129 1443 etiam
2167 1386 2388 1440 nomina

812 1485 907 1539 Dei
935 1500 1222 1553 aggressa,
1243 1495 1295 1538 et
1322 1484 1489 1537 veluti
1520 1483 1807 1537 materiam
1828 1491 2007 1548 nacta,
2033 1480 2121 1535 illa
2161 1482 2276 1550 ipsa
2310 1476 2391 1531 ef-

807 1575 951 1629 fecta
981 1576 1434 1643 et.admirabilia,
1469 1592 1591 1648 quas
1618 1577 1671 1631 in
1698 1575 1957 1629 universo
1978 1570 2386 1640 contemplatur

794 1665 1127 1736 insequens,
1160 1677 1215 1723 et
1249 1669 1317 1723 de
1347 1669 1459 1725 Deo
1504 1668 1814 1738 inquirens,
1848 1666 2068 1721 nomina
2104 1659 2385 1733 imposuit.

809 1762 1045 1816 Nomina
1077 1764 1380 1850 communia
1412 1780 1515 1850 quo
1538 1764 1796 1850 .sens‘u'doe
1823 1763 1959 1850 Deo,
1993 1771 2043 1816 et
2081 1778 2186 1832 quo
2216 1777 2377 1815 sensu
2409 1793 2451 1850 Β

1217 1834 1281 1887 de
1311 1833 1575 1887 creaturis
1604 1833 1962 1902 intelligenda.

879 1925 958 1979 Ex
1000 1926 1084 1981 his
1116 1940 1246 1993 ergo
1284 1924 1581 1995 colligitur,
1620 1940 1743 1979 cum
1799 1914 2110 1993 huiusmodi
2156 1928 2377 1981 nomina

810 2017 993 2073 divina
1026 2020 1092 2073 de
1115 2016 1380 2071 creaturis
1398 2030 1534 2085 quas
1552 2016 1700 2087 prius
1727 2016 2127 2086 cognoscimus,
2150 2025 2204 2072 et
2230 2018 2385 2086 prius

815 2113 1186 2177 nominamus,
1240 2110 1526 2175 dicuntur,
1564 2110 1765 2163 habere
1807 2125 1871 2163 ea
1920 2110 2136 2164 modum
2173 2110 2385 2179 signiﬁ-

808 2204 989 2266 candi,
1018 2204 1107 2272 qui
1133 2202 1395 2271 competit
1424 2202 1711 2265 creaturis,
1743 2203 1886 2257 sicut
1925 2202 1999 2255 ait
2028 2202 2086 2256 S.
2116 2202 2379 2268 Thomas,

808 2302 867 2349 et
894 2294 1189 2349 secundum
1232 2303 1473 2349 nostram
1532 2296 1981 2350 consuetudinem
2038 2296 2258 2364 proprie
2306 2298 2380 2351 si-

809 2386 1073 2458 gnificare
1098 2386 1469 2456 operationem
1492 2403 1584 2443 seu
1609 2387 1869 2442 effectum
1894 2390 2300 2459 participatum,
2324 2399 2380 2444 ut

808 2481 985 2535 bonus
1017 2479 1319 2534 bonitatem
1350 2489 1618 2548 creatam,
1648 2479 1866 2549 sapiens
1897 2479 2215 2550 sapientiam
2244 2482 2375 2535 item

811 2580 1081 2634 creatam,
1117 2580 1173 2625 et
1199 2570 1450 2625 similiter
1474 2572 1525 2624 in
1559 2570 1788 2639 reliquis
1828 2570 2146 2625 nominibus
2169 2571 2381 2643 signiti-

808 2663 1066 2717 cantibus
1117 2658 1431 2732 bujusmodi
1484 2661 1854 2731 perfectiones
1886 2663 2284 2731 participatas;
2326 2673 2381 2719 et

812 2752 971 2805 utsic
1002 2767 1107 2806 non
1142 2753 1398 2809 dicuntur
1438 2752 1655 2821 proprie
1685 2751 1752 2807 de
1783 2750 1913 2817 Deo,
1944 2753 2069 2821 quia
2106 2752 2250 2809 Deus
2292 2764 2379 2809 est

804 2856 972 2912 supra
1016 2844 1142 2908 ista,
1186 2858 1351 2913 supra
1394 2844 1617 2907 bonum,
1664 2858 1824 2912 supra
1874 2848 2197 2913 sapientem.
2242 2844 2377 2899 Cum

806 2950 943 2988 vero
987 2935 1055 2990 de
1091 2936 1201 2989 Deo
1238 2937 1456 3004 proprie
1498 2936 1779 3000 dicuntur,
1817 2936 2108 2990 essentiam
2144 2937 2263 3005 ejus
2304 2937 2378 2991 si-

807 3025 1089 3096 gnificare,
1119 3035 1173 3079 et
1198 3027 1490 3081 secundum
1533 3036 1787 3079 natatum
1833 3027 1963 3090 dici,
2014 3036 2069 3079 et
2116 3026 2262 3080 dicta
2310 3026 2379 3080 de

2479 546 2716 599 eumdem
2748 542 3039 607 ostendisti,
3094 558 3243 611 quem
3274 557 3366 609 per
3394 541 3592 611 reliqua
3626 544 3842 595 nomina
3874 555 4037 597 mente

2478 640 2780 703 concepisti.
2848 636 2927 690 Ex
2985 635 3071 690 his
3120 633 3285 703 igitur
3352 632 3696 687 manifestum
3773 632 3831 686 ﬁt
3896 635 4037 703 quod

2478 734 2666 787 eadem
2712 731 2892 787 divina
2932 729 3151 784 nomina
3190 736 3243 782 et
3276 726 3476 781 eaedem
3533 728 3779 783 notiones
3832 738 4036 782 nostrae

2476 823 2543 875 de
2584 822 2694 877 Deo
2719 822 2993 885 dicuntur,
3024 817 3333 886 nullamque
3385 815 3740 871 differentiam
3792 817 3869 870 rei
3911 820 4037 871 sub-

2471 916 2630 983 jectae
2685 916 2751 970 ad
2814 914 2980 967 Deum
3046 910 3218 965 relata
3284 918 3721 977 repraesentant:
3784 919 3841 963 et
3893 911 4037 978 quod

2478 1006 2696 1061 nomina
2738 1004 2832 1059 Dei
2886 1003 3151 1074 triplicem
3195 1000 3398 1056 habent
3443 1015 3663 1055 causam
3707 1000 4033 1056 efﬁcientem

2478 1097 2720 1168 quidem,
2756 1105 2991 1150 mentem
3027 1093 3198 1160 ipsam
3234 1092 3564 1156 humanam;
3599 1093 3909 1159 materiam,
3951 1093 4039 1148 illa

2476 1188 2617 1243 unde
2664 1186 3016 1257 colliguntur,
3043 1186 3096 1239 id
3124 1194 3209 1239 est
3256 1182 3481 1249 eﬂ’ecta;
3533 1183 3713 1247 linem,
3759 1181 3929 1239 Deum
3975 1184 4042 1240 ad

2477 1294 2635 1349 quem
2665 1278 2996 1333 referuntur.

2971 1388 3415 1447 OBSERVATIO
3453 1387 3543 1445 XI.

2478 1478 2540 1536 S.
2578 1480 2865 1550 Dionysius
2904 1481 3103 1548 primus
3144 1492 3329 1535 auctor
3368 1482 3647 1549 theologia:
3685 1481 4044 1542 scholastica.

2550 1550 2822 1618 Principia
2847 1552 3134 1621 theologica
3158 1568 3222 1604 ea:
3247 1553 3417 1617 prima
3442 1554 3653 1618 periodo
3679 1550 3917 1621 Dionysii
3949 1554 4047 1606 de-

2547 1631 2837 1689 promptat
2873 1618 3041 1674 Omne
3086 1621 3280 1673 donum
3322 1638 3354 1673 a
3401 1621 3507 1675 Deo
3554 1637 3666 1674 esse
3693 1661 3707 1686 ,
3760 1618 4043 1683 desursum

2547 1688 2693 1760 esse,
2740 1708 2771 1743 a
2805 1688 3270 1760 Patreluminum.
3304 1689 3533 1760 Spiritus
3583 1702 3798 1744 sanctus
3842 1697 4041 1746 donum

2550 1759 2754 1811 Patris.
2795 1760 2904 1814 Cur
2939 1758 3103 1813 Pater
3145 1758 3405 1814 luminum
3445 1762 3641 1813 dictus.
3683 1760 3895 1814 Patrem
3935 1777 4047 1815 esse

2549 1830 2867 1898 principium
2898 1831 3307 1883 emanationum.
3350 1829 3555 1883 Bonum
3585 1832 3669 1883 sui
3708 1831 4041 1898 diﬂusivum.

2555 1897 2696 1951 Deus
2722 1901 2901 1951 omnia
2931 1900 3061 1967 facit
3095 1898 3155 1950 ob
3187 1899 3491 1952 bonitatem.
3528 1898 3717 1953 Gratia
3749 1897 3851 1955 non
3885 1904 4048 1955 datur

2547 1984 2613 2022 ea:
2664 1970 2883 2023 meritis.
2936 1968 3249 2021 Immediate
3290 1978 3365 2023 est
3412 1985 3443 2021 a
3497 1970 3629 2026 Deo.
3674 1968 3897 2025 Uniendi
3947 1974 4049 2025 vim

2549 2038 2721 2091 habet.
2751 2038 3029 2091 Hominem
3054 2039 3214 2093 elevat
3245 2056 3405 2102 supra
3425 2048 3625 2093 statum
3649 2052 3877 2097 naturas.
3907 2042 4049 2096 Deus

2554 2108 2785 2162 omnium
2805 2108 3125 2177 principium
3155 2118 3202 2161 et
3226 2107 3376 2175 ﬁnis.

2550 2198 2851 2253 Observata
2916 2212 3136 2267 quoque
3201 2198 3579 2268 dignissimum
3642 2202 3917 2271 quomodo
3987 2199 4047 2256 S.

2482 2291 2770 2362 Dionysius
2838 2292 3045 2361 primus
3104 2291 3445 2348 scholastica:
3506 2294 3796 2366 theologia;
3851 2296 4050 2366 iecerit

2481 2383 2851 2449 fundamenta,
2886 2384 3086 2453 quibus
3118 2384 3299 2439 caeteri
3335 2384 3596 2455 deinceps
3628 2387 3886 2458 theologi,
3924 2403 4048 2443 eam

2479 2490 2599 2545 quae
2638 2475 2705 2532 de
2746 2475 2856 2530 Deo
2894 2477 3164 2545 rebusque
3207 2476 3405 2532 divinis
3437 2480 3489 2531 in
3530 2478 3733 2533 scholis
3781 2481 4047 2543 traditur,

2481 2570 2789 2625 doctrinam
2824 2583 3037 2623 omnem
3074 2568 3497 2625 inaediﬁcarunt.
3534 2571 3795 2642 Exemplo
3824 2573 3896 2626 sit
3928 2588 4058 2641 pro-

2482 2660 2686 2713 ximum
2715 2661 2859 2727 quod
2895 2658 3136 2713 occurrit
3172 2661 3367 2729 capitis
3398 2660 3559 2729 primi
3613 2659 3689 2715 De
3719 2662 3912 2716 calcati
3936 2664 4054 2716 hie-

2481 2752 2695 2804 rarchia
2713 2751 3021 2814 exordium,
3037 2751 3191 2818 cujus
3212 2751 3444 2820 primam
3470 2753 3749 2821 periodum
3771 2756 3815 2809 si
3840 2764 4055 2813 attente

2480 2843 2601 2912 quis
2644 2843 2987 2911 expenderit,
3030 2852 3162 2911 quot
3194 2842 3358 2897 verba
3394 2853 3471 2897 tot
3499 2846 3747 2908 oracula,
3790 2846 4053 2900 totidem-

2480 2948 2588 3002 que
2620 2932 2890 2987 altissima
2929 2932 3265 2988 scholastica:
3292 2934 3554 2987 doctrinae
3585 2934 3848 3005 principia
3877 2938 4054 2991 mira-

2481 3024 2645 3078 bitur.
2684 3023 2776 3080 Sic
2815 3024 2977 3079 habet
3016 3042 3029 3077 ;
3078 3042 3095 3074 ε
3134 3023 3309 3078 Πᾶσα
3339 3026 3510 3091 δόσις
3546 3026 3759 3094 ἀγαθὴ,
3796 3028 3893 3081 καὶ
3928 3028 4057 3084 πᾶν

808 3117 1085 3172 creaturis
1114 3117 1293 3186 quoad
1324 3132 1439 3171 rem
1472 3115 1860 3187 signiﬁcatam,
1894 3130 2000 3169 non
2032 3117 2251 3186 proprie
2281 3116 2373 3171 sed

2480 3116 2713 3186 δώρημα
2760 3118 3008 3183 τέλειον,
3056 3117 3283 3171 ἂνωθέν
3327 3119 3478 3184 ἐστι,
3527 3120 3884 3174 καταϐαῖνον
3931 3122 4055 3177 ἀπὸ

806 3226 903 3281 per
924 3211 1150 3265 abusum
1181 3209 1350 3263 verbi.
1384 3216 1439 3264 et
1466 3224 1558 3279 per
1588 3208 1946 3263 imitationem
1978 3217 2032 3262 et
2064 3208 2378 3262 similitudi-

807 3316 931 3357 nem
982 3301 1273 3370 quamdam
1327 3298 1664 3370 analogicam
1707 3300 1811 3354 dici
1863 3316 1877 3349 :
1926 3308 2091 3369 atque
2144 3300 2215 3352 ita
2260 3314 2379 3369 qua:

809 3397 935 3441 sunt
980 3387 1292 3441 communia
1339 3388 1455 3442 Deo
1500 3397 1553 3441 et
1592 3389 1863 3442 creaturis
1907 3390 2150 3455 nomina,
2201 3390 2379 3458 quoad

807 3496 925 3536 rem
957 3480 1318 3548 significatam
1354 3494 1483 3534 vere
1510 3490 1565 3534 et
1596 3481 1834 3549 proprie,
1873 3482 1925 3534 id
1953 3492 2035 3536 est
2066 3482 2376 3536 essentiali-

809 3580 895 3625 ter
923 3581 981 3625 et
1025 3586 1120 3641 per
1152 3586 1211 3625 se
1248 3554 1507 3625 dicuntur
1537 3572 1604 3626 de
1651 3571 1797 3637 Deo;
1852 3572 1917 3625 de
1964 3581 2217 3625 creatura
2248 3586 2378 3625 vero

814 3680 922 3719 non
955 3679 1083 3718 vere
1108 3678 1281 3733 neque
1311 3663 1549 3732 proprie,
1582 3663 1707 3731 quia
1739 3678 1843 3717 non
1876 3676 1971 3731 per
2000 3677 2057 3716 se
2083 3663 2335 3717 dicuntur
2360 3679 2375 3717 :

810 3756 989 3823 quoad
1026 3768 1155 3810 vero
1186 3754 1586 3823 impositionem
1615 3753 1920 3819 nominum,
1954 3752 2173 3822 proprie
2202 3754 2376 3823 signi-

814 3844 980 3895 llcant
1039 3842 1093 3897 id
1142 3843 1210 3897 ad
1262 3847 1407 3912 quod
1454 3844 1705 3911 imposita
1757 3852 1906 3907 sunt,
1940 3842 2189 3911 imposita
2230 3845 2376 3899 enim

806 3944 934 3989 sunt
968 3936 1122 4005 prius
1162 3935 1227 3989 ad
1263 3936 1653 4005 signiﬁcandas
1684 3934 2048 4005 perfectiones
2081 3936 2378 4007 participa-

811 4038 921 4090 tas,
948 4040 1085 4095 quas
1116 4041 1146 4081 a
1192 4026 1304 4082 Deo
1340 4029 1391 4080 in
1421 4027 1687 4082 creaturis
1720 4025 1943 4081 el'fectas
1974 4028 2375 4097 cognoscimus,

814 4135 878 4172 ex
910 4120 1129 4189 quibus,
1174 4121 1241 4173 ad
1283 4119 1705 4187 cognoscendas,
1746 4130 2019 4187 utcunQue
2065 4133 2375 4189 possumus,

814 4212 1180 4280 perfectiones
1214 4208 1535 4265 essentiales
1562 4210 1655 4265 Dei
1684 4212 2027 4276 deducimur,
2058 4212 2205 4265 sicut
2235 4212 2376 4265 scri-

806 4314 958 4373 ptum
982 4313 1101 4357 est:
1135 4302 1432 4357 Invisibilia
1456 4302 1553 4356 Dei
1582 4320 1671 4372 per
1694 4321 1755 4357 ea
1780 4320 1895 4373 qua:
1919 4304 2059 4372 facta
2083 4317 2201 4359 sunt
2225 4306 2377 4359 intel-

812 4395 947 4448 lecta
971 4397 1371 4465 conspiciuntur
1391 4396 1460 4449 ".

2480 3210 2583 3263 τοῦ
2615 3210 2842 3279 Πατρός
2865 3210 2981 3263 τῶν
3012 3211 3217 3279 φώτων
3250 3213 3336 3266 ⁷⁸.⁹
3363 3213 3519 3267 Ἀλλὰ
3546 3215 3639 3267 καὶ
3671 3216 3817 3267 πᾶσα
3840 3217 4056 3288 Πατρο-

2481 3304 2697 3371 κινήτου
2732 3303 3101 3371 φωτοφανείας
3149 3302 3374 3373 πρόοδος
3422 3294 3509 3367 εἷς
3537 3306 3682 3375 ἡμᾶς
3712 3306 4055 3372 ἀγαθοδότως

2482 3391 2716 3459 φοιτῶσα
2742 3392 2900 3444 πάλιν
2924 3392 2997 3454 ὡς
3023 3392 3259 3454 ὲνοποιὸς
3285 3392 3515 3462 δύναμις
3542 3394 3880 3458 ἁνατατικῶς
3903 3398 4054 3466 ἡμᾶς

2481 3482 2724 3545 ἁναπλοῖ,
2776 3482 2869 3534 καὶ
2911 3482 3225 3551 ἐπιστρέφει
3272 3482 3407 3553 πρὸς
3451 3482 3548 3553 τὴν
3592 3484 3685 3536 τοῦ
3730 3486 4049 3553 συναγωγοῦ

2480 3573 2689 3643 Πατρὸς
2712 3573 2959 3644 ἑνότητα,
2997 3575 3089 3625 καὶ
3128 3572 3370 3625 Θεοποιὸν
3394 3574 3688 3644 ἁπλότητα.
3722 3576 3829 3629 Καὶ
3852 3576 3961 3647 γὰρ
3988 3577 4052 3642 ἐξ

2479 3662 2641 3715 αὑτοῦ
2671 3664 2865 3727 πάντα,
2893 3664 2984 3716 καὶ
3008 3665 3084 3725 εἰς
3107 3663 3288 3715 αὐτόν.
3336 3681 3356 3712 ι
3392 3662 3558 3717 Omne
3591 3664 3775 3718 datum
3815 3666 4007 3723 bonum
4031 3708 4047 3734 ,

2476 3762 2526 3805 et
2556 3769 2707 3805 omne
2734 3753 2928 3805 donum
2961 3752 3243 3821 perfectum
3271 3752 3546 3806 desursum
3577 3764 3683 3818 est,
3725 3756 4049 3812 descendens

2480 3861 2511 3895 a
2552 3841 2711 3896 Patre
2743 3824 3197 3907 luminumJQuin
3226 3853 3273 3896 et
3308 3844 3473 3897 omnis
3501 3862 3531 3897 a
3558 3844 3718 3900 Patre
3741 3858 3894 3902 motae
3921 3848 4049 3903 illu-

2480 3936 2749 3989 strationis
2773 3939 3054 4004 emanatio,
3084 3937 3137 3989 in
3171 3953 3262 3989 nos
3285 3936 3504 4004 beneﬁce
3530 3941 3804 3994 exundans
3825 3958 3845 4006 ;
3873 3942 4049 3997 denuo

2480 4044 2573 4081 ceu
2606 4028 2799 4096 uni/ica
2833 4030 2927 4094 vis,
2970 4030 3039 4080 ad
3082 4044 3273 4096 supera
3308 4046 3399 4083 nos
3433 4032 3676 4099 erigenda
3719 4033 4044 4100 simpli/icui,

2478 4131 2524 4173 et
2554 4122 2807 4174 convertit
2844 4121 2911 4172 ad
2940 4121 3305 4190 congregantis
3351 4118 3534 4174 Patris
3561 4122 3816 4175 unitatem
3844 4132 3891 4176 et
3932 4122 4046 4177 dei-

2479 4213 2635 4280 ﬁcum
2664 4211 3078 4279 simplicitatem.
3118 4210 3381 4275 Quoniam
3419 4227 3483 4264 ex
3523 4212 3636 4281 ipso
3676 4221 3725 4265 et
3770 4214 3825 4266 in
3870 4212 4046 4283 ipsum

2479 4316 2600 4357 sunt
2643 4305 2841 4357 omnia.
2867 4303 3007 4358 Ecce
3038 4311 3167 4372 quot
3208 4302 3389 4357 brevis
3420 4303 3537 4356 haec
3572 4303 3831 4372 periodus
3870 4303 4048 4359 subli-

2482 4397 2741 4451 missimae
2771 4397 3053 4465 theologia:
3080 4395 3341 4463 principia
3366 4396 3779 4465 complectatur.

808 4503 1001 4560 Omnia
1047 4506 1141 4561 Dei
1190 4511 1402 4563 nomina
1425 4512 1567 4585 quid
1600 4529 1763 4565 unum
1808 4523 1856 4570 et
1901 4516 2036 4569 idem
2074 4515 2373 4585 signiﬁcant
2406 4459 2455 4519 Β
2513 4581 2522 4585 _
2556 4488 2759 4551 Ρτί¹¹¹⁰υ
2792 4489 3172 4585 δ-θηυίξθωηῗ
3198 4501 3227 4585 ξ’
3258 4487 3364 4585 De?
3391 4488 3751 4585 daf‘fmj’m;
3777 4490 3916 4585 quo?
3944 4492 4043 4585 δέ’

1364 4583 1432 4633 ad
1459 4581 1624 4633 Deum
1656 4584 1842 4635 relata.

878 4665 1289 4725 Observandum
1342 4672 1430 4726 hic
1478 4687 1599 4726 cum
1640 4672 2009 4743 Cyparissiota
2052 4677 2253 4733 Decad.
2298 4695 2371 4745 tv,

808 4770 930 4827 cap.
974 4758 1027 4821 7,
1063 4761 1207 4829 quod
1238 4762 1378 4815 sicut
1407 4762 1588 4816 divina
1626 4766 1843 4819 nomina
1885 4782 1951 4821 ex
1989 4768 2197 4824 eﬂ‘ectis
2225 4787 2373 4825 sum-

808 4862 921 4919 pta,
952 4852 1310 4907 diﬁerentiam
1337 4857 1714 4924 operationum
1748 4872 2165 4930 reprmsentant,
2198 4865 2275 4918 sic
2303 4866 2369 4919 ad

806 4946 973 4999 Deum
1021 4948 1213 5014 relata,
1254 4949 1497 5006 diversas
1546 4968 1631 5007 res
1662 4966 2055 5022 repraesentare
2104 4972 2212 5012 non
2244 4972 2375 5026 pos-

806 5038 937 5092 sint.
976 5034 1115 5091 Hinc
1154 5055 1382 5108 magnus
1421 5040 1655 5096 Basilius
1702 5043 1755 5096 in
1802 5044 2019 5114 epistol.
2067 5046 2133 5098 ad
2181 5045 2377 5100 Eusua-

810 5129 995 5182 cltium
1032 5134 1050 5184 ξ
1085 5129 1299 5195 Omnes,
1346 5133 1544 5199 inquit,
1602 5136 1855 5199 notiones,
1905 5145 1952 5189 et
2001 5137 2213 5189 nomina
2258 5153 2375 5206 qua:

811 5215 980 5271 Deum
1004 5222 1205 5285 decent,
1233 5224 1451 5292 trqualis
1478 5225 1612 5277 inter
1634 5242 1687 5277 se
1710 5226 1925 5279 honoris
1949 5238 2094 5290 sunt,
2120 5238 2375 5296 quatenus

808 5304 1201 5372 signiﬁcatione
1232 5311 1304 5362 rei
1334 5312 1583 5379 subjecta
1608 5313 1743 5365 nihil
1768 5314 2041 5382 di/I'erunt.
2084 5315 2205 5369 Non
2234 5324 2373 5370 enim

808 5397 877 5446 ad
923 5397 1086 5449 alium
1134 5415 1237 5451 rem
1286 5401 1573 5469 subjectum
1619 5414 1839 5458 mentem
1891 5406 2037 5459 ducit
2082 5408 2371 5476 appellatio

809 5484 951 5554 boni,
982 5500 1028 5541 et
1060 5492 1128 5542 ad
1160 5492 1323 5552 aliam
1356 5494 1641 5562 appellatio
1688 5498 1941 5561 sapientis
1970 5539 1983 5563 ,
2010 5508 2057 5552 et
2117 5504 2365 5567 potentis,

808 5588 854 5632 et
898 5580 1057 5647 justi.
1090 5583 1229 5647 Quin
1255 5580 1452 5652 potius,
1486 5602 1808 5657 quazcunque
1860 5590 2072 5645 nomina
2127 5591 2327 5647 dixeris
2356 5632 2369 5653 .

879 5734 922 5765 "
972 5732 1125 5788 Rom.
1168 5752 1203 5789 ι.
1282 5736 1328 5767 ⁷⁸
1350 5735 1462 5790 Jac.
1491 5755 1529 5801 ι,
1563 5738 1647 5792 17.

2481 4581 2694 4649 signant
2722 4580 2908 4645 verba,
2938 4576 3111 4631 Πᾶσα
3140 4574 3307 4643 δόσις
3332 4574 3541 4644 ἀγαθή.
3568 4562 3645 4630 Ex
3686 4593 3791 4647 quo
3834 4578 4041 4647 princi-

2480 4672 2567 4739 pio
2595 4668 2897 4724 S.Thomas
2922 4685 2975 4738 p.
3011 4687 3057 4733 ι,
3082 4684 3173 4737 qu.
3197 4669 3249 4733 4,
3282 4668 3334 4733 5,
3360 4667 3414 4731 6,
3450 4668 3710 4737 plurimas
3737 4668 3881 4723 elicit
3910 4684 4044 4724 con-

2482 4761 2767 4821 clusiones.
2794 4760 2944 4812 verbi
2967 4758 3159 4826 gratis,
3180 4756 3344 4810 Deum
3368 4769 3487 4809 esse
3517 4770 3786 4809 summum
3814 4756 4039 4821 bonum,

2484 4870 2664 4909 rerum
2704 4852 2941 4907 omnium
2978 4850 3337 4920 perfectiones
3387 4848 3687 4901 eminenter
3735 4846 4036 4911 continere,

2482 4956 2763 5001 creaturas
2793 4945 2908 5013 ejus
2935 4942 3344 5012 participatione
3387 4955 3449 4994 ac
3490 4938 3843 4994 similitudine
3869 4940 4040 4995 bonas

2480 5052 2617 5101 esse,
2647 5047 2752 5090 etc.

2549 5128 2823 5191 Secundo,
2848 5141 3008 5181 omne
3028 5124 3225 5179 donum
3256 5123 3556 5193 perfectum
3581 5134 3698 5176 esse
3722 5136 3750 5175 a
3775 5122 3905 5185 Deo,
3937 5120 4040 5175 ml

2480 5216 2602 5271 πᾶν
2623 5216 2860 5286 δώρημα
2891 5216 3139 5280 τέλειον,
3160 5216 3366 5271 scilicet
3391 5226 3449 5269 ut
3472 5215 3737 5284 principio
3764 5212 4034 5278 eﬂ'ectivo,

2478 5309 2791 5377 exemplari,
2828 5317 2879 5362 et
2912 5308 3051 5361 finali
3082 5330 3093 5362 :
3120 5323 3170 5377 p.
3208 5324 3256 5371 t,
3279 5322 3369 5377 qu.
3396 5307 3569 5369 6,art.
3599 5306 3655 5371 4,
3682 5316 3735 5359 et
3756 5304 3870 5367 2.2,
3902 5304 4033 5374 q.3,

2481 5410 2584 5455 art.
2616 5400 2651 5454 Ξ
2681 5402 2749 5455 ad
2781 5405 2803 5455 i
2831 5419 2845 5468 ;
2879 5417 2933 5471 q.
2965 5402 3054 5465 27,
3080 5409 3184 5455 art.
3210 5401 3267 5467 3,
3297 5402 3349 5455 in
3380 5413 3625 5470 corpore.
3652 5399 3783 5454 Vide
3806 5396 3931 5449 item
3962 5394 4031 5450 Β.

2478 5496 2738 5550 Thomam
2770 5509 2823 5562 p.
2862 5516 2906 5561 ι,
2930 5509 2984 5565 q.
3012 5492 3101 5560 38,
3126 5502 3182 5549 et
3212 5492 3326 5561 {-2,
3354 5507 3409 5562 q.
3432 5491 3523 5557 68,
3548 5491 3637 5546 ubi
3682 5489 3917 5559 disputat
3964 5488 4037 5545 de

2478 5589 2689 5644 ratione
2720 5588 2867 5644 doni.
