4196 6306
179 368 250 423 89
1530 353 2060 416 PROLEGOMENA.
3332 364 3402 420 90

254 481 459 545 Tertio,
490 495 647 535 omne
696 478 891 533 donum
940 477 1237 548 perfectum
1287 476 1569 531 desursum
1596 492 1737 533 esse.
1769 487 1814 545 Α
1919 476 2155 539 Decimo,
2205 475 2435 544 gratiam
2464 475 2665 532 habere
2690 475 2797 531 vim
2826 474 3185 551 coniungendi
3228 477 3404 534 homi-

184 571 441 628 Ἄνωθέν
466 572 615 626 ἐστι.
643 570 780 625 llinc
811 569 873 625 D.
906 569 1139 625 Thomas
1170 584 1222 637 p.
1259 583 1306 631 ι,
1333 584 1389 639 q.
1415 570 1505 631 38,
1539 579 1646 623 art.
1686 570 1739 641 1,

180 665 239 721 in
269 678 512 735 corpore,
567 665 722 719 docet
751 676 849 717 nos
880 677 991 717 non
1035 676 1192 732 posse
1222 660 1505 731 pervenire
1528 662 1593 714 ad
1622 674 1744 728 per-

182 758 386 813 fectum
412 757 611 813 donum
644 754 759 818 Dei,
788 753 881 809 sed
907 754 1104 809 debere
1131 754 1232 807 hoc
1256 751 1409 807 nobis
1438 751 1552 806 dari
1584 754 1742 807 desu-

179 865 300 921 per.
332 851 460 905 Item
486 847 631 917 quod
654 847 733 904 sic
763 846 959 903 divina
982 862 1225 919 persona
1253 852 1518 915 competat
1543 844 1659 900 dari
1688 852 1744 899 et

177 956 321 998 esse-
340 942 561 997 donum.

261 1033 492 1100 Quarto,
517 1034 715 1088 donum
739 1046 897 1087 onme
920 1031 1212 1101 perfectum
1240 1027 1565 1085 descendere
1590 1042 1618 1081 a
1642 1025 1745 1080 Pa-

177 1135 266 1183 tro
300 1125 586 1180 luminum.
630 1121 998 1179 Καταὸαῖνον
1039 1122 1158 1177 ἀπὸ
1206 1121 1313 1175 τοῦ
1355 1120 1597 1189 Πατρὸς·
1626 1118 1745 1173 τῶν

176 1216 409 1290 φώτων.
436 1216 573 1272 Hinc
594 1214 657 1272 Ι).
680 1215 942 1282 Thomas,
976 1230 1031 1285 p.
1066 1231 1119 1279 ι,
1143 1229 1198 1284 q.
1223 1212 1316 1277 '58,
1342 1218 1447 1266 art.
1470 1212 1525 1277 2,
1558 1213 1741 1278 tradit,

178 1311 378 1366 donum
400 1324 518 1365 esse
542 1308 813 1385 proprium
841 1320 1033 1362 nomen
1059 1306 1291 1376 Spiritus
1316 1303 1509 1367 sancti,
1548 1312 1600 1359 et
1624 1316 1746 1357 esse

176 1420 377 1461 nomen
406 1401 707 1471 personale.
729 1402 863 1457 Cum
897 1410 1076 1456 autem
1102 1413 1131 1450 a
1170 1396 1329 1452 Patre
1353 1396 1592 1465 Filioque
1620 1411 1745 1467 pro-

175 1497 339 1552 cedat
365 1504 422 1551 ut
444 1508 614 1557 amor,
637 1493 889 1563 procedit,
915 1490 1110 1561 inquit,
1136 1492 1193 1544 in
1236 1491 1442 1544 ratione
1468 1490 1591 1544 doni
1632 1487 1743 1556 pri-

176 1585 436 1642 mi.Unde
458 1586 520 1639 Ι).
546 1583 881 1657 Augustinus
908 1581 1004 1637 lib.
1031 1597 1100 1636 xv
1122 1579 1199 1635 De
1226 1580 1503 1656 Trinitatis,
1528 1576 1743 1647 cap.19,

172 1677 311 1732 dicit
350 1676 495 1746 quod
529 1690 626 1747 per
664 1676 887 1739 donum,
931 1674 1072 1744 quod
1109 1681 1191 1729 est
1232 1670 1742 1747 Spiritussanctus,

173 1768 347 1823 multa
368 1744 586 1839 propria
619 1768 760 1820 dona
784 1765 1088 1820 dividantur
1112 1762 1371 1819 membris
1405 1744 1630 1817 Christi.
1656 1757 1744 1811 Di-

1842 584 1968 625 nem
1995 582 2117 639 cum
2147 566 2275 621 Deo.
2313 566 2410 632 Ὦς
2443 564 2717 632 ἑνοποιὺς
2742 563 3007 634 δύναμις.
3034 562 3169 620 Hinc
3196 563 3404 622 D.Tho—

1840 675 1958 715 mas
1987 659 2100 724 1-2,
2132 672 2186 727 q.
2219 658 2340 723 111,
2370 667 2475 711 art.
2503 657 2553 722 5,
2608 659 2764 713 docet
2798 660 3031 729 gratiam
3073 669 3285 729 gratum
3314 657 3399 712 fa-

1840 750 2069 806 cientem
2100 747 2399 819 digniorem
2447 758 2571 801 esse
2616 761 2777 815 quam
2810 747 2980 817 gratis
3015 746 3219 811 datam,
3253 738 3401 815 quod

1842 841 1956 896 hac
1989 848 2193 895 tantum
2219 839 2435 894 ordinet
2456 838 2522 892 ad
2546 838 2795 907 quadam.
2817 838 3201 907 praparatoria
3228 836 3403 890 ultimi

1845 928 1993 997 finis,
2024 916 2116 980 illa
2142 941 2270 981 vero
2295 926 2510 982 ordinet
2540 926 2811 982 hominem
2844 925 3155 983 immediate
3174 926 3407 983 ad‘con-

1837 1019 2179 1091 junctionem
2210 1018 2384 1074 ultimi
2413 1018 2555 1073 linis.

1915 1109 2232 1173 Undecimo,
2276 1109 2458 1163 lumen
2485 1107 2673 1179 gratia
2706 1117 2939 1169 mentem
2988 1108 3201 1166 elevare
3244 1122 3407 1179 supra

1841 1200 2209 1261 conditionem
2239 1208 2450 1255 natura
2479 1199 2746 1265 humana,
2774 1210 2829 1253 ut
2853 1201 3130 1276 insinuant
3159 1200 3244 1255 illa
3278 1215 3405 1255 ver-

1842 1293 1929 1359 ba,
1947 1291 2327 1358 Ἁνατατικῶς
2357 1293 2511 1362 ἡμᾶς
2540 1291 2820 1349 aram/toi.
2852 1292 2981 1345 Item
3015 1307 3110 1347 nos
3139 1293 3204 1346 ad
3235 1289 3405 1361 Deum

1844 1393 2178 1448 convertere,
2205 1386 2317 1437 Και
2338 1383 2677 1453 ἐπιστρέφει
2701 1382 2851 1452 πρὸς
2880 1380 2995 1449 τὴν
3011 1382 3114 1435 τοῦ
3142 1396 3409 1447 συναγω-

1844 1471 1951 1542 τοῦ
1970 1473 2197 1541 Πατρός
2218 1473 2487 1541 ἑνότητα.
2523 1472 2624 1528 Ubi
2661 1488 2764 1528 non
2798 1473 2999 1526 frustra
3032 1470 3231 1545 dicitur
3258 1466 3407 1531 συν-

1844 1564 2070 1633 αγωγοῦ
2100 1564 2347 1633 Πατρός,
2374 1579 2496 1618 cum
2522 1563 2765 1620 Christus
2822 1562 2937 1629 ipse
2960 1548 3158 1617 dixerit
3188 1577 3202 1613 :
3240 1558 3408 1615 Nemo

1844 1656 1975 1711 venit
1997 1657 2065 1710 ad
2094 1672 2192 1722 me,
2218 1656 2322 1710 nisi
2353 1654 2518 1709 Pater
2545 1670 2690 1709 meus
2720 1655 2943 1708 traxerit
2969 1669 3083 1708 eum
3100 1653 3167 1709 ⁷⁸.
3190 1653 3413 1718 Vocatio

1845 1747 1988 1801 enim
2016 1745 2162 1800 Patri
2193 1745 2595 1817 appropriatur,
2624 1744 2698 1799 uti
2731 1744 2871 1800 Filio
2898 1744 3171 1811 adductio,
3200 1752 3254 1798 et
3277 1742 3408 1813 Spi-

172 1858 319 1914 citur
344 1867 526 1913 autem
560 1871 591 1911 a
618 1855 780 1910 Patre
803 1854 1155 1915 descendens,
1184 1860 1245 1905 ut
1284 1852 1337 1906 in
1383 1851 1600 1907 nomine
1622 1846 1745 1904 doni
1777 1833 1819 1890 Β
1850 1837 1976 1891 ι’Ῑιυί
2016 1846 2203 1894 sancio
2234 1837 2534 1905 Ρετνεῠιῖοι
2563 1848 2655 1890 seu
2684 1834 2858 1889 hraVii
2899 1836 3231 1892 consecutio.
3274 1834 3410 1889 Item

173 1948 502 2019 importetur
524 1948 831 2017 proprietas
852 1945 1076 2015 originis
1100 1942 1239 2012 ejus,
1272 1956 1390 2011 qua
1414 1950 1501 1996 est
1526 1953 1745 2009 proces-

173 2041 281 2097 sio.
322 2038 400 2095 Ita
422 2038 486 2093 D.
521 2026 757 2094 Thomas
791 2048 944 2107 parte
976 2051 1014 2101 ι,
1054 2035 1216 2104 q.38,
1245 2039 1346 2085 art.
1372 2031 1412 2086 2
1453 2035 1519 2085 ad
1562 2032 1615 2085 2.
1648 2032 1744 2085 At-

175 2130 439 2186 tribuitur
480 2138 660 2184 autem
713 2128 914 2183 donum
958 2124 1129 2188 Patri,
1186 2131 1443 2190 tanquam
1507 2116 1745 2173 mittenti

171 2222 486 2295 principali,
517 2220 645 2275 licet
674 2220 842 2275 etiam
868 2232 897 2271 a
920 2216 1057 2273 Filio
1090 2212 1335 2268 mittatur
1356 2220 1521 2278 atque
1555 2221 1747 2277 proce—

174 2314 270 2369 dat
298 2331 315 2368 :
352 2329 407 2385 p.
440 2329 483 2377 ι,
514 2321 705 2382 quast.
733 2310 819 2364 15.
848 2309 963 2362 Non
987 2308 1162 2364 Otiose
1192 2316 1403 2375 quoque
1427 2302 1566 2356 Deus
1587 2299 1747 2354 Pater

172 2403 345 2459 Pater
372 2401 627 2456 luminum
669 2406 1033 2466 nuncupatur,
1054 2408 1176 2449 cum
1203 2406 1267 2445 ex
1300 2390 1419 2459 ipso
1454 2386 1745 2456 purissima

174 2494 284 2549 duo
316 2490 613 2547 divinitatis
640 2488 902 2558 germina,
937 2470 1105 2537 Filius
1132 2490 1185 2536 et
1218 2478 1455 2551 Spiritus
1499 2483 1744 2539 sanctus,

172 2600 279 2642 ceu
306 2582 558 2654 splendor
583 2598 645 2636 ac
675 2580 853 2646 lumen
880 2592 909 2632 a
940 2576 1053 2632 sole
1085 2574 1154 2644 (si
1182 2573 1363 2629 divina
1389 2569 1587 2625 creatis
1610 2583 1743 2623 con-

174 2679 326 2734 ferre
357 2677 561 2745 liceat)
598 2684 799 2733 aterna
843 2667 1187 2742 processione
1221 2662 1557 2737 pullularint.
1592 2661 1747 2718 Unde

176 2770 235 2825 in
258 2769 460 2839 hymno
484 2765 737 2821 Ecclesia
763 2763 973 2818 canitur
999 2777 1013 2813 :

524 2859 640 2912 Lua:
680 2855 811 2910 lucis
841 2864 885 2908 et
920 2854 1035 2921 {om
1075 2849 1309 2904 luminis.

178 2953 502 3022 Quanquam
518 2950 655 3005 Filio
684 2962 876 3003 nomen
908 2946 1041 2999 lucis
1063 2953 1117 2999 et
1145 2941 1399 3012 imaginis
1425 2938 1744 3008 apprOprie-

181 3055 293 3109 tur,
316 3043 439 3111 quia
469 3040 711 3111 procedit
749 3053 845 3108 per
875 3034 1228 3097 intellectum,
1265 3043 1320 3086 et
1348 3031 1401 3085 in
1434 3028 1746 3085 similitudi-

177 3151 329 3191 nem.
361 3132 438 3187 lta
463 3134 527 3188 D.
550 3131 810 3197 Thomas,
837 3144 890 3198 p.
922 3143 961 3191 ι,
986 3142 1039 3195 q.
1063 3126 1153 3181 '55.

1845 1939 1947 1980 vox
1988 1924 2241 1992 ἑνότητα
2270 1924 2534 1995 designat,
2565 1925 2792 1993 gratiam
2822 1924 3069 1978 homines
3114 1924 3406 1992 colligere;

1844 2031 1951 2087 qua
1986 2031 2043 2070 re
2063 2016 2401 2086 significatur
2431 2016 2556 2069 unio
2580 2015 2670 2068 illa
2691 2014 2983 2085 spiritalis,
3015 2030 3133 2084 qua
3164 2025 3257 2083 per
3287 2030 3408 2069 eam

1844 2108 1906 2163 fit
1934 2110 1998 2166 ad
2048 2108 2238 2162 Deum.
2273 2107 2515 2175 Denique
2555 2107 2728 2171 docet,
2757 2118 2855 2160 nos
2883 2118 2978 2173 per
3006 2103 3232 2173 gratiam
3270 2104 3412 2157 divi-

1848 2202 2040 2257 uitatis
2066 2200 2343 2268 cujusdam
2381 2198 2675 2268 participes
2711 2197 2888 2261 reddi,
2912 2197 2989 2250 uti
3018 2196 3295 2252 declarant
3320 2194 3409 2249 illa

1845 2292 2031 2356 verba,
2062 2292 2159 2344 καὶ
2208 2290 2482 2345 θεοποιὸν
2536 2288 2861 2355 ἁπλότητα.
2899 2284 2996 2341 Ubi
3046 2301 3257 2357 quoque
3309 2300 3415 2341 vox

1844 2382 2113 2450 ἁπλότης
2143 2390 2341 2437 statum
2376 2380 2568 2434 anima
2597 2378 2888 2446 spiritalem
2921 2375 3291 2445 signiﬁcanter
3316 2392 3415 2430 ex-

1845 2476 2053 2545 primit,
2091 2482 2275 2544 utpote
2296 2472 2623 2541 simplicem,
2657 2479 2707 2525 et
2734 2474 2764 2543 'a
2798 2469 2959 2523 rebus
2982 2468 3149 2523 variis
3177 2478 3411 2523 etcom-

1846 2570 2036 2640 positis
2063 2568 2419 2621 abstractum.
2451 2563 2585 2620 Vide
2613 2560 2672 2615 D.
2713 2552 2974 2617 Thomam
3012 2549 3132 2640 1—2,
3164 2561 3255 2629 qu.
3284 2557 3410 2625 {10,

1847 2634 1952 2713 ἐπι.
1982 2660 2032 2723 1,
2071 2670 2125 2713 et
2161 2657 2277 2722 2.9.,
2304 2664 2496 2725 quast.
2533 2653 2620 2719 Π,
2660 2662 2769 2707 art.
2802 2652 2858 2719 t,
2891 2660 2945 2709 et
2984 2634 3080 2722 qu.’
3109 2651 3197 2719 st,
3225 2660 3329 2710 art.
3356 2650 3414 2720 8,

1846 2752 2077 2819 aliisque
2110 2750 2242 2804 locis
2266 2745 2535 2819 plurimis.

1932 2838 2279 2900 Duodecimo,
2312 2836 2479 2889 Deum
2529 2844 2650 2889 esse
2693 2847 2874 2890 rerum
2931 2833 3171 2887 omnium
3207 2832 3413 2901 princi-

1846 2931 1991 3000 pium
2033 2938 2085 2983 et
2128 2928 2311 2981 linem.
2340 2926 2453 2979 Καὶ
2483 2925 2592 2994 γὰρ
2634 2923 2701 2989 ἐξ
2746 2923 2928 2977 αὐτοῦ
2961 2923 3173 2986 πάντα,
3206 2922 3302 2975 καὶ
3333 2923 3418 2988 εις

1846 3023 2047 3075 αὐτόν.
2080 3021 2154 3074 Ex
2200 3034 2304 3088 qua
2345 3018 2578 3073 veritate
2606 3014 2758 3071 divus
2787 3015 3026 3077 Thomas
3060 3015 3262 3083 passim
3296 3016 3417 3083 plu-

1849 3118 2013 3169 rimas
2052 3112 2267 3167 deducit
2313 3110 2710 3175 conclusiones,
2742 3115 2802 3173 ut
2836 3107 3021 3161 videre
3064 3117 3146 3160 est
3192 3116 3343 3173 parte
3375 3118 3413 3171 ι,

252 3226 475 3295 Quinto,
517 3195 733 3280 Patrem
778 3195 899 3276 esse
947 3217 1273 3289 principium
1318 3213 1746 3275 emanationum,
1777 3220 1818 3278 ς,
1853 3204 2150 3276 quaestione
2194 3202 2287 3267 22,
2320 3199 2548 3255 articulo
2582 3198 2649 3264 2;
2680 3206 2872 3267 quast.
2907 3197 2999 3260 41,
3032 3206 3135 3249 art.
3165 3196 3216 3261 1,
3256 3195 3310 3261 2,
3339 3196 3413 3261 3;

180 3328 297 3373 tam
324 3331 510 3371 earum
533 3328 651 3386 qua
680 3313 747 3367 ad
773 3312 912 3365 intra
949 3322 1114 3377 quam
1150 3320 1270 3386 qua
1294 3306 1360 3358 ad
1391 3311 1544 3359 extra
1576 3301 1752 3356 nomi-

178 3414 410 3469 nantur,
441 3414 500 3458 ut
536 3383 817 3459 insinuant
863 3399 952 3455 illa
996 3396 1163 3450 verba
1195 3415 1207 3450 :
1251 3383 1429 3448 Ἀλλὰ
1460 3390 1558 3445 καὶ
1589 3389 1754 3447 πᾶσα

177 3495 621 3566 πατροκινήτου
646 3492 1054 3563 φωτοεραγείας
1084 3486 1354 3557 πρόοδος.
1375 3486 1508 3564 Hinc
1540 3483 1753 3539 D.Tho-

178 3561 315 3647 mas-
341 3606 395 3660 ρ.
424 3603 463 3652 t,
502 3561 564 3657 ‘q.
594 3561 682 3653 33,
738 3561 843 3639 art.
881 3584 935 3647 1,
968 3588 1123 3635 docet
1146 3578 1359 3632 Patrem
1392 3561 1510 3637 csSe
1549 3569 1754 3660 princi-

180 3658 422 3754 pium'in
452 3677 672 3741 divinis,
701 3675 862 3744 eique
889 3686 1083 3727 nomen
1116 3665 1364 3736 principii
1394 3658 1754 3733 personaliter

182 3749 503 3833 convenire,
535 3768 764 3837 ideoque
789 3763 1008 3819 nomina
1042 3755 1364 3829 principium
1390 3749 1752 3822 signiﬁcantia

180 3863 337 3921 Patri
369 3875 491 3916 esse
537 3856 903 3914 attribuenda.
934 3852 1117 3906 Potest
1170 3848 1257 3902 hic
1310 3847 1472 3899 etiam
1526 3840 1752 3911 intelligi

182 3955 365 4027 gratia
390 3950 729 4022 pravenieus
760 3957 819 4001 et
845 3943 1103 3999 auxilium
1150 3939 1245 3994 Dei
1281 3949 1525 3997 movens,
1551 3933 1616 3989 de
1646 3947 1753 4003 qua

186 4047 254 4104 D.
284 4047 521 4103 Thomas
543 4042 659 4108 1-2,
687 4057 781 4107 qu.
814 4038 953 4107 111.]

264 4138 456 4200 Sexto,
486 4138 687 4192 bonum
725 4147 845 4188 esse
876 4131 958 4207 sui
986 4128 1317 4190 dili‘usivum,
1347 4121 1493 4195 quod
1543 4120 1756 4191 signant

190 4232 283 4289 illa
311 4231 501 4296 verba,
550 4231 653 4294 Εις
699 4224 857 4295 ἡμᾶς
886 4221 1169 4293 φοιτῶσα.
1207 4220 1340 4275 Vide
1386 4218 1448 4273 D.
1487 4217 1755 4272 Thomam

189 4340 250 4396 p.
280 4338 319 4390 1,
346 4336 402 4391 q.
434 4322 487 4386 5,
516 4330 617 4376 art.
647 4319 702 4373 4.

265 4413 537 4481 Septimo,
565 4409 732 4464 Deum
756 4407 937 4464 omnia
964 4407 1142 4460 facere
1171 4410 1388 4473 propter
1418 4415 1573 4455 suam
1602 4397 1757 4452 boni-

190 4515 381 4567 tatem,
425 4504 568 4574 quod
611 4502 789 4556 innuit
838 4499 1158 4554 vocabulum
1206 4494 1592 4564 ἀγαθοδότως.
1629 4488 1756 4546 Vide

192 4600 262 4657 ἱ).
296 4597 558 4652 Thomam
591 4612 645 4665 p.
678 4610 717 4661 1,
744 4610 798 4663 q.
830 4592 919 4655 65,
946 4601 1048 4645 art.
1079 4589 1133 4643 2.

267 4694 493 4752 Octavo,
522 4687 707 4743 lumen
740 4685 926 4754 gratia
952 4683 1189 4754 gratuito
1217 4680 1311 4734 Dei
1343 4692 1565 4732 munere
1598 4672 1756 4727 nobis

195 4784 477 4855 inspirari,
503 4793 559 4837 et
587 4783 986 4847 consequenter
1017 4790 1122 4827 non
1162 4773 1272 4827 dari
1307 4770 1461 4824 nobis
1489 4783 1556 4825 ex
1591 4764 1757 4819 meri-

196 4877 269 4933 tis
318 4875 551 4937 nostris,
601 4871 744 4941 quod
796 4869 935 4922 idem
982 4863 1298 4919 vocabulum
1347 4856 1757 4930 signiﬁcandum

198 5240 565 5305 conditionem
598 5245 804 5291 natura
834 5243 1047 5299 creata,
1080 5240 1135 5286 et
1159 5242 1280 5282 esse
1315 5225 1520 5282 ordinis
1563 5235 1756 5290 super-

198 5332 466 5391 naturalis
499 5354 512 5387 :
543 5330 659 5393 1-2,
687 5344 740 5397 q.
772 5328 894 5394 114,
926 5334 1029 5380 art.
1059 5324 1192 5390 1,in
1228 5334 1475 5389 corpore,
1509 5326 1562 5370 et
1591 5322 1696 5368 art.
1723 5313 1756 5365 2

197 5428 306 5484 et5
330 5426 465 5481 ibid.
501 5424 909 5489 Consequenter
940 5417 1210 5472 hominem
1238 5414 1356 5469 sine
1394 5408 1627 5481 gratuito
1660 5405 1755 5459 Dei

202 5519 405 5573 auxilio
451 5531 561 5571 non
592 5528 751 5583 posse
795 5527 853 5567 se
904 5510 968 5566 ad
1014 5507 1241 5577 gratiam
1277 5506 1601 5575 disponere:
1633 5514 1689 5571 p.
1718 5513 1758 5565 ι,

200 5623 255 5677 q.
287 5607 377 5671 62,
405 5616 511 5661 art.
542 5603 597 5670 2,
622 5616 675 5658 et
704 5601 819 5669 1-2,
844 5618 896 5673 q.
930 5600 1055 5668 109,
1084 5606 1188 5654 art.
1212 5594 1265 5651 6.

270 5765 316 5797 "
340 5763 499 5818 Joan.
542 5773 621 5818 vr.
655 5756 743 5812 ιι.

1854 3306 2045 3367 quast.
2080 3295 2171 3360 65,
2204 3304 2308 3349 art.
2333 3293 2403 3360 2;
2437 3300 2628 3361 quast.
2662 3289 2786 3355 103,
2828 3298 2931 3342 art.
2959 3287 3025 3354 2;
3071 3296 3259 3356 quast.
3286 3285 3415 3355 105,

1854 3399 1959 3443 art.
1981 3388 2049 3453 5;
2079 3387 2204 3440 item
2236 3392 2378 3454 part.
2412 3381 2531 3445 1-2,
2560 3389 2753 3451 quast.
2780 3380 2871 3445 69,
2902 3388 3006 3431 art.
3035 3378 3090 3441 2,
3129 3387 3239 3434 etc.

1926 3481 2051 3534 llac
2080 3480 2147 3533 ad
2177 3477 2386 3532 leonem
2438 3489 2504 3528 ex
2548 3480 2747 3544 ungue,
2780 3479 2839 3526 ut
2879 3470 2933 3524 in
2977 3466 3263 3541 proverbio
3311 3478 3419 3538 est,

1856 3566 2288 3639 cognoscendum
2320 3564 2454 3618 satis
2476 3560 2607 3617 sint.

2342 3648 2773 3710 OBSERVATIO
2811 3647 2923 3701 XII.

1923 3748 2139 3803 Iuvabit
2176 3745 2336 3801 etiam
2367 3756 2469 3797 non
2496 3757 2684 3810 parum
2710 3742 2777 3794 ad
2807 3739 3103 3808 pleniorem
3129 3739 3185 3792 S.
3217 3737 3420 3808 Diony-

1861 3841 1925 3895 sii
1981 3836 2419 3906 intelligentiam,
2464 3833 2606 3887 scire
2644 3831 2769 3885 loca.
2810 3846 2927 3899 qua
2978 3831 3039 3884 D.
3070 3829 3306 3887 Thomas
3350 3845 3417 3884 ex

1858 3933 1971 3998 ipso
2015 3928 2171 3992 citat,
2210 3934 2267 3979 ut
2308 3925 2447 3980 sicut
2477 3922 2677 3976 Doctor
2703 3920 2991 3988 Angelicus
3036 3933 3106 3974 ex
3159 3919 3249 3973 illo
3297 3918 3412 3972 sole

1856 4033 2109 4090 tiiagnum
2140 4015 2415 4086 sapientia
2461 4014 2639 4066 lumen
2693 4010 2924 4079 accepit,
2955 4009 3028 4062 ita
3060 4009 3301 4062 vicissim
3337 4008 3422 4060 ιιι-ι

1856 4114 2016 4170 minis
2046 4110 2285 4179 ejusdem
2314 4106 2495 4161 radios
2526 4107 2593 4158 ad
2620 4113 2841 4173 captum
2880 4108 3122 4155 nostrum
3162 4108 3288 4169 apte
3309 4097 3420 4155 disp

1856 4208 2104 4269 tributos,
2131 4200 2472 4257 hierarchico
2503 4198 2609 4251 ritu
2632 4198 2693 4250 in
2723 4210 2821 4249 nos
2852 4191 3224 4247 transfundat.

2286 4307 2352 4345 DE
2382 4303 2626 4347 εαειεετι
2656 4300 2971 4340 Πιεκιιιειῐιι
2984 4320 2999 4336 .

1925 4391 2103 4459 Caput
2127 4386 2379 4457 primum,
2407 4382 2548 4453 quod
2583 4381 2650 4433 de
2679 4379 2957 4447 Scriptum
2992 4380 3108 4429 slve
3137 4387 3293 4431 sacra
3319 4376 3416 4426 do-

1858 4487 2033 4542 ctrina
2058 4493 2162 4547 est,
2194 4496 2376 4550 quam,
2400 4487 2461 4531 ut
2478 4474 2723 4545 ejusdem
2757 4470 3083 4549 argumenti,
3117 4470 3182 4523 ad
3211 4467 3414 4536 Diony-

1788 4547 1829 4599 Β
1859 4580 1922 4632 sii
1974 4547 2272 4641 exemplum
2317 4570 2491 4641 primo
2538 4566 2655 4619 loco
2704 4563 2907 4633 posuit,
2941 4561 3141 4615 citetur
3186 4566 3338 4625 parte
3374 4572 3419 4622 I,

1861 4667 2152 4735 quastione
2193 4662 2244 4727 1,
2279 4658 2512 4745 articulo
2543 4657 2597 4721 9,
2625 4656 2683 4709 in
2714 4666 2963 4723 corpore,
2987 4660 3041 4706 et
3072 4651 3138 4703 ad
3170 4649 3206 4702 2
3249 4658 3305 4702 et
3341 4649 3373 4701 5
3400 4664 3415 4711 ;

1858 4759 1985 4813 item
2016 4763 2207 4825 quast.
2237 4751 2291 4817 9,
2316 4760 2423 4804 art.
2452 4740 2479 4803 1
2508 4748 2574 4802 ad
2609 4747 2675 4813 5;
2710 4748 2837 4800 item
2880 4753 3073 4813 quast.
3101 4740 3191 4804 88,
3228 4748 3331 4791 art.
3362 4736 3416 4798 2,

1858 4861 1911 4904 et
1950 4856 2137 4915 quast.
2167 4840 2289 4909 108,
2312 4851 2419 4894 nrt.
2452 4840 2477 4891 1
2505 4846 2560 4892 et
2582 4837 2635 4891 ι.
2660 4835 2716 4889 in
2758 4834 2937 4889 Prima
2968 4846 3100 4884 vero
3120 4829 3416 4893 Secundae,

1860 4946 2050 5009 quast.
2079 4936 2165 4999 99,
2197 4944 2301 4988 art.
2331 4932 2386 4985 5.
2416 4924 2473 4984 in
2506 4939 2659 4999 parte
2684 4942 2766 4993 ut,
2792 4937 2986 4994 quast.
3011 4921 3099 4986 60,
3130 4930 3232 4975 art.
3257 4920 3327 4984 ιδ
3365 4922 3417 4973 in

1928 5258 2100 5372 eaput
2120 5300 2411 5358 secundum
2441 5296 2639 5351 citetur
2666 5290 2718 5344 in
2743 5296 2896 5358 parte
2921 5300 2965 5350 ι,
3001 5284 3293 5355 quastione
3324 5281 3415 5345 15,

1863 5397 2091 5454 articulo
2131 5396 2187 5463 5,
2228 5402 2283 5449 et
2329 5399 2429 5445 art.
2465 5386 2560 5453 12;
2616 5388 2802 5453 quast.
2842 5380 2933 5444 51,
2993 5388 3097 5431 art.
3123 5376 3175 5432 5.
3208 5374 3264 5429 ln
3292 5373 3415 5437 2-2,

1866 5498 2053 5562 quast.
2084 5487 2204 5552 112,
2244 5493 2349 5539 art.
2390 5483 2444 5536 2.
2479 5480 2533 5533 In
2564 5487 2701 5549 part.
2737 5492 2753 5530 ι
2802 5471 3163 5535 Sententiar.,
3204 5466 3413 5532 disab,

1867 5555 2060 5655 quast.
2091 5578 2146 5649 2,
2197 5575 2552 5643 art.1;dist.
2584 5571 2675 5639 ea,
2721 5576 2910 5639 quast.
2954 5563 3191 5633 1,art.t
3235 5565 3292 5616 et
3336 5555 3413 5624 s;
