4196 6306
712 306 781 363 95
1834 303 1891 361 S.
1935 303 2300 361 DIONYSIUS
2343 304 2805 366 AREOPAGITA.
3852 302 3921 361 96

775 422 948 492 Caput
998 420 1372 477 duodecimum
1422 423 1621 478 citatur
1650 421 1703 475 in
1735 432 1886 489 parte
1926 438 1967 485 ι,
2018 424 2264 490 qumstio~
2290 427 2337 483 Α
2435 420 2674 490 Epistula
2723 421 2791 473 ad
2836 417 3022 474 Caium
3054 418 3255 475 eitatur
3286 419 3337 475 in
3367 429 3521 490 parte
3555 434 3639 487 ιιι,
3670 422 3921 490 quaestio-

710 516 877 578 ιιε15,
893 513 1124 569 articulo
1147 513 1203 577 8;
1238 514 1555 582 qumstJOS,
1576 512 1811 567 art.5.lu
1832 512 1945 576 2-2,
1973 512 2262 580 quaest.29,

710 616 813 663 art.
852 607 904 660 2.
934 604 992 659 ln
1019 613 1155 674 part.
1184 620 1267 668 ιιι,
1294 612 1483 673 quaest.
1510 602 1604 668 27,
1648 611 1750 657 art.
1775 602 1828 655 2.
1862 602 1918 655 In
1950 602 2267 669 Quazstioui-

710 699 809 752 bus
837 696 1142 767 disputatis,
1170 697 1236 750 de
1273 697 1511 765 potentia
1541 694 1871 765 Dei,-quaest.
1894 695 1948 759 9,
1974 704 2077 749 art.
2106 696 2159 750 7.

780 788 955 856 Caput
985 788 1250 842 decimum
1282 787 1498 839 tertium
1529 786 1727 840 citatur
1771 786 1821 838 in
1871 795 2024 854 parte
2056 800 2073 838 ι
2129 800 2269 853 quae-

710 880 886 934 sti0ne
925 878 1008 944 11,
1061 876 1289 930 articulo
1340 877 1389 929 1.
1446 876 1502 929 ln
1552 886 1693 945 part.
1747 891 1764 929 ι
1821 873 1997 937 Sent.,
2049 873 2178 929 dist.
2210 874 2269 939 2,

710 978 902 1037 quazst.
933 970 985 1034 1,
1018 978 1121 1023 art.
1149 970 1173 1021 1
1206 978 1259 1022 et
1281 968 1333 1022 ’5.
1359 968 1411 1020 lu
1443 967 1839 1033 Quaestionibus
1862 966 2175 1035 diaputatis,
2203 966 2269 1021 de

708 1046 943 1125 petentia
978 1059 1091 1124 Dei,
1123 1068 1312 1127 qutest.
1342 1058 1393 1121 7,
1427 1066 1531 1123 art.
1565 1057 1629 1122 5;
1662 1064 1859 1126 quaest.
1894 1056 1950 1121 9,
1984 1065 2087 1111 art.
2124 1056 2177 1110 7.

1186 1210 1423 1249 IYSTICB
1459 1208 1796 1251 TBEOLOGIE.

773 1331 943 1399 Caput
976 1334 1209 1401 primum
1236 1332 1439 1388 citatur
1482 1333 1537 1386 in
1581 1340 1733 1401 parte
1762 1348 1804 1396 ι,
1852 1333 2149 1401 (ιυιεςιίοιιε
2185 1332 2269 1397 l2,

710 1424 938 1478 articulo
964 1414 1061 1490 13;
1095 1436 1281 1493 quaest.
1304 1427 1387 1491 15,
1417 1438 1518 1479 art.
1545 1426 1595 1478 6.
1627 1425 1683 1479 In
1710 1434 1850 1494 part.
1870 1441 1951 1490 ιιι,
1974 1436 2163 1495 quaest.
2182 1426 2270 1488 92,

709 1525 812 1568 art.
848 1515 901 1568 2.
934 1515 989 1569 In
1022 1525 1158 1585 part.
1190 1532 1227 1569 ιι
1274 1516 1451 1580 Sent.,
1486 1518 1610 1569 dist.
1646 1514 1701 1580 9,
1750 1525 1940 1585 quaast.
1969 1518 2021 1579 1,
2075 1525 2179 1569 art.
2215 1516 2268 1568 2.

709 1602 765 1656 In
785 1603 1178 1671 Quaestionibus
1200 1606 1507 1674 disputatis,
1546 1607 1610 1659 de
1632 1606 1868 1673 potentia
1884 1604 1997 1671 Dei,
2018 1606 2271 1674 quaestfl,

712 1706 817 1749 art.
850 1696 914 1762 5;
945 1705 1133 1766 qumst.
1166 1697 1219 1765 9,
1266 1707 1370 1751 art.
1403 1699 1469 1763 7;
1520 1697 1585 1752 de
1620 1699 1941 1765 virtutibus,
1997 1708 2187 1769 quaest.
2218 1700 2269 1763 1,

711 1795 816 1839 art.
844 1786 897 1840 8.

2366 527 2433 567 ne
2465 512 2551 577 92,
2580 511 2807 565 articulo
2831 512 2881 565 1.

2435 602 2674 671 Epistola
2707 605 2772 655 ad
2800 603 3139 658 Dorothazum
3164 603 3364 659 citatur
3398 603 3449 657 in
3477 612 3627 673 parte
3653 618 3735 670 ut,
3766 618 3912 674 quil-

2367 696 2543 750 stione
2570 696 2660 763 92,
2694 696 2925 749 articulo
2960 697 3011 749 1.

2437 787 2671 856 Epistula
2707 791 2774 843 ad
2808 788 3163 859 Polycarpum
3197 788 3467 845 citaturin
3496 798 3649 859 parte
3682 805 3717 843 ιι
3745 788 3921 855 Sent.,

2369 879 2492 935 dist.
2527 880 2613 947 15,
2649 890 2836 949 qua-st.
2872 881 2922 947 1,
2949 889 3052 935 art.
3082 881 3131 935 4.
3568 952 3569 955 η

2440 970 2672 1041 Epistola
2708 973 2772 1025 ad
2798 971 3166 1039 DemOpliilum
3194 973 3395 1037 citatur
3421 974 3472 1025 in
3499 981 3651 1042 parte
3678 988 3730 1027 tv
3749 971 3925 1040 Sent.,

2371 1062 2496 1117 dist.
2531 1064 2617 1125 l9,
2650 1072 2839 1131 quaest.
2870 1065 2924 1126 2,
2958 1073 3060 1118 art.
3091 1066 3146 1119 2.

2442 1153 2520 1206 Ex
2553 1154 2636 1206 bis
2665 1154 2890 1221 aliisque
2923 1155 3056 1208 locis
3105 1169 3225 1222 quae
3267 1168 3353 1208 me
3404 1153 3733 1224 eﬂ'ugerunt,
3766 1154 3924 1210 facile

2374 1252 2519 1313 patet
2568 1244 2887 1313 Angelicum
2916 1244 3198 1298 Doctorem
3245 1255 3409 1299 tutam
3467 1244 3579 1300 fere
3626 1246 3927 1301 doctrinam

2376 1335 2729 1405 theologicam
2774 1350 2839 1389 ex
2874 1336 3178 1403 purissimis
3214 1337 3454 1408 Dionysii
3503 1338 3746 1393 fontibus
3796 1341 3929 1393 hau-

2373 1427 2529 1492 sisse,
2560 1442 2681 1479 cum
2715 1426 2802 1479 vix
2837 1426 2940 1479 ulla
2965 1426 3033 1481 sit
3064 1428 3319 1496 periodus
3346 1442 3375 1481 e
3402 1444 3504 1497 qua
3532 1444 3635 1494 non
3661 1430 3776 1498 ipse
3808 1440 3930 1483 tan-

2373 1532 2533 1585 quatn
2582 1517 2699 1585 apis
2747 1528 3123 1586 argumentosa
3168 1519 3524 1589 tlieologicum
3571 1535 3789 1573 succum
3835 1534 3929 1573 ex-

2374 1607 2619 1669 traxerit,
2674 1615 2727 1659 et
2766 1608 2815 1659 in
2852 1607 3147 1672 Summam,
3185 1608 3348 1661 veluti
3383 1611 3653 1679 quoddam
3690 1610 3927 1674 alveare,

2375 1699 2615 1768 pluribus
2661 1701 3044 1767 quaestionibus
3090 1701 3441 1768 articulisque
3474 1740 3490 1766 ,
3543 1717 3639 1757 ceu
3688 1701 3927 1766 cellulis,

2301 1790 2344 1845 B
2377 1790 2676 1860 theologica
2707 1791 2865 1846 melle
2891 1792 3187 1857 servando,
3222 1791 3561 1859 distinctum,
3596 1794 3889 1862 redegerit.

718 1979 3893 2014 mw

1132 2144 1731 2264 ISAGOGE
1810 2146 2784 2265 BALTHASARIS
2868 2152 3541 2270 CORDERII

1928 2383 2242 2428 SOClETATIS
2278 2387 2400 2428 JESU
2432 2388 2700 2429 THEOLOGI

1183 2526 1291 2585 AD
1334 2524 1761 2588 MYSTICAM
1807 2526 2343 2589 THEOLOGIAM
2386 2527 2448 2588 S.
2481 2526 2842 2589 DIONYSII
2890 2530 3457 2593 AREOPAGITE.

786 2852 901 2918 Quo
932 2847 1142 2907 facilior
1172 2847 1463 2917 puriorque
1492 2845 1645 2901 nobis
1672 2845 1740 2898 ad
1778 2856 2121 2901 sacrosancta
2157 2848 2268 2919 My-
2296 2845 2341 2907 C
2374 2844 2713 2899 Timotheum
2762 2844 3061 2911 scripturus
3092 2862 3105 2895 :
3146 2842 3307 2910 Vide,
3343 2846 3542 2915 inquit,
3594 2865 3657 2902 ne
3682 2850 3930 2919 explodas

712 2944 862 2997 sticxe
893 2941 1173 3009 theologiae
1218 2942 1379 3009 adyta
1418 2940 1486 2993 sit
1516 2954 1790 3003 accessus,
1840 2956 2014 3009 operm
2046 2943 2273 3009 pretium
2299 2937 2311 2948 ’

718 3035 893 3095 fin-rit,
919 3048 981 3086 ex
1019 3030 1138 3085 aliis
1173 3029 1408 3097 ejusdem
1447 3032 1615 3088 sancti
1655 3030 1829 3090 Patris
1861 3030 2127 3105 Operibus
2154 3032 2276 3092 bre-

716 3127 799 3181 via
852 3125 1092 3195 quadam
1143 3122 1433 3197 προτέλεια
1481 3144 1571 3181 seu
1623 3128 1876 3198 prailudia
1928 3131 2275 3196 prtemittere,

713 3222 909 3288 quibus
959 3236 1109 3275 mens
1161 3230 1346 3274 nostra
1387 3221 1833 3289 praaexercitata,
1884 3222 1988 3274 ritu
2042 3223 2274 3291 quodam

717 3314 942 3381 mystico
976 3324 1325 3381 praeparetur,
1378 3320 1465 3375 ut,
1511 3323 1765 3381 quantum
1812 3316 1895 3367 fas
1932 3322 2051 3379 est,
2095 3326 2278 3369 sancte

716 3405 878 3455 rebus
906 3404 1263 3457 sanctissimis
1294 3401 1676 3471 conjungatur.

788 3494 864 3549 Ne
896 3508 1071 3547 autem
1095 3509 1123 3546 a
1149 3494 1332 3561 janua,
1359 3506 1415 3546 ut
1445 3496 1495 3546 in
1528 3496 1809 3563 proverbio
1838 3506 1939 3560 est,
1968 3505 2021 3551 et
2057 3514 2085 3552 a
2112 3514 2276 3566 scopo

719 3588 1066 3649 aberremus,
1116 3587 1549 3655 cognoscendum
1597 3596 1723 3642 ante
1772 3590 1956 3641 omnia
2002 3590 2128 3656 quid
2184 3604 2279 3657 per

718 3678 1000 3748 mysticam
1047 3676 1374 3743 theologiam
1419 3676 1768 3745 intelligatur,
1810 3688 1865 3732 et
1908 3694 2027 3747 qua:
2066 3680 2135 3733 sit
2164 3679 2279 3747 ejus

721 3769 982 3830 deﬁnitio,
1022 3770 1273 3835 quodque
1321 3770 1646 3836 principium
1698 3785 1792 3823 seu
1839 3771 2012 3840 origo,
2047 3773 2169 3839 quis
2213 3772 2276 3823 li-

720 3859 824 3921 nis,
872 3874 987 3926 quaa
1016 3860 1081 3910 ad
1113 3859 1252 3911 illam
1288 3862 1767 3927 prmrequirantur,
1812 3870 1865 3915 et
1905 3864 2174 3931 quomodo
2211 3862 2277 3915 ad

722 3950 889 4017 ipsam
924 3950 1285 4002 accedendum
1334 3949 1433 4015 sit,
1458 3959 1510 4003 et
1543 3966 1646 4019 qua
1680 3952 1892 4005 tandem
1926 3953 2133 4007 ratione
2174 3953 2279 4005 mi-

723 4043 910 4095 rabilis
956 4042 1042 4095 illa
1075 4044 1318 4112 mystica:
1349 4044 1628 4115 theologia:
1656 4046 1781 4099 unio
1822 4046 1873 4100 in
1906 4048 2084 4101 anima
2115 4048 2280 4117 perﬁ-

722 4135 1084 4202 ciaturzqucn
1132 4135 1310 4187 omnia
1351 4136 1583 4191 breviter
1631 4145 1834 4207 septem
1874 4138 2142 4207 capitibus
2187 4152 2276 4191 se-

724 4226 1011 4293 quentibus
1038 4226 1449 4294 explicabimus.

1231 4367 1455 4423 CAPUT
1496 4366 1780 4423 PRIMUM.

870 4458 1008 4524 Quid
1037 4478 1127 4528 per
1157 4464 1427 4530 mysticam
1458 4461 1767 4529 theologiam
1796 4462 2141 4531 intelligatur.

801 4552 1021 4622 Mystica
1048 4569 1141 4607 seu
1172 4554 1489 4623 mysteriosa
1520 4553 1805 4623 theologia,
1832 4554 1878 4605 si
1910 4555 2015 4606 vim
2051 4554 2285 4608 nominis

729 4644 998 4707 attendas,
1030 4644 1279 4713 designat
1308 4646 1593 4711 quamdam
1630 4662 1838 4700 sacram
1866 4656 1915 4698 et
1941 4662 2193 4700 arcanam
2220 4651 2287 4702 de

732 4738 841 4791 Deo
891 4738 1190 4805 divinisque
1241 4740 1399 4791 rebus
1457 4740 1717 4792 notitiam.
1770 4741 2088 4810 Μυστήριον
2143 4740 2286 4794 enim

728 4831 932 4885 Graecis
968 4832 1105 4885 idem
1145 4843 1226 4886 est
1258 4832 1396 4901 quod
1432 4832 1642 4885 Latinis
1686 4848 1960 4897 arcanum,
2002 4833 2284 4897 occultum,

729 4923 986 4984 abditum,
1018 4933 1297 4985 secretum,
1337 4931 1390 4975 et
1420 4922 1636 4990 quidem
1668 4931 2098 4987 sacrosanctum,
2144 4924 2286 4991 quod

732 5013 949 5067 nonnisi
1011 5013 1319 5068 hominibus
1365 5016 1536 5069 sacris
1586 5018 2130 5083 comnmnicandum,-
2162 5032 2291 5085 pro-

737 5108 875 5159 lanis
922 5121 1048 5159 vero
1087 5107 1463 5159 occultandum
1498 5107 1565 5159 sit
1599 5127 1621 5174 ει
1647 5123 1781 5174 quos
1829 5108 2035 5161 idcirco
2074 5110 2130 5161 S.
2167 5108 2291 5162 Dio-

740 5200 923 5268 nysius
962 5200 1238 5270 ἀμυήτους
1266 5208 1416 5251 vocat
1437 5198 1505 5263 ⁸⁸,
1537 5201 1587 5251 id
1618 5210 1698 5253 est
1726 5210 1971 5254 exsortes
2001 5202 2290 5270 mysterio-

742 5305 878 5351 rum,
918 5288 1113 5356 quibus
1164 5288 1458 5342 secundum
1498 5289 1666 5357 legem
1716 5289 2111 5344 hierarchicam
2149 5298 2296 5344 vetat

742 5385 997 5453 mysteria
1032 5384 1130 5452 (sic
1153 5386 1292 5437 enim
1326 5384 1556 5452 appellat
1599 5382 1960 5453 sacramenta)
1996 5383 2289 5451 propalari.

744 5482 960 5536 Sciebat
989 5480 1348 5548 quippequod
1368 5488 1750 5531 sacramentum
1797 5478 1931 5544 regis
1978 5478 2293 5529 abscondere

746 5578 930 5630 bonum
960 5588 1032 5629 est
1056 5575 1123 5627 δι.
1150 5573 1284 5627 Hinc
1316 5574 1379 5627 de
1413 5572 1679 5641 mysteriis
1706 5585 1798 5626 seu
1833 5569 2192 5625 sacramentis
2226 5568 2291 5621 ad

821 5733 1017 5793 "Cap.
1068 5735 1089 5788 1
1130 5733 1325 5787 Eccles.
1367 5732 1690 5787 Itierarc/tiw.
1770 5731 1810 5760 “
1852 5730 1984 5784 Tub.
2034 5746 2131 5796 xu,
2180 5728 2230 5778 7.

2377 2936 2569 2991 Sancta
2606 2946 2937 2998 sanctorum;
2966 2940 3088 3002 quin
3122 2940 3293 3005 potius
3322 2958 3518 2994 arcana
3552 2942 3643 2995 Dei
3675 2948 3947 2999 reverebe-

2379 3028 2481 3097 ris,
2530 3045 2591 3085 ac
2641 3026 2971 3101 spiritalibus
3022 3030 3582 3106 inaspectabilibusque
3645 3036 3943 3094 nationibus

2379 3122 2695 3188 celebrabis;
2729 3123 2993 3176 inaccessa
3030 3127 3236 3194 quidem
3269 3126 3506 3194 profanis
3538 3129 3628 3183 illa
3656 3142 3701 3183 et
3741 3131 3942 3185 intacta

2379 3214 2709 3278 reservanda,
2748 3214 2875 3267 solis
2906 3229 3021 3268 vero
3058 3214 3278 3277 sanctis,
3326 3230 3442 3268 cum
3486 3233 3637 3270 sacra
3682 3220 3943 3287 quadam,

2378 3315 2529 3374 prout
2576 3305 2658 3375 fas
2700 3313 2807 3371 est,
2857 3305 3096 3359 claritate
3131 3322 3213 3360 res
3255 3322 3437 3360 sacras
3481 3310 3937 3367 communicando.

2380 3398 2468 3450 lde
2486 3412 2645 3465 mque
2683 3400 2783 3452 sub
2814 3396 2975 3451 ﬁnem
3016 3397 3252 3465 ejusdem
3298 3399 3488 3469 capitis
3535 3400 3730 3454 iterum
3770 3403 3945 3456 incul-

2380 3499 2489 3554 cat,
2515 3500 2570 3545 ut
2593 3490 2746 3559 juxta
2772 3492 2935 3544 ritum
2962 3491 3362 3553 hierarcliicum
3390 3493 3729 3563 proﬁteatur,
3756 3505 3943 3550 sancta

2375 3584 2595 3652 quidem
2645 3592 2833 3637 sancte
2876 3591 3244 3650 contrectare,
3274 3585 3385 3639 sola
3418 3594 3597 3639 autem
3644 3588 3834 3642 deitica
3867 3589 3946 3642 di-

2378 3676 2541 3739 vinis,
2578 3673 2913 3741 perlicientia
2956 3673 3299 3741 perfectionis
3342 3677 3653 3743 capacibus,
3701 3680 3942 3733 sanctis-

2380 3781 2484 3835 que
2510 3767 2850 3820 sanctissima
2887 3767 3304 3822 communicare.
3331 3768 3420 3823 Sic
3451 3769 3698 3825 Christus
3729 3787 3942 3841 quoque

2380 3858 2447 3911 ad
2498 3858 2682 3911 turbas
2717 3844 2767 3911 in
2803 3858 3070 3926 parabolis
3113 3857 3524 3926 loquebatur“,
3560 3869 3615 3913 et
3649 3861 3776 3914 solis
3814 3876 3946 3930 apo-

2382 3948 2535 4002 stolis
2573 3948 2736 4002 dabat
2765 3964 2922 4004 nosse
2952 3950 3208 4019 mysteria
3242 3951 3388 4019 regni
3419 3950 3533 4005 Dei.
3580 3950 3764 4020 Neque
3800 3955 3944 4006 enim

2383 4041 2464 4096 fas
2512 4052 2596 4097 est
2625 4050 2708 4112 (ut
2750 4043 2944 4097 ibidem
2977 4043 3204 4097 Oracula
3242 4043 3537 4113 testantur)
3576 4044 3752 4111 porcis
3786 4044 3949 4114 proji-

2382 4147 2503 4187 cere
2538 4134 2857 4201 spiritalium
2908 4135 3316 4201 margaritarum
3365 4151 3557 4204 purum
3590 4136 3739 4190 illum
3776 4140 3838 4193 a‘c
3869 4138 3947 4189 lu-

2312 4264 2356 4318 Β
2386 4227 2567 4279 cidum
2615 4225 3097 4294 pulchriﬁcumque
3130 4226 3471 4280 adornatum.

2462 4314 2647 4383 itaque
2686 4315 2777 4383 qui
2820 4314 3099 4385 mysticam
3138 4314 3459 4383 theologiam
3490 4316 3827 4380 nominat“.
3860 4333 3948 4372 ar—

2387 4421 2575 4460 canam
2625 4406 2911 4475 quamdam
2940 4408 3162 4461 omnino
3211 4423 3421 4463 sacram
3453 4410 3702 4479 designat
3730 4413 3948 4479 sapien-

2389 4502 2538 4565 tiam,
2570 4499 2659 4553 Dei
2696 4498 3009 4568 principalis
3038 4498 3457 4568 pulchritudinis
3501 4501 3789 4570 imaginem
3822 4516 3948 4570 pro-

2385 4594 2525 4663 prio,
2554 4603 2812 4662 quantum
2856 4592 2937 4649 fas
2970 4602 3089 4659 est,
3137 4594 3404 4662 principio
3456 4592 3833 4649 conformem:
3867 4597 3944 4649 si-

2388 4686 2603 4755 quidem
2648 4684 2931 4751 cujuslibet
2974 4700 3159 4738 eorum
3204 4685 3299 4753 qui
3337 4684 3579 4753 mysticis
3626 4685 3947 4741 illustratio-

2388 4781 2547 4831 nibus
2589 4778 2924 4841 imbuuntur,
2970 4776 3022 4829 in
3054 4776 3154 4829 hoc
3188 4777 3293 4829 sita
3346 4776 3602 4843 perfectio
3633 4788 3745 4841 est,
3790 4788 3847 4833 ut
3881 4780 3948 4833 ad

2390 4868 2620 4921 divinam
2667 4884 2761 4936 pro
2793 4878 2948 4936 captu
2984 4869 3212 4936 quisque
3236 4883 3333 4922 suo
3358 4880 3740 4936 promoveatur
3766 4872 3947 4926 imita-

2394 4961 2622 5023 tionem,
2652 4959 2854 5029 Deique
2884 4961 2936 5013 in
2968 4960 3261 5029 semetipso
3288 4961 3521 5027 excipiat
3551 4962 3945 5029 Operationem,

2394 5052 2446 5102 in
2505 5049 2701 5103 mentis
2748 5049 2931 5103 abdito
2980 5048 3318 5104 divinissime
3371 5050 3733 5117 relucentem,
3783 5068 3946 5122 quam

2394 5144 2586 5199 exinde
2615 5146 2721 5196 ritu
2753 5142 3099 5196 hierarchico
3126 5142 3177 5195 in
3212 5143 3347 5198 alios
3372 5144 3734 5199 transfundat.

3007 5281 3231 5337 CAPUT
3270 5282 3331 5337 ll.

2642 5376 2772 5441 Qua:
2797 5377 2862 5429 sit
2897 5377 3130 5445 deﬁnitio
3155 5379 3386 5446 mystica:
3408 5378 3699 5447 theologia.

2466 5469 2690 5524 Omissis
2718 5472 2898 5535 variis,
2939 5486 3073 5539 quas
3104 5473 3255 5525 varie
3302 5473 3542 5525 diversas
3585 5472 3826 5537 tradunt,
3860 5472 3949 5525 de-

2397 5563 2761 5630 finitionibus,
2802 5565 2884 5618 vel
2934 5565 3111 5635 pOtius
3159 5563 3773 5632 circumscriptionibus,
3826 5564 3947 5618 bre-

2308 5728 2349 5758 ⁸²
2380 5726 2509 5782 Luc.
2557 5742 2671 5787 vin,
2719 5726 2800 5781 l0.
2875 5724 2920 5756 ⁸³
2952 5725 3074 5779 thl.
3110 5722 3375 5778 ttierarch.
3409 5739 3528 5791 cap.
3558 5720 3609 5776 '5.
