4196 6306
215 374 291 432 ογ
1566 375 2093 438 PROLEGOMENA.
3369 395 3438 452 98

215 489 361 544 viter
402 497 457 543 et
505 488 652 544 clare
698 490 915 563 videtur
963 490 1067 543 hoc
1116 489 1274 542 modo
1324 489 1536 544 deliniri
1585 506 1781 561 posse:
1812 496 1858 553 Α
1884 493 2020 547 stlce
2051 493 2333 561 perlicitet
2375 494 2648 561 informat,
2678 497 2750 550 ita
2798 510 2858 553 ut
2887 500 3061 555 tribus
3102 502 3222 557 istis
3254 504 3443 559 excel-

217 571 510 643 Theologia
568 578 791 646 mystica
844 586 928 632 est
979 577 1245 646 sapientia
1299 581 1779 647 experimentalis,

217 664 315 721 Dei
370 666 648 735 all‘ectiva,
695 670 953 727 divinitus
1005 672 1211 739 inlusa,
1254 689 1378 744 qua
1434 684 1667 728 mentem
1714 677 1783 731 ab

218 751 367 805 omni
413 753 807 813 inordinatione
850 772 1069 826 puram,
1114 776 1210 830 per
1257 772 1411 817 actus
1455 774 1771 833 supernatu-

223 842 364 897 rales
407 846 548 911 ﬁdei,
592 851 703 917 spei
730 860 785 905 et
810 854 1117 919 charitatis,
1151 870 1275 909 cum
1309 853 1418 912 Deo
1446 857 1631 911 intime
1654 871 1786 911 con-

220 936 416 1006 jungit.

296 1027 420 1085 Haec
442 1030 684 1087 deﬁnitio
704 1044 915 1090 constat
943 1035 1195 1093 omnibus
1222 1038 1467 1107 partibus
1492 1051 1583 1093 seu
1615 1051 1781 1091 mem-

221 1122 336 1179 bris
362 1122 427 1179 ad
461 1126 731 1194 propriam
776 1127 1006 1195 alicujus
1037 1131 1113 1183 rei
1157 1129 1532 1185 deﬁnitionem
1581 1143 1779 1183 secun-

220 1212 348 1267 dum
395 1215 743 1285 philosophiae
770 1218 914 1288 leges
954 1220 1251 1288 requisitis.
1288 1220 1468 1275 Genus
1500 1219 1640 1274 enim
1686 1219 1782 1274 de-

220 1302 357 1358 ﬁniti
409 1307 495 1360 hic
542 1318 626 1362 est
672 1310 927 1378 sapientia
962 1311 1405 1380 experimentalis,
1452 1327 1549 1366 seu
1593 1312 1782 1380 sapitis

218 1395 466 1451 scientia.
492 1396 609 1458 Non
632 1401 774 1455 enim
803 1402 916 1458 haec
940 1403 1210 1471 theologia
1237 1412 1319 1458 est
1345 1406 1588 1473 quaedam
1611 1406 1783 1460 otiosa

216 1487 488 1543 sterilisve
530 1492 850 1559 speculatio,
889 1493 984 1548 sed
1029 1494 1368 1561 sapidissime
1401 1496 1493 1549 Dei
1534 1506 1785 1551 contem-

217 1574 404 1646 platio,
435 1594 552 1647 quae
585 1583 908 1637 suavissimo
957 1584 1134 1653 (cuius
1178 1587 1395 1655 quidem
1434 1585 1489 1641 in
1535 1588 1635 1642 hac
1676 1588 1783 1641 vita

216 1684 448 1739 capaces
489 1674 699 1738 sumus)
748 1690 947 1744 sapore
990 1678 1218 1747 spiritali
1272 1689 1506 1735 mentem
1557 1680 1781 1747 imbuit,

218 1762 497 1832 multoque
543 1766 918 1823 delectabilius
969 1784 1086 1825 eam
1124 1770 1317 1835 allicit,
1355 1786 1521 1840 quam
1566 1773 1635 1827 ab
1679 1773 1785 1827 ullo

217 1856 543 1927 spiritalium
575 1857 767 1914 harum
798 1861 1114 1919 deliciarum
1144 1865 1424 1933 inexperto
1451 1865 1660 1935 concipi
1688 1874 1782 1918 aut

216 1947 364 2002 credi
395 1951 589 2017 possit.

288 2037 598 2096 Diﬁerentia
633 2053 737 2109 est,
792 2043 886 2100 Dei
914 2045 1172 2113 aﬂ'setiea,
1224 2062 1333 2114 quo
1370 2046 1549 2103 dill'ert
1592 2064 1621 2102 a
1658 2048 1780 2103 reli-

218 2131 339 2201 quis
390 2133 641 2189 scientiis
690 2136 1009 2207 theologicis
1056 2152 1175 2204 qua:
1225 2138 1560 2193 intellectum
1609 2139 1781 2195 infer--

219 2221 400 2291 metit,
446 2240 568 2282 cum
614 2228 729 2284 haec
770 2230 1123 2300 principalius
1167 2230 1365 2285 alliciat
1409 2233 1779 2298 voluntatem;

219 2312 343 2369 licet
372 2317 539 2372 etiam
575 2332 778 2374 arcano
816 2322 1055 2389 quodam
1106 2323 1312 2379 lumine
1359 2323 1593 2383 illustrat
1623 2325 1779 2381 intel-

220 2406 443 2478 Iectum,
472 2412 537 2467 ad
569 2411 735 2468 Deum
766 2422 820 2469 et
854 2428 940 2470 res
969 2430 1162 2471 omnes
1190 2419 1563 2488 eminentiori,
1595 2429 1781 2491 utpote

220 2504 644 2573 supernaturali,
676 2508 835 2562 modo
863 2508 1288 2577 intelligendum.

290 2592 604 2663 Proprietas
652 2594 810 2661 hujus
856 2596 1137 2666 sapientiae
1180 2614 1290 2668 prae
1321 2604 1530 2659 caeteris
1580 2605 1779 2660 eximia

220 2693 330 2753 est,
382 2688 523 2754 quod
562 2687 634 2742 sit
682 2689 931 2743 divinitus
964 2688 1177 2757 infusa,
1226 2708 1333 2748 non
1360 2705 1503 2751 iartc
1546 2697 1776 2752 humani

221 2778 546 2854 magisterii,
574 2792 665 2834 aut
698 2780 897 2850 ingenii
930 2784 1341 2851 perspicuitate,
1376 2788 1457 2843 vel
1504 2790 1668 2845 studii
1699 2807 1784 2847 as-

221 2868 477 2925 siduitate
523 2870 834 2947 humanitus
883 2874 1189 2943 acquisita;
1242 2878 1443 2948 quippe
1484 2882 1682 2938 donum
1730 2890 1785 2937 et

221 2960 502 3035 charisma
553 2964 871 3033 nobilissimi
924 2967 1160 3037 Spiritus
1211 2972 1385 3025 sancti
1438 2972 1780 3043 principalis,

222 3057 311 3128 qui
356 3072 481 3113 cum
520 3074 626 3115 non
663 3060 1003 3131 ingrediatur
1042 3062 1277 3116 animam
1311 3062 1651 3133 malevolam,
1687 3083 1785 3125 ne-

1886 582 2205 638 lentissimis
2251 586 2507 639 virtutum
2542 587 2963 657 theologicarum
2994 592 3231 654 actibus,
3272 594 3441 651 totius

1884 676 2128 744 mystica
2163 675 2445 745 theologia:
2481 677 2743 747 perfectio
2787 689 2841 736 et
2883 684 3119 738 essentia
3159 686 3445 739 contines-

1886 770 1989 825 tur.
2035 764 2110 818 uti
2159 764 2381 833 pulchre
2421 781 2486 821 ac
2531 768 2647 824 fuse
2695 769 2746 822 in
2790 769 2942 823 libris
2982 770 3335 825 divinissimis
3369 766 3444 825 De

1883 870 2101 908 ascensu
2129 856 2316 909 montis
2346 854 2589 921 Carmeli,
2634 857 2709 911 De
2741 868 2888 912 nocte
2919 860 3134 913 obscura
3159 898 3175 923 ,
3221 868 3277 914 et
3304 860 3445 914 Can-

1882 942 2087 998 tionum
2135 959 2262 999 vere
2314 947 2663 1014 mysticorum
2704 948 3292 1018 declarationibus(6),
3343 963 3447 1005 csa

1885 1035 2034 1100 ponit
2064 1036 2382 1091 venerabilis
2412 1036 2570 1091 Pater
2602 1036 2841 1095 Joannes
2884 1040 2950 1096 de
2992 1040 3039 1094 la
3069 1040 3228 1101 Cruz.
3262 1054 3443 1094 rerum

1884 1126 2237 1195 mysticarum
2273 1129 2705 1196 expertissimus.

1954 1214 2033 1270 Ex
2079 1217 2274 1286 quibus
2320 1219 2844 1289 patettheologiam
2900 1221 3183 1291 mysticam
3236 1229 3345 1275 tam
3392 1221 3445 1278 in

1887 1309 2186 1363 substantia
2213 1322 2311 1364 sua
2337 1326 2497 1381 quam
2524 1311 2575 1365 in
2605 1312 2764 1366 modo
2793 1312 3115 1380 procedendi
3140 1327 3266 1369 esse
3299 1328 3449 1370 mere

1885 1400 2377 1470 supernaturalem.
2430 1401 2708 1471 Siquidem
2757 1412 2812 1457 et
2864 1404 3129 1473 principia
3187 1406 3343 1475 ejus,
3392 1413 3450 1461 et

1884 1491 2081 1558 media,
2104 1501 2157 1546 et
2188 1492 2329 1559 linis,
2358 1501 2411 1547 et
2441 1494 2493 1547 in
2529 1494 2679 1548 hunc
2707 1495 2956 1551 tendendi
2994 1482 3205 1561 modus,
3242 1507 3448 1553 natura:

1884 1582 2030 1638 vires
2070 1592 2234 1651 atque
2280 1582 2527 1641 ordinem
2560 1587 2777 1654 penitus
2818 1588 3235 1653 transcendunt,
3266 1588 3341 1642 uti
3379 1604 3448 1644 ex

1881 1672 1992 1741 jam
2027 1672 2192 1727 dictis
2227 1672 2387 1728 facile
2421 1674 2716 1744 colligitur,
2742 1684 2796 1732 et
2827 1690 2894 1731 ex
2922 1678 3278 1747 sequentibus
3318 1677 3450 1732 ube.

1890 1763 2001 1817 rius
2040 1763 2286 1833 liquebit.
2318 1761 2475 1820 Unde
2509 1765 2754 1836 sequitur
2796 1782 2916 1823 cum
2950 1769 3143 1836 ipsam,
3178 1776 3289 1825 tum
3328 1782 3452 1837 pro-

1893 1854 2067 1909 ximas
2112 1854 2178 1907 ad
2234 1853 2488 1909 unionem
2537 1856 2824 1926 mysticam
2876 1857 3291 1929 dispositiones,
3341 1873 3449 1912 non

1890 1958 1958 2000 ex
1996 1942 2225 1997 aibitrio
2257 1953 2464 2010 nostro,
2514 1944 2608 2000 sed
2652 1960 2721 2001 ex
2766 1945 2937 2002 solius
2978 1947 3236 2002 benevola
3285 1950 3447 2003 mise-

1890 2034 2061 2089 rentis
2091 2049 2155 2088 ac
2190 2035 2467 2106 dignantis
2497 2034 2590 2090 Dei
2621 2037 2796 2104 gratia
2847 2038 3169 2108 dependere.
3197 2038 3296 2107 Qui
3327 2056 3448 2096 cum

1890 2126 2152 2203 benignus
2182 2126 2250 2182 sit
2292 2141 2357 2181 ac
2387 2126 2574 2182 multa!
2604 2127 2983 2194 miserationis,
3013 2130 3319 2200 dignatione
3351 2147 3449 2187 sua

1890 2217 2107 2287 copiose
2140 2232 2238 2273 nos
2278 2220 2560 2289 praevenit,
2584 2226 2640 2274 et
2680 2219 2744 2274 ad
2776 2218 2957 2275 cordis
2998 2222 3195 2276 ostium
3239 2221 3445 2291 pulsat,

1890 2315 1947 2363 et
1975 2319 2259 2379 exspectat
2299 2320 2358 2365 ut
2404 2308 2479 2366 illi
2507 2309 2711 2365 aditum
2740 2310 3151 2382 patefaciamus,
3172 2314 3449 2369 obstacula

1892 2400 2236 2467 removendo,
2260 2410 2482 2470 paratus
2506 2415 2605 2458 nos
2628 2400 2865 2474 dirigere
2889 2418 2954 2459 ac
2980 2402 3247 2460 deducere
3278 2419 3451 2474 usque

1892 2492 1960 2546 ad
1994 2502 2233 2547 montem
2273 2490 2436 2559 Oreb,
2466 2507 2529 2549 ac
2560 2507 2868 2565 supremum
2902 2495 3184 2566 theologia:
3214 2497 3450 2567 mysticae

1894 2580 2205 2654 fastigium,
2259 2581 2553 2638 dummodo
2622 2582 2845 2655 iugibus
2910 2566 2974 2639 ac
3032 2566 3450 2641 ferventissimis

1894 2673 2067 2744 ipsum
2092 2673 2340 2743 precibus
2364 2674 2693 2741 invocemus,
2718 2674 2938 2729 ductum
2962 2672 3077 2743 ejus
3105 2676 3451 2732 exactissime

1894 2765 2263 2823 observantes.

2492 2854 2717 2912 CAPUT
2756 2854 2838 2911 lll.

2091 2948 2243 3017 Quod
2268 2948 2333 3004 sit
2362 2947 2678 3019 principium
2709 2947 2942 3017 mystice
2970 2945 3263 3019 theologiw.

1965 3042 2095 3099 Cum
2128 3043 2359 3111 ipsemet
2387 3038 2611 3113 mystica
2639 3037 2928 3110 theologia,
2960 3038 3088 3109 quid
3120 3043 3213 3110 sit,
3245 3050 3387 3100 recte
3419 3058 3450 3098 a

222 3166 328 3222 que
379 3153 591 3209 habitet
640 3155 694 3211 in
752 3170 981 3223 corpore
1032 3156 1250 3213 subdito
1301 3161 1541 3227 peccatis
1579 3162 1651 3226 ἰ,
1698 3160 1865 3233 proC
1897 3141 2077 3207 ηοδίθν
2125 3148 2182 3195 ⁸³⁸
2214 3138 2428 3233 9Ρίη⁰τν
2477 3134 2697 3233 ’ξξθίξηίῑξ
2734 3134 2832 3233 fili
2878 3142 3045 3233 "iml-
3088 3141 3148 3233 Ψ
3187 3134 3447 3233 οτίϐίίιέιη

222 3243 467 3310 subjecto
516 3244 745 3315 requirit
806 3257 1027 3300 utentem
1079 3245 1144 3299 ab
1196 3248 1337 3301 omni
1400 3248 1789 3307 incrdinatiane

219 3349 431 3403 puram.
461 3333 617 3399 Nam,
639 3345 698 3390 ut
731 3336 809 3390 ait
842 3337 1022 3406 regius
1050 3335 1318 3407 Propheta
1344 3356 1356 3391 :
1384 3338 1516 3404 Quis
1548 3342 1788 3398 ascendet

221 3424 277 3479 in
308 3434 536 3481 montem
584 3425 822 3494 Domini,
869 3428 1106 3496 autquis
1150 3430 1307 3483 stabit
1347 3431 1401 3484 in
1450 3430 1565 3487 loco
1606 3442 1789 3488 sancto

221 3515 371 3586 ejus,
417 3517 521 3571 nisi
555 3518 807 3572 innocens
852 3520 1119 3586 manibus,
1157 3530 1206 3576 et
1252 3522 1447 3576 mundo
1478 3524 1653 3589 corde,
1698 3526 1787 3595 qui

224 3622 327 3661 tum
364 3607 559 3676 accepit
584 3607 640 3661 in
670 3624 801 3663 uano
825 3610 1057 3664 animam
1084 3628 1235 3666 suam
1256 3613 1342 3667 "i
1374 3614 1513 3680 Quin
1542 3624 1596 3670 et
1630 3616 1791 3672 Chri-

224 3707 375 3754 stus:
398 3698 573 3764 Beati,
600 3702 793 3770 inquit,
816 3703 1009 3757 mundo
1032 3706 1206 3770 corde,
1228 3706 1472 3775 quoniam
1497 3708 1599 3777 ipsi
1622 3708 1789 3764 Deum

224 3790 477 3843 videbunt
504 3789 573 3845 ⁸⁸.
603 3790 781 3848 Porro.
807 3793 932 3847 linis
962 3809 1059 3864 per
1089 3796 1293 3853 hancce
1334 3800 1652 3868 sapientiam
1702 3801 1789 3856 in-

223 3890 430 3950 tentus,
460 3890 542 3937 est
584 3885 706 3938 uitio
734 3902 851 3939 cum
893 3884 1024 3952 Deo,
1068 3899 1267 3958 quanta
1316 3892 1572 3948 nimirum
1614 3903 1790 3965 potest

223 3971 276 4027 in
330 3974 432 4030 hac
484 3975 599 4031 vita
657 3977 929 4044 obtineri,
976 3981 1279 4037 arctissima
1330 3985 1787 4057 suavissimaque.

223 4064 399 4123 ledia
433 4082 562 4123 vero
596 4068 755 4141 hujus
786 4070 1091 4129 obtinenda
1132 4086 1259 4129 sunt
1296 4085 1448 4131 actus
1503 4078 1790 4149 theologici

224 4161 704 4231 supernaturales,
756 4162 914 4231 ﬁdei,
963 4167 1079 4237 spei
1130 4178 1184 4222 et
1230 4169 1543 4238 charitalis,
1592 4172 1792 4242 quibus

226 4255 536 4312 immediate
585 4271 740 4313 mens
769 4253 944 4313 Deum
987 4260 1224 4332 attingit,
1270 4275 1366 4333 per
1395 4260 1554 4319 ﬁdem
1585 4264 1792 4322 scilicet

223 4347 543 4420 caliginose,
569 4364 665 4420 per
694 4362 845 4420 spem
878 4365 1160 4422 suspense,
1190 4367 1289 4422 per
1316 4352 1641 4412 charitatem
1668 4370 1789 4426 per-

226 4441 385 4499 fecte.
434 4439 599 4498 Fides
627 4444 770 4499 enim
802 4457 923 4499 cum
956 4443 1030 4499 sit
1073 4456 1438 4515 argumentum
1484 4463 1587 4501 non
1628 4464 1790 4517 appa-

226 4539 455 4591 rentium
480 4534 550 4604 ",
595 4546 677 4592 est
714 4535 889 4607 caligo
920 4536 1021 4591 ista
1070 4506 1297 4608 mystica
1347 4531 1405 4593 S.
1434 4530 1599 4595 Paulo
1632 4506 1782 4596 et'S.
1816 4506 1864 4565 υ

228 4625 487 4695 Dionysio
532 4625 665 4681 adeo
696 4625 990 4689 celebrata,
1034 4624 1101 4679 de
1143 4639 1251 4693 qua
1290 4625 1413 4680 vide
1450 4640 1572 4695 cap.
1604 4626 1628 4680 l
1659 4637 1714 4683 et
1752 4624 1789 4680 2

229 4715 388 4787 liget.
440 4716 623 4778 theol..
650 4727 705 4772 et
733 4716 891 4787 epist.
919 4716 951 4772 5
981 4718 1047 4771 ad
1090 4715 1447 4787 Dorotheum,
1483 4726 1646 4787 atque
1686 4716 1788 4772 ibi-

225 4806 344 4863 dem
383 4818 598 4863 nostras
636 4808 1031 4882 adnotationes.
1064 4802 1200 4875 Spes
1246 4819 1374 4861 vero
1415 4820 1537 4862 cum
1586 4804 1661 4860 sit
1701 4820 1783 4858 re-

225 4917 343 4957 rum
388 4916 511 4970 quae
560 4899 790 4956 necdum
842 4900 1187 4969 possidentur
1210 4899 1277 4962 “,
1327 4898 1640 4955 earumdem
1687 4913 1786 4953 ex-

224 4991 562 5064 spectatione
618 4990 683 5059 at:
736 4992 1008 5047 desiderio
1072 4991 1307 5046 animum
1376 4987 1781 5058 quodammodo

225 5084 531 5154 suspendit,
561 5094 724 5155 atque
772 5084 843 5138 ita
882 5098 979 5155 per
1012 5081 1155 5138 illam
1197 5081 1421 5151 mystica
1454 5077 1515 5133 lit
1546 5094 1779 5149 suspen-

223 5175 325 5231 slo.
357 5174 612 5231 Charitas
642 5176 892 5246 denique,
921 5190 1043 5231 cum
1092 5173 1163 5228 sit
1208 5169 1464 5226 vinculum
1512 5169 1784 5240 perfectio-

224 5270 303 5321 nis
324 5266 395 5329 ".
428 5282 548 5323 cum
582 5269 697 5336 ipso
726 5266 836 5322 Deo
863 5268 1101 5321 animant
1136 5263 1455 5321 felicissime
1482 5261 1781 5332 conjungit.

223 5360 300 5413 Ac
344 5358 478 5414 lldes
506 5360 723 5428 quidem
754 5357 1104 5419 intellectum,
1136 5371 1258 5425 spes
1285 5353 1626 5417 memoriam,
1655 5350 1785 5408 cha-

226 5450 359 5505 ritas
408 5447 738 5509 voluntatem
782 5458 836 5503 et
876 5445 1125 5504 allectum
1170 5458 1330 5516 supra
1363 5453 1618 5498 naturam
1660 5456 1782 5514 my-

1892 3233 2010 3304 ejus
2043 3232 2457 3303 investigemus.
2484 3226 2657 3300 Hujus
2686 3226 2851 3299 igitur
2873 3226 3196 3299 principium
3227 3237 3282 3281 ct
3301 3228 3449 3298 origo

1892 3325 2137 3393 mysticae
2182 3318 2491 3392 theologia,
2521 3329 2581 3376 ut
2618 3320 2791 3376 sancti
2824 3317 3061 3390 Dionysii
3090 3315 3273 3375 verbis
3304 3328 3448 3383 utar,

1890 3417 2014 3473 fons
2044 3425 2128 3473 est
2168 3416 2313 3479 vitae,
2361 3413 2597 3469 essentia
2633 3410 2912 3478 bonitatis,
2947 3426 3049 3466 una
3096 3424 3275 3465 rerum
3322 3428 3442 3465 om-

1890 3511 2041 3565 nium
2083 3523 2247 3564 causa
2294 3506 2555 3575 Trinitas,
2594 3521 2623 3560 a
2654 3522 2758 3577 qua
2803 3521 2900 3578 per
2941 3504 3203 3561 bonitatis
3249 3503 3441 3559 redun-

1890 3598 2153 3665 dantiam,
2195 3598 2272 3653 uti
2311 3606 2526 3659 cetera.
2569 3596 2647 3654 sic
2686 3594 2849 3651 etiam
2889 3594 3057 3650 hocce
3086 3593 3270 3647 datum
3303 3594 3449 3662 opti-

1890 3701 2036 3751 mttm
2066 3700 2120 3748 et
2158 3692 2357 3748 donum
2394 3689 2693 3760 perfectum
2739 3687 3123 3759 benignissime
3164 3682 3447 3754 profluxit,

1890 3787 2170 3842 desursum
2200 3783 2533 3854 descendens
2569 3796 2599 3836 a
2629 3780 2792 3835 Patre
2824 3779 3085 3833 luminum
3128 3792 3224 3848 per
3254 3776 3448 3831 Filium

1890 3882 1944 3935 in
1996 3878 2206 3951 Spiritu
2249 3887 2464 3944 sancto,
2509 3875 2599 3945 qui
2643 3888 2739 3944 per
2787 3872 2887 3927 hoc
2938 3872 3136 3926 donum
3173 3870 3451 3939 sapientia:

1891 3973 2047 4028 nobis
2101 3972 2261 4027 modo
2323 3966 2665 4024 nobilissimo
2716 3963 3169 4021 communicatur.
3214 3960 3353 4029 Quin
3394 3967 3452 4015 et

1892 4064 2132 4136 mysticae
2178 4060 2361 4118 omnis
2408 4075 2439 4113 ει
2472 4056 2633 4113 Patre
2670 4064 2828 4112 mota:
2879 4053 3255 4109 illustrationis
3297 4068 3449 4106 ema-

1891 4156 2036 4211 natio
2074 4154 2128 4210 in
2172 4168 2271 4213 nos
2297 4151 2536 4209 beuellce
2563 4150 2871 4219 exundans,
2896 4150 3095 4210 denuo,
3119 4160 3218 4202 ceu
3249 4144 3448 4201 unilica

1889 4248 1993 4314 vis,
2025 4248 2095 4302 ad
2128 4261 2321 4317 supera
2369 4260 2468 4303 nos
2500 4243 2809 4300 revocando
2857 4238 3202 4310 simplillcst,
3232 4246 3287 4294 et
3314 4252 3448 4294 con-

1890 4340 2051 4397 vertit
2076 4340 2145 4395 ad
2179 4337 2562 4411 congregantis
2606 4334 2786 4390 Patris
2809 4332 3072 4387 unitatem
3105 4345 3168 4385 ac
3195 4328 3447 4385 deillcam

1889 4431 2319 4505 simplicitatem,
2346 4441 2509 4502 atque
2536 4428 2602 4485 ad
2631 4442 2709 4493 se,
2736 4436 2798 4482 ut
2827 4425 2908 4481 fas
2935 4434 3039 4493 est,
3084 4421 3444 4487 attendentes,

1887 4543 1988 4599 pro
2016 4524 2278 4597 cujusque
2308 4522 2629 4594 capacitate,
2666 4518 3060 4589 simplillcativa
3102 4529 3199 4570 sua
3248 4514 3448 4570 unione

1888 4618 2135 4689 subrigit
2172 4614 2528 4683 unillcatque.
2582 4612 2820 4667 Dicimus
2868 4607 3049 4679 itaque
3088 4620 3210 4662 cum
3254 4606 3445 4661 eodem

1887 4720 2074 4771 sancto
2092 4708 2371 4781 Dionysio,
2396 4702 2877 4777 Del-principalem
2909 4697 3316 4761 beatitudinem,
3351 4712 3447 4751 na-

1890 4815 2065 4861 turam
2106 4799 2429 4866 divinitatis,
2463 4796 2788 4868 principium
2826 4788 3209 4856 deiﬂcationis,
3239 4803 3306 4845 ex
3335 4802 3445 4859 quo

1887 4889 2171 4947 deillcandi
2204 4887 2543 4953 deiﬁcautur,
2578 4883 2863 4957 mysticam
2907 4880 3231 4953 theologiam
3275 4879 3326 4934 in
3358 4894 3447 4933 sa-

1887 4982 2052 5036 lutem
2079 4987 2135 5035 et
2168 4977 2561 5035 deillcationcm
2591 4975 2868 5031 hominum
2899 4971 3258 5034 concessisse,
3284 4967 3445 5024 modo

1888 5071 2097 5127 scilicet
2135 5070 2308 5141 magis
2348 5067 2712 5125 immateriato
2739 5075 2793 5124 et
2819 5062 3157 5137 spiritaliori,
3199 5075 3304 5115 non
3348 5073 3446 5113 ex-

1889 5165 2160 5220 trinsecus
2205 5163 2273 5218 ad
2317 5160 2499 5217 divina
2537 5158 2826 5225 movendo,
2861 5157 2955 5214 sed
3001 5150 3323 5224 intelliglblli
3352 5165 3443 5205 ra-

1889 5254 2034 5311 tione
2085 5262 2251 5325 atque
2295 5252 2624 5308 intrinsecus
2662 5263 2797 5322 pura
2844 5246 3158 5319 liquidaque
3200 5242 3443 5297 illustra-

1889 5348 2039 5403 tione
2084 5343 2478 5401 divinissimatn
2512 5342 2581 5398 iis
2608 5342 2941 5397 voluntatem
2973 5333 3301 5393 irradiando.
3330 5329 3443 5386 Hu-

1882 5436 1974 5506 jus
2001 5444 2179 5493 autem
2218 5435 2415 5492 divinae
2440 5432 2797 5491 beatitudinis
2825 5430 3039 5488 bonitas
3070 5428 3258 5485 eadem
3299 5434 3443 5479 sem-

295 5608 341 5644 ⁸⁵
370 5611 509 5680 Sap.
539 5620 579 5672 ι,
609 5606 665 5661 ι.
740 5606 787 5639 ⁸³
828 5606 969 5662 Psul.
1008 5619 1172 5671 χχιιι,
1197 5605 1253 5669 5,
1279 5603 1331 5658 4.
1407 5602 1455 5635 ⁸⁸
1488 5600 1677 5658 Matth.
1725 5613 1787 5667 ν,
1817 5600 1870 5657 8.
1945 5598 1952 5629 ¹

1779 5640 1787 5666 ,
1817 5600 1870 5657 8.
1945 5598 1989 5631 ³⁷
2018 5597 2152 5654 lieb.
2185 5612 2261 5661 ιι,
2292 5596 2343 5649 ι.
2416 5590 2463 5625 ⁸³
2494 5591 2652 5646 Rom.-
2698 5603 2825 5657 Νι,
2849 5587 2942 5642 δι.
3016 5585 3064 5618 ⁸⁸
3096 5583 3210 5641 Col.
3238 5596 3321 5646 ιιι,
3347 5579 3436 5633 ιι.

296 5768 372 5836 (6)
416 5768 547 5823 Vide
581 5764 811 5822 (Euam
866 5762 1138 5833 completes
1184 5764 1248 5817 ds
1298 5762 1467 5816 sainte
1516 5754 1766 5825 Therise,
1798 5762 1841 5810 t.
1885 5752 1951 5811 ιιι

1798 5762 1841 5810 ι.
1885 5752 1986 5824 ιιι,
2025 5748 2420 5808 Montis-Rubri
2461 5746 2619 5817 1852,
2678 5747 2857 5817 ιιι-4⁸,
2918 5760 2982 5801 ex
3026 5739 3167 5813 typis
3209 5736 3438 5796 olilciua

229 5833 538 5895 Catholicae.
