4198 6304
741 437 809 494 99
1868 422 1924 476 S.
1969 417 2336 476 DiONYSilSS
2370 413 2798 470 AREOPAGITA
2811 457 2822 469 .

3887 412 3993 468 100

739 571 838 627 per
880 561 933 607 et
981 549 1170 605 eodem
1210 545 1368 600 modo
1417 559 1474 599 se
1519 543 1725 597 habens
1750 542 1818 601 9°.
1865 541 2136 594 benelicos
2178 537 2314 590 lucis
2343 541 2387 599 Α
2420 533 2729 586 lectnaliter
2769 546 2828 583 se
2867 540 3197 598 componant
3237 529 3306 593 ⁸⁸,
3353 537 3513 597 atque
3553 529 3738 584 divino
3776 530 3992 598 princi-

739 664 851 706 sua:
898 645 1078 700 radios
1126 640 1338 695 cunctis
1388 637 1562 693 oculis
1614 635 1942 690 mentalibus
1994 633 2311 687 luculenter

740 737 1017 810 expandit,
1053 736 1297 803 adeoque
1327 731 1370 787 si
1405 741 1706 799 spontanea
1738 734 1919 782 mente
1957 726 2314 796 praeditoruzn

739 830 955 888 arbitrii
1005 828 1235 884 libertas
1266 822 1509 894 spiritale
1555 822 1736 876 lumen
1770 819 2005 883 deserat,
2039 833 2068 870 a
2108 825 2308 870 natura

739 925 842 980 sibi
891 923 1086 978 insitas
1147 918 1250 974 luci
1305 915 1636 985 excipienda
1685 913 1867 976 vires,
1918 924 2103 964 amore
2157 906 2310 976 parvi

739 1015 1098 1090 pfmoludens,
1133 1010 1386 1083 przesenti
1419 1008 1635 1079 quidem
1669 1005 1776 1060 luci
1807 1019 1863 1059 se
1894 1002 2168 1068 subducit,
2201 1001 2313 1055 liaac

740 1123 922 1168 tamen
956 1123 1077 1164 eam
1129 1105 1354 1160 minime
1387 1103 1654 1164 destituit,
1693 1103 1786 1155 sed
1818 1099 1900 1153 vel
1934 1096 2314 1152 conniventem

739 1204 1041 1265 illuminat,
1073 1209 1236 1269 atque
1271 1195 1546 1251 aversanti
1595 1192 1826 1260 benigne
1858 1204 2084 1260 prorsus
2120 1202 2316 1243 occur-

739 1298 808 1354 rit
831 1297 896 1351 ".
944 1294 1204 1364 Quisquis
1235 1292 1400 1364 igitur
1427 1291 1493 1344 ad
1528 1287 1752 1344 insitum
1782 1301 1811 1340 a
1844 1285 1954 1338 Deo
1986 1294 2199 1338 natura:
2231 1280 2311 1334 lu-

739 1405 862 1445 men
901 1385 1224 1449 recurrerit,
1265 1381 1531 1455 principio
1573 1379 1788 1450 quidem
1828 1393 1951 1432 cum
1980 1376 2072 1431 Dei
2105 1375 2317 1443 adjuto-

739 1484 841 1548 rio,
878 1483 999 1552 quis
1033 1479 1255 1535 tandem
1298 1477 1415 1548 ipse
1445 1477 1518 1530 sit
1555 1474 1780 1536 videbit,
1811 1473 2023 1540 hecque
2053 1470 2190 1524 lucis
2218 1484 2314 1524 ac-

738 1575 986 1630 cessione
1019 1588 1216 1629 munus
1246 1586 1462 1627 sacrum
1493 1571 1718 1624 referet.
1750 1565 1922 1622 Porro
1962 1564 2054 1636 qui
2090 1563 2312 1633 propria

737 1681 836 1722 sua
865 1664 1127 1722 irrellexis
1154 1662 1326 1719 oculis
1349 1658 1807 1720 consideraverit,
1841 1658 2056 1714 abditas
2091 1657 2309 1726 quidem

738 1760 1099 1834 ignorationis
1127 1773 1238 1815 suae
1264 1755 1521 1812 tenebras
1546 1749 1872 1815 elimiuabit,
1900 1749 2316 1821 perfectissimrc

735 1864 918 1910 tamen
951 1853 1043 1908 Dei
1076 1850 1298 1907 unionis
1338 1859 1393 1903 ct
1424 1844 1864 1920 participationis
1895 1845 2071 1898 adhuc
2097 1857 2310 1908 exsors,

737 1947 975 2014 ejusdem
1013 1946 1286 2001 desiderio
1330 1951 1522 2013 Sponte
1568 1955 1673 1995 non
1721 1937 2014 2001 aﬂicietur,
2052 1937 2148 1990 sed
2183 1950 2311 1991 sen-

736 2041 838 2095 sim
885 2039 1118 2109 primum
1147 2054 1176 2091 a
1204 2035 1440 2107 propriis
1469 2034 1536 2088 ad
1567 2033 1806 2103 potiora,
1837 2041 1894 2085 et
1927 2046 1992 2084 ex
2028 2031 2092 2085 iis
2123 2030 2188 2084 ad
2221 2046 2314 2100 po-

737 2130 969 2196 tissima,
996 2147 1096 2188 nec
1125 2146 1229 2185 non
1259 2129 1533 2198 perfectus
1565 2125 1784 2180 tandem
1814 2140 1910 2196 per
1937 2126 2028 2180 Dei
2057 2124 2311 2195 gratiam,

737 2224 804 2278 ad
848 2219 1426 2292 divino-principalem
1501 2218 1797 2283 unionem,
1853 2231 2010 2271 sacro
2078 2214 2311 2284 quod-un

733 2316 929 2374 ordine
980 2317 1267 2372 evelietur.
1296 2315 1388 2370 Sic
1419 2323 1601 2368 autem
1635 2311 1933 2366 adductum
1966 2309 2149 2365 divina
2184 2309 2311 2363 bea—

735 2409 914 2464 titudo
948 2409 1013 2463 ad
1053 2408 1136 2463 sui
1169 2407 1407 2463 admittit
1434 2404 2020 2468 communicationem,
2055 2403 2316 2474 propria:-

735 2519 843 2573 que
877 2503 1013 2558 lucis
1066 2503 1238 2558 instar
1271 2501 1412 2571 signi
1458 2498 1738 2568 cujusdam
1775 2498 1950 2568 ipsum
1983 2497 2310 2567 participat,

734 2596 848 2653 Deo
879 2597 1125 2650 intimum
1175 2594 1424 2660 reddens,
1459 2602 1622 2661 atque
1654 2599 1967 2646 consortem
2023 2604 2312 2644 munerum

734 2689 1064 2744 divinorum.
1097 2683 1283 2756 Neque
1308 2685 1450 2739 enim
1484 2685 1593 2736 vita
1620 2683 1775 2738 nobis
1806 2692 1890 2737 est
1925 2681 2011 2736 cui
2048 2682 2130 2734 vis
2160 2680 2310 2733 illata

733 2781 807 2837 sit
845 2780 928 2834 vel
976 2778 1229 2849 imposita
1280 2778 1579 2833 necessitas
1621 2778 1700 2841 ³⁸,
1748 2790 1925 2846 neque
1975 2789 2104 2828 vero
2149 2773 2314 2829 etiam

734 2886 922 2926 eorum
951 2871 1146 2941 quibus
1180 2871 1494 2941 providetur
1524 2869 1802 2931 libertate,
1835 2865 2038 2921 divina:
2074 2865 2315 2919 illustra-

737 2963 900 3018 tionis
933 2979 961 3017 a
1008 2962 1356 3018 Providentia
1408 2961 1680 3016 manantis
1715 2958 1852 3013 radii
1898 2958 2312 3022 obtunduntur;

735 3054 830 3110 sed
882 3053 1169 3110 oculorum
1231 3052 1547 3109 mentalium
1616 3049 2000 3105 dissimilitudo
2051 3047 2212 3110 facit,
2258 3058 2317 3102 ut

733 3148 1021 3202 exundans
1053 3156 1298 3217 paterna:
1327 3145 1587 3200 bonitatis
1622 3142 1942 3204 illustratio,
1969 3140 2056 3195 vel
2092 3141 2315 3195 omnino

2418 625 2590 694 palem
2623 623 3035 677 sin'iilitudinem
3068 623 3590 692 supermuudialiter
3615 626 3988 692 contemplan-

2418 724 2518 779 tes,
2551 714 2616 768 ad
2648 714 2893 768 eamdem
2923 713 3159 781 speciem
3193 729 3346 767 suam
3379 724 3645 768 conentur
3673 713 3988 776 eil‘ormarc,

2415 807 2532 878 jure
2574 807 2772 860 merito
2804 804 3056 859 uberiore
3096 819 3312 873 quoque
3343 805 3581 872 gaudent
3612 804 3728 871 ejus
3762 807 3991 874 partit-I-

2417 899 2657 969 patione.
2693 897 2836 968 quod
2868 897 2979 951 sint
3011 896 3234 958 assidui,
3270 910 3332 950 ac
3364 911 3583 964 semper
3615 897 3680 950 ad
3711 897 3990 951 anteriora

2418 1004 2688 1058 nunquam
2735 987 3030 1042 fatiscentis
3063 988 3266 1041 amoris
3300 988 3650 1043 contentione
3698 1001 3754 1042 se
3790 998 3990 1043 exten-

2417 1082 2582 1146 dant,
2626 1092 2679 1136 et
2721 1080 3101 1151 primordialcs
3133 1080 3519 1134 illustrationes
3551 1081 3992 1135 iinmaterialitcr

2419 1177 2731 1247 liquidoque
2758 1175 3081 1244 suscipiant,
3117 1183 3279 1243 atque
3309 1173 3375 1227 ad
3407 1176 3626 1229 easdem
3659 1189 3992 1243 componan-

2420 1279 2524 1337 tur,
2577 1273 2856 1338 vitamque
2907 1284 3122 1323 omnem
3184 1269 3422 1322 habeant
3487 1268 3814 1337 Spiritalem.
3862 1268 3989 1322 Puri

2417 1362 2685 1432 siquidem
2733 1359 3094 1425 censendi“,
3145 1375 3252 1414 non
3299 1360 3454 1430 quasi
3492 1376 3520 1413 a
3572 1361 3799 1415 maculis
3847 1363 3989 1414 duu-

2421 1465 2567 1510 taxat
2596 1455 2823 1523 impuris
2853 1454 3361 1522 colluvionibusque
3387 1455 3496 1509 sint
3524 1454 3705 1517 liberi,
3726 1455 3810 1507 vel
3843 1455 3990 1525 quod

2418 1547 2787 1602 materialibus
2847 1527 3171 1616 imaginibus
3213 1547 3433 1600 minime
3487 1547 3834 1611 adhmreant,
3894 1549 3988 1600 sed

2418 1642 2558 1711 quod
2589 1640 2734 1694 omni
2770 1655 2828 1695 re
2859 1650 3043 1695 creata
3070 1637 3326 1693 celsiores
3344 1654 3455 1708 pra:
3481 1654 3690 1692 summa
3723 1638 3990 1706 puritate,

2419 1731 2501 1785 vel
2532 1731 2765 1786 maxime
2793 1730 3148 1786 deiformibus
3182 1729 3480 1783 virtutibus
3511 1730 3619 1783 sint
3659 1729 3986 1796 coordiuati,

2419 1826 2736 1895 ordinisque
2770 1825 2850 1880 sui
2889 1833 3092 1878 motum
3126 1822 3405 1892 propriam
3437 1822 3866 1892 arquabilcmqne
3896 1837 3992 1892 per

2422 1933 2656 1972 amorem
2694 1917 2785 1971 Dei
2818 1924 3136 1971 constanter
3169 1923 3389 1968 teneant
3435 1914 3782 1980 iuvariatum,
3816 1928 3994 1985 neque

2422 2009 2584 2063 ullam
2631 2010 2683 2063 in
2737 2009 2978 2062 deterius
3027 2007 3320 2060 admittant
3373 2005 3845 2070 imminutionem,
3894 2006 3990 2061 sed

2423 2102 2808 2156 inconcussam
2855 2115 3072 2165 semper
3095 2109 3151 2154 et
3183 2097 3515 2152 immobilem
3552 2099 3834 2154 deit‘orinis
3880 2116 3993 2155 sua:

2419 2192 2770 2264 proprietatis
2809 2194 2992 2245 sedem
3035 2190 3301 2244 habeant.
3343 2189 3810 2260 Contemplatorcs
3863 2191 3989 2244 item

2419 2302 2523 2340 non
2571 2286 2721 2356 quasi
2772 2283 3174 2354 syuibolorum,
3221 2298 3339 2353 qua:
3388 2299 3546 2338 sensu
3591 2283 3674 2337 vel
3721 2285 3993 2352 imagina-

2419 2381 2566 2435 tione
2624 2379 3020 2448 percipiantur,
3074 2386 3441 2446 spectatores,
3494 2391 3669 2445 neque
3724 2379 3992 2432 varietate

2419 2474 2681 2527 duntaxat
2711 2487 2991 2527 sacrarum
3027 2470 3436 2540 Scripturaruni
3473 2470 3540 2524 ad
3573 2470 3740 2525 Deum
3771 2471 3994 2525 elevan-

2420 2575 2526 2631 tur,
2574 2566 2666 2621 sed
2699 2565 2845 2619 omni
2896 2566 3207 2634 cognitione
3239 2566 3471 2635 simplici
3522 2567 3733 2620 altioris
3767 2565 3995 2621 luminis

2419 2657 2718 2727 replentur,
2763 2665 2926 2725 atque
2979 2656 3441 2726 contemplatione
3490 2658 3637 2711 illius
3677 2659 3988 2728 pulchritu—

2418 2751 2578 2816 dinis,
2624 2766 2743 2820 quae
2786 2750 3026 2804 effectrix
3059 2761 3114 2805 et
3147 2753 3298 2821 origo
3347 2754 3526 2808 omnis
3562 2753 3994 2822 pulchritudinis

2417 2849 2623 2916 existit,
2662 2864 2890 2920 qumque
2924 2863 3087 2919 supra
3122 2849 3484 2903 substantiam
3526 2860 3607 2902 est
3639 2858 3690 2901 et
3723 2849 3775 2902 in
3812 2847 3996 2901 Trini«

2418 2949 2528 2997 late
2577 2941 3024 3010 suprasplendet,
3061 2953 3322 3010 quantum
3373 2942 3577 2995 homini
3617 2939 3697 2995 fas
3733 2948 3817 2995 est
3861 2944 3995 2996 reii-

2418 3036 2654 3091 ciuntur.
2697 3034 3105 3102 Communionis
3142 3049 3356 3104 quoque
3404 3034 3530 3088 Jesu
3576 3036 3827 3090 similiter
3865 3053 3998 3106 par-

2421 3132 2609 3201 ticipes
2647 3130 2802 3194 ﬁunt,
2832 3143 2936 3183 non
2966 3128 3122 3197 quasi
3160 3145 3210 3182 in
3246 3128 3569 3198 imaginibus
3603 3142 3789 3185 sancte
3819 3131 3996 3186 infor-

734 3253 886 3294 cassa
917 3241 1007 3302 sit,
1037 3250 1090 3293 et
1122 3250 1343 3310 propter
1371 3253 1560 3292 eorum
1599 3234 2020 3306 repugnautiatn
2071 3230 2308 3301 inutilis,
2341 3253 2390 3316 ρ
2421 3228 2604 3290 malis.
2640 3239 2758 3294 quae
2794 3221 2961 3276 νειυιί
3011 3221 3202 3276 forma!
3237 3223 3287 3276 in
3338 3222 3470 3292 ipsis
3507 3223 3754 3279 deiﬁcum
3797 3225 3993 3279 simili-

737 3331 820 3386 vel
849 3331 967 3400 ejus
999 3333 1450 3402 participationcs
1492 3331 1732 3385 existant
1767 3328 2089 3401 inaequales,
2132 3342 2312 3398 parvae

735 3423 819 3478 νυι
866 3438 1094 3493 magna,
1140 3425 1391 3479 obscura:
1439 3423 1523 3478 vel
1575 3422 1757 3488 clarae,
1800 3439 1924 3477 cum
1959 3437 2098 3476 unus
2147 3421 2218 3473 sit
2259 3430 2313 3473 et

735 3518 998 3589 simplex,
1047 3519 1346 3587 eodemque
1382 3520 1541 3572 modo
1585 3534 1802 3589 semper
1849 3533 1906 3572 se
1947 3517 2144 3571 habeat
2189 3513 2309 3567 fon-

735 3613 858 3668 talis
888 3613 976 3668 ille
1009 3614 1222 3680 radius,
1253 3616 1342 3683 qui
1371 3614 1576 3681 jugiter
1607 3623 1693 3668 est
1722 3625 2024 3682 cxpansus.

1343 3752 1570 3808 CAPUT
1612 3753 1702 3809 IV.

1046 3868 1179 3934 Quis
1205 3869 1269 3923 sit
1299 3868 1419 3937 ﬁnis
1451 3870 1682 3939 mystica:
1715 3868 2005 3940 theologia.

807 3982 994 4038 Omnis
1024 3998 1188 4052 porro
1226 3983 1468 4052 mysticae
1514 3982 1797 4052 theologica
1842 3997 2040 4052 scopus
2070 3991 2152 4039 est
2179 4000 2306 4056 erga

738 4075 906 4130 Deum
939 4084 994 4128 et
1033 4089 1118 4128 res
1153 4077 1363 4129 divinas
1391 4076 1647 4130 continua
1679 4075 1897 4129 dilectio
1921 4073 1989 4140 ³³,
2023 4091 2139 4144 quae
2176 4077 2309 4130 divi-

736 4166 883 4220 nitus
913 4167 1194 4232 inseritur,
1225 4176 1278 4221 et
1312 4181 1411 4235 per
1441 4166 1556 4236 ejus
1585 4167 1839 4221 unionem
1875 4179 2305 4232 consummatur,

735 4275 966 4328 qumque
997 4261 1099 4312 hac
1131 4260 1283 4327 prior
1314 4268 1418 4326 est,
1447 4259 1524 4311 illi
1557 4260 1968 4313 adversantium
1999 4263 2307 4314 omninioda

737 4359 792 4403 et
840 4351 1228 4405 irrcvertibilis
1272 4351 1429 4422 luga;
1482 4351 1721 4420 cognitio
1754 4351 1844 4404 Dei
1890 4352 2304 4420 perfectissima,

737 4454 793 4496 ct
839 4444 1103 4514 simplicis
1157 4443 1514 4513 perfectionis
1571 4443 1686 4512 ejus
1733 4443 1914 4497 divina
1964 4444 2308 4513 participatio

736 4535 1056 4604 fruitioque,
1083 4551 1201 4604 qua:
1229 4551 1442 4589 omnem
1487 4535 1580 4588 Dei
1628 4534 2119 4602 contemplatorem
2148 4535 2307 4603 Spiri-

2419 3319 2660 3373 tudinem
2691 3315 3028 3386 exprimant,
3063 3315 3157 3368 sed
3195 3323 3454 3384 tanquam
3485 3333 3610 3372 vere
3638 3317 3703 3371 ad
3743 3333 3862 3371 eum
3897 3335 3995 3388 ap-

2413 3410 2876 3482 propinquantes,
2921 3405 2974 3459 in
3021 3406 3135 3474 ipsa
3193 3408 3365 3474 prima
3433 3408 3847 3478 participatione
3892 3427 3992 3464 co-

2414 3503 2672 3576 gnitionis
2733 3500 2992 3554 luminum
3056 3498 3173 3566 ejus
3231 3501 3580 3563 tlcilicoruni,
3629 3503 3768 3570 quod
3821 3503 3991 3557 Deum

2414 3596 2660 3652 imitandi
2696 3598 2832 3649 ratio
2863 3597 3254 3650 sublimissimo
3288 3594 3418 3663 ipsis
3453 3594 3610 3646 modo
3655 3595 3723 3647 sit
3755 3592 3989 3657 indulta,

2413 3690 2549 3746 Cliti
2584 3689 2872 3757 primmva,
2910 3697 3173 3757 quantum
3211 3688 3427 3755 quidem
3463 3684 3543 3738 fas
3584 3695 3686 3750 est,
3722 3686 3991 3754 potentia,

2414 3786 2610 3841 divinis
2642 3785 2756 3854 ejus
2808 3786 3170 3854 humanisque
3221 3785 3517 3838 virtutibus
3557 3785 3986 3839 communirent.

2414 3880 2676 3935 Similiter
2709 3877 2935 3948 perfecti
2969 3887 3114 3945 sunt,
3149 3894 3251 3932 non
3287 3879 3443 3947 quasi
3474 3877 3767 3931 varietates
3798 3892 3990 3932 sacras

2411 3978 2714 4036 rcsolvendi
2759 3980 2984 4036 scientia
3032 3982 3142 4035 sint
3193 3981 3487 4045 illustrati,
3536 3980 3630 4034 sed
3679 3979 3822 4049 quod
3871 3981 3988 4046 pri-

2412 4072 2583 4126 maria
2637 4083 2691 4126 et
2731 4073 3077 4143 prmcellente
3113 4074 3207 4128 Dei
3265 4073 3469 4127 unione
3513 4074 3799 4136 satientur,
3830 4073 3986 4142 juxta

2411 4178 2716 4233 supremam
2750 4165 2896 4219 illam
2917 4207 2932 4232 ,
2979 4165 3135 4234 cujus
3166 4180 3395 4234 capaces
3425 4173 3551 4220 sunt
3581 4162 3858 4229 mortales,
3904 4163 3988 4214 di-

2411 4258 2521 4311 vini
2564 4257 2770 4312 amoris
2799 4258 3168 4321 inﬂuentiam;
3205 4258 3474 4325 siquidem
3507 4255 3574 4309 ab
3623 4256 3854 4324 ipsamet
3903 4253 3988 4307 di-

2410 4353 2632 4406 vinitate
2665 4354 2836 4419 sacris
2885 4353 3138 4422 mysticis
3187 4351 3499 4416 initiantur,
3542 4349 3666 4402 dum
3714 4349 3779 4402 ad
3817 4349 3984 4402 Deum

2411 4461 2504 4512 per
2530 4445 2873 4498 dilectionem
2903 4445 3283 4515 subriguntur,
3314 4459 3414 4498 nec
3449 4458 3555 4497 non
3590 4442 3640 4494 in
3675 4457 3740 4495 eo
3772 4456 3982 4495 summa

2411 4537 2644 4604 puritate
2687 4553 3008 4608 summaque
3046 4537 3356 4591 constantia
3408 4536 3782 4598 stabiliuntur,
3817 4545 3984 4604 atque

739 4626 831 4680 tali
887 4628 1047 4681 modo
1102 4629 1278 4682 reiicit
1331 4627 1678 4696 deificatqne.
1726 4626 1860 4680 Cum
1914 4625 2056 4680 enim
2109 4627 2306 4680 habeat
2338 4621 2380 4673 D
2412 4630 2918 4698 supernaturalibus
2945 4631 3251 4684 divinorum
3286 4645 3508 4699 operum
3557 4628 3878 4694 rationibus,
3913 4627 3982 4679 ab

738 4721 907 4774 Deum
940 4720 1116 4775 omnis
1162 4735 1335 4775 sacra:
1372 4735 1482 4776 sua:
1515 4735 1729 4773 arcana:
1758 4735 1878 4773 cum
1910 4719 2152 4774 scientiae
2194 4728 2301 4772 tum

737 4813 1072 4881 operationis
1105 4812 1262 4867 tinem
1285 4814 1354 4881 ⁵⁸,
1385 4814 1450 4868 ad
1487 4813 1884 4869 divinissimuni
1914 4814 2030 4882 ejus
2055 4814 2302 4867 decorem

739 4914 1055 4960 constanter
1096 4905 1375 4971 intuendo,
1418 4906 1668 4960 eumdem
1703 4905 1880 4974 quoad
1912 4914 2088 4974 potest
2119 4907 2301 4972 (περι-ῖς

737 4997 856 5061 mit,
886 5010 983 5050 nec
1016 5010 1121 5048 non
1155 4994 1372 5048 divinos
1403 4996 1482 5050 sui
1530 5004 1835 5059 consortes,
1865 5009 2019 5048 sacra
2057 4993 2302 5075 quaedam

737 5088 948 5158 perllcit
979 5088 1268 5143 simulacra
1301 5089 1625 5160 speculaque
1673 5087 1974 5144 clarissima
2015 5100 2068 5143 et
2113 5088 2304 5142 imma-

739 5181 943 5249 culata,
985 5198 1106 5252 qua:
1149 5185 1440 5254 primitivaa
1487 5184 1652 5249 lucis,
1703 5198 2037 5253 summaeque
2086 5183 2305 5238 deitatis

739 5274 945 5328 radium
996 5277 1294 5345 excipiant,
1328 5286 1382 5331 et
1428 5277 1482 5330 in
1517 5276 1685 5332 Deum
1730 5278 1904 5346 ipsum
1953 5292 1983 5330 a
2024 5291 2129 5343 quo
2176 5291 2302 5344 pro-

739 5369 920 5434 tluxit,
966 5371 1334 5426 sincerissime
1372 5371 1676 5426 reﬂectant.
1725 5370 1860 5426 lliuc
1895 5370 2109 5440 mystici
2153 5372 2305 5424 tlieo-

739 5461 844 5530 logi
892 5463 1147 5531 primario
1195 5464 1675 5536 multipliciterque
1724 5465 1887 5519 Deum
1935 5464 2303 5535 participant,

738 5563 791 5606 ct
837 5555 1236 5612 sublimissimis
1273 5572 1335 5612 ac
1370 5558 1551 5612 multis
1585 5557 1754 5612 modis
1797 5572 2060 5612 arcanum
2092 5556 2184 5610 Dei
2214 5572 2306 5612 co-

738 5657 1022 5715 gaoscunt.
1071 5648 1205 5704 Cum
1251 5651 1395 5708 enim
1439 5653 1505 5708 ad
1559 5651 1878 5706 imitandum
1925 5650 2097 5706 Deum
2146 5650 2306 5704 intel-

741 5851 787 5881 "°
826 5855 966 5907 I-.'rrl.
1020 5859 1148 5910 hicr.
1182 5875 1300 5928 cap.
1337 5858 1385 5912 Ἰ.

1464 5857 1504 5930 θ’
1552 5859 1691 5913 Eccl.
1740 5861 1871 5913 Μετ’.
1898 5877 2018 5930 cap.
2049 5860 2104 5914 Ξ.

737 5941 854 5996 cup.
891 5928 940 5980 5.

2412 4721 2640 4790 ipsemet
2685 4723 2870 4776 divino
2933 4723 3236 4792 principatu
3289 4722 3646 4784 Οεοδιδὰκτοις
3691 4738 3980 4792 μυσταγω-

2409 4811 2556 4880 γίαις
2585 4813 2932 4869 erudiuntur.
2970 4813 3122 4868 Unde
3158 4813 3238 4877 iit,
3285 4824 3340 4866 ut
3368 4812 3576 4882 mystici
3610 4813 3842 4881 theologi
3895 4826 3979 4865 re-

2410 4905 2658 4961 conditos
2709 4921 2953 4976 quosque
3012 4905 3312 4977 Scriptura:
3383 4920 3574 4960 sensus
3619 4913 3673 4957 et
3721 4905 3980 4959 scientias

2409 4998 2632 5065 quasvis
2685 5000 2966 5053 naturales
3012 4999 3170 5069 longe
3213 4997 3372 5053 aliter
3406 5013 3566 5066 quam
3617 4996 3706 5050 alii
3756 4997 3979 5068 (quippe

2411 5093 2918 5161 supernaturaliter)
2947 5093 3247 5162 intelligant
3273 5100 3685 5162 peuetrentque,
3715 5105 3836 5144 cum
3869 5105 3975 5144 non

2413 5183 2614 5237 dividui
2650 5195 2741 5238 ant
2777 5203 2805 5238 e
2833 5185 3091 5251 dividuis,
3125 5187 3512 5250 vel'sensibus,
3546 5183 3626 5237 vel
3669 5185 3976 5237 rationibus

2412 5275 2797 5331 ratiocinando
2839 5278 3092 5347 colligant
3118 5280 3422 5344 scientiam,
3449 5277 3540 5332 sed
3569 5277 3638 5330 ab
3669 5278 3814 5331 omni
3858 5291 3976 5330 ma-

2414 5367 2585 5421 teriali
2619 5384 2681 5424 ac
2729 5371 2973 5426 sensibili
3021 5372 3330 5440 pluralitate
3363 5371 3514 5440 puri,
3550 5387 3578 5424 a
3611 5369 3834 5424 materia
3885 5384 3977 5422 se-

2412 5469 2562 5513 creto
2601 5472 2761 5531 atque
2814 5462 3069 5518 unifornii
3123 5466 3281 5518 modo
3332 5465 3560 5533 spiritali
3609 5478 3671 5517 ea
3719 5461 3974 5530 capiant,

2409 5568 2750 5625 quaecunque
2777 5557 2860 5609 vel
2909 5559 2958 5610 in
2991 5559 3190 5612 divinis
3223 5559 3303 5613 vel
3341 5559 3391 5611 in
3438 5558 3688 5612 humanis
3728 5556 3975 5609 scientiis

2410 5647 2638 5718 intelligi
2674 5661 2922 5721 possunt.
2958 5652 3049 5706 Est
3079 5654 3222 5706 enini
3266 5653 3371 5708 illis
3415 5654 3494 5706 vis
3518 5653 3559 5682 9'
3585 5651 3828 5720 quaedam
3862 5649 3978 5714 Spi-

2186 5856 2231 5928 ⁸]
2270 5849 2421 5928 σφι..
2466 5855 2594 5910 Iu'er.
2631 5875 2746 5928 cap.
2776 5862 2828 5915 9.
2907 5862 2951 5892 ’τ
2991 5856 3132 5910 Eccl.
3160 5859 3288 5912 Μετ’.
3331 5872 3449 5926 cap.
3483 5857 3528 5913 ι.
3606 5863 3650 5892 νδ
3682 5857 3806 5913 Cati.
3844 5863 3979 5916 tiicr.

1020 5930 1063 5959 "'
1106 5923 1270 5997 [bii/1.,
1303 5945 1420 5999 cap.
1460 5929 1504 5982 ii.
1535 5931 1580 5962 ⁹⁶
1617 5931 1778 5998 1ὺὲι1.,
1813 5948 1931 6002 cap.
1967 5923 2024 5990 Ἶ.
2103 5932 2145 5964 '7
2188 5926 2260 5981 De
2311 5923 2482 5982 dtvt'n.
2535 5923 2855 6002 numq-cap.
2897 5933 2946 5985 7.
