4198 6304
225 422 320 477 {Oi

225 525 402 588 ritalis
427 541 594 602 atque
624 533 870 603 Operatio
897 532 1230 600 impermista
1259 545 1420 601 atque
1455 534 1795 587 nnmaculata

1573 416 2106 474 PROLEGOMENA.

3377 415 3479 470 i113

1906 531 2211 586 adhibenda
2264 539 2347 585 est
2389 527 2534 598 jugis
2584 528 2966 596 mortiﬁcatio,
3018 539 3074 583 ut
3116 532 3238 598 quis
3291 543 3484 586 CXSOIS

224 629 466 697 puritate
500 628 876 698 resplendens,
903 636 956 679 et
979 625 1273 693 conspicati
1304 625 1610 679 divinarum
1647 626 1800 680 intel-
1833 593 1874 648 Α
1914 624 2004 676 ﬁat
2051 632 2105 677 et
2149 636 2343 691 expers
2390 621 2629 674 omnium
2690 621 3080 676 uniformitatis
3128 623 3478 678 divisionum.

223 716 599 786 ligentiarum,
627 732 746 785 qum
778 731 874 785 per
900 713 1185 768 divisionis
1213 730 1276 768 ac
1321 717 1561 769 materia:
1603 729 1801 770 caren-

227 810 386 874 tiam,
419 808 672 864 deiformi
710 809 920 862 unitate
956 808 1021 860 ad
1053 806 1291 860 divinam
1321 816 1374 861 et
1406 807 1687 877 plusquam
1716 823 1803 861 sa-

224 902 465 971 pientem
503 908 744 954 mentem
772 914 837 953 ac
865 899 1134 953 rationem
1169 897 1430 954 divinitus
1461 899 1800 954 eiiormatur.

227 994 366 1048 llinc
411 993 627 1064 mystici
662 991 895 1059 theologi
941 992 1044 1046 hoc
1091 1006 1307 1059 quoque
1342 1005 1558 1046 sacrum
1607 1009 1804 1049 munus

227 1090 496 1153 referunt,
521 1095 580 1140 ut
605 1089 748 1155 quod
773 1086 1076 1139 divinorum
1120 1085 1362 1138 omnium
1398 1084 1798 1141 divinissimum

225 1191 348 1249 est,
387 1181 443 1235 in
487 1180 664 1234 salute
703 1193 768 1234 ac
805 1178 1146 1249 perfectione
1180 1177 1557 1248 proximorum
1604 1195 1806 1249 procu-

227 1274 426 1335 randa,
457 1271 640 1327 divino
674 1286 896 1342 prorsus
941 1280 994 1326 et
1039 1269 1388 1325 eminentiori
1440 1287 1552 1341 prae
1594 1273 1806 1328 cmteris

227 1368 395 1420 modo
425 1364 706 1433 ipsiusmet
732 1364 826 1418 Dei
854 1374 1238 1433 cooperatores
1262 1363 1528 1429 existant;
1565 1378 1666 1418 non
1696 1379 1808 1418 om-

229 1457 367 1513 nino
396 1457 583 1512 dissita
621 1457 689 1512 ab
719 1459 912 1512 ordine
948 1456 1161 1512 ctelesti
1205 1456 1574 1512 insinuatione
1605 1459 1657 1512 in
1692 1459 1808 1512 ani-

229 1568 355 1608 mos
384 1553 670 1608 hominum
705 1551 1001 1618 inﬂuendo,
1040 1560 1095 1606 et
1148 1566 1175 1604 a
1219 1552 1500 1620 quibusvis
1538 1552 1684 1606 vitiis
1727 1562 1811 1607 at-

229 1659 342 1717 que
373 1645 880 1718 imperfectionibus
924 1648 991 1704 ad
1034 1664 1249 1705 omnem
1289 1648 1545 1704 virtutem
1591 1655 1646 1705 et
1686 1647 1810 1704 vitae

230 1741 583 1796 sanctitatem
621 1741 976 1796 traducendo.

854 1876 1081 1934 CAPUT
1120 1879 1184 1937 V.

269 1994 529 2058 Quianam
557 1992 1012 2063 pra'reqnirantur
1036 1992 1103 2045 ad
1137 1994 1409 2063 mysticam
1437 1992 1772 2064 theologiam.

308 2108 388 2161 Ad
421 2108 562 2161 hanc
596 2105 918 2177 theologiam
953 2105 999 2137 ⁸⁸
1042 2107 1362 2175 cumprimis
1406 2109 1819 2178 prterequirilur

231 2209 412 2255 status
463 2201 686 2270 quidam
731 2199 1166 2269 supernaturalis
1211 2201 1311 2270 ipsi
1350 2203 1817 2272 proportionatus,

231 2295 328 2365 qui
360 2309 484 2347 cum
519 2295 589 2346 sit
639 2294 794 2362 quasi
848 2293 1093 2362 quaedam
1128 2295 1297 2348 altera
1333 2297 1586 2349 nativitas
1612 2297 1815 2363 divitia,

231 2403 516 2457 nunquam
563 2402 694 2442 sane
746 2386 1095 2452 intellexerit,
1148 2389 1343 2442 nedum
1391 2392 1623 2460 gesserit
1664 2393 1822 2461 quid-

232 2483 383 2552 piam
436 2482 734 2536 secundum
789 2481 1070 2552 mysticam
1121 2481 1472 2553 theologiam,
1505 2484 1590 2539 cui
1618 2499 1682 2540 ne
1707 2487 1822 2557 ipse

233 2574 460 2644 quidem
493 2582 667 2627 status
702 2573 790 2627 hic
832 2572 1090 2629 divinitus
1138 2573 1352 2630 aﬂlatus
1400 2577 1491 2631 sit.
1525 2577 1734 2633 Etenim
1766 2590 1822 2634 et

234 2668 404 2721 nobis
432 2669 693 2732 (humano
731 2666 981 2734 loquendi
1036 2669 1214 2739 modo)
1251 2670 1540 2727 existentia
1585 2675 1818 2744 primum

235 2775 380 2832 Opus
407 2773 516 2826 est,
551 2771 611 2815 ut
640 2760 895 2830 deinceps
937 2777 1056 2831 quae
1095 2765 1265 2818 nostri
1298 2763 1394 2820 fori
1436 2775 1581 2832 sunt,
1614 2778 1820 2824 tracte-

235 2870 387 2922 mus,
425 2872 546 2910 cum
577 2855 627 2908 id
658 2857 799 2925 quod
850 2855 999 2910 nullo
1048 2857 1207 2912 modo
1254 2860 1460 2924 existit,
1493 2877 1666 2930 neque
1703 2879 1820 2916 mo-

236 2949 446 3005 tionem
498 2965 673 3020 neque
721 2951 1080 3007 substantiam
1128 2954 1350 3007 omnino
1400 2954 1632 3019 habeat;
1680 2957 1822 3025 quod

240 3053 430 3099 autem
482 3060 697 3115 quoquo
750 3061 907 3115 paeto
957 3056 1058 3113 est,
1113 3062 1176 3100 ea
1232 3050 1445 3100 demum
1497 3057 1552 3103 et
1602 3061 1724 3121 agat
1769 3060 1822 3104 ct

238 3137 507 3207 patiatur,
538 3152 655 3206 quae
706 3147 910 3192 natura}
953 3147 1237 3207 statusque
1285 3148 1410 3192 sunt
1440 3139 1544 3196 sui.
1583 3140 1821 3195 Dicimus

242 3232 434 3300 itaque
462 3230 698 3287 assiduis
722 3233 787 3286 ad
819 3231 987 3287 Deum
1023 3231 1350 3286 connitcndo
1377 3234 1818 3303 aspirationibus,

242 3332 413 3391 atque
463 3324 716 3381 totalihus
767 3328 1162 3382 contrariorum
1210 3329 1717 3384 mortificationibus
1764 3314 1892 3386 etC

243 3417 635 3474 abolitionibus
669 3421 912 3475 homines
930 3421 1202 3490 Spiritales
1231 3431 1404 3475 status
1436 3421 1592 3488 hujus
1621 3424 1825 3477 deian

244 3509 353 3564 mis
380 3509 820 3566 immutabililate
868 3514 1053 3581 poliri.
1099 3511 1212 3565 Non
1241 3515 1382 3566 enim
1415 3516 1478 3566 ab
1507 3516 1650 3567 omni
1683 3516 1822 3568 dun-

248 3612 399 3656 taxat
425 3605 625 3658 malitia
655 3607 781 3674 ipsis
809 3606 1168 3660 recedendum
1199 3618 1300 3671 est,
1330 3608 1421 3661 sed
1450 3608 1822 3663 obdurainlmn

242 3697 500 3764 viriliter,
535 3708 589 3752 et
638 3700 1004 3770 imperterrite
1051 3714 1263 3769 semper
1299 3702 1674 3755 obsistendum
1723 3704 1822 3770 ipsi

247 3791 428 3844 noxia:
475 3791 808 3854 remissioni;
853 3807 1006 3844 iteca
1052 3807 1206 3846 sacro
1236 3801 1318 3846 est
1367 3810 1600 3863 unquam
1643 3809 1826 3849 amore

246 3885 614 3948 cessandum,
646 3896 727 3938 ast
753 3887 1098 3939 continenter
1120 3900 1181 3939 ac
1215 3897 1472 3955 perpetuo
1501 3904 1595 3957 pro
1624 3889 1827 3943 viribus

244 3975 300 4031 ei
339 3976 720 4041 insistendum,
753 3980 815 4030 ad
859 3978 1246 4048 perfectionem
1297 3980 1462 4033 divini
1492 3981 1827 4051 principatus

247 4071 687 4124 snlilimationem
708 4082 894 4125 sancte
921 4088 1135 4142 semper
1163 4075 1372 4140 negotia
1403 4090 1498 4128 sua
1525 4075 1596 4127 dii
1615 4076 1827 4145 igendo.

250 4160 435 4231 Neque
466 4163 611 4215 enim
645 4161 691 4193 θ’
728 4162 805 4216 fas
839 4174 918 4216 est
950 4165 1188 4234 mysticis
1237 4165 1500 4235 theologis
1533 4167 1826 4235 quidquam

248 4254 489 4324 operari,
519 4254 663 4323 quod
693 4254 889 4308 divinis
940 4256 1384 4324 inspirationibus
1430 4257 1512 4310 vel
1547 4257 1828 4312 minimum

252 4357 536 4415 repugnet,
593 4347 700 4400 imo
742 4364 838 4401 nec
900 4349 1090 4402 iisdem
1144 4349 1457 4407 dissentire.
1508 4351 1550 4404 si
1589 4349 1829 4403 divinam

250 4449 507 4508 appetant
539 4439 864 4502 claritatem,
912 4453 963 4494 et
993 4446 1056 4495 ad
1090 4442 1226 4495 hanc
1274 4454 1481 4507 sancte,
1516 4453 1570 4496 ut
1606 4460 1702 4514 par
1728 4452 1828 4506 est,

255 4533 521 4602 aSpirent.
555 4530 741 4602 itaque
776 4534 1016 4602 perfecta
1051 4535 1132 4589 sui
1175 4534 1347 4603 ipsius
1381 4537 1724 4590 abdicatione
1764 4537 1830 4568 ¹⁰⁰

253 4640 320 4680 ac
347 4626 601 4679 continua
633 4629 684 4680 itt
731 4627 896 4681 rebus
943 4629 1196 4684 omnibus
1245 4629 1662 4683 mortiiicatinnc
1699 4645 1832 4698 Opus

256 4729 373 4782 est;
408 4721 623 4790 quando
654 4721 867 4790 quidem
913 4731 1157 4774 naturam
1212 4723 1501 4775 humanam
1550 4722 1680 4774 vitio
1713 4740 1834 4790 pro-

261 4813 474 4882 toplasti
522 4812 720 4867 divinis
767 4813 920 4867 bonis
969 4813 1282 4883 spoliatam,
1333 4814 1440 4867 vita
1484 4813 1832 4882 passionibus

257 4904 491 4959 obnoxia
529 4905 764 4972 excepit,
817 4915 870 4959 et
920 4915 1314 4975 consequenter
1365 4908 1528 4960 homo
1569 4923 1596 4961 a
1653 4907 1830 4960 divina

260 4999 456 5065 gratia,
485 5013 604 5068 qua:
637 4998 809 5069 ipsum
847 4999 912 5053 ad
960 5015 1154 5069 supera
1207 4999 1539 5070 subrigebat,
1573 5000 1837 5070 dilapsus,

257 5105 315 5151 et
347 5095 413 5149 ad
444 5104 687 5150 extrema
716 5095 987 5149 contraria
1024 5093 1136 5163 jam
1167 5109 1403 5164 prteceps
1441 5095 1622 5157 datus,
1673 5094 1836 5146 variis

258 5186 768 5258 perturbationibus
800 5188 1103 5258 expositam
1139 5197 1329 5243 nactus
1372 5195 1456 5240 est
1501 5185 1835 5239 immutatio-

260 5296 407 5336 nem.
439 5277 594 5335 Unde
631 5296 754 5334 cum
787 5295 890 5335 non
926 5281 1096 5350 possit
1142 5282 1207 5332 ad
1249 5294 1414 5333 unum
1445 5276 1645 5347 colligi,
1675 5286 1836 5346 atque

261 5373 424 5428 unius
477 5373 715 5442 paciticm
753 5374 968 5429 unionis
1019 5376 1291 5442 particeps
1343 5371 1578 5425 existere
1627 5371 1715 5439 qui
1750 5385 1836 5423 se-

261 5479 390 5519 cum
427 5464 544 5534 ipse
591 5464 836 5530 dissidet,
875 5479 1050 5534 neque
1095 5465 1254 5517 liceat
1299 5477 1510 5518 summe
1564 5462 1837 5516 contraria

262 5556 422 5612 simul
477 5559 823 5626 participare,
876 5557 954 5610 vel
1011 5556 1561 5610 communicationem
1601 5555 1837 5624 aliquam

263 5666 388 5703 cum
419 5666 525 5705 uno
565 5652 811 5711 habenti,
864 5651 1067 5704 divisas
1125 5651 1323 5704 habere
1376 5650 1540 5712 vitas,
1588 5650 1632 5701 si
1684 5649 1842 5704 unius

262 5737 360 5794 Dei
419 5738 668 5792 stabilem
709 5741 959 5808 praeferat
992 5742 1497 5810 participationem,
1534 5741 1842 5794 necessario

335 5854 382 5885 θ’
425 5855 564 5909 Eccl.
611 5857 747 5910 hier.
794 5860 987 5924 rapx).

1066 5859 1110 5888 9°
1151 5859 1275 5910 (Irel.
1319 5860 1451 5910 hier.
1486 5874 1604 5926 cap.
1632 5859 1682 5911 3.

263 5927 399 5983 Mer.
434 5945 552 5996 cap.
599 5929 652 5982 4.

739 5930 757 5957 ³
805 5925 876 5979 De
914 5930 1070 5982 itit'in.
1105 5949 1268 5994 noun,
1319 5948 1441 5999 cup.
1493 5925 1610 6002 ὣς
1673 5930 1715 5982 i.

1767 5861 1832 5890 ¹⁰⁰
1881 5861 2024 5916 Eccl.
2053 5862 2184 5917 hicr.
2214 5878 2335 5933 cap.
2362 5863 2414 5920 5.

1904 715 2199 784 Propterea
2250 713 2347 768 viri
2392 714 2585 777 sancti,
2631 715 2938 769 divinorum
2987 715 3370 770 communione
3402 718 3484 769 di-

1905 808 2074 874 gnati,
2115 807 2238 860 dum
2271 820 2369 876 pro
2395 820 2646 860 mensura
2682 807 2869 875 gratia:
2906 807 3103 860 divina:
3146 808 3249 862 sibi
3275 809 3488 864 collata:

1907 901 1972 953 ad
2006 900 2391 955 deiformitatis
2437 909 2491 954 et
2529 901 2769 970 mysticae
2796 901 3018 955 unionis
3049 901 3330 971 fastigium
3361 918 3488 971 per-

1908 987 2222 1046 fectissimis
2252 991 2671 1060 perfectivisqne
2697 991 3130 1046 deiilcationibus
3155 994 3490 1057 evehuntur,

1909 1096 1972 1137 ea
2019 1097 2139 1151 quae
2171 1083 2354 1138 carnis
2401 1093 2531 1138 sunt
2587 1085 2808 1138 minime
2845 1093 3042 1139 curant
3097 1087 3236 1139 citra
3286 1096 3493 1141 natura:

1912 1175 2317 1240 necessitatem,
2348 1177 2528 1246 idque,
2567 1186 2726 1246 prout
2769 1192 2897 1232 usus
2923 1177 3046 1243 fert,
3083 1179 3296 1245 obiter;
3332 1191 3494 1249 atque

1910 1269 2014 1323 hoc
2043 1269 2200 1320 modo
2232 1269 2392 1322 etiam
2446 1283 2670 1337 corpora
2719 1268 2930 1322 illorum
2982 1285 3077 1338 per
3119 1270 3494 1325 mortiﬁcatio-

1913 1374 2034 1412 nem
2067 1359 2460 1427 quodammodo
2486 1360 2898 1430 spiritualizata,
2925 1361 2976 1416 in
3007 1364 3229 1432 mystica
3262 1363 3495 1417 deiﬁca-

1914 1452 2057 1506 tione
2092 1450 2348 1520 templum
2382 1451 2514 1504 fiunt
2559 1452 2793 1520 Spiritus
2838 1453 3397 1523 divino-principalis,
3441 1455 3494 1509 in

1913 1559 2019 1613 quo
2047 1545 2228 1599 simile
2261 1545 2310 1599 in
2345 1545 2504 1599 simili
2540 1545 2796 1600 fundatur
2824 1561 2887 1601 ac
2921 1548 3246 1604 collocatur.

2530 1657 2758 1713 CAPUT
2801 1659 2887 1714 Vl.

1916 1749 2035 1816 Qua
2061 1751 2268 1804 ratione
2291 1751 2359 1802 ad
2383 1752 2657 1821 mysticam
2682 1751 2998 1822 theologiam
3031 1754 3382 1809 accedendum
3410 1757 3498 1811 sit.

1985 1845 2290 1901 Obstaculis
2350 1855 2403 1901 ct
2458 1847 2856 1916 impedimentis
2911 1863 3007 1918 per
3071 1848 3502 1906 mortiﬁcationis

1843 1948 1884 2002 Β
1914 1941 2233 1995 exercitium
2272 1940 2523 2006 sublatis,
2571 1940 2933 1995 adhibendum
2974 1950 3052 1996 est
3077 1942 3239 1996 etiam
3266 1943 3502 2000 studium

1920 2033 2205 2098 orationis,
2243 2033 2491 2101 exemplo
2533 2032 2772 2103 Dionysii
2809 2034 3087 2105 mysticam
3117 2034 3443 2107 theologiam
3470 2054 3500 2092 a

1922 2127 2277 2182 sanctissimae
2355 2128 2638 2182 Trinitatis
2720 2129 3064 2184 invocatione
3142 2133 3501 2200 auspicantis.

1923 2221 2151 2291 Oportet
2179 2221 2344 2291 igitur
2372 2234 2468 2274 nos
2499 2220 2731 2291 primum
2771 2222 3115 2277 orationibus
3147 2224 3212 2277 ad
3263 2223 3429 2278 Dettm
3460 2225 3502 2290 ¹,

1925 2324 2178 2385 tanquam
2209 2316 2276 2369 ad
2317 2314 2555 2386 mysticte
2599 2313 2877 2387 theologia:
2928 2317 3250 2388 principium
3285 2318 3501 2386 adduci,

1923 2424 1986 2463 ac
2017 2411 2210 2465 deinde
2238 2411 2411 2483 magis
2436 2412 2530 2481 ipsi
2561 2413 3011 2483 propinquantes,
3051 2413 3269 2468 edoceri
3299 2417 3506 2482 Optima

1924 2519 2151 2575 quaeque
2184 2519 2430 2566 munera.
2467 2521 2585 2576 qua:
2635 2520 2798 2575 penes
2835 2503 3008 2575 ipsum
3051 2515 3179 2561 sunt
3219 2506 3503 2561 collocata.

1924 2597 2058 2651 Nam
2093 2597 2206 2666 ipse
2233 2599 2450 2669 quidem
2487 2615 2729 2670 praisens
2764 2601 2919 2655 adest
2961 2601 3237 2667 omnibus,
3270 2617 3372 2655 non
3407 2616 3508 2655 au-

1925 2699 2030 2746 tem
2066 2692 2136 2746 illi
2165 2694 2363 2748 adsunt
2403 2694 2625 2758 omnia;
2654 2696 2748 2749 sed
2776 2710 2897 2749 cum
2931 2709 3050 2749 eum
3081 2697 3286 2751 sanctis
3315 2710 3509 2764 preca-

1927 2787 2184 2850 tionibus,
2230 2795 2282 2841 et
2318 2797 2497 2842 mente
2528 2787 2844 2856 tranquilla,
2871 2797 2924 2841 et
2972 2787 3036 2841 ad
3080 2788 3313 2843 divinant
3347 2791 3510 2844 unio-

1925 2895 2047 2934 nem
2096 2880 2508 2935 accommodata
2554 2878 2929 2950 deprecamur.
2987 2889 3095 2933 tum
3146 2877 3362 2933 demum
3408 2896 3512 2938 nos

1924 2974 2087 3030 etiam
2129 2975 2177 3029 ei
2209 2983 2507 3045 prmsentes
2558 2990 2768 3030 sumus.
2822 2972 2938 3043 Ipse
2987 2972 3132 3028 enim
3177 2987 3278 3028 nec
3312 2973 3514 3030 inloco

1927 3067 1999 3122 ita
2035 3076 2198 3121 estut
2235 3081 2459 3136 usquam
2504 3065 2664 3127 absit,
2703 3064 2782 3118 vel
2809 3079 2875 3119 ex
2906 3063 3027 3118 aliis
3059 3065 3124 3117 ad
3154 3063 3254 3118 alia
3291 3065 3510 3134 migret.

1924 3157 2063 3225 Quin
2097 3159 2205 3212 imo
2232 3157 2434 3221 dicere,
2465 3155 2516 3210 in
2548 3154 2802 3211 omnibus
2851 3155 3024 3226 ipsum
3058 3170 3197 3220 esse,
3233 3157 3376 3226 quod
3411 3158 3513 3211 mi-

1928 3266 2027 3304 nus
2057 3259 2139 3303 est
2182 3247 2299 3318 ejus
2332 3248 2618 3310 infinitate,
2667 3262 2785 3313 qure
2826 3254 2878 3300 et
2928 3248 3141 3301 excedit
3171 3256 3228 3301 et
3269 3248 3516 3303 continet

1927 3341 2196 3391 universa.
2230 3336 2337 3391 Nos
2369 3337 2515 3408 ipsos
2548 3337 2729 3406 itaque
2769 3337 3109 3391 orationibus
3137 3337 3202 3391 ad
3235 3337 3515 3392 sublimio-

1927 3449 2039 3488 rem
2077 3435 2383 3487 divinoruin
2418 3432 2880 3501 benignorumque
2904 3431 3177 3485 radiorum
3210 3433 3542 3490 centuituni,

1926 3538 2321 3593 comparemus.
2361 3523 2825 3587 Quemadmodum
2863 3526 2907 3575 si
2938 3522 3328 3576 lucidissimam
3355 3533 3511 3577 cate—

1927 3631 2047 3667 nam
2076 3630 2103 3667 e
2130 3628 2342 3667 summo
2367 3615 2501 3668 cmlo
2525 3627 2871 3682 suspensam,
2904 3621 2954 3665 et
2979 3614 3082 3668 huc
3115 3629 3283 3682 usque
3306 3613 3520 3667 dentis-.

1928 3721 2066 3771 Sam,
2102 3705 2349 3759 manibus
2383 3704 2607 3758 alternis
2641 3707 2691 3757 iu
2727 3705 2997 3759 anteriora
3032 3705 3304 3772 protensis
3340 3708 3514 3759 conti-

1931 3807 2128 3854 neuter
2167 3798 2555 3867 arriperemus,
2590 3797 2868 3851 attrahere
2913 3797 3125 3864 quidem
3156 3799 3321 3865 ipsam
3359 3800 3511 3850 vidi--

1932 3903 2137 3951 remur,
2178 3905 2234 3943 re
2264 3899 2442 3943 autem
2477 3904 2601 3943 vera
2627 3904 2729 3942 non
2763 3888 2910 3943 illam
2952 3888 3049 3957 ipsi
3097 3889 3516 3953 deduceremus,

1931 3988 1986 4033 ut
2015 3996 2135 4048 (ιιιιρ
2168 3988 2400 4050 superne
2431 3989 2485 4033 et
2526 3979 2736 4034 inferne
2776 3995 3014 4049 prmsens
3052 3991 3216 4043 esset,
3256 3980 3350 4034 sed
3384 3981 3516 4049 ipsi-

1933 4083 2040 4127 met
2081 4076 2249 4143 magis
2283 4075 2346 4126 ad
2389 4073 2734 4128 sublimiores
2779 4074 3050 4128 radiorum
3086 4074 3374 4128 illustrium
3409 4076 3518 4129 iul-

1932 4183 2091 4238 gores
2145 4168 2518 4221 eveheremur.
2563 4168 2667 4218 Aut
2718 4165 2859 4219 sicut
2916 4166 2960 4218 si
3011 4167 3189 4218 navim
3249 4167 3516 4236 ingre~si,

1935 4262 2191 4328 rudentes
2237 4275 2300 4313 ex
2335 4267 2485 4328 petra
2520 4258 2754 4327 quadam
2791 4257 2853 4309 ad
2903 4272 3001 4309 nos
3043 4272 3211 4326 usque
3237 4271 3520 4326 porrectos

1938 4354 2124 4407 auxilii
2167 4366 2330 4406 causa
2378 4360 2708 4413 teneremus,
2760 4363 2865 4402 non
2919 4348 2984 4401 ad
3035 4364 3132 4402 nos
3157 4359 3389 4419 petram,
3426 4352 3520 4406 sed

1938 4447 2184 4513 nosipsos
2218 4458 2405 4497 revera
2442 4441 2732 4509 navimque
2760 4440 2824 4493 ad
2853 4449 3061 4508 petram
3089 4441 3516 4495 traducerentus.

2009 4538 2352 4606 Quapropter
2403 4542 2530 4587 ante
2576 4532 2783 4598 omnia,
2834 4531 3136 4601 praesertim
3193 4534 3244 4585 in
3291 4537 3517 4603 mystica

1942 4629 2230 4698 theologia,
2286 4626 2354 4680 ab
2399 4627 2649 4681 oratione
2710 4625 3096 4693 auspicandum
3143 4633 3226 4678 est
3262 4642 3274 4679 :
3313 4640 3416 4678 non
3464 4635 3523 4679 tit

1940 4723 2137 4793 ubique
2163 4730 2216 4777 et
2240 4735 2502 4792 nusquam
2530 4730 2848 4790 praesentem
2877 4720 3130 4775 virtutem
3157 4719 3519 4783 attrahamus,

1939 4816 2053 4879 sed,
2095 4825 2153 4869 ιιι
2183 4815 2382 4869 divinis
2416 4813 3027 4869 cominemorationibus
3057 4812 3522 4867 invocationibus-

1949 4930 2059 4982 quc
2091 4929 2188 4967 nos
2221 4914 2366 4980 ipsos
2397 4911 2473 4964 illi
2507 4911 2766 4964 dedamus
2807 4920 2968 4977 atque
3001 4908 3275 4962 uniamus.
3306 4905 3522 4960 Etenim

1941 5005 2173 5058 essentia
2208 5003 2293 5056 illa
2325 5004 2368 5067 ¹,
2397 5001 2550 5069 cujus
2589 5001 2773 5054 odoris
2805 5000 3050 5055 suavitas
3100 5009 3334 5054 mentem
3363 5012 3523 5067 supe-

1947 5108 2050 5160 rat,
2086 5093 2153 5148 ab
2184 5093 2354 5164 igneis
2384 5092 2798 5163 purissimisque
2846 5091 3115 5147 mentibus
3145 5093 3209 5144 ad
3234 5089 3314 5144 sui
3346 5089 3523 5142 mani-

1946 5189 2289 5244 festationem
2342 5203 2438 5256 per
2480 5185 2914 5240 ferventissimas
2972 5185 3253 5239 orationes
3303 5181 3523 5235 invitari

1948 5291 2113 5343 amat,
2146 5280 2624 5347 divinissimasque
2672 5293 2798 5332 suas
2843 5275 3233 5347 inSpiratioues
3277 5273 3525 5329 luculen—

1950 5372 2174 5426 tissimis
2229 5369 2700 5425 distributionibus
2746 5370 3054 5437 impertitur
3101 5365 3239 5430 illis,
3292 5366 3382 5434 qui
3441 5365 3524 5421 sic

1947 5466 2092 5519 illam
2143 5462 2659 5533 supramuudialiter
2713 5462 3026 5515 invitarunt.
3091 5458 3184 5514 Est
3237 5459 3379 5512 enim
3429 5457 3522 5511 lux

1949 5573 2072 5612 vera
2121 5557 2142 5589 ³
2182 5573 2300 5626 qua:
2340 5569 2555 5610 onmem
2598 5565 2828 5609 mentem
2861 5554 3043 5624 implet
3075 5553 3278 5608 lumine
3307 5551 3524 5607 iuteiie-

1947 5652 2311 5713 ctili,o'nnem
2348 5662 2524 5706 autem
2561 5651 2917 5720 ignorantiam
2946 5659 3000 5702 et
3029 5663 3271 5702 errorem
3301 5661 3366 5702 ex
3398 5660 3523 5698 om-

1949 5742 2103 5796 nibus
2133 5743 2329 5798 animis
2359 5745 2406 5798 in
2447 5745 2643 5814 quibus
2679 5755 2784 5808 est,
2815 5744 2983 5814 ejiizit,
3025 5756 3076 5795 et
3110 5743 3238 5808 ipsis
3267 5740 3525 5796 omnibus

2497 5866 2509 5894 ¹
2559 5863 2627 5916 De
2659 5865 2817 5918 divin.
2848 5881 2985 5917 nom.
3026 5878 3146 5932 cap.
3181 5862 3232 5918 5.
3313 5863 3330 5892 ²
3373 5860 3522 5917 Euri.
