  <div class='ocr_page' id='page_1' title='image "/cluster/home/n/w/nwhite01/storage/ocr_20150623/3/pst.000003853313/061.png"; bbox 0 0 4196 6306; ppageno 0'>
   <div class='ocr_carea' id='block_1_1' title="bbox 788 378 891 435">
    <p class='ocr_par' dir='ltr' id='par_1_1' title="bbox 788 378 891 435">
     <span class='ocr_line' id='line_1_1' title="bbox 788 378 891 435; baseline -0.019 0"><span class='ocrx_word' id='word_1_1' title='bbox 788 378 891 435; x_wconf 67' lang='grc'><strong>105</strong></span> 
     </span>
    </p>
   </div>
   <div class='ocr_carea' id='block_1_2' title="bbox 1923 368 2887 429">
    <p class='ocr_par' dir='ltr' id='par_1_2' title="bbox 1923 368 2887 429">
     <span class='ocr_line' id='line_1_2' title="bbox 1923 368 2887 429; baseline -0.001 0"><span class='ocrx_word' id='word_1_2' title='bbox 1923 372 1978 429; x_wconf 84' lang='lat' dir='ltr'><strong>S.</strong></span> <span class='ocrx_word' id='word_1_3' title='bbox 2020 368 2390 429; x_wconf 76' lang='lat' dir='ltr'><strong>DlONYSlUS</strong></span> <span class='ocrx_word' id='word_1_4' title='bbox 2427 368 2887 428; x_wconf 79' lang='lat' dir='ltr'><strong>AREOPAGITA.</strong></span> 
     </span>
    </p>
   </div>
   <div class='ocr_carea' id='block_1_3' title="bbox 3914 378 4016 434">
    <p class='ocr_par' dir='ltr' id='par_1_3' title="bbox 3914 378 4016 434">
     <span class='ocr_line' id='line_1_3' title="bbox 3914 378 4016 434; baseline 0.02 -2"><span class='ocrx_word' id='word_1_5' title='bbox 3914 378 4016 434; x_wconf 76' lang='grc' dir='ltr'><strong>1οι</strong></span> 
     </span>
    </p>
   </div>
   <div class='ocr_carea' id='block_1_4' title="bbox 780 483 4016 565">
    <p class='ocr_par' dir='ltr' id='par_1_4' title="bbox 780 483 4016 565">
     <span class='ocr_line' id='line_1_4' title="bbox 780 483 4016 565; baseline -0 -13"><span class='ocrx_word' id='word_1_6' title='bbox 780 496 962 554; x_wconf 85' lang='lat' dir='ltr'><strong>lumen</strong></span> <span class='ocrx_word' id='word_1_7' title='bbox 992 503 1238 549; x_wconf 84' lang='lat' dir='ltr'><strong>sanctum</strong></span> <span class='ocrx_word' id='word_1_8' title='bbox 1278 492 1553 565; x_wconf 73' lang='lat' dir='ltr'><strong>impertit,</strong></span> <span class='ocrx_word' id='word_1_9' title='bbox 1595 496 1891 562; x_wconf 80' lang='lat' dir='ltr'><strong>eorumque</strong></span> <span class='ocrx_word' id='word_1_10' title='bbox 1921 490 2105 547; x_wconf 89' lang='lat' dir='ltr'><strong>oculos</strong></span> <span class='ocrx_word' id='word_1_11' title='bbox 2135 498 2346 545; x_wconf 84' lang='lat' dir='ltr'><strong>menta-</strong></span> <span class='ocrx_word' id='word_1_12' title='bbox 2373 505 2418 565; x_wconf 73' lang='grc' dir='ltr'><strong>Α</strong></span> <span class='ocrx_word' id='word_1_13' title='bbox 2447 487 2499 542; x_wconf 91' lang='lat' dir='ltr'><strong>in</strong></span> <span class='ocrx_word' id='word_1_14' title='bbox 2536 488 2823 543; x_wconf 83' lang='lat' dir='ltr'><strong>animabus</strong></span> <span class='ocrx_word' id='word_1_15' title='bbox 2855 486 3056 542; x_wconf 75' lang='lat' dir='ltr'><strong>nostris</strong></span> <span class='ocrx_word' id='word_1_16' title='bbox 3101 486 3320 558; x_wconf 76' lang='lat' dir='ltr'><strong>exigant</strong></span> <span class='ocrx_word' id='word_1_17' title='bbox 3346 483 3546 545; x_wconf 85' lang='lat' dir='ltr'><strong>habere</strong></span> <span class='ocrx_word' id='word_1_18' title='bbox 3574 489 3675 547; x_wconf 90' lang='lat' dir='ltr'><strong>sibi</strong></span> <span class='ocrx_word' id='word_1_19' title='bbox 3708 493 4016 553; x_wconf 80' lang='lat' dir='ltr'><strong>conformes</strong></span> 
     </span>
    </p>
   </div>
   <div class='ocr_carea' id='block_1_5' title="bbox 783 580 2346 656">
    <p class='ocr_par' dir='ltr' id='par_1_5' title="bbox 783 580 2346 656">
     <span class='ocr_line' id='line_1_5' title="bbox 783 580 2346 656; baseline -0.003 -12"><span class='ocrx_word' id='word_1_20' title='bbox 783 588 863 644; x_wconf 83' lang='lat' dir='ltr'><strong>les</strong></span> <span class='ocrx_word' id='word_1_21' title='bbox 886 602 916 643; x_wconf 71' lang='grc' dir='ltr'>ι</span> <span class='ocrx_word' id='word_1_22' title='bbox 943 585 1177 656; x_wconf 87' lang='lat' dir='ltr'><strong>caligine</strong></span> <span class='ocrx_word' id='word_1_23' title='bbox 1194 592 1256 639; x_wconf 84' lang='lat' dir='ltr'><strong>et</strong></span> <span class='ocrx_word' id='word_1_24' title='bbox 1284 584 1588 655; x_wconf 74' lang='lat' dir='ltr'><strong>ignorantia</strong></span> <span class='ocrx_word' id='word_1_25' title='bbox 1636 580 1962 638; x_wconf 88' lang='lat' dir='ltr'><strong>circumfusa</strong></span> <span class='ocrx_word' id='word_1_26' title='bbox 2005 592 2261 655; x_wconf 88' lang='lat' dir='ltr'><strong>repurgat</strong></span> <span class='ocrx_word' id='word_1_27' title='bbox 2289 591 2346 639; x_wconf 89' lang='lat' dir='ltr'><strong>et</strong></span> 
     </span>
    </p>
   </div>
   <div class='ocr_carea' id='block_1_6' title="bbox 783 674 2343 747">
    <p class='ocr_par' dir='ltr' id='par_1_6' title="bbox 783 674 2343 747">
     <span class='ocr_line' id='line_1_6' title="bbox 783 674 2343 747; baseline -0.003 -12"><span class='ocrx_word' id='word_1_28' title='bbox 783 680 996 744; x_wconf 84' lang='lat' dir='ltr'><strong>liberat,</strong></span> <span class='ocrx_word' id='word_1_29' title='bbox 1029 687 1083 733; x_wconf 84' lang='lat' dir='ltr'><strong>et</strong></span> <span class='ocrx_word' id='word_1_30' title='bbox 1113 677 1317 733; x_wconf 86' lang='lat' dir='ltr'><strong>excitat</strong></span> <span class='ocrx_word' id='word_1_31' title='bbox 1339 685 1509 746; x_wconf 82' lang='lat' dir='ltr'><strong>atque</strong></span> <span class='ocrx_word' id='word_1_32' title='bbox 1544 675 1718 745; x_wconf 88' lang='lat' dir='ltr'><strong>aperit</strong></span> <span class='ocrx_word' id='word_1_33' title='bbox 1744 674 1909 729; x_wconf 89' lang='lat' dir='ltr'><strong>multa</strong></span> <span class='ocrx_word' id='word_1_34' title='bbox 1938 675 2209 747; x_wconf 86' lang='lat' dir='ltr'><strong>gravitate</strong></span> <span class='ocrx_word' id='word_1_35' title='bbox 2260 685 2343 731; x_wconf 89' lang='lat' dir='ltr'><strong>te-</strong></span> 
     </span>
    </p>
   </div>
   <div class='ocr_carea' id='block_1_7' title="bbox 782 767 2340 841">
    <p class='ocr_par' dir='ltr' id='par_1_7' title="bbox 782 767 2340 841">
     <span class='ocr_line' id='line_1_7' title="bbox 782 767 2340 841; baseline -0.003 -13"><span class='ocrx_word' id='word_1_36' title='bbox 782 773 1071 829; x_wconf 84' lang='lat' dir='ltr'><strong>nebrarum</strong></span> <span class='ocrx_word' id='word_1_37' title='bbox 1113 784 1401 841; x_wconf 81' lang='lat' dir='ltr'><strong>oppressos</strong></span> <span class='ocrx_word' id='word_1_38' title='bbox 1449 778 1498 824; x_wconf 92' lang='lat' dir='ltr'><strong>et</strong></span> <span class='ocrx_word' id='word_1_39' title='bbox 1543 768 1755 824; x_wconf 85' lang='lat' dir='ltr'><strong>clausos</strong></span> <span class='ocrx_word' id='word_1_40' title='bbox 1797 784 1812 821; x_wconf 90' lang='lat'><strong>:</strong></span> <span class='ocrx_word' id='word_1_41' title='bbox 1858 768 2058 838; x_wconf 79' lang='lat' dir='ltr'><strong>datque</strong></span> <span class='ocrx_word' id='word_1_42' title='bbox 2103 767 2340 838; x_wconf 88' lang='lat' dir='ltr'><strong>primum</strong></span> 
     </span>
    </p>
   </div>
   <div class='ocr_carea' id='block_1_8' title="bbox 783 860 2344 933">
    <p class='ocr_par' dir='ltr' id='par_1_8' title="bbox 783 860 2344 933">
     <span class='ocr_line' id='line_1_8' title="bbox 783 860 2344 933; baseline 0 -16"><span class='ocrx_word' id='word_1_43' title='bbox 783 865 1001 933; x_wconf 76' lang='lat' dir='ltr'><strong>quidem</strong></span> <span class='ocrx_word' id='word_1_44' title='bbox 1051 864 1375 920; x_wconf 72' lang='lat' dir='ltr'><strong>mediocrem</strong></span> <span class='ocrx_word' id='word_1_45' title='bbox 1421 860 1796 931; x_wconf 84' lang='lat' dir='ltr'><strong>splendorem,</strong></span> <span class='ocrx_word' id='word_1_46' title='bbox 1852 860 2045 915; x_wconf 85' lang='lat' dir='ltr'><strong>deinde</strong></span> <span class='ocrx_word' id='word_1_47' title='bbox 2086 870 2344 930; x_wconf 85' lang='lat' dir='ltr'><strong>tanquam</strong></span> 
     </span>
    </p>
   </div>
   <div class='ocr_carea' id='block_1_9' title="bbox 783 951 2341 1027">
    <p class='ocr_par' dir='ltr' id='par_1_9' title="bbox 783 951 2341 1027">
     <span class='ocr_line' id='line_1_9' title="bbox 783 951 2341 1027; baseline -0.001 -17"><span class='ocrx_word' id='word_1_48' title='bbox 783 956 1066 1027; x_wconf 76' lang='lat' dir='ltr'><strong>degustato</strong></span> <span class='ocrx_word' id='word_1_49' title='bbox 1096 954 1314 1016; x_wconf 91' lang='lat' dir='ltr'><strong>lumine,</strong></span> <span class='ocrx_word' id='word_1_50' title='bbox 1343 953 1514 1008; x_wconf 91' lang='lat' dir='ltr'><strong>oculis</strong></span> <span class='ocrx_word' id='word_1_51' title='bbox 1534 952 1643 1023; x_wconf 78' lang='lat' dir='ltr'><strong>jam</strong></span> <span class='ocrx_word' id='word_1_52' title='bbox 1672 951 1841 1022; x_wconf 85' lang='lat' dir='ltr'><strong>magis</strong></span> <span class='ocrx_word' id='word_1_53' title='bbox 1866 960 1984 1022; x_wconf 85' lang='lat' dir='ltr'><strong>post</strong></span> <span class='ocrx_word' id='word_1_54' title='bbox 2008 953 2341 1022; x_wconf 77' lang='lat' dir='ltr'><strong>degustatio-</strong></span> 
     </span>
    </p>
   </div>
   <div class='ocr_carea' id='block_1_10' title="bbox 783 1044 2351 1115">
    <p class='ocr_par' dir='ltr' id='par_1_10' title="bbox 783 1044 2351 1115">
     <span class='ocr_line' id='line_1_10' title="bbox 783 1044 2351 1115; baseline 0 -14"><span class='ocrx_word' id='word_1_55' title='bbox 783 1064 904 1101; x_wconf 82' lang='lat' dir='ltr'><strong>nem</strong></span> <span class='ocrx_word' id='word_1_56' title='bbox 953 1047 1130 1101; x_wconf 85' lang='lat' dir='ltr'><strong>lumen</strong></span> <span class='ocrx_word' id='word_1_57' title='bbox 1179 1045 1591 1115; x_wconf 82' lang='lat' dir='ltr'><strong>appetentibus,</strong></span> <span class='ocrx_word' id='word_1_58' title='bbox 1635 1045 1811 1114; x_wconf 83' lang='lat' dir='ltr'><strong>magis</strong></span> <span class='ocrx_word' id='word_1_59' title='bbox 1864 1059 1927 1100; x_wconf 84' lang='lat' dir='ltr'><strong>se</strong></span> <span class='ocrx_word' id='word_1_60' title='bbox 1970 1044 2235 1114; x_wconf 87' lang='lat' dir='ltr'><strong>impertit,</strong></span> <span class='ocrx_word' id='word_1_61' title='bbox 2290 1053 2351 1101; x_wconf 87' lang='lat' dir='ltr'><strong>et</strong></span> 
     </span>
    </p>
   </div>
   <div class='ocr_carea' id='block_1_11' title="bbox 784 1134 2341 1207">
    <p class='ocr_par' dir='ltr' id='par_1_11' title="bbox 784 1134 2341 1207">
     <span class='ocr_line' id='line_1_11' title="bbox 784 1134 2341 1207; baseline 0 -16"><span class='ocrx_word' id='word_1_62' title='bbox 784 1137 1053 1207; x_wconf 79' lang='lat' dir='ltr'><strong>copiosius</strong></span> <span class='ocrx_word' id='word_1_63' title='bbox 1081 1135 1322 1206; x_wconf 77' lang='lat' dir='ltr'><strong>a‘li‘uiget,</strong></span> <span class='ocrx_word' id='word_1_64' title='bbox 1368 1136 1621 1205; x_wconf 88' lang='lat' dir='ltr'><strong>quoniam</strong></span> <span class='ocrx_word' id='word_1_65' title='bbox 1648 1134 1957 1190; x_wconf 88' lang='lat' dir='ltr'><strong>dilexerunt</strong></span> <span class='ocrx_word' id='word_1_66' title='bbox 1985 1137 2252 1203; x_wconf 81' lang='lat' dir='ltr'><strong>multum;</strong></span> <span class='ocrx_word' id='word_1_67' title='bbox 2276 1151 2341 1192; x_wconf 77' lang='lat' dir='ltr'><strong>ac</strong></span> 
     </span>
    </p>
   </div>
   <div class='ocr_carea' id='block_1_12' title="bbox 783 1226 2344 1298">
    <p class='ocr_par' dir='ltr' id='par_1_12' title="bbox 783 1226 2344 1298">
     <span class='ocr_line' id='line_1_12' title="bbox 783 1226 2344 1298; baseline -0.001 -13"><span class='ocrx_word' id='word_1_68' title='bbox 783 1244 997 1298; x_wconf 77' lang='lat' dir='ltr'><strong>semper</strong></span> <span class='ocrx_word' id='word_1_69' title='bbox 1026 1230 1248 1283; x_wconf 88' lang='lat' dir='ltr'><strong>ulterius</strong></span> <span class='ocrx_word' id='word_1_70' title='bbox 1286 1226 1539 1297; x_wconf 75' lang='lat' dir='ltr'><strong>provehit</strong></span> <span class='ocrx_word' id='word_1_71' title='bbox 1584 1227 1930 1297; x_wconf 82' lang='lat' dir='ltr'><strong>proportione</strong></span> <span class='ocrx_word' id='word_1_72' title='bbox 1962 1228 2344 1284; x_wconf 60' lang='lat' dir='ltr'><strong>studiireorum</strong></span> 
     </span>
    </p>
   </div>
   <div class='ocr_carea' id='block_1_13' title="bbox 782 1320 2345 1392">
    <p class='ocr_par' dir='ltr' id='par_1_13' title="bbox 782 1320 2345 1392">
     <span class='ocr_line' id='line_1_13' title="bbox 782 1320 2345 1392; baseline -0.001 -15"><span class='ocrx_word' id='word_1_73' title='bbox 782 1324 848 1377; x_wconf 79' lang='lat' dir='ltr'><strong>ad</strong></span> <span class='ocrx_word' id='word_1_74' title='bbox 878 1322 1244 1391; x_wconf 77' lang='lat' dir='ltr'><strong>aspiciendam</strong></span> <span class='ocrx_word' id='word_1_75' title='bbox 1275 1333 1510 1376; x_wconf 84' lang='lat' dir='ltr'><strong>sursum.</strong></span> <span class='ocrx_word' id='word_1_76' title='bbox 1551 1320 1760 1375; x_wconf 86' lang='lat' dir='ltr'><strong>Etenim</strong></span> <span class='ocrx_word' id='word_1_77' title='bbox 1793 1322 1815 1352; x_wconf 72' lang='grc'><strong>⁸</strong></span> <span class='ocrx_word' id='word_1_78' title='bbox 1857 1320 2001 1376; x_wconf 88' lang='lat' dir='ltr'><strong>sicut</strong></span> <span class='ocrx_word' id='word_1_79' title='bbox 2039 1321 2345 1392; x_wconf 79' lang='lat' dir='ltr'><strong>ignorantia</strong></span> 
     </span>
    </p>
   </div>
   <div class='ocr_carea' id='block_1_14' title="bbox 780 1413 2350 1486">
    <p class='ocr_par' dir='ltr' id='par_1_14' title="bbox 780 1413 2350 1486">
     <span class='ocr_line' id='line_1_14' title="bbox 780 1413 2350 1486; baseline 0 -16"><span class='ocrx_word' id='word_1_80' title='bbox 780 1425 1031 1475; x_wconf 82' lang='lat' dir='ltr'><strong>errantes</strong></span> <span class='ocrx_word' id='word_1_81' title='bbox 1082 1415 1303 1481; x_wconf 89' lang='lat' dir='ltr'><strong>dirimit,</strong></span> <span class='ocrx_word' id='word_1_82' title='bbox 1353 1415 1433 1470; x_wconf 90' lang='lat' dir='ltr'><strong>sic</strong></span> <span class='ocrx_word' id='word_1_83' title='bbox 1480 1414 1743 1471; x_wconf 83' lang='lat' dir='ltr'><strong>adventus</strong></span> <span class='ocrx_word' id='word_1_84' title='bbox 1788 1413 2011 1472; x_wconf 88' lang='lat' dir='ltr'><strong>luminis</strong></span> <span class='ocrx_word' id='word_1_85' title='bbox 2054 1424 2350 1486; x_wconf 90' lang='lat' dir='ltr'><strong>congregat</strong></span> 
     </span>
    </p>
   </div>
   <div class='ocr_carea' id='block_1_15' title="bbox 782 1504 2347 1574">
    <p class='ocr_par' dir='ltr' id='par_1_15' title="bbox 782 1504 2347 1574">
     <span class='ocr_line' id='line_1_15' title="bbox 782 1504 2347 1574; baseline 0.001 -13"><span class='ocrx_word' id='word_1_86' title='bbox 782 1515 840 1561; x_wconf 91' lang='lat' dir='ltr'><strong>et</strong></span> <span class='ocrx_word' id='word_1_87' title='bbox 870 1506 1085 1574; x_wconf 88' lang='lat' dir='ltr'><strong>copulat</strong></span> <span class='ocrx_word' id='word_1_88' title='bbox 1136 1504 1491 1569; x_wconf 80' lang='lat' dir='ltr'><strong>illuminatos,</strong></span> <span class='ocrx_word' id='word_1_89' title='bbox 1542 1504 1859 1574; x_wconf 83' lang='lat' dir='ltr'><strong>perﬁcitque</strong></span> <span class='ocrx_word' id='word_1_90' title='bbox 1900 1520 2018 1572; x_wconf 90' lang='lat' dir='ltr'><strong>eos,</strong></span> <span class='ocrx_word' id='word_1_91' title='bbox 2065 1514 2122 1561; x_wconf 81' lang='lat' dir='ltr'><strong>et</strong></span> <span class='ocrx_word' id='word_1_92' title='bbox 2175 1506 2242 1562; x_wconf 88' lang='lat' dir='ltr'><strong>ad</strong></span> <span class='ocrx_word' id='word_1_93' title='bbox 2292 1504 2347 1562; x_wconf 88' lang='lat' dir='ltr'><strong>id</strong></span> 
     </span>
    </p>
   </div>
   <div class='ocr_carea' id='block_1_16' title="bbox 782 1599 2350 1670">
    <p class='ocr_par' dir='ltr' id='par_1_16' title="bbox 782 1599 2350 1670">
     <span class='ocr_line' id='line_1_16' title="bbox 782 1599 2350 1670; baseline 0.003 -18"><span class='ocrx_word' id='word_1_94' title='bbox 782 1601 924 1670; x_wconf 87' lang='lat' dir='ltr'><strong>quod</strong></span> <span class='ocrx_word' id='word_1_95' title='bbox 953 1615 1076 1656; x_wconf 89' lang='lat' dir='ltr'><strong>vere</strong></span> <span class='ocrx_word' id='word_1_96' title='bbox 1107 1610 1187 1655; x_wconf 90' lang='lat' dir='ltr'><strong>est</strong></span> <span class='ocrx_word' id='word_1_97' title='bbox 1216 1600 1504 1667; x_wconf 85' lang='lat' dir='ltr'><strong>convertit,</strong></span> <span class='ocrx_word' id='word_1_98' title='bbox 1537 1616 1563 1653; x_wconf 89' lang='lat' dir='ltr'><strong>a</strong></span> <span class='ocrx_word' id='word_1_99' title='bbox 1590 1600 1771 1655; x_wconf 91' lang='lat' dir='ltr'><strong>multis</strong></span> <span class='ocrx_word' id='word_1_100' title='bbox 1806 1599 2213 1670; x_wconf 87' lang='lat' dir='ltr'><strong>opinatiouibus</strong></span> <span class='ocrx_word' id='word_1_101' title='bbox 2256 1614 2350 1656; x_wconf 87' lang='lat' dir='ltr'><strong>eos</strong></span> 
     </span>
    </p>
   </div>
   <div class='ocr_carea' id='block_1_17' title="bbox 785 1693 2350 1765">
    <p class='ocr_par' dir='ltr' id='par_1_17' title="bbox 785 1693 2350 1765">
     <span class='ocr_line' id='line_1_17' title="bbox 785 1693 2350 1765; baseline 0.001 -18"><span class='ocrx_word' id='word_1_102' title='bbox 785 1709 1068 1758; x_wconf 81' lang='lat' dir='ltr'><strong>revocans,</strong></span> <span class='ocrx_word' id='word_1_103' title='bbox 1100 1709 1166 1750; x_wconf 85' lang='lat' dir='ltr'><strong>ac</strong></span> <span class='ocrx_word' id='word_1_104' title='bbox 1198 1695 1377 1749; x_wconf 88' lang='lat' dir='ltr'><strong>varios</strong></span> <span class='ocrx_word' id='word_1_105' title='bbox 1406 1705 1675 1763; x_wconf 83' lang='lat' dir='ltr'><strong>aspectus,</strong></span> <span class='ocrx_word' id='word_1_106' title='bbox 1703 1696 1809 1762; x_wconf 87' lang='lat' dir='ltr'><strong>vel,</strong></span> <span class='ocrx_word' id='word_1_107' title='bbox 1842 1707 1901 1749; x_wconf 85' lang='lat' dir='ltr'><strong>ut</strong></span> <span class='ocrx_word' id='word_1_108' title='bbox 1932 1693 2102 1765; x_wconf 89' lang='lat' dir='ltr'><strong>magis</strong></span> <span class='ocrx_word' id='word_1_109' title='bbox 2130 1694 2350 1765; x_wconf 83' lang='lat' dir='ltr'><strong>prOprie</strong></span> 
     </span>
    </p>
   </div>
   <div class='ocr_carea' id='block_1_18' title="bbox 784 1786 2348 1859">
    <p class='ocr_par' dir='ltr' id='par_1_18' title="bbox 784 1786 2348 1859">
     <span class='ocr_line' id='line_1_18' title="bbox 784 1786 2348 1859; baseline 0 -19"><span class='ocrx_word' id='word_1_110' title='bbox 784 1787 980 1859; x_wconf 88' lang='lat' dir='ltr'><strong>dicam,</strong></span> <span class='ocrx_word' id='word_1_111' title='bbox 1008 1786 1157 1840; x_wconf 86' lang='lat' dir='ltr'><strong>varia</strong></span> <span class='ocrx_word' id='word_1_112' title='bbox 1179 1786 1233 1840; x_wconf 91' lang='lat' dir='ltr'><strong>in</strong></span> <span class='ocrx_word' id='word_1_113' title='bbox 1261 1800 1423 1842; x_wconf 88' lang='lat' dir='ltr'><strong>unam</strong></span> <span class='ocrx_word' id='word_1_114' title='bbox 1451 1801 1634 1840; x_wconf 84' lang='lat' dir='ltr'><strong>veram</strong></span> <span class='ocrx_word' id='word_1_115' title='bbox 1659 1795 1713 1841; x_wconf 92' lang='lat' dir='ltr'><strong>et</strong></span> <span class='ocrx_word' id='word_1_116' title='bbox 1739 1801 1929 1859; x_wconf 87' lang='lat' dir='ltr'><strong>puram</strong></span> <span class='ocrx_word' id='word_1_117' title='bbox 1952 1801 2013 1841; x_wconf 90' lang='lat' dir='ltr'><strong>ac</strong></span> <span class='ocrx_word' id='word_1_118' title='bbox 2046 1786 2348 1857; x_wconf 87' lang='lat' dir='ltr'><strong>simplicem</strong></span> 
     </span>
    </p>
   </div>
   <div class='ocr_carea' id='block_1_19' title="bbox 2453 579 4015 652">
    <p class='ocr_par' dir='ltr' id='par_1_19' title="bbox 2453 579 4015 652">
     <span class='ocr_line' id='line_1_19' title="bbox 2453 579 4015 652; baseline 0.006 -20"><span class='ocrx_word' id='word_1_119' title='bbox 2453 594 2550 649; x_wconf 82' lang='lat' dir='ltr'><strong>per</strong></span> <span class='ocrx_word' id='word_1_120' title='bbox 2579 579 2862 643; x_wconf 86' lang='lat' dir='ltr'><strong>virtutem,</strong></span> <span class='ocrx_word' id='word_1_121' title='bbox 2908 579 3343 647; x_wconf 81' lang='lat' dir='ltr'><strong>incorruptibiles</strong></span> <span class='ocrx_word' id='word_1_122' title='bbox 3393 583 3679 652; x_wconf 85' lang='lat' dir='ltr'><strong>imagines.</strong></span> <span class='ocrx_word' id='word_1_123' title='bbox 3720 583 4015 641; x_wconf 77' lang='lat' dir='ltr'><strong>lncircnm-</strong></span> 
     </span>
    </p>
   </div>
   <div class='ocr_carea' id='block_1_20' title="bbox 2450 664 4015 740">
    <p class='ocr_par' dir='ltr' id='par_1_20' title="bbox 2450 664 4015 740">
     <span class='ocr_line' id='line_1_20' title="bbox 2450 664 4015 740; baseline 0.004 -13"><span class='ocrx_word' id='word_1_124' title='bbox 2450 669 2714 740; x_wconf 89' lang='lat' dir='ltr'><strong>scriptum</strong></span> <span class='ocrx_word' id='word_1_125' title='bbox 2747 671 2890 725; x_wconf 89' lang='lat' dir='ltr'><strong>enim</strong></span> <span class='ocrx_word' id='word_1_126' title='bbox 2934 670 3062 725; x_wconf 90' lang='lat' dir='ltr'><strong>illud</strong></span> <span class='ocrx_word' id='word_1_127' title='bbox 3098 664 3313 727; x_wconf 82' lang='lat' dir='ltr'><strong>virtutis</strong></span> <span class='ocrx_word' id='word_1_128' title='bbox 3346 672 3625 731; x_wconf 89' lang='lat' dir='ltr'><strong>deiformis</strong></span> <span class='ocrx_word' id='word_1_129' title='bbox 3664 676 4015 734; x_wconf 81' lang='lat' dir='ltr'><strong>simulacrum</strong></span> 
     </span>
    </p>
   </div>
   <div class='ocr_carea' id='block_1_21' title="bbox 2453 763 4015 840">
    <p class='ocr_par' dir='ltr' id='par_1_21' title="bbox 2453 763 4015 840">
     <span class='ocr_line' id='line_1_21' title="bbox 2453 763 4015 840; baseline 0.007 -23"><span class='ocrx_word' id='word_1_130' title='bbox 2453 764 2556 818; x_wconf 89' lang='lat' dir='ltr'><strong>rite</strong></span> <span class='ocrx_word' id='word_1_131' title='bbox 2588 763 2908 819; x_wconf 90' lang='lat' dir='ltr'><strong>imitandum</strong></span> <span class='ocrx_word' id='word_1_132' title='bbox 2933 772 3035 827; x_wconf 88' lang='lat' dir='ltr'><strong>est,</strong></span> <span class='ocrx_word' id='word_1_133' title='bbox 3075 772 3136 819; x_wconf 87' lang='lat' dir='ltr'><strong>ut</strong></span> <span class='ocrx_word' id='word_1_134' title='bbox 3171 765 3433 835; x_wconf 85' lang='lat' dir='ltr'><strong>spiritalis</strong></span> <span class='ocrx_word' id='word_1_135' title='bbox 3464 781 3527 822; x_wconf 91' lang='lat' dir='ltr'><strong>ac</strong></span> <span class='ocrx_word' id='word_1_136' title='bbox 3559 768 3808 839; x_wconf 80' lang='lat' dir='ltr'><strong>fragrans</strong></span> <span class='ocrx_word' id='word_1_137' title='bbox 3839 772 4015 840; x_wconf 83' lang='lat' dir='ltr'><strong>ipsum</strong></span> 
     </span>
    </p>
   </div>
   <div class='ocr_carea' id='block_1_22' title="bbox 2450 856 4017 933">
    <p class='ocr_par' dir='ltr' id='par_1_22' title="bbox 2450 856 4017 933">
     <span class='ocr_line' id='line_1_22' title="bbox 2450 856 4017 933; baseline 0.006 -22"><span class='ocrx_word' id='word_1_138' title='bbox 2450 856 2653 913; x_wconf 79' lang='lat' dir='ltr'><strong>referat</strong></span> <span class='ocrx_word' id='word_1_139' title='bbox 2695 856 3062 927; x_wconf 83' lang='lat' dir='ltr'><strong>pulchritudo,</strong></span> <span class='ocrx_word' id='word_1_140' title='bbox 3105 866 3329 929; x_wconf 83' lang='lat' dir='ltr'><strong>seseque</strong></span> <span class='ocrx_word' id='word_1_141' title='bbox 3372 858 3567 915; x_wconf 81' lang='lat' dir='ltr'><strong>formet</strong></span> <span class='ocrx_word' id='word_1_142' title='bbox 3607 872 3662 917; x_wconf 90' lang='lat' dir='ltr'><strong>et</strong></span> <span class='ocrx_word' id='word_1_143' title='bbox 3702 863 3915 933; x_wconf 83' lang='lat' dir='ltr'><strong>eﬂlngat</strong></span> <span class='ocrx_word' id='word_1_144' title='bbox 3947 865 4017 921; x_wconf 86' lang='lat' dir='ltr'><strong>ad</strong></span> 
     </span>
    </p>
   </div>
   <div class='ocr_carea' id='block_1_23' title="bbox 2447 950 4017 1033">
    <p class='ocr_par' dir='ltr' id='par_1_23' title="bbox 2447 950 4017 1033">
     <span class='ocr_line' id='line_1_23' title="bbox 2447 950 4017 1033; baseline 0.003 -30"><span class='ocrx_word' id='word_1_145' title='bbox 2447 950 2867 1022; x_wconf 80' lang='lat' dir='ltr'><strong>pulcherrimam</strong></span> <span class='ocrx_word' id='word_1_146' title='bbox 2890 954 3007 1033; x_wconf 67' lang='lat' dir='ltr'><strong>eius</strong></span> <span class='ocrx_word' id='word_1_147' title='bbox 3046 951 3428 1010; x_wconf 88' lang='lat' dir='ltr'><strong>imitationem.</strong></span> <span class='ocrx_word' id='word_1_148' title='bbox 3472 950 3538 1008; x_wconf 86' lang='lat' dir='ltr'><strong>Et</strong></span> <span class='ocrx_word' id='word_1_149' title='bbox 3574 956 3715 1010; x_wconf 85' lang='lat' dir='ltr'><strong>sicut</strong></span> <span class='ocrx_word' id='word_1_150' title='bbox 3742 957 3792 1011; x_wconf 90' lang='lat' dir='ltr'><strong>in</strong></span> <span class='ocrx_word' id='word_1_151' title='bbox 3822 958 4017 1029; x_wconf 77' lang='lat' dir='ltr'><strong>imagi-</strong></span> 
     </span>
    </p>
   </div>
   <div class='ocr_carea' id='block_1_24' title="bbox 2451 1041 4017 1117">
    <p class='ocr_par' dir='ltr' id='par_1_24' title="bbox 2451 1041 4017 1117">
     <span class='ocr_line' id='line_1_24' title="bbox 2451 1041 4017 1117; baseline 0.004 -20"><span class='ocrx_word' id='word_1_152' title='bbox 2451 1041 2611 1097; x_wconf 86' lang='lat' dir='ltr'><strong>nibus</strong></span> <span class='ocrx_word' id='word_1_153' title='bbox 2658 1042 2967 1110; x_wconf 87' lang='lat' dir='ltr'><strong>sensilibus,</strong></span> <span class='ocrx_word' id='word_1_154' title='bbox 3019 1042 3065 1099; x_wconf 90' lang='lat' dir='ltr'><strong>si</strong></span> <span class='ocrx_word' id='word_1_155' title='bbox 3112 1042 3289 1113; x_wconf 88' lang='lat' dir='ltr'><strong>pictor</strong></span> <span class='ocrx_word' id='word_1_156' title='bbox 3324 1045 3391 1099; x_wconf 86' lang='lat' dir='ltr'><strong>ad</strong></span> <span class='ocrx_word' id='word_1_157' title='bbox 3423 1045 3735 1115; x_wconf 68' lang='lat' dir='ltr'><strong>primaevam</strong></span> <span class='ocrx_word' id='word_1_158' title='bbox 3780 1049 4017 1117; x_wconf 82' lang='lat' dir='ltr'><strong>speciem</strong></span> 
     </span>
    </p>
   </div>
   <div class='ocr_carea' id='block_1_25' title="bbox 2450 1134 4014 1205">
    <p class='ocr_par' dir='ltr' id='par_1_25' title="bbox 2450 1134 4014 1205">
     <span class='ocr_line' id='line_1_25' title="bbox 2450 1134 4014 1205; baseline 0.003 -17"><span class='ocrx_word' id='word_1_159' title='bbox 2450 1134 3051 1203; x_wconf 65' lang='lat' dir='ltr'><strong>constanter‘intendat,</strong></span> <span class='ocrx_word' id='word_1_160' title='bbox 3082 1135 3225 1189; x_wconf 84' lang='lat' dir='ltr'><strong>nulla</strong></span> <span class='ocrx_word' id='word_1_161' title='bbox 3254 1150 3313 1190; x_wconf 88' lang='lat' dir='ltr'><strong>re</strong></span> <span class='ocrx_word' id='word_1_162' title='bbox 3336 1136 3438 1190; x_wconf 88' lang='lat' dir='ltr'><strong>alia</strong></span> <span class='ocrx_word' id='word_1_163' title='bbox 3466 1136 4014 1205; x_wconf 84' lang='lat' dir='ltr'><strong>visibilidistractus,</strong></span> 
     </span>
    </p>
   </div>
   <div class='ocr_carea' id='block_1_26' title="bbox 2451 1228 4018 1303">
    <p class='ocr_par' dir='ltr' id='par_1_26' title="bbox 2451 1228 4018 1303">
     <span class='ocr_line' id='line_1_26' title="bbox 2451 1228 4018 1303; baseline 0.004 -20"><span class='ocrx_word' id='word_1_164' title='bbox 2451 1241 2629 1298; x_wconf 89' lang='lat' dir='ltr'><strong>neque</strong></span> <span class='ocrx_word' id='word_1_165' title='bbox 2649 1229 2947 1285; x_wconf 89' lang='lat' dir='ltr'><strong>secundum</strong></span> <span class='ocrx_word' id='word_1_166' title='bbox 2978 1228 3255 1299; x_wconf 87' lang='lat' dir='ltr'><strong>quidpiam</strong></span> <span class='ocrx_word' id='word_1_167' title='bbox 3289 1229 3515 1295; x_wconf 85' lang='lat' dir='ltr'><strong>divisus,</strong></span> <span class='ocrx_word' id='word_1_168' title='bbox 3543 1228 3691 1284; x_wconf 90' lang='lat' dir='ltr'><strong>illum</strong></span> <span class='ocrx_word' id='word_1_169' title='bbox 3716 1232 3887 1302; x_wconf 89' lang='lat' dir='ltr'><strong>ipsum</strong></span> <span class='ocrx_word' id='word_1_170' title='bbox 3920 1234 4018 1303; x_wconf 88' lang='lat' dir='ltr'><strong>qnl</strong></span> 
     </span>
    </p>
   </div>
   <div class='ocr_carea' id='block_1_27' title="bbox 2453 1321 4018 1394">
    <p class='ocr_par' dir='ltr' id='par_1_27' title="bbox 2453 1321 4018 1394">
     <span class='ocr_line' id='line_1_27' title="bbox 2453 1321 4018 1394; baseline 0.004 -19"><span class='ocrx_word' id='word_1_171' title='bbox 2453 1321 2825 1392; x_wconf 83' lang='lat' dir='ltr'><strong>depingendus</strong></span> <span class='ocrx_word' id='word_1_172' title='bbox 2853 1331 2954 1388; x_wconf 88' lang='lat' dir='ltr'><strong>est,</strong></span> <span class='ocrx_word' id='word_1_173' title='bbox 2982 1323 3026 1378; x_wconf 87' lang='lat' dir='ltr'><strong>si</strong></span> <span class='ocrx_word' id='word_1_174' title='bbox 3059 1324 3131 1378; x_wconf 87' lang='lat' dir='ltr'><strong>ita</strong></span> <span class='ocrx_word' id='word_1_175' title='bbox 3170 1323 3353 1379; x_wconf 86' lang='lat' dir='ltr'><strong>dicere</strong></span> <span class='ocrx_word' id='word_1_176' title='bbox 3394 1324 3571 1389; x_wconf 91' lang='lat' dir='ltr'><strong>liceat,</strong></span> <span class='ocrx_word' id='word_1_177' title='bbox 3618 1325 4018 1394; x_wconf 86' lang='lat' dir='ltr'><strong>quodammodo</strong></span> 
     </span>
    </p>
   </div>
   <div class='ocr_carea' id='block_1_28' title="bbox 2448 1408 4020 1492">
    <p class='ocr_par' dir='ltr' id='par_1_28' title="bbox 2448 1408 4020 1492">
     <span class='ocr_line' id='line_1_28' title="bbox 2448 1408 4020 1492; baseline 0.005 -27"><span class='ocrx_word' id='word_1_178' title='bbox 2448 1408 2756 1482; x_wconf 77' lang='lat' dir='ltr'><strong>replicabit,</strong></span> <span class='ocrx_word' id='word_1_179' title='bbox 2787 1422 2947 1483; x_wconf 87' lang='lat' dir='ltr'><strong>atque</strong></span> <span class='ocrx_word' id='word_1_180' title='bbox 2996 1414 3283 1484; x_wconf 89' lang='lat' dir='ltr'><strong>ipsammet</strong></span> <span class='ocrx_word' id='word_1_181' title='bbox 3327 1416 3612 1492; x_wconf 82' lang='lat' dir='ltr'><strong>veritatem</strong></span> <span class='ocrx_word' id='word_1_182' title='bbox 3657 1416 3712 1471; x_wconf 93' lang='lat' dir='ltr'><strong>in</strong></span> <span class='ocrx_word' id='word_1_183' title='bbox 3758 1416 4020 1473; x_wconf 87' lang='lat' dir='ltr'><strong>similitu-</strong></span> 
     </span>
    </p>
   </div>
   <div class='ocr_carea' id='block_1_29' title="bbox 2451 1504 4019 1580">
    <p class='ocr_par' dir='ltr' id='par_1_29' title="bbox 2451 1504 4019 1580">
     <span class='ocr_line' id='line_1_29' title="bbox 2451 1504 4019 1580; baseline 0.005 -21"><span class='ocrx_word' id='word_1_184' title='bbox 2451 1504 2595 1572; x_wconf 85' lang='lat' dir='ltr'><strong>dine,</strong></span> <span class='ocrx_word' id='word_1_185' title='bbox 2643 1514 2700 1560; x_wconf 88' lang='lat' dir='ltr'><strong>et</strong></span> <span class='ocrx_word' id='word_1_186' title='bbox 2744 1506 3096 1577; x_wconf 87' lang='lat' dir='ltr'><strong>archetypum</strong></span> <span class='ocrx_word' id='word_1_187' title='bbox 3141 1508 3196 1563; x_wconf 89' lang='lat' dir='ltr'><strong>in</strong></span> <span class='ocrx_word' id='word_1_188' title='bbox 3248 1508 3487 1578; x_wconf 87' lang='lat' dir='ltr'><strong>imagine</strong></span> <span class='ocrx_word' id='word_1_189' title='bbox 3540 1509 3831 1580; x_wconf 81' lang='lat' dir='ltr'><strong>exprimet,</strong></span> <span class='ocrx_word' id='word_1_190' title='bbox 3878 1512 4019 1568; x_wconf 84' lang='lat' dir='ltr'><strong>alte-</strong></span> 
     </span>
    </p>
   </div>
   <div class='ocr_carea' id='block_1_30' title="bbox 2452 1599 4015 1669">
    <p class='ocr_par' dir='ltr' id='par_1_30' title="bbox 2452 1599 4015 1669">
     <span class='ocr_line' id='line_1_30' title="bbox 2452 1599 4015 1669; baseline 0.006 -17"><span class='ocrx_word' id='word_1_191' title='bbox 2452 1612 2681 1669; x_wconf 89' lang='lat' dir='ltr'><strong>rumque</strong></span> <span class='ocrx_word' id='word_1_192' title='bbox 2745 1599 2799 1653; x_wconf 89' lang='lat' dir='ltr'><strong>in</strong></span> <span class='ocrx_word' id='word_1_193' title='bbox 2854 1600 3023 1655; x_wconf 90' lang='lat' dir='ltr'><strong>altero</strong></span> <span class='ocrx_word' id='word_1_194' title='bbox 3070 1602 3206 1657; x_wconf 87' lang='lat' dir='ltr'><strong>citra</strong></span> <span class='ocrx_word' id='word_1_195' title='bbox 3276 1602 3597 1657; x_wconf 75' lang='lat' dir='ltr'><strong>substantiae</strong></span> <span class='ocrx_word' id='word_1_196' title='bbox 3651 1604 4015 1661; x_wconf 83' lang='lat' dir='ltr'><strong>differentiam</strong></span> 
     </span>
    </p>
   </div>
   <div class='ocr_carea' id='block_1_31' title="bbox 2451 1690 4018 1765">
    <p class='ocr_par' dir='ltr' id='par_1_31' title="bbox 2451 1690 4018 1765">
     <span class='ocr_line' id='line_1_31' title="bbox 2451 1690 4018 1765; baseline 0.005 -20"><span class='ocrx_word' id='word_1_197' title='bbox 2451 1690 2681 1758; x_wconf 84' lang='lat' dir='ltr'><strong>referet;</strong></span> <span class='ocrx_word' id='word_1_198' title='bbox 2717 1692 2795 1748; x_wconf 90' lang='lat' dir='ltr'><strong>sic</strong></span> <span class='ocrx_word' id='word_1_199' title='bbox 2839 1694 3087 1765; x_wconf 79' lang='lat' dir='ltr'><strong>mysticis</strong></span> <span class='ocrx_word' id='word_1_200' title='bbox 3128 1694 3184 1748; x_wconf 84' lang='lat' dir='ltr'><strong>in</strong></span> <span class='ocrx_word' id='word_1_201' title='bbox 3252 1706 3431 1751; x_wconf 87' lang='lat' dir='ltr'><strong>mente</strong></span> <span class='ocrx_word' id='word_1_202' title='bbox 3474 1695 3774 1764; x_wconf 85' lang='lat' dir='ltr'><strong>pictoribus</strong></span> <span class='ocrx_word' id='word_1_203' title='bbox 3818 1712 4018 1753; x_wconf 81' lang='lat' dir='ltr'><strong>suave-</strong></span> 
     </span>
    </p>
   </div>
   <div class='ocr_carea' id='block_1_32' title="bbox 2453 1781 4017 1857">
    <p class='ocr_par' dir='ltr' id='par_1_32' title="bbox 2453 1781 4017 1857">
     <span class='ocr_line' id='line_1_32' title="bbox 2453 1781 4017 1857; baseline 0.005 -20"><span class='ocrx_word' id='word_1_204' title='bbox 2453 1781 2651 1838; x_wconf 91' lang='lat' dir='ltr'><strong>olentis</strong></span> <span class='ocrx_word' id='word_1_205' title='bbox 2675 1793 2728 1838; x_wconf 88' lang='lat' dir='ltr'><strong>et</strong></span> <span class='ocrx_word' id='word_1_206' title='bbox 2758 1798 2969 1839; x_wconf 82' lang='lat' dir='ltr'><strong>arcanae</strong></span> <span class='ocrx_word' id='word_1_207' title='bbox 2994 1785 3628 1857; x_wconf 86' lang='lat' dir='ltr'><strong>pulchritudinisintenta</strong></span> <span class='ocrx_word' id='word_1_208' title='bbox 3654 1797 4017 1857; x_wconf 86' lang='lat' dir='ltr'><strong>constansque</strong></span> 
     </span>
    </p>
   </div>
   <div class='ocr_carea' id='block_1_33' title="bbox 784 1869 4014 1951">
    <p class='ocr_par' dir='ltr' id='par_1_33' title="bbox 784 1869 4014 1951">
     <span class='ocr_line' id='line_1_33' title="bbox 784 1869 4014 1951; baseline 0.004 -27"><span class='ocrx_word' id='word_1_209' title='bbox 784 1880 1144 1951; x_wconf 55' lang='lat' dir='ltr'><strong>cognitionem</strong></span> <span class='ocrx_word' id='word_1_210' title='bbox 1178 1878 1470 1947; x_wconf 72' lang='lat' dir='ltr'><strong>comi-abit,</strong></span> <span class='ocrx_word' id='word_1_211' title='bbox 1501 1888 1555 1933; x_wconf 73' lang='lat' dir='ltr'><strong>et</strong></span> <span class='ocrx_word' id='word_1_212' title='bbox 1584 1894 1691 1933; x_wconf 80' lang='lat' dir='ltr'><strong>uno</strong></span> <span class='ocrx_word' id='word_1_213' title='bbox 1736 1878 1939 1933; x_wconf 73' lang='lat' dir='ltr'><strong>lumine</strong></span> <span class='ocrx_word' id='word_1_214' title='bbox 1989 1878 2191 1936; x_wconf 78' lang='lat' dir='ltr'><strong>uninco</strong></span> <span class='ocrx_word' id='word_1_215' title='bbox 2248 1879 2349 1935; x_wconf 79' lang='lat' dir='ltr'><strong>im-</strong></span> <span class='ocrx_word' id='word_1_216' title='bbox 2379 1869 2420 1925; x_wconf 86' lang='grc' dir='ltr'><strong><em>Β</em></strong></span> <span class='ocrx_word' id='word_1_217' title='bbox 2449 1872 2829 1944; x_wconf 89' lang='lat' dir='ltr'><strong>contemplatio</strong></span> <span class='ocrx_word' id='word_1_218' title='bbox 2862 1873 3202 1932; x_wconf 85' lang='lat' dir='ltr'><strong>infallibilem</strong></span> <span class='ocrx_word' id='word_1_219' title='bbox 3244 1876 3395 1932; x_wconf 86' lang='lat' dir='ltr'><strong>iudet</strong></span> <span class='ocrx_word' id='word_1_220' title='bbox 3439 1877 3782 1949; x_wconf 86' lang='lat' dir='ltr'><strong>maximeque</strong></span> <span class='ocrx_word' id='word_1_221' title='bbox 3808 1879 4014 1936; x_wconf 86' lang='lat' dir='ltr'><strong>deifor-</strong></span> 
     </span>
    </p>
   </div>
   <div class='ocr_carea' id='block_1_34' title="bbox 783 1973 913 2045">
    <p class='ocr_par' dir='ltr' id='par_1_34' title="bbox 783 1973 913 2045">
     <span class='ocr_line' id='line_1_34' title="bbox 783 1973 913 2045; baseline 0.038 -19"><span class='ocrx_word' id='word_1_222' title='bbox 783 1973 913 2045; x_wconf 84' lang='lat' dir='ltr'><strong>plet.</strong></span> 
     </span>
    </p>
   </div>
   <div class='ocr_carea' id='block_1_35' title="bbox 854 2062 2347 2137">
    <p class='ocr_par' dir='ltr' id='par_1_35' title="bbox 854 2062 2347 2137">
     <span class='ocr_line' id='line_1_35' title="bbox 854 2062 2347 2137; baseline 0 -18"><span class='ocrx_word' id='word_1_223' title='bbox 854 2062 1023 2127; x_wconf 83' lang='lat' dir='ltr'><strong>Porro</strong></span> <span class='ocrx_word' id='word_1_224' title='bbox 1068 2064 1246 2121; x_wconf 88' lang='lat' dir='ltr'><strong>lumen</strong></span> <span class='ocrx_word' id='word_1_225' title='bbox 1284 2066 1385 2121; x_wconf 88' lang='lat' dir='ltr'><strong>hoc</strong></span> <span class='ocrx_word' id='word_1_226' title='bbox 1424 2064 1680 2120; x_wconf 81' lang='lat' dir='ltr'><strong>uniflcum</strong></span> <span class='ocrx_word' id='word_1_227' title='bbox 1712 2064 2011 2137; x_wconf 75' lang='lat' dir='ltr'><strong>accipimus</strong></span> <span class='ocrx_word' id='word_1_228' title='bbox 2053 2078 2157 2137; x_wconf 43' lang='lat' dir='ltr'><strong>per.</strong></span> <span class='ocrx_word' id='word_1_229' title='bbox 2183 2064 2347 2120; x_wconf 87' lang='lat' dir='ltr'><strong>Chri-</strong></span> 
     </span>
    </p>
   </div>
   <div class='ocr_carea' id='block_1_36' title="bbox 785 2157 2347 2229">
    <p class='ocr_par' dir='ltr' id='par_1_36' title="bbox 785 2157 2347 2229">
     <span class='ocr_line' id='line_1_36' title="bbox 785 2157 2347 2229; baseline -0.002 -17"><span class='ocrx_word' id='word_1_230' title='bbox 785 2166 926 2212; x_wconf 87' lang='lat' dir='ltr'><strong>stum</strong></span> <span class='ocrx_word' id='word_1_231' title='bbox 952 2158 993 2223; x_wconf 83' lang='grc'><strong>⁸,</strong></span> <span class='ocrx_word' id='word_1_232' title='bbox 1022 2159 1110 2227; x_wconf 91' lang='lat' dir='ltr'><strong>qui</strong></span> <span class='ocrx_word' id='word_1_233' title='bbox 1144 2167 1365 2228; x_wconf 87' lang='lat' dir='ltr'><strong>paterna</strong></span> <span class='ocrx_word' id='word_1_234' title='bbox 1397 2158 1491 2213; x_wconf 74' lang='lat' dir='ltr'><strong>lu:-</strong></span> <span class='ocrx_word' id='word_1_235' title='bbox 1513 2167 1598 2213; x_wconf 88' lang='lat' dir='ltr'><strong>est</strong></span> <span class='ocrx_word' id='word_1_236' title='bbox 1628 2174 1771 2227; x_wconf 77' lang='lat' dir='ltr'><strong>vera,</strong></span> <span class='ocrx_word' id='word_1_237' title='bbox 1800 2174 1915 2229; x_wconf 73' lang='lat' dir='ltr'><strong>qua</strong></span> <span class='ocrx_word' id='word_1_238' title='bbox 1945 2157 2208 2212; x_wconf 83' lang='lat' dir='ltr'><strong>illuminat</strong></span> <span class='ocrx_word' id='word_1_239' title='bbox 2232 2173 2347 2212; x_wconf 85' lang='lat' dir='ltr'><strong>om-</strong></span> 
     </span>
    </p>
   </div>
   <div class='ocr_carea' id='block_1_37' title="bbox 783 2249 2349 2318">
    <p class='ocr_par' dir='ltr' id='par_1_37' title="bbox 783 2249 2349 2318">
     <span class='ocr_line' id='line_1_37' title="bbox 783 2249 2349 2318; baseline 0 -15"><span class='ocrx_word' id='word_1_240' title='bbox 783 2264 900 2305; x_wconf 80' lang='lat' dir='ltr'><strong>nem</strong></span> <span class='ocrx_word' id='word_1_241' title='bbox 948 2249 1208 2304; x_wconf 77' lang='lat' dir='ltr'><strong>hominem</strong></span> <span class='ocrx_word' id='word_1_242' title='bbox 1258 2250 1544 2309; x_wconf 74' lang='lat' dir='ltr'><strong>venientem</strong></span> <span class='ocrx_word' id='word_1_243' title='bbox 1599 2252 1656 2306; x_wconf 84' lang='lat' dir='ltr'><strong>in</strong></span> <span class='ocrx_word' id='word_1_244' title='bbox 1705 2250 1843 2306; x_wconf 83' lang='lat' dir='ltr'><strong>hunc</strong></span> <span class='ocrx_word' id='word_1_245' title='bbox 1886 2250 2135 2305; x_wconf 82' lang='lat' dir='ltr'><strong>mundum</strong></span> <span class='ocrx_word' id='word_1_246' title='bbox 2162 2250 2205 2314; x_wconf 78' lang='grc'><strong>⁸,</strong></span> <span class='ocrx_word' id='word_1_247' title='bbox 2253 2262 2349 2318; x_wconf 90' lang='lat' dir='ltr'><strong>per</strong></span> 
     </span>
    </p>
   </div>
   <div class='ocr_carea' id='block_1_38' title="bbox 783 2342 2350 2413">
    <p class='ocr_par' dir='ltr' id='par_1_38' title="bbox 783 2342 2350 2413">
     <span class='ocr_line' id='line_1_38' title="bbox 783 2342 2350 2413; baseline 0.001 -18"><span class='ocrx_word' id='word_1_248' title='bbox 783 2357 943 2413; x_wconf 88' lang='lat' dir='ltr'><strong>quem</strong></span> <span class='ocrx_word' id='word_1_249' title='bbox 986 2342 1051 2395; x_wconf 90' lang='lat' dir='ltr'><strong>ad</strong></span> <span class='ocrx_word' id='word_1_250' title='bbox 1082 2342 1343 2411; x_wconf 83' lang='lat' dir='ltr'><strong>originem</strong></span> <span class='ocrx_word' id='word_1_251' title='bbox 1371 2342 1507 2401; x_wconf 90' lang='lat' dir='ltr'><strong>lucis</strong></span> <span class='ocrx_word' id='word_1_252' title='bbox 1554 2344 1766 2398; x_wconf 87' lang='lat' dir='ltr'><strong>Patrem</strong></span> <span class='ocrx_word' id='word_1_253' title='bbox 1796 2346 2074 2399; x_wconf 85' lang='lat' dir='ltr'><strong>accessum</strong></span> <span class='ocrx_word' id='word_1_254' title='bbox 2110 2343 2350 2398; x_wconf 87' lang='lat' dir='ltr'><strong>obtinui-</strong></span> 
     </span>
    </p>
   </div>
   <div class='ocr_carea' id='block_1_39' title="bbox 784 2429 2349 2505">
    <p class='ocr_par' dir='ltr' id='par_1_39' title="bbox 784 2429 2349 2505">
     <span class='ocr_line' id='line_1_39' title="bbox 784 2429 2349 2505; baseline 0.001 -16"><span class='ocrx_word' id='word_1_255' title='bbox 784 2448 928 2489; x_wconf 89' lang='lat' dir='ltr'><strong>mus.</strong></span> <span class='ocrx_word' id='word_1_256' title='bbox 960 2431 1059 2489; x_wconf 81' lang='lat' dir='ltr'><strong>Hic</strong></span> <span class='ocrx_word' id='word_1_257' title='bbox 1088 2442 1170 2488; x_wconf 87' lang='lat' dir='ltr'><strong>est</strong></span> <span class='ocrx_word' id='word_1_258' title='bbox 1195 2429 1286 2502; x_wconf 91' lang='lat' dir='ltr'><strong>qui</strong></span> <span class='ocrx_word' id='word_1_259' title='bbox 1314 2434 1510 2489; x_wconf 87' lang='lat' dir='ltr'><strong>mentis</strong></span> <span class='ocrx_word' id='word_1_260' title='bbox 1534 2435 1753 2505; x_wconf 86' lang='lat' dir='ltr'><strong>quidem</strong></span> <span class='ocrx_word' id='word_1_261' title='bbox 1798 2443 1999 2490; x_wconf 70' lang='lat' dir='ltr'><strong>nostrae</strong></span> <span class='ocrx_word' id='word_1_262' title='bbox 2042 2434 2349 2490; x_wconf 64' lang='lat' dir='ltr'><strong>obscurita»</strong></span> 
     </span>
    </p>
   </div>
   <div class='ocr_carea' id='block_1_40' title="bbox 786 2527 2349 2599">
    <p class='ocr_par' dir='ltr' id='par_1_40' title="bbox 786 2527 2349 2599">
     <span class='ocr_line' id='line_1_40' title="bbox 786 2527 2349 2599; baseline -0.001 -16"><span class='ocrx_word' id='word_1_263' title='bbox 786 2536 895 2587; x_wconf 89' lang='lat' dir='ltr'><strong>tem</strong></span> <span class='ocrx_word' id='word_1_264' title='bbox 923 2529 944 2562; x_wconf 93' lang='lat'><strong><em>&quot;</em></strong></span> <span class='ocrx_word' id='word_1_265' title='bbox 973 2530 1133 2585; x_wconf 85' lang='lat' dir='ltr'><strong>beato</strong></span> <span class='ocrx_word' id='word_1_266' title='bbox 1171 2530 1461 2598; x_wconf 88' lang='lat' dir='ltr'><strong>divinoque</strong></span> <span class='ocrx_word' id='word_1_267' title='bbox 1502 2528 1703 2586; x_wconf 90' lang='lat' dir='ltr'><strong>lumine</strong></span> <span class='ocrx_word' id='word_1_268' title='bbox 1742 2528 1989 2599; x_wconf 87' lang='lat' dir='ltr'><strong>replevit,</strong></span> <span class='ocrx_word' id='word_1_269' title='bbox 2035 2527 2349 2584; x_wconf 88' lang='lat' dir='ltr'><strong>deformita-</strong></span> 
     </span>
    </p>
   </div>
   <div class='ocr_carea' id='block_1_41' title="bbox 786 2624 2347 2695">
    <p class='ocr_par' dir='ltr' id='par_1_41' title="bbox 786 2624 2347 2695">
     <span class='ocr_line' id='line_1_41' title="bbox 786 2624 2347 2695; baseline 0.001 -18"><span class='ocrx_word' id='word_1_270' title='bbox 786 2632 1003 2695; x_wconf 83' lang='lat' dir='ltr'><strong>temque</strong></span> <span class='ocrx_word' id='word_1_271' title='bbox 1039 2636 1295 2691; x_wconf 29' lang='lat' dir='ltr'><strong>nos1ram,</strong></span> <span class='ocrx_word' id='word_1_272' title='bbox 1332 2624 1687 2678; x_wconf 89' lang='lat' dir='ltr'><strong>deiformibus</strong></span> <span class='ocrx_word' id='word_1_273' title='bbox 1724 2626 2060 2681; x_wconf 88' lang='lat' dir='ltr'><strong>ornamentis</strong></span> <span class='ocrx_word' id='word_1_274' title='bbox 2110 2625 2347 2680; x_wconf 81' lang='lat' dir='ltr'><strong>illustra-</strong></span> 
     </span>
    </p>
   </div>
   <div class='ocr_carea' id='block_1_42' title="bbox 782 2711 2350 2784">
    <p class='ocr_par' dir='ltr' id='par_1_42' title="bbox 782 2711 2350 2784">
     <span class='ocr_line' id='line_1_42' title="bbox 782 2711 2350 2784; baseline 0.003 -19"><span class='ocrx_word' id='word_1_275' title='bbox 782 2711 883 2778; x_wconf 85' lang='lat' dir='ltr'><strong>vit,</strong></span> <span class='ocrx_word' id='word_1_276' title='bbox 937 2713 1103 2766; x_wconf 89' lang='lat' dir='ltr'><strong>animi</strong></span> <span class='ocrx_word' id='word_1_277' title='bbox 1148 2721 1325 2767; x_wconf 88' lang='lat' dir='ltr'><strong>autem</strong></span> <span class='ocrx_word' id='word_1_278' title='bbox 1370 2712 1701 2769; x_wconf 88' lang='lat' dir='ltr'><strong>domicilium</strong></span> <span class='ocrx_word' id='word_1_279' title='bbox 1741 2729 1861 2769; x_wconf 91' lang='lat' dir='ltr'><strong>cum</strong></span> <span class='ocrx_word' id='word_1_280' title='bbox 1897 2714 2135 2784; x_wconf 86' lang='lat' dir='ltr'><strong>perfecta</strong></span> <span class='ocrx_word' id='word_1_281' title='bbox 2175 2715 2350 2771; x_wconf 89' lang='lat' dir='ltr'><strong>salute</strong></span> 
     </span>
    </p>
   </div>
   <div class='ocr_carea' id='block_1_43' title="bbox 784 2806 2349 2879">
    <p class='ocr_par' dir='ltr' id='par_1_43' title="bbox 784 2806 2349 2879">
     <span class='ocr_line' id='line_1_43' title="bbox 784 2806 2349 2879; baseline 0.001 -18"><span class='ocrx_word' id='word_1_282' title='bbox 784 2806 1033 2861; x_wconf 64' lang='lat' dir='ltr'><strong>essentia</strong></span> <span class='ocrx_word' id='word_1_283' title='bbox 1081 2815 1399 2876; x_wconf 69' lang='lat' dir='ltr'><strong>natumque</strong></span> <span class='ocrx_word' id='word_1_284' title='bbox 1436 2815 1674 2872; x_wconf 82' lang='lat' dir='ltr'><strong>nostrae,</strong></span> <span class='ocrx_word' id='word_1_285' title='bbox 1728 2822 1846 2877; x_wconf 76' lang='lat' dir='ltr'><strong>quae</strong></span> <span class='ocrx_word' id='word_1_286' title='bbox 1892 2808 2065 2863; x_wconf 81' lang='lat' dir='ltr'><strong>ferme</strong></span> <span class='ocrx_word' id='word_1_287' title='bbox 2110 2808 2349 2879; x_wconf 79' lang='lat' dir='ltr'><strong>collapsa</strong></span> 
     </span>
    </p>
   </div>
   <div class='ocr_carea' id='block_1_44' title="bbox 783 2895 2347 2969">
    <p class='ocr_par' dir='ltr' id='par_1_44' title="bbox 783 2895 2347 2969">
     <span class='ocr_line' id='line_1_44' title="bbox 783 2895 2347 2969; baseline 0.002 -17"><span class='ocrx_word' id='word_1_288' title='bbox 783 2906 904 2952; x_wconf 84' lang='lat' dir='ltr'><strong>erat</strong></span> <span class='ocrx_word' id='word_1_289' title='bbox 950 2903 1007 2952; x_wconf 89' lang='lat' dir='ltr'><strong>et</strong></span> <span class='ocrx_word' id='word_1_290' title='bbox 1045 2896 1377 2965; x_wconf 86' lang='lat' dir='ltr'><strong>conciderat,</strong></span> <span class='ocrx_word' id='word_1_291' title='bbox 1420 2895 1732 2953; x_wconf 75' lang='lat' dir='ltr'><strong>fmdissimis</strong></span> <span class='ocrx_word' id='word_1_292' title='bbox 1781 2898 2087 2969; x_wconf 87' lang='lat' dir='ltr'><strong>quibusque</strong></span> <span class='ocrx_word' id='word_1_293' title='bbox 2137 2902 2347 2969; x_wconf 87' lang='lat' dir='ltr'><strong>passio-</strong></span> 
     </span>
    </p>
   </div>
   <div class='ocr_carea' id='block_1_45' title="bbox 783 2974 2345 3059">
    <p class='ocr_par' dir='ltr' id='par_1_45' title="bbox 783 2974 2345 3059">
     <span class='ocr_line' id='line_1_45' title="bbox 783 2974 2345 3059; baseline 0.002 -17"><span class='ocrx_word' id='word_1_294' title='bbox 783 2988 946 3042; x_wconf 89' lang='lat' dir='ltr'><strong>nibus</strong></span> <span class='ocrx_word' id='word_1_295' title='bbox 975 2993 1139 3058; x_wconf 83' lang='lat' dir='ltr'><strong>atque</strong></span> <span class='ocrx_word' id='word_1_296' title='bbox 1183 2988 1612 3058; x_wconf 85' lang='lat' dir='ltr'><strong>inquinamentis</strong></span> <span class='ocrx_word' id='word_1_297' title='bbox 1658 2974 1834 3045; x_wconf 78' lang='lat' dir='ltr'><strong>noxiis</strong></span> <span class='ocrx_word' id='word_1_298' title='bbox 1878 2984 2151 3059; x_wconf 86' lang='lat' dir='ltr'><strong>liberavit,</strong></span> <span class='ocrx_word' id='word_1_299' title='bbox 2195 3006 2345 3047; x_wconf 90' lang='lat' dir='ltr'><strong>com-</strong></span> 
     </span>
    </p>
   </div>
   <div class='ocr_carea' id='block_1_46' title="bbox 783 3080 2348 3154">
    <p class='ocr_par' dir='ltr' id='par_1_46' title="bbox 783 3080 2348 3154">
     <span class='ocr_line' id='line_1_46' title="bbox 783 3080 2348 3154; baseline 0.003 -18"><span class='ocrx_word' id='word_1_300' title='bbox 783 3088 1089 3136; x_wconf 86' lang='lat' dir='ltr'><strong>monstrata</strong></span> <span class='ocrx_word' id='word_1_301' title='bbox 1124 3080 1276 3136; x_wconf 89' lang='lat' dir='ltr'><strong>nobis</strong></span> <span class='ocrx_word' id='word_1_302' title='bbox 1302 3080 1758 3150; x_wconf 89' lang='lat' dir='ltr'><strong>supermundialis</strong></span> <span class='ocrx_word' id='word_1_303' title='bbox 1785 3096 2039 3154; x_wconf 76' lang='lat' dir='ltr'><strong>anagoga:</strong></span> <span class='ocrx_word' id='word_1_304' title='bbox 2063 3098 2127 3139; x_wconf 90' lang='lat' dir='ltr'><strong>ac</strong></span> <span class='ocrx_word' id='word_1_305' title='bbox 2155 3084 2348 3141; x_wconf 65' lang='lat' dir='ltr'><strong>divina)</strong></span> 
     </span>
    </p>
   </div>
   <div class='ocr_carea' id='block_1_47' title="bbox 781 3171 2346 3243">
    <p class='ocr_par' dir='ltr' id='par_1_47' title="bbox 781 3171 2346 3243">
     <span class='ocr_line' id='line_1_47' title="bbox 781 3171 2346 3243; baseline 0.004 -18"><span class='ocrx_word' id='word_1_306' title='bbox 781 3173 1151 3239; x_wconf 71' lang='lat' dir='ltr'><strong>vitaenorma,</strong></span> <span class='ocrx_word' id='word_1_307' title='bbox 1179 3188 1276 3243; x_wconf 90' lang='lat' dir='ltr'><strong>per</strong></span> <span class='ocrx_word' id='word_1_308' title='bbox 1296 3187 1455 3243; x_wconf 90' lang='lat' dir='ltr'><strong>quam</strong></span> <span class='ocrx_word' id='word_1_309' title='bbox 1487 3173 1555 3228; x_wconf 89' lang='lat' dir='ltr'><strong>ad</strong></span> <span class='ocrx_word' id='word_1_310' title='bbox 1593 3188 1779 3229; x_wconf 85' lang='lat' dir='ltr'><strong>sacras</strong></span> <span class='ocrx_word' id='word_1_311' title='bbox 1805 3171 1924 3242; x_wconf 86' lang='lat' dir='ltr'><strong>ejus</strong></span> <span class='ocrx_word' id='word_1_312' title='bbox 1947 3174 2346 3241; x_wconf 86' lang='lat' dir='ltr'><strong>similitudines,</strong></span> 
     </span>
    </p>
   </div>
   <div class='ocr_carea' id='block_1_48' title="bbox 785 3264 2347 3337">
    <p class='ocr_par' dir='ltr' id='par_1_48' title="bbox 785 3264 2347 3337">
     <span class='ocr_line' id='line_1_48' title="bbox 785 3264 2347 3337; baseline 0.001 -16"><span class='ocrx_word' id='word_1_313' title='bbox 785 3265 965 3337; x_wconf 85' lang='lat' dir='ltr'><strong>quoad</strong></span> <span class='ocrx_word' id='word_1_314' title='bbox 1018 3264 1131 3334; x_wconf 82' lang='lat' dir='ltr'><strong>ejus</strong></span> <span class='ocrx_word' id='word_1_315' title='bbox 1174 3266 1290 3322; x_wconf 80' lang='lat' dir='ltr'><strong>fieri</strong></span> <span class='ocrx_word' id='word_1_316' title='bbox 1335 3275 1533 3335; x_wconf 87' lang='lat' dir='ltr'><strong>potest,</strong></span> <span class='ocrx_word' id='word_1_317' title='bbox 1579 3267 1897 3322; x_wconf 88' lang='lat' dir='ltr'><strong>evehamur.</strong></span> <span class='ocrx_word' id='word_1_318' title='bbox 1949 3266 2176 3324; x_wconf 83' lang='lat' dir='ltr'><strong>Unicum</strong></span> <span class='ocrx_word' id='word_1_319' title='bbox 2203 3269 2347 3323; x_wconf 90' lang='lat' dir='ltr'><strong>enim</strong></span> 
     </span>
    </p>
   </div>
   <div class='ocr_carea' id='block_1_49' title="bbox 783 3356 2350 3431">
    <p class='ocr_par' dir='ltr' id='par_1_49' title="bbox 783 3356 2350 3431">
     <span class='ocr_line' id='line_1_49' title="bbox 783 3356 2350 3431; baseline 0.002 -19"><span class='ocrx_word' id='word_1_320' title='bbox 783 3357 916 3414; x_wconf 91' lang='lat' dir='ltr'><strong>illud</strong></span> <span class='ocrx_word' id='word_1_321' title='bbox 943 3356 969 3430; x_wconf 51' lang='grc' dir='ltr'>ξ</span> <span class='ocrx_word' id='word_1_322' title='bbox 993 3372 1055 3413; x_wconf 90' lang='lat' dir='ltr'><strong>ac</strong></span> <span class='ocrx_word' id='word_1_323' title='bbox 1102 3357 1327 3429; x_wconf 81' lang='lat' dir='ltr'><strong>simplex</strong></span> <span class='ocrx_word' id='word_1_324' title='bbox 1372 3370 1739 3431; x_wconf 89' lang='lat' dir='ltr'><strong>arcanumque</strong></span> <span class='ocrx_word' id='word_1_325' title='bbox 1783 3356 1912 3414; x_wconf 71' lang='lat' dir='ltr'><strong>Iesu</strong></span> <span class='ocrx_word' id='word_1_326' title='bbox 1945 3359 2176 3415; x_wconf 83' lang='lat' dir='ltr'><strong>Verbum</strong></span> <span class='ocrx_word' id='word_1_327' title='bbox 2210 3361 2350 3415; x_wconf 82' lang='lat' dir='ltr'><strong>divi-</strong></span> 
     </span>
    </p>
   </div>
   <div class='ocr_carea' id='block_1_50' title="bbox 783 3448 2343 3520">
    <p class='ocr_par' dir='ltr' id='par_1_50' title="bbox 783 3448 2343 3520">
     <span class='ocr_line' id='line_1_50' title="bbox 783 3448 2343 3520; baseline 0.002 -16"><span class='ocrx_word' id='word_1_328' title='bbox 783 3448 1064 3505; x_wconf 88' lang='lat' dir='ltr'><strong>nissimum</strong></span> <span class='ocrx_word' id='word_1_329' title='bbox 1108 3462 1204 3520; x_wconf 85' lang='lat' dir='ltr'><strong>per</strong></span> <span class='ocrx_word' id='word_1_330' title='bbox 1238 3449 1664 3519; x_wconf 89' lang='lat' dir='ltr'><strong>assumptionem</strong></span> <span class='ocrx_word' id='word_1_331' title='bbox 1711 3450 2065 3509; x_wconf 89' lang='lat' dir='ltr'><strong>humanitatis</strong></span> <span class='ocrx_word' id='word_1_332' title='bbox 2112 3462 2343 3517; x_wconf 71' lang='lat' dir='ltr'><strong>nostrae,</strong></span> 
     </span>
    </p>
   </div>
   <div class='ocr_carea' id='block_1_51' title="bbox 781 3540 2346 3612">
    <p class='ocr_par' dir='ltr' id='par_1_51' title="bbox 781 3540 2346 3612">
     <span class='ocr_line' id='line_1_51' title="bbox 781 3540 2346 3612; baseline 0.006 -18"><span class='ocrx_word' id='word_1_333' title='bbox 781 3540 839 3595; x_wconf 88' lang='lat' dir='ltr'><strong>in</strong></span> <span class='ocrx_word' id='word_1_334' title='bbox 864 3541 1308 3611; x_wconf 88' lang='lat' dir='ltr'><strong>compositionem</strong></span> <span class='ocrx_word' id='word_1_335' title='bbox 1341 3540 1505 3595; x_wconf 90' lang='lat' dir='ltr'><strong>simul</strong></span> <span class='ocrx_word' id='word_1_336' title='bbox 1531 3550 1583 3598; x_wconf 90' lang='lat' dir='ltr'><strong>et</strong></span> <span class='ocrx_word' id='word_1_337' title='bbox 1622 3550 1933 3612; x_wconf 91' lang='lat' dir='ltr'><strong>aspectum,</strong></span> <span class='ocrx_word' id='word_1_338' title='bbox 1977 3545 2095 3599; x_wconf 88' lang='lat' dir='ltr'><strong>sine</strong></span> <span class='ocrx_word' id='word_1_339' title='bbox 2126 3545 2231 3600; x_wconf 88' lang='lat' dir='ltr'><strong>ulla</strong></span> <span class='ocrx_word' id='word_1_340' title='bbox 2260 3544 2346 3604; x_wconf 83' lang='lat' dir='ltr'><strong>sui</strong></span> 
     </span>
    </p>
   </div>
   <div class='ocr_carea' id='block_1_52' title="bbox 784 3631 2344 3709">
    <p class='ocr_par' dir='ltr' id='par_1_52' title="bbox 784 3631 2344 3709">
     <span class='ocr_line' id='line_1_52' title="bbox 784 3631 2344 3709; baseline 0.004 -22"><span class='ocrx_word' id='word_1_341' title='bbox 784 3631 1179 3698; x_wconf 87' lang='lat' dir='ltr'><strong>lmmutatione,</strong></span> <span class='ocrx_word' id='word_1_342' title='bbox 1210 3648 1307 3704; x_wconf 91' lang='lat' dir='ltr'><strong>pro</strong></span> <span class='ocrx_word' id='word_1_343' title='bbox 1348 3648 1446 3689; x_wconf 83' lang='lat' dir='ltr'><strong>sua</strong></span> <span class='ocrx_word' id='word_1_344' title='bbox 1487 3635 1728 3690; x_wconf 87' lang='lat' dir='ltr'><strong>bonitate</strong></span> <span class='ocrx_word' id='word_1_345' title='bbox 1751 3636 2185 3709; x_wconf 87' lang='lat' dir='ltr'><strong>benignitatequc</strong></span> <span class='ocrx_word' id='word_1_346' title='bbox 2214 3654 2344 3707; x_wconf 89' lang='lat' dir='ltr'><strong>pro-</strong></span> 
     </span>
    </p>
   </div>
   <div class='ocr_carea' id='block_1_53' title="bbox 782 3725 2344 3796">
    <p class='ocr_par' dir='ltr' id='par_1_53' title="bbox 782 3725 2344 3796">
     <span class='ocr_line' id='line_1_53' title="bbox 782 3725 2344 3796; baseline 0.005 -14"><span class='ocrx_word' id='word_1_347' title='bbox 782 3725 988 3791; x_wconf 89' lang='lat' dir='ltr'><strong>cessit,</strong></span> <span class='ocrx_word' id='word_1_348' title='bbox 1041 3727 1318 3795; x_wconf 90' lang='lat' dir='ltr'><strong>nostrique</strong></span> <span class='ocrx_word' id='word_1_349' title='bbox 1368 3741 1553 3782; x_wconf 88' lang='lat' dir='ltr'><strong>secum</strong></span> <span class='ocrx_word' id='word_1_350' title='bbox 1602 3728 1859 3784; x_wconf 86' lang='lat' dir='ltr'><strong>uniiicam</strong></span> <span class='ocrx_word' id='word_1_351' title='bbox 1908 3733 2344 3796; x_wconf 87' lang='lat' dir='ltr'><strong>communionem</strong></span> 
     </span>
    </p>
   </div>
   <div class='ocr_carea' id='block_1_54' title="bbox 784 3818 2341 3894">
    <p class='ocr_par' dir='ltr' id='par_1_54' title="bbox 784 3818 2341 3894">
     <span class='ocr_line' id='line_1_54' title="bbox 784 3818 2341 3894; baseline 0.005 -21"><span class='ocrx_word' id='word_1_352' title='bbox 784 3818 1020 3873; x_wconf 81' lang='lat' dir='ltr'><strong>beneﬁce</strong></span> <span class='ocrx_word' id='word_1_353' title='bbox 1044 3820 1395 3889; x_wconf 84' lang='lat' dir='ltr'><strong>excogitavit,</strong></span> <span class='ocrx_word' id='word_1_354' title='bbox 1427 3834 1489 3875; x_wconf 88' lang='lat' dir='ltr'><strong>ea</strong></span> <span class='ocrx_word' id='word_1_355' title='bbox 1521 3833 1640 3889; x_wconf 56' lang='lat' dir='ltr'><strong>quas</strong></span> <span class='ocrx_word' id='word_1_356' title='bbox 1669 3820 1904 3877; x_wconf 84' lang='lat' dir='ltr'><strong>innobis</strong></span> <span class='ocrx_word' id='word_1_357' title='bbox 1937 3823 2161 3879; x_wconf 88' lang='lat' dir='ltr'><strong>humilia</strong></span> <span class='ocrx_word' id='word_1_358' title='bbox 2195 3832 2341 3894; x_wconf 89' lang='lat' dir='ltr'><strong>sunt,</strong></span> 
     </span>
    </p>
   </div>
   <div class='ocr_carea' id='block_1_55' title="bbox 782 3910 2339 3988">
    <p class='ocr_par' dir='ltr' id='par_1_55' title="bbox 782 3910 2339 3988">
     <span class='ocr_line' id='line_1_55' title="bbox 782 3910 2339 3988; baseline 0.005 -23"><span class='ocrx_word' id='word_1_359' title='bbox 782 3910 1135 3966; x_wconf 89' lang='lat' dir='ltr'><strong>divinissimis</strong></span> <span class='ocrx_word' id='word_1_360' title='bbox 1165 3912 1275 3966; x_wconf 90' lang='lat' dir='ltr'><strong>suis</strong></span> <span class='ocrx_word' id='word_1_361' title='bbox 1310 3910 1509 3975; x_wconf 84' lang='lat' dir='ltr'><strong>uniens</strong></span> <span class='ocrx_word' id='word_1_362' title='bbox 1533 3913 1891 3981; x_wconf 85' lang='lat' dir='ltr'><strong>excellentiis,</strong></span> <span class='ocrx_word' id='word_1_363' title='bbox 1920 3924 1981 3970; x_wconf 91' lang='lat' dir='ltr'><strong>ut</strong></span> <span class='ocrx_word' id='word_1_364' title='bbox 2000 3926 2054 3971; x_wconf 89' lang='lat' dir='ltr'><strong>et</strong></span> <span class='ocrx_word' id='word_1_365' title='bbox 2080 3932 2181 3972; x_wconf 88' lang='lat' dir='ltr'><strong>nos</strong></span> <span class='ocrx_word' id='word_1_366' title='bbox 2210 3918 2339 3988; x_wconf 91' lang='lat' dir='ltr'><strong>ipsi,</strong></span> 
     </span>
    </p>
   </div>
   <div class='ocr_carea' id='block_1_56' title="bbox 783 4008 2340 4079">
    <p class='ocr_par' dir='ltr' id='par_1_56' title="bbox 783 4008 2340 4079">
     <span class='ocr_line' id='line_1_56' title="bbox 783 4008 2340 4079; baseline 0.007 -20"><span class='ocrx_word' id='word_1_367' title='bbox 783 4013 1039 4076; x_wconf 89' lang='lat' dir='ltr'><strong>tanquam</strong></span> <span class='ocrx_word' id='word_1_368' title='bbox 1080 4008 1319 4063; x_wconf 88' lang='lat' dir='ltr'><strong>membra</strong></span> <span class='ocrx_word' id='word_1_369' title='bbox 1363 4008 1602 4076; x_wconf 89' lang='lat' dir='ltr'><strong>corpori,</strong></span> <span class='ocrx_word' id='word_1_370' title='bbox 1648 4022 1747 4078; x_wconf 90' lang='lat' dir='ltr'><strong>per</strong></span> <span class='ocrx_word' id='word_1_371' title='bbox 1785 4008 2023 4079; x_wconf 86' lang='lat' dir='ltr'><strong>ejusdem</strong></span> <span class='ocrx_word' id='word_1_372' title='bbox 2076 4012 2340 4069; x_wconf 91' lang='lat' dir='ltr'><strong>immacu-</strong></span> 
     </span>
    </p>
   </div>
   <div class='ocr_carea' id='block_1_57' title="bbox 781 4098 2339 4172">
    <p class='ocr_par' dir='ltr' id='par_1_57' title="bbox 781 4098 2339 4172">
     <span class='ocr_line' id='line_1_57' title="bbox 781 4098 2339 4172; baseline 0.006 -19"><span class='ocrx_word' id='word_1_373' title='bbox 781 4098 902 4153; x_wconf 72' lang='lat' dir='ltr'><strong>lata:</strong></span> <span class='ocrx_word' id='word_1_374' title='bbox 945 4113 1008 4154; x_wconf 88' lang='lat' dir='ltr'><strong>ac</strong></span> <span class='ocrx_word' id='word_1_375' title='bbox 1046 4100 1237 4155; x_wconf 64' lang='lat' dir='ltr'><strong>divinae</strong></span> <span class='ocrx_word' id='word_1_376' title='bbox 1285 4100 1409 4155; x_wconf 67' lang='lat' dir='ltr'><strong>vitae</strong></span> <span class='ocrx_word' id='word_1_377' title='bbox 1453 4100 1789 4156; x_wconf 89' lang='lat' dir='ltr'><strong>identitatem</strong></span> <span class='ocrx_word' id='word_1_378' title='bbox 1838 4117 2197 4172; x_wconf 79' lang='lat' dir='ltr'><strong>congruamus</strong></span> <span class='ocrx_word' id='word_1_379' title='bbox 2225 4148 2240 4171; x_wconf 87' lang='lat'><strong>,</strong></span> <span class='ocrx_word' id='word_1_380' title='bbox 2273 4120 2339 4164; x_wconf 91' lang='lat' dir='ltr'><strong>ne</strong></span> 
     </span>
    </p>
   </div>
   <div class='ocr_carea' id='block_1_58' title="bbox 782 4191 2338 4263">
    <p class='ocr_par' dir='ltr' id='par_1_58' title="bbox 782 4191 2338 4263">
     <span class='ocr_line' id='line_1_58' title="bbox 782 4191 2338 4263; baseline 0.004 -18"><span class='ocrx_word' id='word_1_381' title='bbox 782 4191 1221 4261; x_wconf 89' lang='lat' dir='ltr'><strong>corruptibilibus</strong></span> <span class='ocrx_word' id='word_1_382' title='bbox 1250 4192 1426 4247; x_wconf 89' lang='lat' dir='ltr'><strong>necati</strong></span> <span class='ocrx_word' id='word_1_383' title='bbox 1474 4194 1849 4263; x_wconf 88' lang='lat' dir='ltr'><strong>passionibus,</strong></span> <span class='ocrx_word' id='word_1_384' title='bbox 1882 4197 2076 4252; x_wconf 85' lang='lat' dir='ltr'><strong>divinis</strong></span> <span class='ocrx_word' id='word_1_385' title='bbox 2110 4197 2226 4253; x_wconf 84' lang='lat' dir='ltr'><strong>istis</strong></span> <span class='ocrx_word' id='word_1_386' title='bbox 2250 4213 2338 4252; x_wconf 88' lang='lat' dir='ltr'><strong>sa-</strong></span> 
     </span>
    </p>
   </div>
   <div class='ocr_carea' id='block_1_59' title="bbox 781 4285 2340 4362">
    <p class='ocr_par' dir='ltr' id='par_1_59' title="bbox 781 4285 2340 4362">
     <span class='ocr_line' id='line_1_59' title="bbox 781 4285 2340 4362; baseline 0.006 -22"><span class='ocrx_word' id='word_1_387' title='bbox 781 4285 1128 4357; x_wconf 89' lang='lat' dir='ltr'><strong>nissimisque</strong></span> <span class='ocrx_word' id='word_1_388' title='bbox 1158 4287 1413 4342; x_wconf 89' lang='lat' dir='ltr'><strong>membris</strong></span> <span class='ocrx_word' id='word_1_389' title='bbox 1451 4286 1764 4359; x_wconf 87' lang='lat' dir='ltr'><strong>incongrui,</strong></span> <span class='ocrx_word' id='word_1_390' title='bbox 1809 4288 2034 4360; x_wconf 66' lang='lat' dir='ltr'><strong>vitaeque</strong></span> <span class='ocrx_word' id='word_1_391' title='bbox 2060 4292 2340 4362; x_wconf 89' lang='lat' dir='ltr'><strong>incapaces</strong></span> 
     </span>
    </p>
   </div>
   <div class='ocr_carea' id='block_1_60' title="bbox 780 4380 1094 4436">
    <p class='ocr_par' dir='ltr' id='par_1_60' title="bbox 780 4380 1094 4436">
     <span class='ocr_line' id='line_1_60' title="bbox 780 4380 1094 4436; baseline -0.013 0"><span class='ocrx_word' id='word_1_392' title='bbox 780 4380 1094 4436; x_wconf 84' lang='lat' dir='ltr'><strong>existamus.</strong></span> 
     </span>
    </p>
   </div>
   <div class='ocr_carea' id='block_1_61' title="bbox 850 4463 2338 4550">
    <p class='ocr_par' dir='ltr' id='par_1_61' title="bbox 850 4463 2338 4550">
     <span class='ocr_line' id='line_1_61' title="bbox 850 4463 2338 4550; baseline 0.003 -22"><span class='ocrx_word' id='word_1_393' title='bbox 850 4472 1075 4550; x_wconf 86' lang='lat' dir='ltr'><strong>Oportet</strong></span> <span class='ocrx_word' id='word_1_394' title='bbox 1102 4471 1262 4549; x_wconf 87' lang='lat' dir='ltr'><strong>igitur</strong></span> <span class='ocrx_word' id='word_1_395' title='bbox 1290 4487 1409 4539; x_wconf 88' lang='lat' dir='ltr'><strong>nos,</strong></span> <span class='ocrx_word' id='word_1_396' title='bbox 1436 4472 1482 4528; x_wconf 89' lang='lat' dir='ltr'><strong>si</strong></span> <span class='ocrx_word' id='word_1_397' title='bbox 1504 4471 1570 4528; x_wconf 88' lang='lat' dir='ltr'><strong>ad</strong></span> <span class='ocrx_word' id='word_1_398' title='bbox 1594 4473 2029 4531; x_wconf 89' lang='lat' dir='ltr'><strong>communionem</strong></span> <span class='ocrx_word' id='word_1_399' title='bbox 2056 4463 2173 4545; x_wconf 68' lang='lat' dir='ltr'><strong>ejus</strong></span> <span class='ocrx_word' id='word_1_400' title='bbox 2196 4476 2338 4547; x_wconf 88' lang='lat' dir='ltr'><strong>aspi-</strong></span> 
     </span>
    </p>
   </div>
   <div class='ocr_carea' id='block_1_62' title="bbox 2450 1966 3079 2037">
    <p class='ocr_par' dir='ltr' id='par_1_62' title="bbox 2450 1966 3079 2037">
     <span class='ocr_line' id='line_1_62' title="bbox 2450 1966 3079 2037; baseline 0.006 -18"><span class='ocrx_word' id='word_1_401' title='bbox 2450 1978 2590 2021; x_wconf 89' lang='lat' dir='ltr'><strong>mem</strong></span> <span class='ocrx_word' id='word_1_402' title='bbox 2623 1966 3079 2037; x_wconf 87' lang='lat' dir='ltr'><strong>imaginationem.</strong></span> 
     </span>
    </p>
   </div>
   <div class='ocr_carea' id='block_1_63' title="bbox 2517 2055 4013 2133">
    <p class='ocr_par' dir='ltr' id='par_1_63' title="bbox 2517 2055 4013 2133">
     <span class='ocr_line' id='line_1_63' title="bbox 2517 2055 4013 2133; baseline 0.007 -21"><span class='ocrx_word' id='word_1_403' title='bbox 2517 2055 2711 2115; x_wconf 85' lang='lat' dir='ltr'><strong>Merito</strong></span> <span class='ocrx_word' id='word_1_404' title='bbox 2742 2058 2926 2129; x_wconf 81' lang='lat' dir='ltr'><strong>itaque</strong></span> <span class='ocrx_word' id='word_1_405' title='bbox 2969 2059 3180 2132; x_wconf 81' lang='lat' dir='ltr'><strong>mystici</strong></span> <span class='ocrx_word' id='word_1_406' title='bbox 3227 2060 3485 2131; x_wconf 89' lang='lat' dir='ltr'><strong>pictores,</strong></span> <span class='ocrx_word' id='word_1_407' title='bbox 3521 2064 3747 2133; x_wconf 85' lang='lat' dir='ltr'><strong>quando</strong></span> <span class='ocrx_word' id='word_1_408' title='bbox 3776 2072 4013 2131; x_wconf 83' lang='lat' dir='ltr'><strong>mentem</strong></span> 
     </span>
    </p>
   </div>
   <div class='ocr_carea' id='block_1_64' title="bbox 2450 2141 4016 2228">
    <p class='ocr_par' dir='ltr' id='par_1_64' title="bbox 2450 2141 4016 2228">
     <span class='ocr_line' id='line_1_64' title="bbox 2450 2141 4016 2228; baseline 0.005 -23"><span class='ocrx_word' id='word_1_409' title='bbox 2450 2164 2601 2205; x_wconf 85' lang='lat' dir='ltr'><strong>suam</strong></span> <span class='ocrx_word' id='word_1_410' title='bbox 2631 2150 2700 2205; x_wconf 87' lang='lat' dir='ltr'><strong>ad</strong></span> <span class='ocrx_word' id='word_1_411' title='bbox 2739 2141 3243 2222; x_wconf 75' lang='lat' dir='ltr'><strong>superessentialem</strong></span> <span class='ocrx_word' id='word_1_412' title='bbox 3292 2153 3437 2209; x_wconf 91' lang='lat' dir='ltr'><strong>illam</strong></span> <span class='ocrx_word' id='word_1_413' title='bbox 3469 2153 3809 2225; x_wconf 83' lang='lat' dir='ltr'><strong>fragrantem</strong></span> <span class='ocrx_word' id='word_1_414' title='bbox 3851 2159 4016 2228; x_wconf 85' lang='lat' dir='ltr'><strong>spiri-</strong></span> 
     </span>
    </p>
   </div>
   <div class='ocr_carea' id='block_1_65' title="bbox 2451 2243 4013 2319">
    <p class='ocr_par' dir='ltr' id='par_1_65' title="bbox 2451 2243 4013 2319">
     <span class='ocr_line' id='line_1_65' title="bbox 2451 2243 4013 2319; baseline 0.005 -21"><span class='ocrx_word' id='word_1_415' title='bbox 2451 2243 2723 2313; x_wconf 79' lang='lat' dir='ltr'><strong>talemque</strong></span> <span class='ocrx_word' id='word_1_416' title='bbox 2777 2244 3235 2315; x_wconf 88' lang='lat' dir='ltr'><strong>pulchritudinem</strong></span> <span class='ocrx_word' id='word_1_417' title='bbox 3307 2257 3621 2304; x_wconf 87' lang='lat' dir='ltr'><strong>constanter</strong></span> <span class='ocrx_word' id='word_1_418' title='bbox 3679 2247 4013 2319; x_wconf 67' lang='lat' dir='ltr'><strong>edormant,</strong></span> 
     </span>
    </p>
   </div>
   <div class='ocr_carea' id='block_1_66' title="bbox 2452 2337 4016 2414">
    <p class='ocr_par' dir='ltr' id='par_1_66' title="bbox 2452 2337 4016 2414">
     <span class='ocr_line' id='line_1_66' title="bbox 2452 2337 4016 2414; baseline 0.005 -23"><span class='ocrx_word' id='word_1_419' title='bbox 2452 2337 2651 2392; x_wconf 89' lang='lat' dir='ltr'><strong>nullam</strong></span> <span class='ocrx_word' id='word_1_420' title='bbox 2677 2337 2933 2393; x_wconf 81' lang='lat' dir='ltr'><strong>virtutem</strong></span> <span class='ocrx_word' id='word_1_421' title='bbox 2964 2352 3149 2393; x_wconf 88' lang='lat' dir='ltr'><strong>earum</strong></span> <span class='ocrx_word' id='word_1_422' title='bbox 3178 2354 3297 2411; x_wconf 67' lang='lat' dir='ltr'><strong>quae</strong></span> <span class='ocrx_word' id='word_1_423' title='bbox 3319 2341 3385 2397; x_wconf 89' lang='lat' dir='ltr'><strong>iis</strong></span> <span class='ocrx_word' id='word_1_424' title='bbox 3412 2341 3615 2408; x_wconf 83' lang='lat' dir='ltr'><strong>insunt,</strong></span> <span class='ocrx_word' id='word_1_425' title='bbox 3647 2354 3837 2414; x_wconf 87' lang='lat' dir='ltr'><strong>agunt,</strong></span> <span class='ocrx_word' id='word_1_426' title='bbox 3862 2354 3921 2399; x_wconf 92' lang='lat' dir='ltr'><strong>ut</strong></span> <span class='ocrx_word' id='word_1_427' title='bbox 3944 2346 4016 2399; x_wconf 88' lang='lat' dir='ltr'><strong>ab</strong></span> 
     </span>
    </p>
   </div>
   <div class='ocr_carea' id='block_1_67' title="bbox 2451 2430 4015 2506">
    <p class='ocr_par' dir='ltr' id='par_1_67' title="bbox 2451 2430 4015 2506">
     <span class='ocr_line' id='line_1_67' title="bbox 2451 2430 4015 2506; baseline 0.004 -21"><span class='ocrx_word' id='word_1_428' title='bbox 2451 2430 2779 2499; x_wconf 84' lang='lat' dir='ltr'><strong>hominibus,</strong></span> <span class='ocrx_word' id='word_1_429' title='bbox 2806 2430 2946 2487; x_wconf 87' lang='lat' dir='ltr'><strong>sicut</strong></span> <span class='ocrx_word' id='word_1_430' title='bbox 2974 2432 3235 2501; x_wconf 88' lang='lat' dir='ltr'><strong>scriptum</strong></span> <span class='ocrx_word' id='word_1_431' title='bbox 3257 2441 3363 2499; x_wconf 87' lang='lat' dir='ltr'><strong>est,</strong></span> <span class='ocrx_word' id='word_1_432' title='bbox 3386 2433 3709 2501; x_wconf 64' lang='lat' dir='ltr'><strong>videantur,</strong></span> <span class='ocrx_word' id='word_1_433' title='bbox 3740 2435 3833 2490; x_wconf 81' lang='lat' dir='ltr'><strong>sed</strong></span> <span class='ocrx_word' id='word_1_434' title='bbox 3857 2438 4015 2506; x_wconf 88' lang='lat' dir='ltr'><strong>quid-</strong></span> 
     </span>
    </p>
   </div>
   <div class='ocr_carea' id='block_1_68' title="bbox 2450 2520 4014 2594">
    <p class='ocr_par' dir='ltr' id='par_1_68' title="bbox 2450 2520 4014 2594">
     <span class='ocr_line' id='line_1_68' title="bbox 2450 2520 4014 2594; baseline 0.004 -22"><span class='ocrx_word' id='word_1_435' title='bbox 2450 2520 2578 2589; x_wconf 90' lang='lat' dir='ltr'><strong>quid</strong></span> <span class='ocrx_word' id='word_1_436' title='bbox 2622 2521 2675 2575; x_wconf 90' lang='lat' dir='ltr'><strong>in</strong></span> <span class='ocrx_word' id='word_1_437' title='bbox 2728 2521 2929 2576; x_wconf 88' lang='lat' dir='ltr'><strong>virtute</strong></span> <span class='ocrx_word' id='word_1_438' title='bbox 2966 2536 3180 2576; x_wconf 87' lang='lat' dir='ltr'><strong>sacrum</strong></span> <span class='ocrx_word' id='word_1_439' title='bbox 3213 2536 3290 2576; x_wconf 84' lang='lat' dir='ltr'><strong>ac</strong></span> <span class='ocrx_word' id='word_1_440' title='bbox 3341 2523 3579 2577; x_wconf 82' lang='lat' dir='ltr'><strong>maxime</strong></span> <span class='ocrx_word' id='word_1_441' title='bbox 3618 2523 3876 2581; x_wconf 86' lang='lat' dir='ltr'><strong>deiforme</strong></span> <span class='ocrx_word' id='word_1_442' title='bbox 3909 2535 4014 2594; x_wconf 88' lang='lat' dir='ltr'><strong>est,</strong></span> 
     </span>
    </p>
   </div>
   <div class='ocr_carea' id='block_1_69' title="bbox 2452 2612 4016 2684">
    <p class='ocr_par' dir='ltr' id='par_1_69' title="bbox 2452 2612 4016 2684">
     <span class='ocr_line' id='line_1_69' title="bbox 2452 2612 4016 2684; baseline 0.003 -17"><span class='ocrx_word' id='word_1_443' title='bbox 2452 2612 2592 2667; x_wconf 88' lang='lat' dir='ltr'><strong>intra</strong></span> <span class='ocrx_word' id='word_1_444' title='bbox 2615 2622 2851 2668; x_wconf 87' lang='lat' dir='ltr'><strong>mentem</strong></span> <span class='ocrx_word' id='word_1_445' title='bbox 2878 2628 3050 2678; x_wconf 88' lang='lat' dir='ltr'><strong>suam,</strong></span> <span class='ocrx_word' id='word_1_446' title='bbox 3094 2627 3213 2683; x_wconf 71' lang='lat' dir='ltr'><strong>qua:</strong></span> <span class='ocrx_word' id='word_1_447' title='bbox 3241 2613 3309 2667; x_wconf 86' lang='lat' dir='ltr'><strong>ad</strong></span> <span class='ocrx_word' id='word_1_448' title='bbox 3339 2614 3635 2684; x_wconf 84' lang='lat' dir='ltr'><strong>imaginem</strong></span> <span class='ocrx_word' id='word_1_449' title='bbox 3680 2624 3734 2670; x_wconf 90' lang='lat' dir='ltr'><strong>et</strong></span> <span class='ocrx_word' id='word_1_450' title='bbox 3760 2615 4016 2671; x_wconf 74' lang='lat' dir='ltr'><strong>similitu-</strong></span> 
     </span>
    </p>
   </div>
   <div class='ocr_carea' id='block_1_70' title="bbox 2450 2703 4011 2775">
    <p class='ocr_par' dir='ltr' id='par_1_70' title="bbox 2450 2703 4011 2775">
     <span class='ocr_line' id='line_1_70' title="bbox 2450 2703 4011 2775; baseline 0.001 -15"><span class='ocrx_word' id='word_1_451' title='bbox 2450 2704 2631 2760; x_wconf 88' lang='lat' dir='ltr'><strong>dinem</strong></span> <span class='ocrx_word' id='word_1_452' title='bbox 2674 2705 2769 2761; x_wconf 90' lang='lat' dir='ltr'><strong>Dei</strong></span> <span class='ocrx_word' id='word_1_453' title='bbox 2818 2703 2960 2760; x_wconf 86' lang='lat' dir='ltr'><strong>facta</strong></span> <span class='ocrx_word' id='word_1_454' title='bbox 3007 2716 3128 2768; x_wconf 91' lang='lat' dir='ltr'><strong>est,</strong></span> <span class='ocrx_word' id='word_1_455' title='bbox 3178 2705 3534 2760; x_wconf 84' lang='lat' dir='ltr'><strong>recondcntes</strong></span> <span class='ocrx_word' id='word_1_456' title='bbox 3588 2707 3651 2760; x_wconf 91' lang='lat' dir='ltr'><strong>ad</strong></span> <span class='ocrx_word' id='word_1_457' title='bbox 3698 2709 4011 2775; x_wconf 69' lang='lat' dir='ltr'><strong>primaevam</strong></span> 
     </span>
    </p>
   </div>
   <div class='ocr_carea' id='block_1_71' title="bbox 2451 2785 4010 2869">
    <p class='ocr_par' dir='ltr' id='par_1_71' title="bbox 2451 2785 4010 2869">
     <span class='ocr_line' id='line_1_71' title="bbox 2451 2785 4010 2869; baseline 0.002 -16"><span class='ocrx_word' id='word_1_458' title='bbox 2451 2797 2715 2853; x_wconf 84' lang='lat' dir='ltr'><strong>duntaxat</strong></span> <span class='ocrx_word' id='word_1_459' title='bbox 2762 2797 2998 2869; x_wconf 88' lang='lat' dir='ltr'><strong>speciem</strong></span> <span class='ocrx_word' id='word_1_460' title='bbox 3049 2804 3214 2869; x_wconf 86' lang='lat' dir='ltr'><strong>atque</strong></span> <span class='ocrx_word' id='word_1_461' title='bbox 3254 2796 3662 2865; x_wconf 84' lang='lat' dir='ltr'><strong>intelligentiam</strong></span> <span class='ocrx_word' id='word_1_462' title='bbox 3712 2785 4010 2857; x_wconf 78' lang='lat' dir='ltr'><strong>intuentur.</strong></span> 
     </span>
    </p>
   </div>
   <div class='ocr_carea' id='block_1_72' title="bbox 2450 2888 4014 2961">
    <p class='ocr_par' dir='ltr' id='par_1_72' title="bbox 2450 2888 4014 2961">
     <span class='ocr_line' id='line_1_72' title="bbox 2450 2888 4014 2961; baseline 0.003 -14"><span class='ocrx_word' id='word_1_463' title='bbox 2450 2890 2635 2961; x_wconf 83' lang='lat' dir='ltr'><strong>Neque</strong></span> <span class='ocrx_word' id='word_1_464' title='bbox 2673 2892 2817 2946; x_wconf 90' lang='lat' dir='ltr'><strong>enim</strong></span> <span class='ocrx_word' id='word_1_465' title='bbox 2856 2893 3027 2947; x_wconf 90' lang='lat' dir='ltr'><strong>solum</strong></span> <span class='ocrx_word' id='word_1_466' title='bbox 3057 2888 3577 2961; x_wconf 80' lang='lat' dir='ltr'><strong>dissimilia-vident,</strong></span> <span class='ocrx_word' id='word_1_467' title='bbox 3612 2891 3702 2950; x_wconf 84' lang='lat' dir='ltr'><strong>sed</strong></span> <span class='ocrx_word' id='word_1_468' title='bbox 3729 2907 3796 2951; x_wconf 85' lang='lat' dir='ltr'><strong>ne</strong></span> <span class='ocrx_word' id='word_1_469' title='bbox 3826 2894 3890 2952; x_wconf 81' lang='lat' dir='ltr'><strong>ad</strong></span> <span class='ocrx_word' id='word_1_470' title='bbox 3919 2908 4014 2952; x_wconf 81' lang='lat' dir='ltr'><strong>eo-</strong></span> 
     </span>
    </p>
   </div>
   <div class='ocr_carea' id='block_1_73' title="bbox 2451 2982 4011 3055">
    <p class='ocr_par' dir='ltr' id='par_1_73' title="bbox 2451 2982 4011 3055">
     <span class='ocr_line' id='line_1_73' title="bbox 2451 2982 4011 3055; baseline 0.005 -18"><span class='ocrx_word' id='word_1_471' title='bbox 2451 2998 2570 3037; x_wconf 92' lang='lat' dir='ltr'><strong>rum</strong></span> <span class='ocrx_word' id='word_1_472' title='bbox 2604 2982 2822 3054; x_wconf 91' lang='lat' dir='ltr'><strong>quidem</strong></span> <span class='ocrx_word' id='word_1_473' title='bbox 2855 2994 3133 3053; x_wconf 84' lang='lat' dir='ltr'><strong>aspecmm</strong></span> <span class='ocrx_word' id='word_1_474' title='bbox 3166 2984 3572 3055; x_wconf 86' lang='lat' dir='ltr'><strong>pertrahuntur.</strong></span> <span class='ocrx_word' id='word_1_475' title='bbox 3624 2987 4011 3055; x_wconf 84' lang='lat' dir='ltr'><strong>Quamobrem.</strong></span> 
     </span>
    </p>
   </div>
   <div class='ocr_carea' id='block_1_74' title="bbox 2451 3073 4015 3145">
    <p class='ocr_par' dir='ltr' id='par_1_74' title="bbox 2451 3073 4015 3145">
     <span class='ocr_line' id='line_1_74' title="bbox 2451 3073 4015 3145; baseline 0.006 -16"><span class='ocrx_word' id='word_1_476' title='bbox 2451 3073 2592 3129; x_wconf 88' lang='lat' dir='ltr'><strong>sicut</strong></span> <span class='ocrx_word' id='word_1_477' title='bbox 2615 3088 2709 3129; x_wconf 88' lang='lat' dir='ltr'><strong>eos</strong></span> <span class='ocrx_word' id='word_1_478' title='bbox 2734 3074 2910 3141; x_wconf 85' lang='lat' dir='ltr'><strong>decet,</strong></span> <span class='ocrx_word' id='word_1_479' title='bbox 2939 3089 3045 3129; x_wconf 90' lang='lat' dir='ltr'><strong>non</strong></span> <span class='ocrx_word' id='word_1_480' title='bbox 3074 3089 3134 3129; x_wconf 88' lang='lat' dir='ltr'><strong>ea</strong></span> <span class='ocrx_word' id='word_1_481' title='bbox 3164 3089 3308 3145; x_wconf 71' lang='lat' dir='ltr'><strong>quae</strong></span> <span class='ocrx_word' id='word_1_482' title='bbox 3366 3085 3567 3132; x_wconf 88' lang='lat' dir='ltr'><strong>temere</strong></span> <span class='ocrx_word' id='word_1_483' title='bbox 3610 3073 3884 3145; x_wconf 86' lang='lat' dir='ltr'><strong>videntur,</strong></span> <span class='ocrx_word' id='word_1_484' title='bbox 3918 3082 4015 3138; x_wconf 81' lang='lat' dir='ltr'><strong>sed</strong></span> 
     </span>
    </p>
   </div>
   <div class='ocr_carea' id='block_1_75' title="bbox 2449 3166 4013 3241">
    <p class='ocr_par' dir='ltr' id='par_1_75' title="bbox 2449 3166 4013 3241">
     <span class='ocr_line' id='line_1_75' title="bbox 2449 3166 4013 3241; baseline 0.006 -22"><span class='ocrx_word' id='word_1_485' title='bbox 2449 3181 2570 3236; x_wconf 73' lang='lat' dir='ltr'><strong>quae</strong></span> <span class='ocrx_word' id='word_1_486' title='bbox 2605 3180 2729 3221; x_wconf 87' lang='lat' dir='ltr'><strong>vere</strong></span> <span class='ocrx_word' id='word_1_487' title='bbox 2750 3166 2893 3237; x_wconf 85' lang='lat' dir='ltr'><strong>justa</strong></span> <span class='ocrx_word' id='word_1_488' title='bbox 2920 3175 3045 3222; x_wconf 91' lang='lat' dir='ltr'><strong>sunt</strong></span> <span class='ocrx_word' id='word_1_489' title='bbox 3067 3182 3130 3222; x_wconf 88' lang='lat' dir='ltr'><strong>ac</strong></span> <span class='ocrx_word' id='word_1_490' title='bbox 3155 3166 3318 3233; x_wconf 91' lang='lat' dir='ltr'><strong>bona,</strong></span> <span class='ocrx_word' id='word_1_491' title='bbox 3346 3168 3577 3240; x_wconf 90' lang='lat' dir='ltr'><strong>diligunt</strong></span> <span class='ocrx_word' id='word_1_492' title='bbox 3608 3187 3621 3224; x_wconf 90' lang='lat'><strong>:</strong></span> <span class='ocrx_word' id='word_1_493' title='bbox 3653 3186 3826 3241; x_wconf 88' lang='lat' dir='ltr'><strong>neque</strong></span> <span class='ocrx_word' id='word_1_494' title='bbox 3850 3174 4013 3229; x_wconf 86' lang='lat' dir='ltr'><strong>istam</strong></span> 
     </span>
    </p>
   </div>
   <div class='ocr_carea' id='block_1_76' title="bbox 2451 3260 4013 3335">
    <p class='ocr_par' dir='ltr' id='par_1_76' title="bbox 2451 3260 4013 3335">
     <span class='ocr_line' id='line_1_76' title="bbox 2451 3260 4013 3335; baseline 0.004 -21"><span class='ocrx_word' id='word_1_495' title='bbox 2451 3267 2700 3331; x_wconf 89' lang='lat' dir='ltr'><strong>spectant</strong></span> <span class='ocrx_word' id='word_1_496' title='bbox 2750 3260 2972 3331; x_wconf 87' lang='lat' dir='ltr'><strong>gloriam</strong></span> <span class='ocrx_word' id='word_1_497' title='bbox 3027 3275 3147 3331; x_wconf 77' lang='lat' dir='ltr'><strong>quae</strong></span> <span class='ocrx_word' id='word_1_498' title='bbox 3190 3260 3307 3316; x_wconf 91' lang='lat' dir='ltr'><strong>sine</strong></span> <span class='ocrx_word' id='word_1_499' title='bbox 3349 3262 3557 3317; x_wconf 90' lang='lat' dir='ltr'><strong>ratione</strong></span> <span class='ocrx_word' id='word_1_500' title='bbox 3617 3262 3775 3335; x_wconf 87' lang='lat' dir='ltr'><strong>vulgo</strong></span> <span class='ocrx_word' id='word_1_501' title='bbox 3812 3265 4013 3334; x_wconf 82' lang='lat' dir='ltr'><strong>passim</strong></span> 
     </span>
    </p>
   </div>
   <div class='ocr_carea' id='block_1_77' title="bbox 2449 3344 4015 3423">
    <p class='ocr_par' dir='ltr' id='par_1_77' title="bbox 2449 3344 4015 3423">
     <span class='ocr_line' id='line_1_77' title="bbox 2449 3344 4015 3423; baseline 0.003 -16"><span class='ocrx_word' id='word_1_502' title='bbox 2449 3352 2607 3407; x_wconf 88' lang='lat' dir='ltr'><strong>beata</strong></span> <span class='ocrx_word' id='word_1_503' title='bbox 2638 3354 2981 3423; x_wconf 75' lang='lat' dir='ltr'><strong>przedicatur,</strong></span> <span class='ocrx_word' id='word_1_504' title='bbox 3004 3354 3095 3407; x_wconf 92' lang='lat' dir='ltr'><strong>sed</strong></span> <span class='ocrx_word' id='word_1_505' title='bbox 3128 3352 3427 3409; x_wconf 88' lang='lat' dir='ltr'><strong>imitatione</strong></span> <span class='ocrx_word' id='word_1_506' title='bbox 3450 3354 3541 3409; x_wconf 91' lang='lat' dir='ltr'><strong>Dei</strong></span> <span class='ocrx_word' id='word_1_507' title='bbox 3566 3344 3762 3411; x_wconf 87' lang='lat' dir='ltr'><strong>bonum</strong></span> <span class='ocrx_word' id='word_1_508' title='bbox 3794 3357 4015 3413; x_wconf 90' lang='lat' dir='ltr'><strong>malum-</strong></span> 
     </span>
    </p>
   </div>
   <div class='ocr_carea' id='block_1_78' title="bbox 2447 3445 4012 3517">
    <p class='ocr_par' dir='ltr' id='par_1_78' title="bbox 2447 3445 4012 3517">
     <span class='ocr_line' id='line_1_78' title="bbox 2447 3445 4012 3517; baseline 0.005 -19"><span class='ocrx_word' id='word_1_509' title='bbox 2447 3460 2554 3516; x_wconf 90' lang='lat' dir='ltr'><strong>que</strong></span> <span class='ocrx_word' id='word_1_510' title='bbox 2582 3460 2677 3516; x_wconf 90' lang='lat' dir='ltr'><strong>per</strong></span> <span class='ocrx_word' id='word_1_511' title='bbox 2707 3459 2765 3501; x_wconf 90' lang='lat' dir='ltr'><strong>se</strong></span> <span class='ocrx_word' id='word_1_512' title='bbox 2812 3445 3153 3516; x_wconf 79' lang='lat' dir='ltr'><strong>iudicantes,</strong></span> <span class='ocrx_word' id='word_1_513' title='bbox 3197 3445 3379 3500; x_wconf 87' lang='lat' dir='ltr'><strong>divina</strong></span> <span class='ocrx_word' id='word_1_514' title='bbox 3428 3448 3671 3517; x_wconf 72' lang='lat' dir='ltr'><strong>quaedam</strong></span> <span class='ocrx_word' id='word_1_515' title='bbox 3718 3450 4012 3509; x_wconf 86' lang='lat' dir='ltr'><strong>simulacra</strong></span> 
     </span>
    </p>
   </div>
   <div class='ocr_carea' id='block_1_79' title="bbox 2448 3534 4015 3608">
    <p class='ocr_par' dir='ltr' id='par_1_79' title="bbox 2448 3534 4015 3608">
     <span class='ocr_line' id='line_1_79' title="bbox 2448 3534 4015 3608; baseline 0.006 -19"><span class='ocrx_word' id='word_1_516' title='bbox 2448 3534 2585 3590; x_wconf 86' lang='lat' dir='ltr'><strong>ﬁunt</strong></span> <span class='ocrx_word' id='word_1_517' title='bbox 2614 3537 2772 3591; x_wconf 87' lang='lat' dir='ltr'><strong>istius</strong></span> <span class='ocrx_word' id='word_1_518' title='bbox 2801 3536 3116 3608; x_wconf 71' lang='lat' dir='ltr'><strong>fragrantia:</strong></span> <span class='ocrx_word' id='word_1_519' title='bbox 3163 3536 3397 3607; x_wconf 63' lang='lat' dir='ltr'><strong>divinae,</strong></span> <span class='ocrx_word' id='word_1_520' title='bbox 3447 3553 3566 3607; x_wconf 75' lang='lat' dir='ltr'><strong>qua:</strong></span> <span class='ocrx_word' id='word_1_521' title='bbox 3612 3538 3809 3595; x_wconf 89' lang='lat' dir='ltr'><strong>bonum</strong></span> <span class='ocrx_word' id='word_1_522' title='bbox 3855 3544 3909 3595; x_wconf 91' lang='lat' dir='ltr'><strong>in</strong></span> <span class='ocrx_word' id='word_1_523' title='bbox 3955 3559 4015 3599; x_wconf 88' lang='lat' dir='ltr'><strong>se</strong></span> 
     </span>
    </p>
   </div>
   <div class='ocr_carea' id='block_1_80' title="bbox 2445 3629 4013 3706">
    <p class='ocr_par' dir='ltr' id='par_1_80' title="bbox 2445 3629 4013 3706">
     <span class='ocr_line' id='line_1_80' title="bbox 2445 3629 4013 3706; baseline 0.006 -23"><span class='ocrx_word' id='word_1_524' title='bbox 2445 3629 2664 3683; x_wconf 90' lang='lat' dir='ltr'><strong>odorem</strong></span> <span class='ocrx_word' id='word_1_525' title='bbox 2693 3643 2818 3686; x_wconf 87' lang='lat' dir='ltr'><strong>vere</strong></span> <span class='ocrx_word' id='word_1_526' title='bbox 2854 3631 3161 3697; x_wconf 86' lang='lat' dir='ltr'><strong>continens,</strong></span> <span class='ocrx_word' id='word_1_527' title='bbox 3198 3630 3267 3685; x_wconf 90' lang='lat' dir='ltr'><strong>ad</strong></span> <span class='ocrx_word' id='word_1_528' title='bbox 3293 3630 3425 3685; x_wconf 93' lang='lat' dir='ltr'><strong>illud</strong></span> <span class='ocrx_word' id='word_1_529' title='bbox 3455 3633 3596 3700; x_wconf 91' lang='lat' dir='ltr'><strong>quod</strong></span> <span class='ocrx_word' id='word_1_530' title='bbox 3624 3632 3782 3705; x_wconf 87' lang='lat' dir='ltr'><strong>vulgo</strong></span> <span class='ocrx_word' id='word_1_531' title='bbox 3809 3636 4013 3706; x_wconf 87' lang='lat' dir='ltr'><strong>passim</strong></span> 
     </span>
    </p>
   </div>
   <div class='ocr_carea' id='block_1_81' title="bbox 2446 3720 4015 3795">
    <p class='ocr_par' dir='ltr' id='par_1_81' title="bbox 2446 3720 4015 3795">
     <span class='ocr_line' id='line_1_81' title="bbox 2446 3720 4015 3795; baseline 0.006 -20"><span class='ocrx_word' id='word_1_532' title='bbox 2446 3720 2784 3790; x_wconf 60' lang='lat' dir='ltr'><strong>inaequaliter</strong></span> <span class='ocrx_word' id='word_1_533' title='bbox 2847 3732 3109 3791; x_wconf 88' lang='lat' dir='ltr'><strong>apparet,</strong></span> <span class='ocrx_word' id='word_1_534' title='bbox 3185 3740 3462 3795; x_wconf 87' lang='lat' dir='ltr'><strong>nunquam</strong></span> <span class='ocrx_word' id='word_1_535' title='bbox 3517 3730 3883 3793; x_wconf 82' lang='lat' dir='ltr'><strong>convertitur,</strong></span> <span class='ocrx_word' id='word_1_536' title='bbox 3957 3729 4015 3785; x_wconf 83' lang='lat' dir='ltr'><strong>in</strong></span> 
     </span>
    </p>
   </div>
   <div class='ocr_carea' id='block_1_82' title="bbox 2443 3815 3725 3888">
    <p class='ocr_par' dir='ltr' id='par_1_82' title="bbox 2443 3815 3725 3888">
     <span class='ocr_line' id='line_1_82' title="bbox 2443 3815 3725 3888; baseline 0.006 -19"><span class='ocrx_word' id='word_1_537' title='bbox 2443 3816 2586 3870; x_wconf 89' lang='lat' dir='ltr'><strong>veris</strong></span> <span class='ocrx_word' id='word_1_538' title='bbox 2612 3815 2723 3870; x_wconf 91' lang='lat' dir='ltr'><strong>suis</strong></span> <span class='ocrx_word' id='word_1_539' title='bbox 2752 3816 3069 3883; x_wconf 84' lang='lat' dir='ltr'><strong>imaginibus</strong></span> <span class='ocrx_word' id='word_1_540' title='bbox 3092 3820 3397 3888; x_wconf 74' lang='lat' dir='ltr'><strong>exprimens</strong></span> <span class='ocrx_word' id='word_1_541' title='bbox 3425 3821 3725 3877; x_wconf 88' lang='lat' dir='ltr'><strong>veritatem.</strong></span> 
     </span>
    </p>
   </div>
   <div class='ocr_carea' id='block_1_83' title="bbox 2515 3905 4017 3984">
    <p class='ocr_par' dir='ltr' id='par_1_83' title="bbox 2515 3905 4017 3984">
     <span class='ocr_line' id='line_1_83' title="bbox 2515 3905 4017 3984; baseline 0.009 -23"><span class='ocrx_word' id='word_1_542' title='bbox 2515 3905 2650 3962; x_wconf 88' lang='lat' dir='ltr'><strong>Hinc</strong></span> <span class='ocrx_word' id='word_1_543' title='bbox 2680 3907 2724 3938; x_wconf 81' lang='grc'><strong>¹⁰</strong></span> <span class='ocrx_word' id='word_1_544' title='bbox 2756 3908 2801 3963; x_wconf 89' lang='lat' dir='ltr'><strong>si</strong></span> <span class='ocrx_word' id='word_1_545' title='bbox 2838 3925 2987 3965; x_wconf 87' lang='lat' dir='ltr'><strong>more</strong></span> <span class='ocrx_word' id='word_1_546' title='bbox 3028 3912 3264 3966; x_wconf 86' lang='lat' dir='ltr'><strong>humano</strong></span> <span class='ocrx_word' id='word_1_547' title='bbox 3299 3928 3361 3967; x_wconf 92' lang='lat' dir='ltr'><strong>ea</strong></span> <span class='ocrx_word' id='word_1_548' title='bbox 3408 3930 3524 3983; x_wconf 79' lang='lat' dir='ltr'><strong>qua:</strong></span> <span class='ocrx_word' id='word_1_549' title='bbox 3553 3929 3713 3984; x_wconf 87' lang='lat' dir='ltr'><strong>supra</strong></span> <span class='ocrx_word' id='word_1_550' title='bbox 3743 3932 3842 3972; x_wconf 89' lang='lat' dir='ltr'><strong>nos</strong></span> <span class='ocrx_word' id='word_1_551' title='bbox 3883 3924 4017 3974; x_wconf 81' lang='lat' dir='ltr'><strong>sunt</strong></span> 
     </span>
    </p>
   </div>
   <div class='ocr_carea' id='block_1_84' title="bbox 2443 4001 4013 4070">
    <p class='ocr_par' dir='ltr' id='par_1_84' title="bbox 2443 4001 4013 4070">
     <span class='ocr_line' id='line_1_84' title="bbox 2443 4001 4013 4070; baseline 0.008 -15"><span class='ocrx_word' id='word_1_552' title='bbox 2443 4001 2791 4070; x_wconf 86' lang='lat' dir='ltr'><strong>accipiamus,</strong></span> <span class='ocrx_word' id='word_1_553' title='bbox 2819 4011 2874 4057; x_wconf 89' lang='lat' dir='ltr'><strong>et</strong></span> <span class='ocrx_word' id='word_1_554' title='bbox 2901 4002 3259 4061; x_wconf 83' lang='lat' dir='ltr'><strong>familiaribus</strong></span> <span class='ocrx_word' id='word_1_555' title='bbox 3285 4007 3437 4062; x_wconf 87' lang='lat' dir='ltr'><strong>nobis</strong></span> <span class='ocrx_word' id='word_1_556' title='bbox 3470 4011 3714 4067; x_wconf 90' lang='lat' dir='ltr'><strong>sensibus</strong></span> <span class='ocrx_word' id='word_1_557' title='bbox 3743 4012 4013 4066; x_wconf 67' lang='lat' dir='ltr'><strong>inhaerea-</strong></span> 
     </span>
    </p>
   </div>
   <div class='ocr_carea' id='block_1_85' title="bbox 2443 4096 4010 4171">
    <p class='ocr_par' dir='ltr' id='par_1_85' title="bbox 2443 4096 4010 4171">
     <span class='ocr_line' id='line_1_85' title="bbox 2443 4096 4010 4171; baseline 0.007 -22"><span class='ocrx_word' id='word_1_558' title='bbox 2443 4110 2584 4163; x_wconf 87' lang='lat' dir='ltr'><strong>mus,</strong></span> <span class='ocrx_word' id='word_1_559' title='bbox 2615 4105 2774 4166; x_wconf 90' lang='lat' dir='ltr'><strong>atque</strong></span> <span class='ocrx_word' id='word_1_560' title='bbox 2793 4096 2969 4152; x_wconf 89' lang='lat' dir='ltr'><strong>divina</strong></span> <span class='ocrx_word' id='word_1_561' title='bbox 2992 4113 3112 4152; x_wconf 88' lang='lat' dir='ltr'><strong>cum</strong></span> <span class='ocrx_word' id='word_1_562' title='bbox 3147 4102 3345 4155; x_wconf 90' lang='lat' dir='ltr'><strong>nostris</strong></span> <span class='ocrx_word' id='word_1_563' title='bbox 3362 4103 3723 4169; x_wconf 87' lang='lat' dir='ltr'><strong>conferamus,</strong></span> <span class='ocrx_word' id='word_1_564' title='bbox 3752 4102 4010 4171; x_wconf 80' lang='lat' dir='ltr'><strong>fallimur,</strong></span> 
     </span>
    </p>
   </div>
   <div class='ocr_carea' id='block_1_86' title="bbox 2443 4187 4012 4265">
    <p class='ocr_par' dir='ltr' id='par_1_86' title="bbox 2443 4187 4012 4265">
     <span class='ocr_line' id='line_1_86' title="bbox 2443 4187 4012 4265; baseline 0.005 -22"><span class='ocrx_word' id='word_1_565' title='bbox 2443 4187 2485 4243; x_wconf 91' lang='lat' dir='ltr'><strong>si</strong></span> <span class='ocrx_word' id='word_1_566' title='bbox 2510 4189 2802 4242; x_wconf 87' lang='lat' dir='ltr'><strong>secundum</strong></span> <span class='ocrx_word' id='word_1_567' title='bbox 2830 4188 2880 4242; x_wconf 92' lang='lat' dir='ltr'><strong>id</strong></span> <span class='ocrx_word' id='word_1_568' title='bbox 2900 4190 3039 4257; x_wconf 87' lang='lat' dir='ltr'><strong>quod</strong></span> <span class='ocrx_word' id='word_1_569' title='bbox 3060 4189 3263 4255; x_wconf 81' lang='lat' dir='ltr'><strong>deforis</strong></span> <span class='ocrx_word' id='word_1_570' title='bbox 3281 4202 3524 4263; x_wconf 88' lang='lat' dir='ltr'><strong>apparet,</strong></span> <span class='ocrx_word' id='word_1_571' title='bbox 3550 4195 3826 4265; x_wconf 80' lang='lat' dir='ltr'><strong>mysticam</strong></span> <span class='ocrx_word' id='word_1_572' title='bbox 3852 4209 4012 4251; x_wconf 79' lang='lat' dir='ltr'><strong>arca-</strong></span> 
     </span>
    </p>
   </div>
   <div class='ocr_carea' id='block_1_87' title="bbox 2444 4278 4009 4355">
    <p class='ocr_par' dir='ltr' id='par_1_87' title="bbox 2444 4278 4009 4355">
     <span class='ocr_line' id='line_1_87' title="bbox 2444 4278 4009 4355; baseline 0.006 -25"><span class='ocrx_word' id='word_1_573' title='bbox 2444 4292 2674 4347; x_wconf 87' lang='lat' dir='ltr'><strong>namque</strong></span> <span class='ocrx_word' id='word_1_574' title='bbox 2695 4278 3015 4350; x_wconf 75' lang='lat' dir='ltr'><strong>tlteOIOgiaIn</strong></span> <span class='ocrx_word' id='word_1_575' title='bbox 3045 4282 3360 4345; x_wconf 88' lang='lat' dir='ltr'><strong>metiamur;</strong></span> <span class='ocrx_word' id='word_1_576' title='bbox 3388 4298 3507 4337; x_wconf 87' lang='lat' dir='ltr'><strong>cum</strong></span> <span class='ocrx_word' id='word_1_577' title='bbox 3531 4282 3673 4338; x_wconf 87' lang='lat' dir='ltr'><strong>scire</strong></span> <span class='ocrx_word' id='word_1_578' title='bbox 3691 4286 4009 4355; x_wconf 79' lang='lat' dir='ltr'><strong>debeamus,</strong></span> 
     </span>
    </p>
   </div>
   <div class='ocr_carea' id='block_1_88' title="bbox 2443 4370 4007 4447">
    <p class='ocr_par' dir='ltr' id='par_1_88' title="bbox 2443 4370 4007 4447">
     <span class='ocr_line' id='line_1_88' title="bbox 2443 4370 4007 4447; baseline 0.006 -24"><span class='ocrx_word' id='word_1_579' title='bbox 2443 4376 2674 4424; x_wconf 88' lang='lat' dir='ltr'><strong>mentem</strong></span> <span class='ocrx_word' id='word_1_580' title='bbox 2723 4370 2939 4440; x_wconf 89' lang='lat' dir='ltr'><strong>quidem</strong></span> <span class='ocrx_word' id='word_1_581' title='bbox 2990 4381 3232 4426; x_wconf 87' lang='lat' dir='ltr'><strong>nostram</strong></span> <span class='ocrx_word' id='word_1_582' title='bbox 3277 4373 3481 4443; x_wconf 86' lang='lat' dir='ltr'><strong>pollere</strong></span> <span class='ocrx_word' id='word_1_583' title='bbox 3535 4374 3589 4429; x_wconf 86' lang='lat' dir='ltr'><strong>vi</strong></span> <span class='ocrx_word' id='word_1_584' title='bbox 3632 4374 4007 4447; x_wconf 87' lang='lat' dir='ltr'><strong>intelligendi,</strong></span> 
     </span>
    </p>
   </div>
   <div class='ocr_carea' id='block_1_89' title="bbox 2440 4462 4008 4537">
    <p class='ocr_par' dir='ltr' id='par_1_89' title="bbox 2440 4462 4008 4537">
     <span class='ocr_line' id='line_1_89' title="bbox 2440 4462 4008 4537; baseline 0.006 -22"><span class='ocrx_word' id='word_1_585' title='bbox 2440 4475 2543 4532; x_wconf 86' lang='lat' dir='ltr'><strong>qua</strong></span> <span class='ocrx_word' id='word_1_586' title='bbox 2570 4478 2656 4517; x_wconf 90' lang='lat' dir='ltr'><strong>res</strong></span> <span class='ocrx_word' id='word_1_587' title='bbox 2693 4462 3031 4521; x_wconf 86' lang='lat' dir='ltr'><strong>intellectiles</strong></span> <span class='ocrx_word' id='word_1_588' title='bbox 3056 4465 3157 4535; x_wconf 86' lang='lat' dir='ltr'><strong>ipsi</strong></span> <span class='ocrx_word' id='word_1_589' title='bbox 3188 4468 3629 4537; x_wconf 88' lang='lat' dir='ltr'><strong>proportionatas</strong></span> <span class='ocrx_word' id='word_1_590' title='bbox 3660 4478 4008 4537; x_wconf 85' lang='lat' dir='ltr'><strong>c0ntueatur,</strong></span> 
     </span>
    </p>
   </div>
   <div class='ocr_carea' id='block_1_90' title="bbox 779 4556 2436 4638">
    <p class='ocr_par' dir='ltr' id='par_1_90' title="bbox 779 4565 2414 4638">
     <span class='ocr_line' id='line_1_90' title="bbox 779 4565 2414 4638; baseline 0.002 -16"><span class='ocrx_word' id='word_1_591' title='bbox 779 4580 993 4633; x_wconf 91' lang='lat' dir='ltr'><strong>remus,</strong></span> <span class='ocrx_word' id='word_1_592' title='bbox 1022 4565 1414 4621; x_wconf 83' lang='lat' dir='ltr'><strong>divinissimam</strong></span> <span class='ocrx_word' id='word_1_593' title='bbox 1448 4566 1567 4637; x_wconf 85' lang='lat' dir='ltr'><strong>ejus</strong></span> <span class='ocrx_word' id='word_1_594' title='bbox 1609 4567 1664 4621; x_wconf 92' lang='lat' dir='ltr'><strong>in</strong></span> <span class='ocrx_word' id='word_1_595' title='bbox 1700 4583 1862 4624; x_wconf 90' lang='lat' dir='ltr'><strong>carne</strong></span> <span class='ocrx_word' id='word_1_596' title='bbox 1908 4569 2071 4624; x_wconf 89' lang='lat' dir='ltr'><strong>vitam</strong></span> <span class='ocrx_word' id='word_1_597' title='bbox 2100 4582 2338 4627; x_wconf 86' lang='lat' dir='ltr'><strong>contem-</strong></span> <span class='ocrx_word' id='word_1_598' title='bbox 2368 4582 2414 4638; x_wconf 76' lang='grc' dir='ltr'><strong>ι)</strong></span> 
     </span>
    </p>
   </div>
   <div class='ocr_carea' id='block_1_91' title="bbox 2351 4556 4008 4638">
    <p class='ocr_par' dir='ltr' id='par_1_91' title="bbox 2368 4556 4008 4638">
     <span class='ocr_line' id='line_1_91' title="bbox 2368 4556 4008 4638; baseline 0.007 -30"><span class='ocrx_word' id='word_1_599' title='bbox 2368 4582 2414 4638; x_wconf 77' lang='lat' dir='ltr'><strong>D</strong></span> <span class='ocrx_word' id='word_1_600' title='bbox 2448 4567 2627 4609; x_wconf 87' lang='lat' dir='ltr'><strong>tamen</strong></span> <span class='ocrx_word' id='word_1_601' title='bbox 2678 4556 2832 4610; x_wconf 86' lang='lat' dir='ltr'><strong>istam</strong></span> <span class='ocrx_word' id='word_1_602' title='bbox 2880 4556 3155 4624; x_wconf 87' lang='lat' dir='ltr'><strong>unionem,</strong></span> <span class='ocrx_word' id='word_1_603' title='bbox 3202 4574 3308 4628; x_wconf 87' lang='lat' dir='ltr'><strong>qua</strong></span> <span class='ocrx_word' id='word_1_604' title='bbox 3359 4559 3521 4614; x_wconf 88' lang='lat' dir='ltr'><strong>rebus</strong></span> <span class='ocrx_word' id='word_1_605' title='bbox 3544 4574 3603 4614; x_wconf 86' lang='lat' dir='ltr'><strong>se</strong></span> <span class='ocrx_word' id='word_1_606' title='bbox 3634 4562 4008 4629; x_wconf 83' lang='lat' dir='ltr'><strong>superioribus</strong></span> 
     </span>
    </p>
   </div>
   <div class='ocr_carea' id='block_1_92' title="bbox 778 4657 2339 4731">
    <p class='ocr_par' dir='ltr' id='par_1_92' title="bbox 778 4657 2339 4731">
     <span class='ocr_line' id='line_1_92' title="bbox 778 4657 2339 4731; baseline 0.005 -20"><span class='ocrx_word' id='word_1_607' title='bbox 778 4659 937 4730; x_wconf 89' lang='lat' dir='ltr'><strong>piari,</strong></span> <span class='ocrx_word' id='word_1_608' title='bbox 959 4666 1119 4725; x_wconf 86' lang='lat' dir='ltr'><strong>atque</strong></span> <span class='ocrx_word' id='word_1_609' title='bbox 1153 4666 1396 4712; x_wconf 85' lang='lat' dir='ltr'><strong>sanctam</strong></span> <span class='ocrx_word' id='word_1_610' title='bbox 1430 4657 1599 4727; x_wconf 86' lang='lat' dir='ltr'><strong>ipsius</strong></span> <span class='ocrx_word' id='word_1_611' title='bbox 1621 4659 2029 4727; x_wconf 88' lang='lat' dir='ltr'><strong>impeccantiam</strong></span> <span class='ocrx_word' id='word_1_612' title='bbox 2058 4662 2339 4731; x_wconf 86' lang='lat' dir='ltr'><strong>imitando,</strong></span> 
     </span>
    </p>
   </div>
   <div class='ocr_carea' id='block_1_93' title="bbox 780 4748 2339 4809">
    <p class='ocr_par' dir='ltr' id='par_1_93' title="bbox 780 4748 2339 4809">
     <span class='ocr_line' id='line_1_93' title="bbox 780 4748 2339 4809; baseline 0.003 -4"><span class='ocrx_word' id='word_1_613' title='bbox 780 4750 847 4805; x_wconf 85' lang='lat' dir='ltr'><strong>ad</strong></span> <span class='ocrx_word' id='word_1_614' title='bbox 872 4748 1293 4804; x_wconf 89' lang='lat' dir='ltr'><strong>deiformitatem</strong></span> <span class='ocrx_word' id='word_1_615' title='bbox 1331 4757 1386 4803; x_wconf 90' lang='lat' dir='ltr'><strong>et</strong></span> <span class='ocrx_word' id='word_1_616' title='bbox 1434 4749 1835 4805; x_wconf 81' lang='lat' dir='ltr'><strong>immaculatum</strong></span> <span class='ocrx_word' id='word_1_617' title='bbox 1878 4762 2078 4809; x_wconf 87' lang='lat' dir='ltr'><strong>statum</strong></span> <span class='ocrx_word' id='word_1_618' title='bbox 2113 4766 2339 4809; x_wconf 83' lang='lat' dir='ltr'><strong>conten-</strong></span> 
     </span>
    </p>
   </div>
   <div class='ocr_carea' id='block_1_94' title="bbox 780 4830 2336 4917">
    <p class='ocr_par' dir='ltr' id='par_1_94' title="bbox 780 4830 2336 4917">
     <span class='ocr_line' id='line_1_94' title="bbox 780 4830 2336 4917; baseline 0.003 -21"><span class='ocrx_word' id='word_1_619' title='bbox 780 4830 928 4897; x_wconf 82' lang='lat' dir='ltr'><strong>dere.</strong></span> <span class='ocrx_word' id='word_1_620' title='bbox 956 4838 1070 4895; x_wconf 79' lang='lat' dir='ltr'><strong>Bac</strong></span> <span class='ocrx_word' id='word_1_621' title='bbox 1114 4854 1345 4911; x_wconf 87' lang='lat' dir='ltr'><strong>namque</strong></span> <span class='ocrx_word' id='word_1_622' title='bbox 1386 4842 1623 4909; x_wconf 88' lang='lat' dir='ltr'><strong>ratione,</strong></span> <span class='ocrx_word' id='word_1_623' title='bbox 1669 4851 1833 4912; x_wconf 87' lang='lat' dir='ltr'><strong>prout</strong></span> <span class='ocrx_word' id='word_1_624' title='bbox 1874 4844 2029 4899; x_wconf 85' lang='lat' dir='ltr'><strong>nobis</strong></span> <span class='ocrx_word' id='word_1_625' title='bbox 2068 4847 2336 4917; x_wconf 88' lang='lat' dir='ltr'><strong>congruit,</strong></span> 
     </span>
    </p>
   </div>
   <div class='ocr_carea' id='block_1_95' title="bbox 780 4936 1840 4994">
    <p class='ocr_par' dir='ltr' id='par_1_95' title="bbox 780 4936 1840 4994">
     <span class='ocr_line' id='line_1_95' title="bbox 780 4936 1840 4994; baseline -0.002 -1"><span class='ocrx_word' id='word_1_626' title='bbox 780 4936 1183 4994; x_wconf 83' lang='lat' dir='ltr'><strong>similitudinem</strong></span> <span class='ocrx_word' id='word_1_627' title='bbox 1222 4950 1373 4991; x_wconf 89' lang='lat' dir='ltr'><strong>suam</strong></span> <span class='ocrx_word' id='word_1_628' title='bbox 1395 4936 1840 4991; x_wconf 86' lang='lat' dir='ltr'><strong>communicabit.</strong></span> 
     </span>
    </p>
   </div>
   <div class='ocr_carea' id='block_1_96' title="bbox 846 5028 2334 5101">
    <p class='ocr_par' dir='ltr' id='par_1_96' title="bbox 846 5028 2334 5101">
     <span class='ocr_line' id='line_1_96' title="bbox 846 5028 2334 5101; baseline -0.001 -16"><span class='ocrx_word' id='word_1_629' title='bbox 846 5028 1105 5085; x_wconf 54' lang='lat' dir='ltr'><strong>Caeterum</strong></span> <span class='ocrx_word' id='word_1_630' title='bbox 1153 5028 1400 5101; x_wconf 85' lang='lat' dir='ltr'><strong>mysticis</strong></span> <span class='ocrx_word' id='word_1_631' title='bbox 1437 5028 1699 5099; x_wconf 87' lang='lat' dir='ltr'><strong>theologis</strong></span> <span class='ocrx_word' id='word_1_632' title='bbox 1728 5028 2027 5085; x_wconf 87' lang='lat' dir='ltr'><strong>obvelanda</strong></span> <span class='ocrx_word' id='word_1_633' title='bbox 2069 5038 2153 5083; x_wconf 90' lang='lat' dir='ltr'><strong>est</strong></span> <span class='ocrx_word' id='word_1_634' title='bbox 2182 5044 2334 5084; x_wconf 88' lang='lat' dir='ltr'><strong>men-</strong></span> 
     </span>
    </p>
   </div>
   <div class='ocr_carea' id='block_1_97' title="bbox 780 5118 2333 5191">
    <p class='ocr_par' dir='ltr' id='par_1_97' title="bbox 780 5118 2333 5191">
     <span class='ocr_line' id='line_1_97' title="bbox 780 5118 2333 5191; baseline 0 -14"><span class='ocrx_word' id='word_1_635' title='bbox 780 5123 848 5177; x_wconf 90' lang='lat' dir='ltr'><strong>tis</strong></span> <span class='ocrx_word' id='word_1_636' title='bbox 873 5121 1131 5177; x_wconf 87' lang='lat' dir='ltr'><strong>sanctitas</strong></span> <span class='ocrx_word' id='word_1_637' title='bbox 1164 5131 1327 5191; x_wconf 88' lang='lat' dir='ltr'><strong>atque</strong></span> <span class='ocrx_word' id='word_1_638' title='bbox 1371 5118 1667 5190; x_wconf 87' lang='lat' dir='ltr'><strong>fragrantia</strong></span> <span class='ocrx_word' id='word_1_639' title='bbox 1690 5120 1734 5185; x_wconf 84' lang='lat'><strong>&#39;,</strong></span> <span class='ocrx_word' id='word_1_640' title='bbox 1788 5136 1908 5175; x_wconf 92' lang='lat' dir='ltr'><strong>cum</strong></span> <span class='ocrx_word' id='word_1_641' title='bbox 1948 5120 2205 5177; x_wconf 87' lang='lat' dir='ltr'><strong>divinitus</strong></span> <span class='ocrx_word' id='word_1_642' title='bbox 2232 5124 2333 5178; x_wconf 89' lang='lat' dir='ltr'><strong>viri</strong></span> 
     </span>
    </p>
   </div>
   <div class='ocr_carea' id='block_1_98' title="bbox 778 5210 2333 5283">
    <p class='ocr_par' dir='ltr' id='par_1_98' title="bbox 778 5210 2333 5283">
     <span class='ocr_line' id='line_1_98' title="bbox 778 5210 2333 5283; baseline -0.001 -15"><span class='ocrx_word' id='word_1_643' title='bbox 778 5210 1277 5283; x_wconf 86' lang='lat' dir='ltr'><strong>sanctijubeantur,</strong></span> <span class='ocrx_word' id='word_1_644' title='bbox 1305 5227 1414 5268; x_wconf 90' lang='lat' dir='ltr'><strong>non</strong></span> <span class='ocrx_word' id='word_1_645' title='bbox 1446 5211 1513 5273; x_wconf 84' lang='lat' dir='ltr'><strong>ad</strong></span> <span class='ocrx_word' id='word_1_646' title='bbox 1548 5227 1735 5266; x_wconf 88' lang='lat' dir='ltr'><strong>vanam</strong></span> <span class='ocrx_word' id='word_1_647' title='bbox 1758 5210 1982 5283; x_wconf 82' lang='lat' dir='ltr'><strong>gloriam</strong></span> <span class='ocrx_word' id='word_1_648' title='bbox 2011 5224 2333 5283; x_wconf 89' lang='lat' dir='ltr'><strong>apparentes</strong></span> 
     </span>
    </p>
   </div>
   <div class='ocr_carea' id='block_1_99' title="bbox 777 5303 2334 5376">
    <p class='ocr_par' dir='ltr' id='par_1_99' title="bbox 777 5303 2334 5376">
     <span class='ocr_line' id='line_1_99' title="bbox 777 5303 2334 5376; baseline -0.001 -15"><span class='ocrx_word' id='word_1_649' title='bbox 777 5306 961 5361; x_wconf 87' lang='lat' dir='ltr'><strong>arcani</strong></span> <span class='ocrx_word' id='word_1_650' title='bbox 1002 5304 1093 5359; x_wconf 87' lang='lat' dir='ltr'><strong>Dei</strong></span> <span class='ocrx_word' id='word_1_651' title='bbox 1121 5305 1374 5375; x_wconf 85' lang='lat' dir='ltr'><strong>pulchras</strong></span> <span class='ocrx_word' id='word_1_652' title='bbox 1401 5320 1464 5359; x_wconf 90' lang='lat' dir='ltr'><strong>ac</strong></span> <span class='ocrx_word' id='word_1_653' title='bbox 1507 5303 1812 5376; x_wconf 80' lang='lat' dir='ltr'><strong>fragrantes</strong></span> <span class='ocrx_word' id='word_1_654' title='bbox 1844 5305 2043 5358; x_wconf 87' lang='lat' dir='ltr'><strong>habere</strong></span> <span class='ocrx_word' id='word_1_655' title='bbox 2084 5305 2334 5361; x_wconf 87' lang='lat' dir='ltr'><strong>similitu-</strong></span> 
     </span>
    </p>
   </div>
   <div class='ocr_carea' id='block_1_100' title="bbox 776 5396 2332 5468">
    <p class='ocr_par' dir='ltr' id='par_1_100' title="bbox 776 5396 2332 5468">
     <span class='ocr_line' id='line_1_100' title="bbox 776 5396 2332 5468; baseline -0.001 -15"><span class='ocrx_word' id='word_1_656' title='bbox 776 5400 950 5453; x_wconf 89' lang='lat' dir='ltr'><strong>dines.</strong></span> <span class='ocrx_word' id='word_1_657' title='bbox 988 5397 1261 5467; x_wconf 87' lang='lat' dir='ltr'><strong>Siquidem</strong></span> <span class='ocrx_word' id='word_1_658' title='bbox 1290 5412 1487 5453; x_wconf 88' lang='lat' dir='ltr'><strong>arcana</strong></span> <span class='ocrx_word' id='word_1_659' title='bbox 1529 5397 1623 5453; x_wconf 90' lang='lat' dir='ltr'><strong>Dei</strong></span> <span class='ocrx_word' id='word_1_660' title='bbox 1674 5396 1888 5459; x_wconf 88' lang='lat' dir='ltr'><strong>decora,</strong></span> <span class='ocrx_word' id='word_1_661' title='bbox 1924 5412 2155 5468; x_wconf 89' lang='lat' dir='ltr'><strong>quorum</strong></span> <span class='ocrx_word' id='word_1_662' title='bbox 2200 5413 2332 5451; x_wconf 87' lang='lat' dir='ltr'><strong>sua—</strong></span> 
     </span>
    </p>
   </div>
   <div class='ocr_carea' id='block_1_101' title="bbox 774 5489 2329 5559">
    <p class='ocr_par' dir='ltr' id='par_1_101' title="bbox 774 5489 2329 5559">
     <span class='ocr_line' id='line_1_101' title="bbox 774 5489 2329 5559; baseline -0.002 -15"><span class='ocrx_word' id='word_1_663' title='bbox 774 5492 913 5545; x_wconf 90' lang='lat' dir='ltr'><strong>vitas</strong></span> <span class='ocrx_word' id='word_1_664' title='bbox 936 5489 1267 5545; x_wconf 90' lang='lat' dir='ltr'><strong>inteilectum</strong></span> <span class='ocrx_word' id='word_1_665' title='bbox 1302 5498 1545 5559; x_wconf 89' lang='lat' dir='ltr'><strong>superat,</strong></span> <span class='ocrx_word' id='word_1_666' title='bbox 1583 5504 1803 5558; x_wconf 91' lang='lat' dir='ltr'><strong>prorsus</strong></span> <span class='ocrx_word' id='word_1_667' title='bbox 1832 5498 1956 5543; x_wconf 91' lang='lat' dir='ltr'><strong>sunt</strong></span> <span class='ocrx_word' id='word_1_668' title='bbox 1986 5490 2329 5552; x_wconf 86' lang='lat' dir='ltr'><strong>intemerata,</strong></span> 
     </span>
    </p>
   </div>
   <div class='ocr_carea' id='block_1_102' title="bbox 774 5579 2329 5654">
    <p class='ocr_par' dir='ltr' id='par_1_102' title="bbox 774 5579 2329 5654">
     <span class='ocr_line' id='line_1_102' title="bbox 774 5579 2329 5654; baseline -0.003 -15"><span class='ocrx_word' id='word_1_669' title='bbox 774 5579 1006 5654; x_wconf 81' lang='lat' dir='ltr'><strong>solisque</strong></span> <span class='ocrx_word' id='word_1_670' title='bbox 1029 5583 1158 5639; x_wconf 88' lang='lat' dir='ltr'><strong>viris</strong></span> <span class='ocrx_word' id='word_1_671' title='bbox 1182 5582 1513 5653; x_wconf 88' lang='lat' dir='ltr'><strong>spiritalibus</strong></span> <span class='ocrx_word' id='word_1_672' title='bbox 1529 5582 1846 5652; x_wconf 79' lang='lat' dir='ltr'><strong>spiritaliter</strong></span> <span class='ocrx_word' id='word_1_673' title='bbox 1874 5590 2159 5652; x_wconf 90' lang='lat' dir='ltr'><strong>apparent,</strong></span> <span class='ocrx_word' id='word_1_674' title='bbox 2188 5579 2329 5649; x_wconf 91' lang='lat' dir='ltr'><strong>quod</strong></span> 
     </span>
    </p>
   </div>
   <div class='ocr_carea' id='block_1_103' title="bbox 2443 4648 4008 4720">
    <p class='ocr_par' dir='ltr' id='par_1_103' title="bbox 2443 4648 4008 4720">
     <span class='ocr_line' id='line_1_103' title="bbox 2443 4648 4008 4720; baseline 0.002 -17"><span class='ocrx_word' id='word_1_675' title='bbox 2443 4648 2807 4718; x_wconf 86' lang='lat' dir='ltr'><strong>conjungitur,</strong></span> <span class='ocrx_word' id='word_1_676' title='bbox 2833 4660 3085 4703; x_wconf 89' lang='lat' dir='ltr'><strong>naturam</strong></span> <span class='ocrx_word' id='word_1_677' title='bbox 3116 4650 3283 4718; x_wconf 88' lang='lat' dir='ltr'><strong>ipsius</strong></span> <span class='ocrx_word' id='word_1_678' title='bbox 3311 4650 3467 4720; x_wconf 86' lang='lat' dir='ltr'><strong>longe</strong></span> <span class='ocrx_word' id='word_1_679' title='bbox 3497 4665 3775 4719; x_wconf 82' lang='lat' dir='ltr'><strong>superare.</strong></span> <span class='ocrx_word' id='word_1_680' title='bbox 3800 4652 4008 4707; x_wconf 88' lang='lat' dir='ltr'><strong>Secun-</strong></span> 
     </span>
    </p>
   </div>
   <div class='ocr_carea' id='block_1_104' title="bbox 2442 4742 4008 4819">
    <p class='ocr_par' dir='ltr' id='par_1_104' title="bbox 2442 4742 4008 4819">
     <span class='ocr_line' id='line_1_104' title="bbox 2442 4742 4008 4819; baseline 0.006 -23"><span class='ocrx_word' id='word_1_681' title='bbox 2442 4742 2567 4797; x_wconf 90' lang='lat' dir='ltr'><strong>dum</strong></span> <span class='ocrx_word' id='word_1_682' title='bbox 2603 4743 2742 4798; x_wconf 89' lang='lat' dir='ltr'><strong>hanc</strong></span> <span class='ocrx_word' id='word_1_683' title='bbox 2772 4743 2954 4815; x_wconf 84' lang='lat' dir='ltr'><strong>itaque</strong></span> <span class='ocrx_word' id='word_1_684' title='bbox 2983 4746 3235 4801; x_wconf 90' lang='lat' dir='ltr'><strong>unionem</strong></span> <span class='ocrx_word' id='word_1_685' title='bbox 3266 4748 3445 4801; x_wconf 89' lang='lat' dir='ltr'><strong>divina</strong></span> <span class='ocrx_word' id='word_1_686' title='bbox 3489 4747 3579 4801; x_wconf 86' lang='lat' dir='ltr'><strong>illa</strong></span> <span class='ocrx_word' id='word_1_687' title='bbox 3615 4749 3839 4819; x_wconf 84' lang='lat' dir='ltr'><strong>mystica</strong></span> <span class='ocrx_word' id='word_1_688' title='bbox 3876 4758 4008 4805; x_wconf 87' lang='lat' dir='ltr'><strong>sunt</strong></span> 
     </span>
    </p>
   </div>
   <div class='ocr_carea' id='block_1_105' title="bbox 2444 4834 4007 4909">
    <p class='ocr_par' dir='ltr' id='par_1_105' title="bbox 2444 4834 4007 4909">
     <span class='ocr_line' id='line_1_105' title="bbox 2444 4834 4007 4909; baseline 0.006 -22"><span class='ocrx_word' id='word_1_689' title='bbox 2444 4834 2814 4907; x_wconf 80' lang='lat' dir='ltr'><strong>intelligenda,</strong></span> <span class='ocrx_word' id='word_1_690' title='bbox 2862 4852 2967 4892; x_wconf 90' lang='lat' dir='ltr'><strong>non</strong></span> <span class='ocrx_word' id='word_1_691' title='bbox 3016 4852 3167 4893; x_wconf 91' lang='lat' dir='ltr'><strong>more</strong></span> <span class='ocrx_word' id='word_1_692' title='bbox 3218 4848 3426 4903; x_wconf 90' lang='lat' dir='ltr'><strong>nostro,</strong></span> <span class='ocrx_word' id='word_1_693' title='bbox 3458 4838 3553 4893; x_wconf 87' lang='lat' dir='ltr'><strong>sed</strong></span> <span class='ocrx_word' id='word_1_694' title='bbox 3602 4849 3865 4909; x_wconf 89' lang='lat' dir='ltr'><strong>quatenus</strong></span> <span class='ocrx_word' id='word_1_695' title='bbox 3905 4855 4007 4897; x_wconf 86' lang='lat' dir='ltr'><strong>nos</strong></span> 
     </span>
    </p>
   </div>
   <div class='ocr_carea' id='block_1_106' title="bbox 2442 4928 4004 4997">
    <p class='ocr_par' dir='ltr' id='par_1_106' title="bbox 2442 4928 4004 4997">
     <span class='ocr_line' id='line_1_106' title="bbox 2442 4928 4004 4997; baseline 0.005 -16"><span class='ocrx_word' id='word_1_696' title='bbox 2442 4928 2538 4996; x_wconf 90' lang='lat' dir='ltr'><strong>ipsi</strong></span> <span class='ocrx_word' id='word_1_697' title='bbox 2590 4937 2729 4983; x_wconf 87' lang='lat' dir='ltr'><strong>totos</strong></span> <span class='ocrx_word' id='word_1_698' title='bbox 2761 4945 2859 4985; x_wconf 91' lang='lat' dir='ltr'><strong>nos</strong></span> <span class='ocrx_word' id='word_1_699' title='bbox 2896 4945 2923 4983; x_wconf 87' lang='lat' dir='ltr'><strong>a</strong></span> <span class='ocrx_word' id='word_1_700' title='bbox 2958 4931 3115 4985; x_wconf 86' lang='lat' dir='ltr'><strong>nobis</strong></span> <span class='ocrx_word' id='word_1_701' title='bbox 3168 4931 3407 4986; x_wconf 81' lang='lat' dir='ltr'><strong>totaliter</strong></span> <span class='ocrx_word' id='word_1_702' title='bbox 3440 4931 3771 4997; x_wconf 88' lang='lat' dir='ltr'><strong>abdicamns,</strong></span> <span class='ocrx_word' id='word_1_703' title='bbox 3820 4942 3874 4988; x_wconf 91' lang='lat' dir='ltr'><strong>et</strong></span> <span class='ocrx_word' id='word_1_704' title='bbox 3906 4934 4004 4989; x_wconf 91' lang='lat' dir='ltr'><strong>toti</strong></span> 
     </span>
    </p>
   </div>
   <div class='ocr_carea' id='block_1_107' title="bbox 2442 5026 4007 5097">
    <p class='ocr_par' dir='ltr' id='par_1_107' title="bbox 2442 5026 4007 5097">
     <span class='ocr_line' id='line_1_107' title="bbox 2442 5026 4007 5097; baseline 0.006 -20"><span class='ocrx_word' id='word_1_705' title='bbox 2442 5027 2728 5080; x_wconf 89' lang='lat' dir='ltr'><strong>transimus</strong></span> <span class='ocrx_word' id='word_1_706' title='bbox 2762 5026 2813 5079; x_wconf 93' lang='lat' dir='ltr'><strong>in</strong></span> <span class='ocrx_word' id='word_1_707' title='bbox 2866 5027 3057 5089; x_wconf 84' lang='lat' dir='ltr'><strong>Deum,</strong></span> <span class='ocrx_word' id='word_1_708' title='bbox 3101 5036 3159 5079; x_wconf 90' lang='lat' dir='ltr'><strong>ut</strong></span> <span class='ocrx_word' id='word_1_709' title='bbox 3206 5042 3325 5081; x_wconf 89' lang='lat' dir='ltr'><strong>cum</strong></span> <span class='ocrx_word' id='word_1_710' title='bbox 3358 5028 3615 5097; x_wconf 85' lang='lat' dir='ltr'><strong>Apostoio</strong></span> <span class='ocrx_word' id='word_1_711' title='bbox 3668 5045 3793 5084; x_wconf 88' lang='lat' dir='ltr'><strong>vere</strong></span> <span class='ocrx_word' id='word_1_712' title='bbox 3822 5029 4007 5086; x_wconf 86' lang='lat' dir='ltr'><strong>dicere</strong></span> 
     </span>
    </p>
   </div>
   <div class='ocr_carea' id='block_1_108' title="bbox 2438 5117 4005 5189">
    <p class='ocr_par' dir='ltr' id='par_1_108' title="bbox 2438 5117 4005 5189">
     <span class='ocr_line' id='line_1_108' title="bbox 2438 5117 4005 5189; baseline 0.003 -18"><span class='ocrx_word' id='word_1_713' title='bbox 2438 5118 2748 5187; x_wconf 89' lang='lat' dir='ltr'><strong>possimus:</strong></span> <span class='ocrx_word' id='word_1_714' title='bbox 2794 5117 2917 5171; x_wconf 79' lang='lat' dir='ltr'><strong>Vivo</strong></span> <span class='ocrx_word' id='word_1_715' title='bbox 2963 5133 3080 5186; x_wconf 85' lang='lat' dir='ltr'><strong>ego,</strong></span> <span class='ocrx_word' id='word_1_716' title='bbox 3111 5118 3228 5188; x_wconf 85' lang='lat' dir='ltr'><strong>jam</strong></span> <span class='ocrx_word' id='word_1_717' title='bbox 3250 5136 3349 5172; x_wconf 85' lang='lat' dir='ltr'><strong>non</strong></span> <span class='ocrx_word' id='word_1_718' title='bbox 3374 5136 3491 5189; x_wconf 79' lang='lat' dir='ltr'><strong>ego,</strong></span> <span class='ocrx_word' id='word_1_719' title='bbox 3536 5120 3653 5173; x_wconf 81' lang='lat' dir='ltr'><strong>vivit</strong></span> <span class='ocrx_word' id='word_1_720' title='bbox 3689 5135 3805 5174; x_wconf 81' lang='lat' dir='ltr'><strong>vero</strong></span> <span class='ocrx_word' id='word_1_721' title='bbox 3828 5120 3881 5174; x_wconf 88' lang='lat' dir='ltr'><strong>in</strong></span> <span class='ocrx_word' id='word_1_722' title='bbox 3920 5136 4005 5175; x_wconf 76' lang='lat' dir='ltr'><strong>me</strong></span> 
     </span>
    </p>
   </div>
   <div class='ocr_carea' id='block_1_109' title="bbox 2438 5206 4003 5280">
    <p class='ocr_par' dir='ltr' id='par_1_109' title="bbox 2438 5206 4003 5280">
     <span class='ocr_line' id='line_1_109' title="bbox 2438 5206 4003 5280; baseline 0.001 -18"><span class='ocrx_word' id='word_1_723' title='bbox 2438 5209 2677 5263; x_wconf 79' lang='lat' dir='ltr'><strong>Christus</strong></span> <span class='ocrx_word' id='word_1_724' title='bbox 2707 5209 2768 5262; x_wconf 82' lang='grc'><strong>¹¹.</strong></span> <span class='ocrx_word' id='word_1_725' title='bbox 2815 5206 2943 5275; x_wconf 73' lang='lat' dir='ltr'><strong>Quae</strong></span> <span class='ocrx_word' id='word_1_726' title='bbox 2975 5224 3075 5263; x_wconf 80' lang='lat' dir='ltr'><strong>vox</strong></span> <span class='ocrx_word' id='word_1_727' title='bbox 3108 5221 3189 5263; x_wconf 90' lang='lat' dir='ltr'><strong>est</strong></span> <span class='ocrx_word' id='word_1_728' title='bbox 3217 5210 3325 5264; x_wconf 91' lang='lat' dir='ltr'><strong>veri</strong></span> <span class='ocrx_word' id='word_1_729' title='bbox 3372 5210 3630 5265; x_wconf 87' lang='lat' dir='ltr'><strong>amatoris</strong></span> <span class='ocrx_word' id='word_1_730' title='bbox 3674 5211 3765 5280; x_wconf 89' lang='lat' dir='ltr'><strong>qui</strong></span> <span class='ocrx_word' id='word_1_731' title='bbox 3806 5225 4003 5265; x_wconf 78' lang='lat' dir='ltr'><strong>exces—</strong></span> 
     </span>
    </p>
   </div>
   <div class='ocr_carea' id='block_1_110' title="bbox 2436 5302 4001 5371">
    <p class='ocr_par' dir='ltr' id='par_1_110' title="bbox 2436 5302 4001 5371">
     <span class='ocr_line' id='line_1_110' title="bbox 2436 5302 4001 5371; baseline 0 -14"><span class='ocrx_word' id='word_1_732' title='bbox 2436 5313 2580 5358; x_wconf 87' lang='lat' dir='ltr'><strong>serat</strong></span> <span class='ocrx_word' id='word_1_733' title='bbox 2608 5319 2637 5358; x_wconf 89' lang='lat' dir='ltr'><strong>c</strong></span> <span class='ocrx_word' id='word_1_734' title='bbox 2668 5318 2724 5358; x_wconf 89' lang='lat' dir='ltr'><strong>se</strong></span> <span class='ocrx_word' id='word_1_735' title='bbox 2766 5303 2894 5369; x_wconf 85' lang='lat' dir='ltr'><strong>Deo,</strong></span> <span class='ocrx_word' id='word_1_736' title='bbox 2926 5313 2979 5358; x_wconf 91' lang='lat' dir='ltr'><strong>et</strong></span> <span class='ocrx_word' id='word_1_737' title='bbox 3011 5320 3117 5358; x_wconf 90' lang='lat' dir='ltr'><strong>non</strong></span> <span class='ocrx_word' id='word_1_738' title='bbox 3140 5304 3251 5371; x_wconf 85' lang='lat' dir='ltr'><strong>jam</strong></span> <span class='ocrx_word' id='word_1_739' title='bbox 3288 5306 3453 5359; x_wconf 88' lang='lat' dir='ltr'><strong>vitam</strong></span> <span class='ocrx_word' id='word_1_740' title='bbox 3480 5318 3652 5369; x_wconf 89' lang='lat' dir='ltr'><strong>suam,</strong></span> <span class='ocrx_word' id='word_1_741' title='bbox 3685 5306 3776 5360; x_wconf 91' lang='lat' dir='ltr'><strong>scd</strong></span> <span class='ocrx_word' id='word_1_742' title='bbox 3809 5302 4001 5369; x_wconf 87' lang='lat' dir='ltr'><strong>amati,</strong></span> 
     </span>
    </p>
   </div>
   <div class='ocr_carea' id='block_1_111' title="bbox 2436 5395 4003 5467">
    <p class='ocr_par' dir='ltr' id='par_1_111' title="bbox 2436 5395 4003 5467">
     <span class='ocr_line' id='line_1_111' title="bbox 2436 5395 4003 5467; baseline 0.002 -17"><span class='ocrx_word' id='word_1_743' title='bbox 2436 5406 2688 5467; x_wconf 85' lang='lat' dir='ltr'><strong>tanquam</strong></span> <span class='ocrx_word' id='word_1_744' title='bbox 2750 5400 3098 5453; x_wconf 85' lang='lat' dir='ltr'><strong>vehementer</strong></span> <span class='ocrx_word' id='word_1_745' title='bbox 3149 5399 3440 5465; x_wconf 87' lang='lat' dir='ltr'><strong>dilectam,</strong></span> <span class='ocrx_word' id='word_1_746' title='bbox 3512 5397 3763 5451; x_wconf 86' lang='lat' dir='ltr'><strong>viventis.</strong></span> <span class='ocrx_word' id='word_1_747' title='bbox 3814 5395 4003 5465; x_wconf 86' lang='lat' dir='ltr'><strong>Itaque</strong></span> 
     </span>
    </p>
   </div>
   <div class='ocr_carea' id='block_1_112' title="bbox 2433 5486 3999 5561">
    <p class='ocr_par' dir='ltr' id='par_1_112' title="bbox 2433 5486 3999 5561">
     <span class='ocr_line' id='line_1_112' title="bbox 2433 5486 3999 5561; baseline 0.004 -23"><span class='ocrx_word' id='word_1_748' title='bbox 2433 5486 2587 5557; x_wconf 82' lang='lat' dir='ltr'><strong>longe</strong></span> <span class='ocrx_word' id='word_1_749' title='bbox 2619 5498 2839 5557; x_wconf 79' lang='lat' dir='ltr'><strong>praestat</strong></span> <span class='ocrx_word' id='word_1_750' title='bbox 2875 5505 2970 5545; x_wconf 90' lang='lat' dir='ltr'><strong>nos</strong></span> <span class='ocrx_word' id='word_1_751' title='bbox 3006 5492 3096 5546; x_wconf 89' lang='lat' dir='ltr'><strong>Dei</strong></span> <span class='ocrx_word' id='word_1_752' title='bbox 3132 5505 3251 5546; x_wconf 87' lang='lat' dir='ltr'><strong>esse</strong></span> <span class='ocrx_word' id='word_1_753' title='bbox 3282 5506 3440 5561; x_wconf 90' lang='lat' dir='ltr'><strong>quam</strong></span> <span class='ocrx_word' id='word_1_754' title='bbox 3474 5501 3720 5554; x_wconf 88' lang='lat' dir='ltr'><strong>nostros;</strong></span> <span class='ocrx_word' id='word_1_755' title='bbox 3747 5489 3825 5544; x_wconf 91' lang='lat' dir='ltr'><strong>sic</strong></span> <span class='ocrx_word' id='word_1_756' title='bbox 3849 5488 3999 5545; x_wconf 88' lang='lat' dir='ltr'><strong>enim</strong></span> 
     </span>
    </p>
   </div>
   <div class='ocr_carea' id='block_1_113' title="bbox 2430 5581 4001 5656">
    <p class='ocr_par' dir='ltr' id='par_1_113' title="bbox 2430 5581 4001 5656">
     <span class='ocr_line' id='line_1_113' title="bbox 2430 5581 4001 5656; baseline 0.003 -22"><span class='ocrx_word' id='word_1_757' title='bbox 2430 5582 2613 5635; x_wconf 87' lang='lat' dir='ltr'><strong>divina</strong></span> <span class='ocrx_word' id='word_1_758' title='bbox 2647 5583 2802 5639; x_wconf 88' lang='lat' dir='ltr'><strong>nobis</strong></span> <span class='ocrx_word' id='word_1_759' title='bbox 2848 5584 2962 5639; x_wconf 80' lang='lat' dir='ltr'><strong>dari</strong></span> <span class='ocrx_word' id='word_1_760' title='bbox 2998 5594 3271 5656; x_wconf 73' lang='lat' dir='ltr'><strong>poterunt,</strong></span> <span class='ocrx_word' id='word_1_761' title='bbox 3325 5584 3369 5639; x_wconf 93' lang='lat' dir='ltr'><strong>si</strong></span> <span class='ocrx_word' id='word_1_762' title='bbox 3425 5599 3545 5639; x_wconf 89' lang='lat' dir='ltr'><strong>cum</strong></span> <span class='ocrx_word' id='word_1_763' title='bbox 3592 5583 3699 5637; x_wconf 81' lang='lat' dir='ltr'><strong>Deo</strong></span> <span class='ocrx_word' id='word_1_764' title='bbox 3732 5581 4001 5640; x_wconf 84' lang='lat' dir='ltr'><strong>fuerimus</strong></span> 
     </span>
    </p>
   </div>
   <div class='ocr_carea' id='block_1_114' title="bbox 848 5761 3996 5846">
    <p class='ocr_par' dir='ltr' id='par_1_114' title="bbox 848 5761 3996 5846">
     <span class='ocr_line' id='line_1_114' title="bbox 848 5761 3996 5846; baseline -0.005 -17"><span class='ocrx_word' id='word_1_765' title='bbox 848 5776 869 5805; x_wconf 79' lang='grc'><strong>⁸</strong></span> <span class='ocrx_word' id='word_1_766' title='bbox 901 5774 974 5829; x_wconf 84' lang='lat' dir='ltr'><strong>De</strong></span> <span class='ocrx_word' id='word_1_767' title='bbox 999 5774 1161 5846; x_wconf 66' lang='lat' dir='ltr'><strong>divin.</strong></span> <span class='ocrx_word' id='word_1_768' title='bbox 1192 5788 1330 5846; x_wconf 77' lang='lat' dir='ltr'><strong>nom.</strong></span> <span class='ocrx_word' id='word_1_769' title='bbox 1365 5787 1414 5826; x_wconf 92' lang='lat' dir='ltr'><strong>c.</strong></span> <span class='ocrx_word' id='word_1_770' title='bbox 1439 5770 1493 5834; x_wconf 70' lang='grc'><strong>4.</strong></span> <span class='ocrx_word' id='word_1_771' title='bbox 1518 5770 1613 5846; x_wconf 78' lang='lat'><strong>§6.</strong></span> <span class='ocrx_word' id='word_1_772' title='bbox 1690 5772 1710 5804; x_wconf 79' lang='grc'>⁸</span> <span class='ocrx_word' id='word_1_773' title='bbox 1741 5767 2374 5846; x_wconf 28' lang='lat' dir='ltr'><strong>Cm!._liier_.kcgp.‘l.§‘2.</strong></span> <span class='ocrx_word' id='word_1_774' title='bbox 2452 5767 2472 5798; x_wconf 81' lang='grc'>⁸</span> <span class='ocrx_word' id='word_1_775' title='bbox 2495 5766 2719 5846; x_wconf 83' lang='lat' dir='ltr'><strong>Joan._t,</strong></span> <span class='ocrx_word' id='word_1_776' title='bbox 2874 5768 2894 5799; x_wconf 82' lang='grc'><strong>⁷</strong></span> <span class='ocrx_word' id='word_1_777' title='bbox 2928 5766 3505 5846; x_wconf 33' lang='grc' dir='ltr'><strong>ξε1ςι.-Ιιῐεν.2“οηρ.5,</strong></span> <span class='ocrx_word' id='word_1_778' title='bbox 3562 5762 3700 5838; x_wconf 80' lang='lat' dir='ltr'><strong>§ll.</strong></span> <span class='ocrx_word' id='word_1_779' title='bbox 3777 5761 3996 5827; x_wconf 77' lang='grc' dir='ltr'><strong>⁸1ὺὶα.,</strong></span> 
     </span>
    </p>
   </div>
   <div class='ocr_carea' id='block_1_115' title="bbox 774 5835 3319 5920">
    <p class='ocr_par' dir='ltr' id='par_1_115' title="bbox 774 5835 3319 5920">
     <span class='ocr_line' id='line_1_115' title="bbox 774 5835 3319 5920; baseline -0.005 -19"><span class='ocrx_word' id='word_1_780' title='bbox 774 5846 912 5920; x_wconf 62' lang='lat' dir='ltr'><strong>ﬁli.</strong></span> <span class='ocrx_word' id='word_1_781' title='bbox 984 5843 1163 5899; x_wconf 69' lang='grc' dir='ltr'><strong>Ἐπί.</strong></span> <span class='ocrx_word' id='word_1_782' title='bbox 1186 5844 1341 5912; x_wconf 65' lang='lat' dir='ltr'><strong>hicn,</strong></span> <span class='ocrx_word' id='word_1_783' title='bbox 1368 5857 1486 5913; x_wconf 87' lang='lat' dir='ltr'><strong>cap.</strong></span> <span class='ocrx_word' id='word_1_784' title='bbox 1516 5835 1570 5908; x_wconf 67' lang='grc' dir='ltr'><strong>Ᾰ,</strong></span> <span class='ocrx_word' id='word_1_785' title='bbox 1594 5852 1843 5913; x_wconf 84' lang='lat' dir='ltr'><strong>partem,</strong></span> <span class='ocrx_word' id='word_1_786' title='bbox 1877 5841 1976 5912; x_wconf 85' lang='lat' dir='ltr'><strong>§i.</strong></span> <span class='ocrx_word' id='word_1_787' title='bbox 2013 5838 2054 5869; x_wconf 80' lang='grc'><strong>¹⁰</strong></span> <span class='ocrx_word' id='word_1_788' title='bbox 2072 5835 2146 5891; x_wconf 85' lang='lat' dir='ltr'><strong>De</strong></span> <span class='ocrx_word' id='word_1_789' title='bbox 2162 5835 2310 5893; x_wconf 62' lang='lat' dir='ltr'><strong>devia</strong></span> <span class='ocrx_word' id='word_1_790' title='bbox 2333 5854 2498 5901; x_wconf 81' lang='lat' dir='ltr'><strong>nom.,</strong></span> <span class='ocrx_word' id='word_1_791' title='bbox 2524 5854 2638 5908; x_wconf 83' lang='lat' dir='ltr'><strong>cap.</strong></span> <span class='ocrx_word' id='word_1_792' title='bbox 2667 5838 2721 5904; x_wconf 86' lang='lat'><strong>7,</strong></span> <span class='ocrx_word' id='word_1_793' title='bbox 2748 5836 2773 5908; x_wconf 71' lang='grc' dir='ltr'><strong>ς</strong></span> <span class='ocrx_word' id='word_1_794' title='bbox 2802 5838 2853 5895; x_wconf 83' lang='lat' dir='ltr'><strong>l.</strong></span> <span class='ocrx_word' id='word_1_795' title='bbox 2928 5838 2967 5869; x_wconf 83' lang='lat'>“</span> <span class='ocrx_word' id='word_1_796' title='bbox 2993 5839 3111 5894; x_wconf 85' lang='lat' dir='ltr'><strong>Gal.</strong></span> <span class='ocrx_word' id='word_1_797' title='bbox 3142 5854 3201 5904; x_wconf 86' lang='lat' dir='ltr'><strong>li,</strong></span> <span class='ocrx_word' id='word_1_798' title='bbox 3231 5841 3319 5896; x_wconf 76' lang='lat'><strong>20.</strong></span> 
     </span>
    </p>
   </div>
  </div>
