4196 6306
154 420 252 477 105

1499 417 2029 478 PROLEGOMENA.

3275 414 3378 470 106

147 541 440 611 conjuncti.
490 542 644 598 Hanc
687 552 868 598 autem
918 541 1163 600 intimam
1194 539 1631 610 coniunctionem
1662 544 1706 575 ι’
1735 548 1782 605 Α
1811 543 1977 596 Deum
2033 553 2154 593 cum
2217 549 2402 591 amore
2455 533 2660 596 integre
2705 531 3007 595 convertit,
3080 530 3384 600 incompre-

148 636 479 704 acquirimus
514 651 610 706 per
638 636 816 691 vivam
842 634 1027 699 fidem,
1045 649 1166 703 quae
1186 644 1269 688 est
1300 644 1559 689 constans
1583 635 1711 688 fide-

147 726 272 780 lium
300 727 725 791 ﬁrmamentum,
755 736 810 782 et
840 727 1032 781 fundat
1059 740 1160 780 nos
1186 725 1239 778 in
1272 725 1524 790 veritate,
1549 736 1712 795 atque

148 819 198 872 in
257 819 418 874 nobis
464 818 772 881 veritatem,
825 821 952 872 dum
997 817 1387 872 indissuasibili
1433 818 1712 872 identitate

146 910 447 977 simplicem
496 909 745 964 veritatis
789 909 1158 976 cognitionem
1191 909 1498 964 obtinemus
1534 925 1711 963 rerum

145 1002 558 1056 credendarum.
609 999 743 1053 Nam
793 1000 838 1054 si
891 1000 1130 1069 cognitio
1181 1015 1266 1053 res
1313 1001 1561 1066 cognitas
1591 1016 1710 1054 cum

145 1094 600 1163 cognoscentibus
629 1094 769 1156 unit,
790 1095 1073 1163 ignoratio
1097 1109 1224 1147 vero
1251 1094 1520 1164 ignoranti
1548 1110 1712 1149 causa

145 1194 222 1238 est
239 1195 298 1237 nt
313 1199 530 1253 semper
545 1195 735 1250 mutet,
759 1196 921 1249 atque
939 1201 967 1238 a
987 1173 1713 1254 semetipsodiserepet,'eum

143 1277 226 1345 qui
250 1278 427 1332 credit
452 1279 502 1332 in
531 1279 783 1342 veritate,
803 1279 959 1348 juxta
989 1280 1350 1349 Scripturam,
1379 1281 1511 1335 nihil
1534 1298 1562 1336 a
1588 1295 1714 1335 vero

147 1368 265 1423 fidei
293 1368 650 1425 fundamento
674 1370 986 1436 dimovebit,
1018 1371 1069 1431 in
1093 1386 1199 1438 quo
1228 1372 1586 1425 constantiam
1620 1373 1716 1424 ha-

144 1459 591 1515 hebitimmobilis
606 1471 660 1516 et
677 1460 1023 1515 immutabilis
1040 1462 1358 1516 identitatis.
1373 1462 1548 1516 Probe
1567 1479 1716 1516 nam-

143 1560 243 1614 que
260 1548 412 1600 novit
429 1550 674 1618 quisquis
700 1552 882 1604 unitus
899 1557 981 1604 est
997 1551 1234 1614 veritati,
1260 1566 1420 1620 quam
1439 1554 1574 1607 bene
1599 1569 1717 1609 sese

148 1637 365 1701 habeat,
397 1642 646 1709 quamvis
673 1656 797 1695 eum
841 1642 994 1696 multi
1025 1652 1083 1697 ut
1131 1653 1404 1698 amentem
1460 1654 1712 1714 arguant.

142 1728 298 1784 Latet
324 1733 468 1784 enim
497 1732 637 1796 illos,
667 1733 745 1786 uti
798 1748 896 1801 par
944 1746 1048 1797 est,
1093 1748 1217 1787 eum
1272 1748 1370 1801 per
1417 1748 1559 1788 verae
1593 1733 1712 1789 ﬁdei

143 1824 426 1879 veritatem
485 1839 549 1878 ex
602 1839 787 1879 errore
823 1827 1126 1882 excessisse
1155 1843 1169 1879 :
1199 1825 1313 1894 ipse
1358 1835 1540 1879 autem
1590 1840 1715 1880 vere

1812 631 2064 687 hensibili
2095 630 2216 684 luce
2244 629 2295 681 in
2325 625 2548 680 fundum
2579 622 2699 691 ejus
2733 619 3042 699 eﬂulgente,
3073 621 3301 677 rationis
3328 632 3382 676 et

1813 721 2120 776 intellectus
2169 718 2359 775 oculus
2401 713 2782 769 reverberatns
2837 713 3033 784 caligat
3077 726 3096 767 ‘:
3153 715 3383 783 simplex.

1810 828 1940 867 vero
1971 813 2136 882 ipsius
2179 812 2374 865 animre
2420 806 2636 875 oculus,
2665 819 2856 874 nempe
2886 820 3041 875 pura.
3065 806 3231 869 nuda,
3261 807 3384 860 uni-

1815 905 2028 968 formis,
2059 914 2112 958 et
2141 919 2304 972 supra
2338 901 2680 958 intellecutm
2717 898 2928 953 elevata
2952 901 3233 968 cogitatio,
3268 915 3384 954 ma-

1815 1006 1906 1051 net
1935 1004 2173 1066 apertus.

1839 1137 1842 1140 .
1887 1089 2058 1143 Porro
2095 1087 2326 1142 naturali
2376 1087 2578 1142 lumine
2609 1085 2912 1163 intellectus
2952 1101 2980 1144 a
3022 1095 3170 1140 tanta
3215 1087 3383 1141 clari-

1819 1189 1927 1233 tate
1953 1179 2260 1252 obfuscato,
2290 1179 2471 1232 anima
2513 1179 2644 1232 nihil
2681 1179 2732 1244 i_n
2767 1186 3007 1245 tempore
3039 1178 3255 1247 aSpieit,
3286 1181 3380 1232 sed

1818 1287 1980 1341 supra
2022 1283 2236 1338 tempus
2278 1271 3122 1343 et,locunrereeta,quamdam
3160 1272 3382 1325 aeterni-

1815 1368 1940 1421 tatis
1980 1366 2382 1436 proprietatem.
2415 1367 2663 1422 assumit.
2710 1365 2843 1424 Nam
2905 1367 3167 1436 imagines
3188 1376 3243 1421 et
3276 1369 3383 1422 dis-

1820 1458 2133 1512 tinctionem
2195 1457 2796 1525 considerationemque
2848 1474 3029 1512 rerum
3092 1460 3384 1521 amittens.

1812 1550 1922 1618 jam
1974 1550 2350 1618 experimento
2396 1549 2574 1614 discit,
2605 1550 2771 1603 Deum
2813 1552 2968 1617 longe
3001 1554 3387 1608 transcendere

1817 1656 2007 1696 omnes
2056 1642 2387 1709 corporales,
2436 1641 2745 1710 spirituales
2795 1653 2957 1713 atque
2994 1646 3204 1701 divinas
3251 1648 3386 1701 ima-

1818 1733 1990 1800 gines,
2025 1741 2082 1786 et
2117 1731 2379 1800 quidquid
2427 1733 2701 1787 intellectu
2729 1736 3089 1803 apprehendi,
3121 1739 3382 1807 quidquid

1817 1823 1884 1878 de
1913 1823 2020 1876 Deo
2064 1823 2170 1878 dici
2214 1810 2473 1890 scribive,
2517 1825 2776 1894 quidquid
2815 1827 3047 1880 nominis
3093 1829 3140 1881 ci
3183 1829 3379 1897 imponi

141 1915 291 1967 novit
318 1929 378 1968 se
409 1929 534 1979 non,
586 1925 644 1969 ut
693 1915 765 1969 illi
823 1915 1154 1980 fabulantur,
1211 1915 1474 1982 insanire,
1505 1916 1598 1970 sed
1647 1917 1714 1968 ab
1746 1897 1788 1950 Β
1819 1924 2023 1982 potest,
2050 1914 2195 1968 clare
2222 1910 2478 1985 perspicit
2504 1915 2627 1968 talia
2653 1919 2833 1976 omnia
2869 1935 2897 1971 a
2934 1921 3161 1973 veritate
3189 1921 3385 1974 divina!

143 2004 380 2059 instabili
428 2006 782 2074 mutabiliqne
833 2008 1145 2062 omnimode
1172 2008 1404 2061 errantis
1436 2009 1713 2062 varietatis

143 2094 417 2158 motione,
475 2111 572 2163 per
622 2094 922 2163 simplicem
970 2096 1112 2150 circa
1161 2097 1349 2152 cadent
1409 2112 1622 2166 semper
1661 2107 1714 2152 et

138 2187 327 2240 eodem
361 2190 516 2242 modo
541 2201 600 2242 se
631 2188 914 2241 habentem
950 2188 1229 2242 veritatem
1256 2204 1376 2243 esse
1403 2189 1709 2244 liberatum.

141 2277 252 2331 lloc
281 2278 441 2333 modo
471 2279 630 2347 primi
661 2278 860 2333 divina:
893 2280 1174 2350 sapientia:
1213 2291 1411 2346 nostra:
1440 2282 1714 2348 professo~

140 2382 225 2422 res
252 2383 354 2437 pro
385 2371 614 2424 veritate
642 2371 880 2440 quotidie
907 2372 1299 2437 moriebantur,
1335 2373 1708 2434 testificantes,

137 2461 216 2514 uti
242 2476 344 2531 par
374 2471 476 2526 est,
511 2471 842 2518 etsermone
875 2472 931 2517 et
975 2478 1160 2532 opere,
1206 2464 1540 2532 singularem
1567 2464 1712 2518 illam

137 2548 465 2606 Christiana:
511 2553 757 2606 veritatis
786 2553 1146 2622 agnitionem,
1171 2553 1415 2608 omnium
1443 2569 1562 2608 esse
1591 2562 1710 2609 eum

137 2642 634 2713 simplicissimam,
671 2653 780 2697 tum
814 2644 1234 2711 divinissimam;
1291 2644 1398 2699 imo
1446 2646 1624 2715 potius
1669 2645 1712 2676 ¹³

136 2733 285 2788 hanc
338 2734 509 2788 solam
575 2749 695 2789 esse
749 2750 933 2789 veram
987 2744 1148 2804 atque
1194 2735 1409 2790 unicam
1453 2736 1713 2805 simplicis

138 2825 233 2878 Dei
273 2825 543 2880 notitiam.
569 2824 664 2880 Est
691 2827 834 2882 enim
863 2826 1199 2882 divinissima
1226 2828 1319 2883 Dei
1369 2829 1557 2882 notitia
1596 2843 1714 2897 qua!

137 2930 236 2986 per
295 2916 650 2973 nescientiatn
699 2919 995 2989 accipitur,
1057 2920 1353 2975 secundum
1399 2919 1566 2985 illam,
1597 2933 1714 2990 qua:

135 3023 308 3080 Supra
355 3009 684 3065 intellectum
723 3020 838 3075 est,
879 3011 1154 3076 unionem,
1188 3011 1405 3081 quando
1455 3012 1713 3066 nimirum

135 3117 301 3155 naeus
337 3116 366 3155 a
401 3104 561 3156 rebus
606 3102 860 3156 omnibus
901 3104 1180 3175 recedens,
1229 3117 1293 3158 ac
1320 3112 1482 3156 totam
1514 3112 1715 3157 semct-

135 3197 316 3264 ipsatn
365 3196 644 3258 deserens,
690 3195 923 3265 desuper
961 3193 1282 3266 fulgentibus
1312 3195 1477 3251 radiis
1505 3195 1707 3258 unitur,

134 3294 420 3360 quibusin
473 3291 564 3347 illo
595 3291 932 3346 inscrutabili
969 3291 1250 3360 sapientiae
1303 3290 1570 3362 profundo
1599 3291 1711 3346 col-

133 3382 425 3438 luatratur.

715 3520 938 3577 CAPUT
982 3521 1091 3576 VII.

137 3661 420 3723 Quomodo
461 3659 720 3712 mirabili:
757 3657 852 3712 illa
898 3660 1131 3728 mystico:
1171 3659 1443 3729 theologia:
1497 3659 1620 3713 unt'o
1657 3661 1712 3712 iu

663 3730 840 3782 anima
870 3731 1174 3799 perﬁciatur
1187 3773 1203 3789 ,

211 3840 653 3897 Sublimissimus
683 3856 864 3896 rerum
903 3843 1252 3912 mysticorum
1281 3840 1576 3910 interpres,
1606 3841 1712 3898 Lu-

133 3932 368 3985 dovicus
429 3928 682 3996 Blosius,
748 3929 800 3982 in
852 3928 1187 3982 Institutione
1242 3945 1338 3983 sua
1401 3930 1706 3997 spirituali,

129 4039 264 4093 cap.
305 4023 407 4086 12,
441 4020 472 4092 5
519 4021 572 4084 2,
606 4021 788 4076 divina
838 4037 1066 4090 prorsus
1107 4022 1316 4076 ratione
1360 4022 1518 4086 hanc,
1550 4038 1706 4089 quam

132 4123 402 4180 expertus
438 4113 639 4178 fuerat,
687 4114 929 4182 mystica:
987 4113 1272 4182 theologia:
1316 4113 1568 4168 unionem
1617 4115 1710 4169 de-

128 4207 414 4272 scribens,
445 4204 614 4268 Felix,
664 4203 862 4271 inquit,
919 4204 1006 4256 illa
1067 4205 1270 4268 anima,
1324 4220 1441 4274 qua:
1487 4205 1705 4274 puritati

129 4297 346 4360 cordis,
388 4302 696 4363 sanctaque
740 4294 1124 4349 introversioni
1167 4295 1368 4363 jngiter
1409 4294 1612 4358 studet,
1654 4304 1710 4349 et

129 4389 354 4458 privato
379 4388 573 4450 amori,
604 4400 698 4440 seu
747 4387 974 4454 propri-.e
1020 4387 1319 4451 voluntati,
1369 4389 1708 4457 propriaeque

128 4479 450 4551 quasitioni
497 4492 724 4548 prorsus
764 4477 1061 4531 renuntiat.
1104 4476 1230 4531 llwc
1273 4479 1415 4531 enim
1450 4479 1620 4546 magis
1645 4494 1709 4533 ac

129 4572 316 4642 magis
346 4569 466 4624 Deo.
487 4568 922 4638 appropinquare
971 4575 1232 4621 meretur.
1285 4567 1523 4622 Tandem
1578 4583 1708 4622 vero

125 4639 512 4734 superioribus
544 4658 660 4726 ejus
706 4659 914 4712 viribus
952 4657 1131 4711 divina
1177 4658 1348 4727 gratia
1389 4659 1703 4723 sublevatis,
1737 4639 1780 4693 D

124 4749 454 4813 elarlticatis
478 4759 532 4805 et
555 4750 848 4813 exornatis,
871 4748 1130 4802 unitatem
1159 4748 1560 4819 nuditatemque
1591 4751 1704 4819 spi-

123 4850 273 4902 ritus
309 4844 539 4906 obtinet,
579 4850 635 4895 et
665 4857 855 4911 purum
886 4851 1048 4910 atque
1093 4841 1416 4908 indepictum
1444 4855 1704 4906 amorem,

120 4937 550 5006 simplicemque
579 4934 962 5002 cogitationem
986 4973 1000 4997 ,
1048 4945 1166 5002 quae
1195 4933 1580 5002 cogitationum
1610 4947 1706 4988 ex-

119 5043 258 5101 pers
287 5037 397 5092 est,
450 5026 785 5095 adipiscitur.
837 5023 955 5078 Jam
1002 5024 1184 5093 itaque
1233 5038 1354 5078 cum
1394 5022 1708 5079 excellentis

120 5119 537 5186 indicibilisque
560 5117 747 5186 gratiae
782 5115 874 5169 Dei
907 5118 973 5170 sit
1007 5130 1214 5186 capax,
1246 5115 1311 5168 ad
1346 5116 1523 5168 vivum
1558 5113 1705 5169 illum

116 5216 344 5271 fontem
371 5209 466 5278 qui
493 5207 561 5262 ab
588 5216 789 5263 mter-uo
821 5216 1023 5271 manat,
1052 5222 1116 5260 ac
1145 5217 1457 5261 sanctorum
1500 5215 1708 5262 mentes

118 5306 271 5362 satis
297 5314 568 5370 superque
597 5298 793 5363 reficit,
822 5299 1149 5369 perducitur.
1180 5296 1298 5352 Jam
1329 5298 1466 5351 vires
1491 5297 1608 5366 ejus
1637 5298 1704 5352 ad

117 5399 312 5451 instar
364 5390 640 5446 stellarum
681 5392 884 5454 lucent,
920 5399 974 5444 et
1022 5390 1134 5458 ipsa
1173 5391 1229 5444 tit
1254 5389 1442 5444 idonea
1464 5388 1530 5442 ad
1569 5402 1702 5443 con-

118 5484 509 5555 templandum
557 5479 867 5537 Divinitatis
897 5482 1181 5552 abyssum,
1235 5495 1446 5547 sereno,
1477 5479 1705 5547 simplici

118 5589 182 5636 et
205 5575 461 5648 jucunde
484 5573 703 5637 intuitu,
729 5573 933 5642 absque
963 5572 1366 5642 imaginatione,
1388 5579 1443 5626 et
1468 5571 1584 5624 sine
1611 5569 1707 5622 ali-

115 5688 240 5745 qua
277 5665 589 5724 intellectus
641 5665 986 5722 admistione.
1031 5665 1182 5720 Unde
1223 5664 1439 5734 quando
1481 5677 1600 5718 sese
1638 5663 1703 5716 ad

309 5849 817 5912 Dedirinmomnc.
855 5854 1035 5914 1,34.
1111 5842 1154 5873 ¹³
1196 5840 1353 5908 Ibid.,
1388 5839 1416 5911 ς
1455 5839 1507 5896 5.

459 5944 727 6001 l’nuoe.
774 5942 888 5999 (in.
925 5936 1033 5996 ill.

1816 2004 2065 2057 eSSentiae
2093 2005 2144 2057 in
2175 2005 2443 2059 infinitum
2475 2007 2702 2072 distare,
2729 2007 2798 2060 ob
2832 2007 2990 2075 idque
3017 2010 3260 2064 oauniem
3294 2024 3385 2064 es-

1815 2097 2047 2149 sentiam
2098 2095 2535 2150 innominabilem
2583 2111 2722 2151 esse.
2767 2097 2979 2161 Ignorat
3026 2108 3205 2153 tamen
3255 2103 3383 2169 quid

1815 2188 1890 2240 sit
1933 2187 2095 2252 Deus,
2148 2201 2307 2254 quem
2357 2189 2545 2242 sentit.
2594 2187 2730 2242 Hinc
2775 2192 3197 2260 pra-cognitione
3240 2193 3379 2248 facta

1814 2276 1931 2333 sine
1960 2278 2288 2347 cognitione,
2323 2277 2375 2330 in
2418 2278 2535 2332 solo
2579 2279 2824 2343 amabili,
2871 2283 3033 2345 nudo,
3065 2283 3297 2352 simplici
3328 2296 3384 2338 et

1816 2369 2000 2445 ignoto
2029 2370 2139 2424 Deo
2167 2368 2424 2440 quiescit.
2458 2370 2571 2426 Lux
2605 2372 2805 2442 quippe
2832 2374 3011 2428 divina
3048 2386 3268 2447 propter
3294 2379 3367 2432 ni-

1813 2463 1974 2516 miam
2005 2462 2830 2530 suiclaritateminaccessibllis
2855 2475 2938 2521 est
2971 2484 2986 2521 :
3015 2470 3156 2525 unde
3187 2480 3244 2524 et
3288 2488 3381 2524 ca-

1813 2555 1916 2623 ligo
1948 2554 2266 2623 appellatur.
2300 2554 2536 2625 Suscipit
2559 2557 2649 2610 hic
2683 2558 2860 2611 anima
2887 2561 3108 2613 verbum
3147 2561 3383 2616 abscon-

1812 2642 2006 2707 ditum,
2052 2644 2198 2714 quod
2249 2645 2390 2700 Deus
2443 2647 2493 2699 in
2547 2646 2759 2702 interno
2807 2649 3022 2705 silentio
3067 2659 3123 2705 et
3174 2665 3383 2709 secrete

1815 2736 2269 2791 mentisrecessu
2307 2739 2563 2806 loquitur.
2595 2739 2706 2794 Hoc
2748 2742 2997 2809 Stteipit,
3028 2754 3190 2812 atque
3220 2748 3382 2801 unio-

1813 2829 1899 2883 nis
1954 2829 2195 2899 mystica;
2248 2830 2586 2899 complexum
2646 2831 2878 2887 feliciter
2932 2840 3226 2904 echritur.
3279 2838 3381 2895 Ubi

1812 2919 1956 2975 enim
1989 2919 2327 2975 intellectum
2359 2937 2655 2992 eninesqne
2702 2923 2968 2996 imagines
2999 2943 3100 2997 per
3143 2944 3378 2986 alnoren.

1811 3013 2083 3077 excessit,
2129 3022 2181 3066 et
2236 3026 2393 3081 supra
2442 3013 2791 3081 scmetipsam
2849 3027 3035 3071 evecta
3083 3026 3201 3082 est,
3239 3021 3381 3088 quod

1813 3102 1962 3156 solus
1987 3103 2125 3156 Deus
2152 3103 2199 3155 ei
2225 3114 2480 3171 praestare
2509 3113 2710 3173 potest,
2729 3106 2841 3174 jam
2861 3122 2888 3159 a
2916 3121 2972 3161 se
2997 3107 3235 3164 deﬂuens
3255 3127 3381 3180 pro~

1814 3193 1932 3247 fluit
1955 3191 2006 3246 in
2042 3194 2205 3246 Deum
2241 3211 2254 3246 :
2287 3203 2518 3261 tuncque
2547 3194 2687 3248 Deus
2716 3211 2818 3263 pax
2848 3207 2900 3252 et
2931 3198 3112 3253 t'ruitio
3139 3204 3254 3267 ejus
3274 3213 3377 3256 est.

1812 3283 1904 3338 Illa
1940 3299 2071 3354 ergo
2105 3285 2156 3336 in
2187 3285 2277 3337 tali
2303 3286 2497 3338 mentis
2523 3300 2751 3340 excessu
2781 3289 2980 3354 posita,
3000 3290 3124 3359 jure
3156 3303 3376 3349 eantazz

1812 3374 1879 3428 In
1915 3392 2041 3443 pace
2081 3377 2137 3429 in
2178 3376 2403 3444 idipsum
2455 3374 2716 3430 dormiam
2756 3388 2804 3432 et
2846 3382 3160 3449 requiescam
3190 3385 3250 3440 ".
3280 3386 3379 3441 De-

1811 3466 1948 3532 tluit,
1995 3469 2236 3538 inquam,
2280 3481 2470 3522 amans
2513 3471 2719 3533 anima,
2751 3470 3044 3540 deficitque
3089 3490 3116 3527 a
3145 3491 3204 3530 se
3239 3477 3376 3545 ipsa,

1811 3568 1868 3612 et
1919 3558 2068 3612 velut
2119 3558 2185 3611 ad
2227 3557 2454 3611 nihilum
2505 3558 2742 3620 redacta.
2800 3562 2851 3615 in
2895 3563 3146 3634 abyssum
3188 3573 3375 3624 aeterni

1811 3651 2014 3705 amoris
2049 3650 2334 3704 collabitur
2375 3671 2386 3704 :
2427 3650 2517 3704 ubi
2558 3651 2659 3705 sibi
2704 3663 2936 3720 mortua,
2975 3657 3201 3714 vivit'in
3249 3663 3376 3727 Deo,

1812 3742 1942 3795 nihil
1984 3741 2184 3805 sciens.
2225 3743 2360 3796 nihil
2406 3741 2648 3798 sentiens
2697 3754 2894 3812 prater
2938 3764 3179 3804 amorem
3217 3767 3377 3821 quem

1811 3842 2008 3902 gustat.
2048 3832 2231 3887 Perdit
2260 3833 2405 3897 enim
2438 3848 2496 3888 se
2535 3833 2587 3886 iri
2619 3834 2922 3890 vastissima
2956 3839 3261 3897 Divinitalis
3290 3861 3375 3900 so-

1809 3923 2037 3978 litudine
2061 3933 2223 3992 atque
2253 3925 2484 3994 caligine
2516 3944 2528 3978 :
2575 3926 2669 3980 sed
2714 3926 2792 3980 sic
2832 3942 2892 3982 se
2923 3919 3165 3998 perdere,
3198 3936 3378 4004 potius

1808 4029 1868 4069 se
1919 4016 2161 4070 invenire
2204 4024 2308 4071 est.
2355 4017 2434 4071 lbl
2483 4028 2614 4073 sane
2655 4021 2914 4091 quidquid
2957 4033 3041 4076 est
3079 4025 3373 4082 humanum

1809 4120 2038 4170 exuens,
2071 4117 2125 4160 et
2149 4108 2296 4176 quod
2328 4115 2410 4162 est
2443 4107 2684 4163 divinum
2738 4111 2991 4176 induens,
3025 4117 3374 4172 transfuma-

1811 4207 1900 4252 tur
1926 4207 2427 4270 transmutaturque
2453 4201 2505 4256 in
2532 4201 2701 4255 Deum
2729 4219 2742 4256 :
2775 4203 2916 4258 sicut
2945 4204 3142 4262 ferrum
3174 4211 3226 4262 in
3253 4212 3376 4280 igne

1810 4289 2042 4359 positum
2087 4288 2316 4344 formam
2362 4290 2501 4360 ignis
2547 4291 2764 4361 accipit,
2795 4302 2850 4346 et
2889 4302 3278 4351 translnutatur
3321 4299 3374 4353 in

1812 4381 2009 4450 ignem.
2044 4379 2226 4434 Manet
2266 4389 2444 4435 tamen
2482 4382 2717 4436 essentia
2749 4383 2940 4438 animae
2981 4386 3062 4440 sic
3091 4386 3372 4454 deificataa,

1807 4473 2259 4542 quemadmodum
2283 4473 2488 4527 ferrum
2515 4471 2739 4543 ignitum
2771 4489 2879 4528 non
2909 4475 3102 4531 desinit
3126 4492 3244 4532 esse
3269 4479 3375 4534 fer-

1809 4578 1950 4616 rum.

1879 4654 2047 4725 Igitur
2097 4655 2211 4726 ipsa
2258 4655 2461 4722 anima,
2506 4670 2627 4726 qua:
2667 4659 2817 4725 prius
2857 4665 2974 4711 erat
3017 4658 3236 4729 frigida,
3265 4661 3378 4731 jam

1813 4749 1965 4803 ardet
1999 4768 2009 4801 :
2041 4761 2160 4816 qua:
2190 4747 2342 4818 prius
2378 4756 2499 4802 erat
2535 4746 2841 4813 tenebrosa,
2882 4750 2992 4818 jam
3031 4751 3210 4821 lucet;
3261 4771 3381 4826 quae

1813 4838 1961 4907 prius
1990 4846 2108 4892 erat
2133 4838 2287 4903 dura,
2309 4839 2421 4906 jam
2453 4836 2632 4892 mollis
2667 4845 2768 4892 est.
2800 4837 2964 4895 Plane
2993 4849 3104 4896 tota
3141 4843 3382 4899 deicolor

1814 4941 1918 4995 est,
1956 4931 2082 5000 quia
2122 4932 2359 4986 essentia
2408 4932 2525 5000 ejus
2563 4932 2795 4987 essentia
2843 4932 2932 4986 Dei
2996 4935 3210 5001 perfusa
3274 4945 3376 4991 est.

1816 5020 1952 5077 Tota
1980 5021 2146 5076 divini
2176 5024 2380 5078 amoris
2412 5024 2532 5094 igne
2558 5033 2924 5085 concremata,
2954 5035 3178 5095 totaque
3204 5027 3380 5098 lique-

1810 5113 1954 5169 facta
2011 5115 2231 5169 transiit
2273 5114 2329 5168 in
2375 5115 2565 5180 Deum,
2614 5126 2669 5170 et
2713 5117 2762 5171 ei
2815 5116 2936 5171 sine
2977 5120 3154 5173 medio
3202 5121 3371 5181 unita,

1813 5220 2056 5276 unusque
2104 5208 2329 5276 spiritus
2360 5222 2482 5262 cum
2525 5223 2591 5263 eo
2617 5207 2807 5263 eﬂ‘ecta
2852 5219 2934 5262 est
2970 5226 2984 5263 :
3013 5209 3154 5263 sicut
3184 5225 3371 5264 aurum

1810 5307 1865 5350 et
1895 5311 1969 5350 tes
1997 5296 2049 5350 in
2076 5311 2240 5350 unam
2265 5297 2464 5350 metalli
2497 5312 2728 5352 massam
2759 5297 3078 5351 conflantur.
3110 5299 3372 5352 Cteterum

1812 5386 2024 5441 illorum
2055 5389 2145 5457 qui
2181 5388 2231 5441 in
2268 5387 2436 5442 Deum
2468 5387 2542 5441 ita
2573 5387 2841 5442 excedunt
2868 5396 2921 5441 et
2953 5389 3254 5456 rapiuntur,
3285 5390 3373 5443 di-

1812 5479 1951 5533 versi
1981 5478 2180 5548 gradus
2204 5488 2330 5532 sunt
2372 5499 2383 5534 :
2415 5494 2535 5531 nam
2565 5493 2632 5533 eo
2659 5480 2889 5549 quisque
2931 5479 3251 5549 profundius
3283 5488 3370 5533 at-

1811 5583 1915 5638 que
1940 5569 2225 5625 sublimius
2259 5572 2311 5624 in
2345 5571 2519 5640 ipsum
2547 5569 2715 5626 Deum
2747 5572 3024 5642 pertingit,
3063 5587 3168 5640 quo
3191 5570 3374 5624 efﬁca-

1813 5660 1930 5715 cius
1979 5661 2368 5734 ardentiusque
2417 5675 2513 5717 seu
2558 5663 2860 5719 amorosius
2895 5678 2951 5719 se
2989 5665 3055 5717 ad
3089 5677 3211 5716 eum
3239 5677 3370 5718 con-

1587 5840 1629 5870 “
1657 5835 1797 5892 Psal.
1832 5841 1902 5901 tv,
1933 5837 1987 5892 9.
