4196 6306
830 439 935 502 107

1956 433 2013 490 S.
2058 431 2424 489 DIONYSIUS
2463 430 2905 489 AREOPAGlTA

3955 436 4051 492 108

829 554 1012 617 vertit,
1039 558 1096 607 et
1122 565 1227 622 quo
1256 548 1551 622 perfectius
1576 549 1628 605 in
1653 547 1767 619 ipsa
1795 552 2154 606 conversione
2178 566 2392 607 omnem
2424 556 2467 611 Α
2498 551 2754 615 ranliam,
2786 561 2841 606 et
2869 565 2963 619 per
3000 550 3246 605 intimum
3278 551 3480 607 amoris
3509 561 3837 615 contactum.
3868 554 4049 611 melius

830 643 1099 714 pr0priam
1129 643 1501 713 quaesitionem
1533 641 1762 712 repellit.

894 734 940 791 Ο
964 745 1204 791 sanctam
1234 723 1379 789 illam
1411 735 1667 802 animam,
1697 750 1818 803 qum
1849 752 1877 790 a
1905 734 2016 790 Deo
2046 735 2395 805 singulariter

830 826 1070 890 visitata,
1094 835 1148 881 et
1174 842 1337 900 supra
1370 826 1551 880 omnia
1590 834 1794 890 creata,
1820 841 2090 895 supraque
2118 828 2391 896 pr0priam

827 919 1193 987 operationem
1247 918 1478 982 elevata,
1530 917 1588 972 in
1641 917 1693 971 vi
1749 918 2102 972 memorativa
2160 920 2396 972 nudatur

830 1008 1081 1061 omnibus
1127 1006 1491 1076 imaginibus,
1540 1015 1596 1060 et
1646 1020 1849 1060 meram
1894 1008 2185 1075 puritatem
2233 1018 2395 1076 atque

828 1099 1231 1167 simplicitatem
1266 1101 1459 1164 sentit;
1494 1099 1548 1151 in
1574 1098 1623 1151 vi
1658 1098 1981 1154 intellectiva
2011 1100 2237 1169 percipit
2260 1113 2395 1168 prae-

828 1189 1058 1260 fulgidas
1104 1189 1531 1246 illuminationes
1578 1190 1720 1247 Solis
1750 1191 2008 1260 justitiaz,
2051 1200 2102 1245 et
2157 1193 2392 1247 divinam

826 1282 1108 1337 veritatem
1160 1283 1429 1352 agnoscit!
1494 1281 1667 1339 Porro
1725 1284 1778 1337 in
1831 1284 1882 1338 vi
1935 1284 2170 1337 amativa
2228 1286 2393 1338 sentit

830 1384 1020 1431 aestum
1070 1376 1357 1446 quemdam
1406 1375 1573 1445 quieti
1620 1376 1860 1441 amoris,
1914 1377 2030 1431 sive
2084 1384 2392 1430 contactum

832 1468 1070 1536 Spiritus
1098 1466 1294 1531 sancti,
1330 1476 1584 1536 tanquam
1617 1465 1817 1520 fontem
1853 1465 2053 1531 vivum,
2085 1473 2391 1519 manantem

831 1558 1021 1613 rivulis
1056 1569 1271 1613 interna:
1309 1558 1613 1621 suavitatis,
1649 1569 1811 1628 atque
1834 1559 1908 1612 ita
1948 1559 2014 1611 ad
2044 1557 2391 1612 excellentem

830 1664 952 1702 cum
982 1649 1089 1703 Dco
1127 1650 1381 1703 unionem
1415 1650 1676 1705 invitatur
1715 1650 2211 1719 introduciturque.
2238 1649 2281 1703 Ο
2310 1649 2393 1702 fe-

829 1742 985 1795 licem
1016 1742 1156 1796 illam
1195 1743 1419 1796 horam!
1454 1741 1605 1797 Tunc
1634 1743 1887 1796 nimirum
1925 1743 2101 1797 anima
2134 1757 2393 1811 superna-

831 1834 988 1888 turali
1013 1834 1513 1904 jucundissimaque
1558 1836 1900 1891 solemnitate
1931 1845 1985 1890 et
2036 1835 2229 1905 gaudio
2266 1848 2389 1887 ver-

832 1926 1155 1981 nantissimo
1194 1926 1339 1981 intus
1366 1926 1688 1996 perfruitur,
1724 1942 1786 1981 ac
1817 1927 2054 1981 futuram
2098 1925 2389 1981 beatitudi-

834 2033 952 2070 nem
998 2018 1180 2087 aliquo
1225 2019 1381 2073 modo
1430 2027 1740 2087 praegustat.
1788 2017 1833 2074 Ο
1864 2033 2025 2089 quam
2067 2019 2255 2073 beatus
2284 2025 2389 2084 est,

831 2110 919 2164 cui
946 2108 1431 2179 fragrantissimum
1465 2111 1591 2165 illud
1618 2126 1729 2177 ver,
1767 2121 1821 2166 et
1840 2120 2001 2165 testas
2027 2110 2112 2164 illa
2137 2112 2395 2166 ammnis-

832 2204 966 2255 sima
994 2202 1260 2266 exoritur,
1290 2203 1488 2272 cuique
1520 2203 1756 2257 divinam
1787 2201 2033 2272 copulam
2067 2202 2150 2257 vel
2182 2201 2248 2256 ad
2278 2216 2395 2257 mo-

832 2299 1068 2345 mentum
1093 2292 1325 2360 experiri
1354 2307 1673 2348 concessum
1700 2301 1780 2348 est
1804 2294 1817 2348 !
1849 2292 1895 2348 ls
1927 2293 2069 2348 enim
2093 2295 2158 2348 ad
2189 2294 2240 2348 id
2261 2308 2389 2363 per--

832 2382 1072 2447 ducitur,
1118 2381 1260 2452 quod
1316 2397 1417 2456 nec
1477 2384 1635 2447 ratio,
1684 2397 1783 2438 nec
1835 2383 2140 2439 intellectus
2174 2397 2389 2453 capere,

834 2492 1005 2545 neque
1029 2477 1205 2548 lingua
1234 2481 1540 2549 exprimere
1568 2489 1764 2548 potest.
1794 2478 1896 2533 Per
1919 2479 2216 2547 sapientem
2246 2478 2391 2547 igno-

2500 643 2665 696 Deum
2698 643 2997 711 cognoscit,
3022 657 3183 712 quam
3223 644 3520 698 exteriores
3544 645 3662 712 ejus
3690 645 3831 699 oculi
3865 646 4050 699 visibi-

2499 732 2600 786 lem
2646 732 2811 786 solem
2876 741 3227 799 cognoscant.
3272 733 3453 804 Usque
3497 737 3632 791 adeo
3683 736 3954 792 stabilitur
4003 736 4051 789 in

2499 824 2625 886 Deo,
2646 832 2703 878 ut
2731 825 2895 878 Deum
2924 825 3025 879 sibi
3054 825 3367 880 vicininrem
3389 842 3508 882 esse
3535 829 3734 883 sentiat
3757 842 3915 897 quam
3941 828 4054 898 ipse

2496 916 2566 969 sit
2609 915 2709 969 sibi
2752 934 2764 968 :
2807 918 2947 969 unde
2976 925 3029 969 et
3067 916 3389 972 deiformem
3440 919 4053 992 superesseutialemque

2495 1008 2660 1060 vitam
2690 1007 2799 1077 jam
2823 1009 2991 1072 ducit,
3020 1009 3195 1063 factus
3216 1010 3434 1064 (ibristo
3466 1011 3757 1065 secundum
3780 1011 4051 1080 spiritum,

2496 1100 2731 1151 animam
2774 1108 2828 1152 et
2877 1113 3079 1167 corpus
3125 1100 3442 1154 conformis.
3476 1099 3602 1153 Sive
3648 1101 3896 1156 comedat
3942 1102 4052 1157 sive

2496 1192 2664 1257 bibat,
2696 1190 2808 1244 sive
2836 1191 3019 1259 vigilet
3050 1192 3165 1245 sive
3204 1190 3457 1255 dormiat,
3492 1205 3705 1261 semper
3734 1191 3785 1245 in
3817 1207 3881 1246 eo
3916 1190 4053 1245 Deus

2495 1293 2776 1352 operatur,
2803 1282 2893 1350 qui
2920 1282 3450 1350 superessentialiter
3484 1283 3616 1336 vivit
3640 1283 3690 1336 in
3726 1282 3837 1337 illo.
3866 1282 4052 1336 Talem

2495 1376 2611 1444 ipse
2637 1376 2773 1429 Deus
2796 1376 2951 1430 docet
2981 1374 3047 1428 de
3073 1375 3344 1441 omnibus,
3368 1386 3424 1429 et
3443 1374 3749 1444 spirituales
3774 1376 4053 1445 mysticos-

2496 1481 2601 1534 que
2631 1480 2819 1520 sensus
2844 1465 2894 1519 ei
2930 1466 3123 1533 aperit.
3155 1465 3518 1529 Creberrime,
3553 1466 3639 1519 vel
3668 1466 3827 1519 etiam
3858 1465 4053 1519 indesi-

2497 1568 2691 1613 nenter
2728 1572 2849 1611 eum
2896 1558 3101 1623 visitat,
3135 1545 3411 1628 astringit,
3454 1558 3746 1622 osculatur,
3796 1558 4049 1622 illustrat,

2497 1648 2764 1713 accendit,
2800 1656 3051 1717 penetrat
3075 1656 3129 1701 et
3161 1650 3363 1718 implet.
3391 1646 3523 1701 Nam
3565 1664 3686 1703 cum
3715 1650 3888 1702 anima
3936 1650 4053 1717 ejus

2493 1745 2563 1795 sit
2599 1741 2709 1809 jam
2751 1739 3028 1807 speculum
3065 1739 3272 1793 clarum
3318 1741 3434 1794 sine
3464 1741 3697 1806 macula,
3723 1741 3903 1795 divino
3940 1741 4053 1796 Soli

2494 1836 2886 1889 convenienter
2915 1833 3184 1904 objectqu
3208 1832 3668 1901 substratumque,
3704 1834 3814 1892 ipse
3844 1832 3935 1885 So!
3961 1835 4051 1901 ju-

2493 1928 2655 1983 SIitize
2681 1943 2785 1981 non
2819 1936 2991 1996 potest
3027 1941 3132 1980 non
3172 1923 3385 1979 assidue
3420 1924 3693 1979 stillicidia
3731 1924 3933 1995 gratiae,
3969 1941 4055 1978 ra-

2494 2018 2614 2072 dios
2646 2017 2921 2085 sapientize
2946 2027 2999 2070 et
3036 2016 3317 2069 cbaritatis
3346 2014 3609 2069 scintillas
3639 2014 3689 2067 in
3719 2028 3835 2068 eam
3862 2014 4059 2067 diffun-

2494 2112 2640 2164 dere.
2696 2107 2863 2161 Valde
2911 2107 3125 2175 quidem
3173 2107 3480 2161 sublimiter
3519 2114 3681 2174 alque
3731 2105 4061 2159 mirabiliter

2496 2202 2638 2256 Deus
2667 2216 2727 2256 se
2752 2214 3137 2270 nonnunquam
3169 2199 3363 2253 anima:
3391 2197 3643 2268 perfecta:
3671 2197 3868 2253 revelat
3894 2209 4060 2267 atque

2497 2293 2838 2359 manifestat,
2880 2293 3115 2347 nondum
3180 2302 3358 2345 tamen
3402 2290 3637 2347 ostendit
3674 2289 3832 2343 sicuti
3874 2298 3964 2343 est
4006 2291 4058 2343 in

2498 2399 2596 2438 sua
2650 2382 2909 2438 ineffabili
2953 2383 3142 2452 gloria,
3180 2382 3275 2437 sed
3317 2381 3460 2438 sicut
3490 2381 3544 2435 in
3576 2381 3679 2435 hac
3720 2378 3826 2434 vita
3879 2378 4059 2432 videri

2496 2486 2690 2548 potest.

873 2624 4030 2651 ww

1444 2769 2199 2884 GEORGII
2272 2767 3447 2884 PACHYMEBE

1118 3000 1266 3116 IN
1356 3001 1810 3117 OPERA
1887 3003 2005 3117 S.
2092 3003 2744 3119 DIONYSII
2815 3001 3754 3120 AREOPAGITIE

1702 3238 1850 3328 AD
1926 3239 2334 3332 CYRUM
2407 3238 2997 3329 ATHANASI
3020 3241 3178 3329 UM

1276 3452 1768 3512 PATRLARCHAM
1800 3451 2350 3511 ALEXANDRINUM
2382 3451 3027 3510 CONSTANTINOPOLI
3060 3450 3586 3510 COMMORANTEM

2040 3628 2817 3744 PRO(EMIUM

1456 3855 1747 3925 lnterprete
1778 3855 2090 3913 Balthasare
2116 3854 2393 3920 Gorderio,
2422 3852 2709 3909 Societatis
2747 3854 2873 3910 Jesu
2913 3855 3132 3911 doctore
3160 3854 3426 3927 theologo.

896 4134 1064 4189 llomo
1090 4132 1205 4199 Dei,
1238 4141 1289 4188 et
1319 4130 1489 4187 fidelis
1519 4147 1694 4197 serve,
1725 4141 1780 4187 et
1806 4132 2143 4201 dispensator
2167 4145 2370 4205 myste—
2400 4143 2445 4203 ς

830 4227 1033 4281 riorum
1071 4225 1297 4288 Christi,
1342 4238 1441 4279 nec
1471 4237 1574 4277 non
1608 4224 1691 4277 vir
1722 4223 2143 4293 desideriorum,
2174 4226 2374 4279 multo-

827 4335 942 4372 rum
979 4318 1195 4387 quidem
1228 4316 1390 4371 etiam
1426 4316 1653 4370 aliorum
1682 4325 1739 4370 et
1778 4330 2122 4386 magnorum,
2165 4316 2377 4371 scilicet

824 4424 1009 4466 eorum
1039 4424 1154 4478 quae
1181 4417 1306 4463 sunt
1332 4408 1583 4477 spiritus,
1629 4422 1859 4477 quorum
1905 4407 2143 4461 omnium
2164 4447 2179 4473 ,
2210 4422 2377 4464 carne

827 4498 1166 4562 mortificari,
1196 4507 1249 4552 et
1274 4498 1457 4551 vivere
1483 4496 1721 4561 Christo,
1753 4507 1912 4566 caput
1940 4505 2052 4561 est;
2089 4498 2245 4566 idque
2269 4514 2374 4553 non

823 4592 890 4645 ab
914 4591 1049 4653 lteri,
1092 4599 1182 4643 aut
1213 4588 1406 4643 nudius
1439 4588 1653 4653 tertius,
1686 4597 1778 4641 aut
1815 4602 1845 4641 a
1886 4603 2073 4656 pauco,
2106 4590 2233 4658 quin
2268 4591 2375 4645 imo

824 4685 983 4737 etiam
1017 4699 1043 4735 a
1075 4682 1243 4737 multo
1276 4692 1514 4752 tempore
1562 4682 1661 4736 ltoc
1697 4690 1843 4733 tuum
1875 4680 1977 4733 fuit
2006 4682 2263 4746 Studium,
2295 4692 2376 4736 at-

822 4789 927 4844 que
957 4774 1090 4828 adeo
1121 4774 1186 4826 ab
1218 4772 1440 4826 infantia
1486 4780 1539 4825 ct
1578 4774 1644 4827 ab
1693 4773 1805 4842 ipsa
1860 4771 2025 4827 ferme
2069 4775 2369 4829 nativitate.

822 4866 983 4919 Novit
1016 4866 1128 4918 haec
1150 4879 1301 4918 mons
1326 4862 1478 4927 Sina,
1505 4872 1558 4917 et
1589 4877 1711 4931 quae
1743 4863 1809 4915 ibi
1839 4862 2072 4915 Celebris
2096 4864 2368 4930 spelunca,

820 4958 909 5014 ubi
957 4960 1011 5013 in
1043 4958 1243 5011 virtute
1293 4957 1579 5022 educatus,
1623 4969 1677 5011 et
1724 4955 2055 5024 spiritalibus
2090 4956 2372 5012 sudoribus

818 5052 1297 5123 prxexercitatus,
1349 5052 1412 5105 ad
1460 5050 1623 5105 Marci
1663 5051 1914 5104 thronum
1964 5050 2287 5105 adduceris:
2319 5059 2374 5105 et

819 5144 1156 5197 vacationem
1186 5145 1410 5211 adeptus
1435 5152 1554 5211 post
1586 5142 1782 5211 ipsum,
1808 5141 1964 5212 longo
1994 5142 2206 5210 quidem
2238 5154 2373 5198 tem-

817 5237 961 5305 poris
992 5235 1295 5299 intervallo,
1338 5235 1537 5287 virtute
1578 5243 1755 5286 tamen
1794 5234 1893 5301 ipsi
1921 5234 2223 5301 proximus,
2248 5234 2371 5289 licet

816 5337 1060 5397 tempore
1092 5326 1513 5387 remotissimus,
1552 5326 1889 5395 agnosceris.
1924 5325 2158 5379 Eatenus
2188 5337 2367 5379 autem

812 5419 1014 5473 sanctis
1032 5416 1146 5485 ejus
1162 5416 1565 5471 successoribus
1588 5418 1851 5483 posterior
1867 5430 1946 5480 es,
1961 5424 2225 5482 quatenus
2244 5432 2363 5469 cum

2552 4140 2831 4209 Ἄνθρωπε
2858 4136 2951 4190 τοῦ
2980 4135 3133 4201 Θεοῦ,
3164 4138 3255 4189 καὶ
3282 4136 3438 4190 πιστὲ
3472 4136 3742 4209 θεράπων,
3771 4139 3863 4192 sui
3893 4141 4061 4198 nixo-

2478 4229 2605 4299 νόμε
2633 4229 2739 4281 τῶν
2776 4226 3015 4298 Χριστοῦ
3058 4227 3387 4298 μυστηρίων,
3428 4226 3521 4278 καὶ
3553 4226 3682 4297 ἄνερ
3715 4227 4061 4299 ἐπιθυμιῶν.

2478 4320 2685 4372 πολλῶν
2714 4320 2808 4390 μὲν
2840 4320 2935 4372 καὶ
2963 4319 3156 4383 ἄλλων,
3186 4319 3279 4371 καὶ
3309 4317 3573 4388 μεγάλων,
3597 4318 3789 4389 δηλαδὴ
3816 4320 3929 4373 τῶν
3950 4326 4063 4379 τοῦ

2478 4411 2802 4483 πνεύματος,
2831 4404 2903 4465 ὧν
2930 4412 3203 4475 ἁπάντων,
3238 4410 3314 4481 τῷ
3345 4410 3508 4482 σαρκὶ
3546 4411 3902 4482 νεκρωθῆναι,
3951 4421 4067 4471 καὶ

2478 4503 2635 4574 ζῆσαι
2671 4504 2909 4574 Χριστῷ,
2966 4502 3026 4555 τὸ
3078 4502 3400 4571 κεφάλαιον·
3450 4502 3543 4555 καὶ
3583 4502 3737 4555 τοῦτο
3781 4505 3840 4556 οὑ
3874 4506 4063 4577 χθὲς,

2475 4597 2568 4647 καὶ
2600 4595 2703 4664 πρὸ
2730 4594 2949 4665 τρίτης,
2981 4594 3089 4646 οὐδ’
3113 4592 3170 4659 ἐξ
3194 4592 3391 4662 ὀλίγου,
3418 4593 3451 4664 ἢ
3484 4594 3588 4665 μὴν
3619 4594 3712 4647 καὶ
3742 4594 3804 4647 ὲκ
3839 4596 4065 4654 πολλοῦ

2476 4706 2557 4741 σοι
2587 4687 3027 4756 πεφιλοσόφηται,
3062 4686 3194 4738 ἀλλὰ
3226 4684 3484 4756 βρεφόθεν
3514 4686 3608 4739 καὶ
3630 4687 3687 4753 ἐξ
3722 4687 3891 4756 αὐτῆς
3922 4708 4068 4763 σχε..

2473 4783 2560 4835 δὸν
2587 4782 2685 4851 τῆς
2719 4781 3000 4849 γενέσεως.
3035 4775 3153 4833 Οἷδε
3177 4778 3346 4831 ταῦτα
3378 4780 3438 4831 τὸ
3469 4779 3675 4832 Σίναιον
3707 4780 3849 4850 ὅρος,
3880 4786 3997 4836 καὶ
4028 4789 4066 4859 ἡ

2473 4871 2647 4920 ἐκεῖσε
2686 4866 3069 4937 μεγαλώνυμος
3106 4866 3331 4937 μάνδρα,
3366 4868 3499 4921 ὅπου
3522 4869 3641 4921 κατ’
3673 4868 3872 4940 ἀρετὴν
3910 4890 4065 4943 μαι-

2474 4958 2670 5021 ευΟεὶς,
2707 4959 2800 5010 καὶ
2844 4960 2956 5020 τοῖς
2995 4958 3378 5025 πνευματικοῖς
3419 4956 3602 5027 ἱδρῶσι
3632 4957 4064 5029 προτελεσθεὶς,

2470 5049 2563 5101 ἐπὶ
2595 5049 2686 5099 τὸν
2729 5046 2957 5117 Μάρκου
2988 5046 3174 5118 Θρόνον
3205 5048 3413 5117 ἀνάγῃ·
3450 5047 3543 5099 καὶ
3581 5046 3770 5117 κλῆσιν
3808 5047 4064 5108 πλουτι-

2472 5156 2572 5202 σας
2606 5138 2699 5191 τοῦ
2749 5139 2862 5207 μετ’
2896 5140 3118 5202 ἐκεῖνον,
3146 5140 3223 5210 τῷ
3259 5139 3434 5209 χρόνῳ
3470 5138 3587 5209 μὲν,
3619 5138 3942 5205 πολλοστοῦ,
3986 5150 4063 5218 τῇ

2469 5231 2511 5283 δ’
2542 5232 2706 5303 ἀρετῇ
2739 5230 2832 5282 καὶ
2869 5229 3029 5292 εὐθὺς
3073 5230 3207 5300 μετὰ
3247 5230 3432 5282 τοῦτον
3481 5231 3574 5283 καὶ
3620 5232 3705 5292 σὺ,
3742 5229 4065 5301 πολλοστὸς

2474 5324 2569 5395 μὲν
2598 5323 2673 5393 τῷ
2706 5322 2898 5393 χρόνῳ,
2940 5323 3193 5394 γνωρίζῃ.
3231 5321 3489 5374 Τοσοῦτον
3510 5321 3566 5373 δὲ
3597 5320 3704 5373 τῶν
3741 5320 3855 5392 μετ’
3893 5324 4067 5380 ἐκεῖ.

2468 5433 2555 5467 νον
2580 5415 2748 5481 ἁγίων
2771 5414 3137 5485 καθυστερεῖς,
3160 5415 3280 5465 ὅσον
3306 5415 3513 5484 καιροῖς
3540 5414 3682 5475 ἰδίοις
3700 5411 4064 5481 λαμψάντων

814 5507 911 5574 ipsi
952 5482 1071 5561 suist
1108 5506 1436 5575 temporibus
1466 5482 1701 5558 luxerint
1746 5506 1811 5559 ad
1858 5506 2141 5559 utilitatem
2186 5508 2360 5575 populi
2396 5482 2438 5535 Β
2469 5529 2471 5555 ι

2405 5482 2438 5535 D
2469 5507 2690 5559 ἐκείνων
2730 5508 2812 5558 ἐπ’
2856 5505 3089 5575 ὠφελείᾳ
3117 5504 3209 5557 τοῦ
3242 5506 3698 5575 Χριστεπωνύμου
3742 5503 3871 5555 λαοῦ
3905 5547 3925 5571 ,
3990 5515 4062 5566 σὺ

811 5599 1127 5662 Christiani,
1160 5606 1213 5649 tu
1261 5597 1457 5650 nostris
1486 5597 1812 5664 temporibus
1857 5600 2172 5661 rescrvaris,
2204 5612 2361 5668 prout

814 5691 957 5743 novit
982 5690 1349 5753 Providentia,
1376 5705 1490 5755 qurc
1524 5702 1716 5744 cuncta
1742 5694 1976 5745 custodit
2008 5702 2060 5745 et
2090 5694 2353 5761 producit.

888 5783 1172 5844 l'r.nterea,
1207 5781 1364 5847 hujus
1395 5784 1605 5849 quidem
1638 5796 1864 5846 morem,
1894 5782 2031 5835 illius
2076 5798 2203 5836 vero
2234 5798 2351 5837 ser—

811 5888 1045 5929 monem;
1084 5872 1239 5941 hujus
1274 5882 1515 5925 exactam
1549 5873 1887 5941 charitalem,
1922 5872 2063 5929 illius
2094 5875 2353 5941 psallendi

2467 5600 2701 5669 ταμιεύῃ
2736 5602 2845 5659 τοῖς
2890 5598 3175 5668 ἡμετέροις
3222 5600 3457 5666 καιροῖς,
3490 5597 3670 5659 καθὼς
3697 5590 3834 5647 οἶδεν
3876 5599 3923 5670 ἡ
3985 5605 4065 5658 τὰ

2466 5693 2638 5743 πάντα
2669 5691 2975 5762 φρουροῦσα
3003 5692 3095 5743 καὶ
3125 5690 3441 5757 διεξάγουσα
3472 5688 3717 5759 Πρόνοια.

2548 5783 2659 5850 Ἐφ’
2683 5778 2744 5850 ᾧ,
2774 5783 2867 5833 τοῦ
2901 5783 2997 5851 μὲν
3030 5782 3119 5832 τὸν
3151 5781 3367 5851 τρόπον,
3400 5780 3490 5831 τοῦ
3526 5780 3580 5831 δὲ
3603 5778 3691 5829 τὸν
3723 5777 3913 5845 λόγον,
3952 5785 4065 5840 καὶ

2463 5874 2554 5927 τοῦ
2600 5875 2696 5947 μὲν
2744 5875 2802 5926 τὸ
2842 5875 2941 5943 τῆς
2991 5874 3208 5941 ἀγάπης
3258 5873 3572 5943 εἱλικρινὲς,
3608 5870 3698 5923 τοῦ
3739 5870 3794 5922 δὲ
3825 5870 3899 5924 τὸ
3943 5878 4061 5949 τῆς
