4196 6306
208 433 309 487 109

1552 416 2081 474 PROLEGOMENA.

3313 420 3416 475 ΗΘ

199 547 516 619 ψαλμῳδίας
531 545 759 609 ἔντονον,
778 545 962 614 ἐτέρου
976 543 1037 596 τὸ
1055 541 1189 612 πρὸς
1207 539 1447 600 ἅπαντας
1465 552 1526 588 συ
1534 535 1761 606 μπαθές.

1793 539 1840 594 Α
1868 533 2248 595 intentionem,
2281 529 2509 586 alterius
2558 545 2688 600 erga
2737 544 2927 584 omnes
2957 535 3413 601 rompassioncut,

198 642 361 698 ἄλλου
382 641 471 694 τὸν
497 640 678 709 ζῆλον,
699 638 760 691 τὸ
776 639 944 710 πρᾶον
959 635 1136 696 ἄλλου,
1156 632 1248 685 καὶ
1270 630 1426 684 ἄλλου
1443 628 1567 682 ἀλλο
1587 645 1640 679 τι
1656 627 1763 680 τῶν

199 737 441 806 ἀγαθῶν,
474 736 550 798 ὡς
585 734 642 799 ἐξ
679 730 982 804 ἀρχετύπου
1016 728 1382 798 κτησάμενος,
1408 724 1465 776 ἓν
1492 722 1550 788 ἐξ
1588 722 1762 775 ἀπάν-

197 846 308 883 των
331 825 467 889 εἶδος
489 825 691 888 εἰκόνος
711 827 765 877 ἐν
790 821 997 892 σεαυτῷ
1021 820 1080 872 τὸ
1109 819 1389 873 κάλλιστον
1407 812 1755 885 ἀκριϐώσαια

199 895 311 976 Καί
339 937 402 988 γε
433 916 672 971 ποικίλον
716 913 810 967 καὶ
861 911 1001 983 μέγα
1046 910 1252 980 χρῆμα,
1293 906 1386 959 καὶ
1434 908 1546 967 τοῖς
1575 903 1763 975 πόρρω

199 1011 428 1081 φανείης
461 1009 554 1063 καὶ
583 1011 695 1072 τοῖς
716 1004 899 1074 ἐγγύς.
937 1002 1159 1072 Τοῦτοὴ
1193 1000 1446 1069 διηνεκὴς
1482 1014 1562 1050 σοι
1608 996 1764 1066 μέρι-

201 1121 334 1176 μνα,
370 1102 526 1155 τοῦτο
551 1100 612 1153 τὸ
642 1099 870 1169 ἔμμονον
894 1093 1227 1164 σπούδασμα,
1252 1089 1420 1143 ταῦτα
1447 1089 1553 1141 τῶν
1579 1103 1763 1159 κρειτ-

197 1195 375 1248 τόνων
401 1191 724 1261 ἐπιθυμιῶν,
750 1185 836 1252 αἷς
872 1190 1070 1261 ἐντήκῃ
1105 1187 1225 1238 ὅσαι
1254 1183 1455 1254 ἡμέραι
1497 1179 1672 1251 ζητῶν
1704 1177 1761 1229 ἐν

199 1283 561 1354 πνεύματιτά
596 1281 688 1335 τοῦ
719 1281 1041 1351 πνεύματος.
1090 1275 1302 1330 Τούτων
1341 1271 1434 1343 μία
1459 1287 1561 1332 τις,
1591 1267 1688 1336 οὐχ
1729 1267 1762 1335 ἡ

198 1381 456 1452 τυχοῦσα,
481 1382 572 1434 καὶ
595 1383 628 1451 ἡ
655 1379 847 1450 μελέτη
880 1377 984 1429 τῶν
1008 1371 1369 1427 θεοπνεύστων
1398 1364 1647 1440 Γραφῶν,
1677 1353 1765 1422 αἷς

199 1474 323 1529 καθ’
353 1474 586 1544 ἑκάστην
611 1472 906 1542 προσέχων,
925 1469 1018 1522 καὶ
1044 1461 1476 1536 μεγαλεπιῦόλως
1491 1452 1764 1544 ἀναπτύσ-

201 1584 310 1620 σων
342 1566 450 1619 τῶν
477 1541 777 1634 λεγομένων
805 1561 895 1614 τὸν
928 1557 1070 1620 νοῦν,
1109 1557 1202 1611 καὶ⁵
1229 1554 1444 1624 γνῶσιν,
1480 1549 1570 1603 καὶ
1611 1541 1760 1617 ἦθος,

199 1660 293 1713 καὶ
321 1661 429 1713 πᾶν
463 1658 600 1720 εἶδος
630 1655 917 1727 ἀπομάττῃ
949 1649 1298 1710 παιδεύσεως.

1867 627 2005 678 alius
2030 624 2226 686 zelum.
2247 623 2490 678 alterius
2516 623 2999 686 mansuetudinem,
3026 633 3082 678 et
3110 623 3247 679 alius
3275 607 3415 679 aliud

1867 717 2145 786 quidpiam
2181 716 2445 770 bonorum
2466 753 2481 778 ,
2531 723 2783 782 tanquam
2815 729 2880 767 ex
2914 715 3206 784 archetypo
3250 709 3419 777 possi-

1870 809 2024 872 dens,
2048 822 2210 860 unam
2239 821 2305 860 ex
2331 805 2585 859 omnibus
2616 804 2842 858 formam
2872 802 3119 873 imaginis
3145 805 3198 858 in
3226 812 3419 858 ternet~

1867 900 1982 969 ipso
2013 899 2430 970 pulcherrimam
2476 896 2759 965 cxprimis.
2795 896 2954 949 Certe
2981 895 3186 949 varium
3216 905 3270 950 et
3300 911 3419 949 ma-

1868 1004 2028 1059 gnum
2053 989 2180 1058 quid
2214 1003 2465 1056 appares,
2498 997 2604 1041 tam
2653 986 2718 1040 iis
2759 985 2849 1054 qni
2889 985 3100 1055 procul.
3127 988 3285 1054 quam
3331 987 3417 1042 his

1870 1083 1960 1152 qui
1992 1096 2158 1150 prope
2185 1092 2333 1135 sunt.
2379 1080 2500 1135 Haec
2530 1081 2746 1134 assidua
2795 1079 2889 1136 tibi
2931 1095 3086 1146 cura,
3118 1081 3218 1135 hoc
3246 1072 3420 1152 conti-

1871 1151 2037 1227 nuum
2070 1171 2327 1234 studium,
2379 1171 2494 1226 haec
2533 1171 2738 1240 optima
2771 1169 3060 1234 desideria,
3093 1169 3286 1238 quibus
3315 1151 3417 1224 illi-

1868 1259 2106 1329 quescis,
2133 1259 2259 1314 totis
2298 1260 2512 1324 diebus,
2556 1260 2904 1329 quaerensin
2947 1259 3139 1329 spiritu
3191 1273 3256 1314 ea
3298 1275 3418 1330 quae

1868 1360 1995 1408 sunt
2022 1351 2266 1421 spiritus.
2306 1350 2504 1404 Ilorum
2531 1365 2635 1404 una
2663 1351 2928 1420 quaedam,
2965 1364 3070 1404 non
3107 1330 3419 1419 qualiscuno

1868 1461 1972 1515 que
2001 1445 2189 1512 etiam,
2222 1443 2504 1499 meditatio
2541 1443 2802 1498 divinitus
2833 1443 3220 1512 inspiratarum
3270 1443 3418 1499 Scri-

1868 1551 2187 1611 pturarum,
2239 1535 2432 1604 quibus
2473 1534 2714 1604 quotidie
2763 1536 3069 1602 attendens,
3123 1543 3178 1589 et
3227 1549 3415 1605 magna

1871 1628 2199 1685 dexteritate
2223 1624 2436 1681 illorum
2459 1640 2578 1694 qua:
2608 1626 2857 1681 dicuntur
2876 1641 3091 1681 sensum
3116 1623 3413 1694 explicans,

200 1767 253 1811 et
286 1753 568 1808 scientiam
591 1792 606 1817 ,
638 1763 694 1805 et
725 1762 924 1809 mores,
953 1757 1276 1812 omnemque
1309 1739 1530 1793 formam
1562 1726 1822 1800 exprimis
1849 1721 2170 1817 disciplinae.

281 1844 444 1900 Ἀλλά
486 1843 620 1914 πρὸς
644 1844 754 1904 τοῖς
779 1839 956 1902 ἀλλοις
985 1839 1078 1891 καὶ
1111 1836 1144 1905 ή
1171 1832 1266 1887 τοῦ
1302 1829 1534 1903 μεγάλου
1577 1830 1762 1880 Διονυ-

198 1941 316 1995 σίου
347 1937 464 1992 θεία
510 1935 703 1997 πυκτὶς
726 1974 740 1997 ,
770 1931 869 2002 τῆς
900 1927 1271 1999 πνευματικῆς
1303 1926 1396 1980 καὶ
1425 1921 1610 1996 ἡδείας
1646 1920 1764 1973 Σει-

201 2030 362 2105 ρῆνος
383 2029 446 2083 τὸ
471 2026 808 2097 ἐνδιαίτημα,
864 2019 1210 2092 κατασχοῦσά
1247 2031 1324 2083 σε,
1364 2012 1482 2071 ὅλον
1506 2016 1763 2070 εἰσποιεί-

193 2142 305 2186 ut,
335 2125 428 2176 καὶ
453 2120 561 2175 τῶν
586 2121 759 2172 ἐκεῖσε
784 2116 1019 2188 χαρίτων
1047 2110 1386 2181 ἀναπιμπλᾷ,
1421 2109 1480 2162 οὑ
1527 2107 1680 2180 κηρῷ
1703 2106 1764 2160 τὸ

192 2216 290 2272 τοῦ
319 2217 479 2284 λόγου
509 2212 606 2276 τὰς
633 2208 869 2282 ψυχικὰς
899 2206 1066 2269 ἀκοὰς
1096 2203 1454 2275 φραξάμενον,
1484 2200 1606 2254 οὕτε
1658 2197 1774 2269 μὴν,

193 2316 318 2375 ταῖς
362 2309 505 2364 κατὰ
537 2307 738 2377 κόσμον
771 2299 1162 2376 προσπαθείαις
1208 2294 1603 2365 συνδεδεμένον,
1646 2289 1758 2343 ἀλλ’

192 2406 382 2459 ἄνετον
412 2402 538 2455 ὄντα
560 2399 652 2454 καὶ
683 2394 1010 2470 ἐξῃρημένον
1040 2388 1254 2452 παντὸς,
1282 2387 1374 2441 καὶ
1396 2384 1572 2446 πάσας
1602 2383 1764 2436 ἀκου-

195 2494 390 2558 anxit;
422 2489 762 2564 ἠνεῳγμένον
803 2487 896 2540 καὶ
926 2481 1069 2546 νοῦν,
1105 2481 1185 2544 εἰς
1208 2479 1519 2549 πρέπουσαν
1559 2472 1757 2564 δηλαδὴ

193 2585 288 2638 καὶ
328 2586 442 2644 τοῖς
473 2579 801 2649 λεγομένοις,
828 2575 919 2628 καὶ
964 2574 1075 2634 τοῖς
1106 2567 1412 2640 νοουμένοις
1455 2563 1755 2649 ἀντίληψινΣ

207 2671 346 2726 Ἀλλ’
391 2645 577 2740 ἐπειδῆ
606 2645 723 2722 ’καὶ
780 2665 1000 2717 εἰκόνων
1051 2658 1230 2729 ἐκείνη
1274 2655 1540 2726 ἀριφανὴς
1565 2693 1579 2715 ,
1611 2652 1694 2721 ἐφ’

193 2761 366 2818 πολλὰ
415 2759 507 2813 καὶ
548 2757 802 2818 πολλάκις
845 2754 873 2808 ό
916 2749 1163 2821 τεχνίτης
1195 2745 1470 2800 summa;
1501 2743 1571 2796 τὰ
1616 2740 1761 2814 χρώ-

195 2873 364 2928 ματα,
397 2853 491 2906 καὶ
518 2851 689 2919 λόγων
730 2849 934 2910 ἐκεῖνος
966 2845 1170 2915 σαφὴς,
1202 2834 1246 2909 ᾧ
1267 2836 1444 2900 ,πολλά
1469 2835 1562 2889 καὶ
1590 2833 1758 2928 ἀλλοι,

191 2927 288 3001 καὶ
309 2945 567 3005 πολλάκις
591 2943 745 3012 μόνον
767 2936 1250 3007 κατευστοχοῦντες
1276 2933 1387 2986 τῶν
1429 2927 1752 3000 λεγομένων,

191 3039 446 3090 ἐπειπεῖν
471 3036 570 3088 οὐκ
599 3033 928 3102 ἀπώκνησαν
947 3047 961 3061 ο
998 3029 1085 3082 διὰ
1115 3025 1271 3090 τοῦτο
1312 3021 1499 3093 σαφῶς
1546 3020 1643 3090 μὲν
1670 3017 1759 3070 λο-

189 3129 345 3202 γίζῃ,
368 3130 461 3181 καὶ
487 3128 583 3198 τῆς
612 3127 712 3196 σῆς
739 3123 1033 3194 φιλαγάθου
1059 3118 1281 3190 γνώμης
1308 3117 1521 3179 ἐπάξια,
1557 3113 1610 3166 εί
1642 3127 1758 3173 πως

189 3223 224 3293 ὴ
261 3221 382 3274 Θεία
419 3217 594 3289 βίϐλος
628 3216 764 3286 αὕτη
796 3212 1180 3283 ἀναπτυχθείη,
1205 3210 1297 3264 καὶ
1330 3206 1630 3277 κοινότερον
1658 3218 1756 3254 κα·-
1788 3226 1830 3282 C

187 3315 423 3385 τασταίη
454 3313 515 3365 τὸ
538 3312 721 3381 χρῆμα
759 3312 877 3371 ταῖς
903 3307 1012 3360 τῶν
1052 3305 1256 3359 πολλῶν
1293 3303 1500 3363 ἀκοαῖς,
1532 3297 1759 3352 κάντεῦ-

188 3408 288 3461 Dav
339 3405 512 3474 ἐχοιεν
558 3400 876 3470 ὠφελεῖσθαι
926 3398 1129 3460 πολλοὶ,
1175 3395 1242 3449 τὰ
1271 3395 1408 3463 ὑπὲρ
1447 3391 1571 3444 νοῦν
1614 3387 1757 3442 κατά

185 3498 339 3560 νοῦν,
373 3495 466 3548 καὶ
491 3493 558 3546 τὰ
595 3493 734 3562 ὑπὲρ
776 3489 1001 3560 δύναμιν
1043 3485 1184 3540 κατὰ
1211 3485 1432 3553 δύναμιν
1462 3479 1755 3551 προσιέμε-

187 3607 292 3643 vet.
345 3587 502 3640 Ἔστι
542 3584 650 3655 γὰρ
679 3583 772 3636 καὶ
819 3581 975 3633 τοῦτο
1013 3576 1105 3632 τοῦ
1150 3576 1368 3649 τρέφειν
1403 3569 1537 3635 εἶδος
1585 3572 1644 3624 οὐ
1694 3570 1756 3622 τδ

184 3681 375 3751 τυχὸν,
410 3679 538 3730 ὅταν
560 3677 644 3738 τὶς
676 3675 750 3745 μὴ
781 3673 875 3741 ἀφ’
907 3667 1096 3724 ἑαυτοῦ
1125 3669 1222 3740 τὴν
1250 3667 1452 3739 τροφὴν
1482 3661 1761 3734 χορηγῶν,

185 3778 341 3847 ὅμως
370 3769 764 3844 προμαλάσσων
788 3766 985 3844 ταύτην
1019 3763 1052 3833 ἢ
1087 3760 1569 3833 προμασσώμενος,
1598 3756 1757 3810 ἐπέν-

183 3843 421 3918 τευκτον
448 3862 559 3922 τοῖς
591 3857 869 3910 ἀσθενέσιν
903 3843 1216 3922 ἐγκαθιστᾷ,
1247 3850 1345 3902 οὐκ
1367 3848 1532 3918 ἄλλην
1556 3843 1757 3917 προφέ-

192 3965 325 4026 ρων,
357 3953 456 4023 τὴν
489 3950 545 4003 δέ
578 3946 937 4020 προκειμένην
963 3941 1439 4013 κατεργαζόμενος.

260 4044 445 4112 Σοφῶς
473 4041 568 4111 μὲν
593 4036 684 4092 οὖν
717 4038 778 4090 τὺ
793 4036 1027 4090 τοιοῦτον
1055 4033 1280 4101 ἐλογίσω
1307 4032 1397 4084 καὶ
1426 4027 1751 4100 προμηθῶςδ

186 4137 331 4208 πλὴν
363 4137 454 4188 καὶ
496 4135 574 4197 είς
600 4133 749 4193 τέλος
796 4131 861 4184 ἂν
908 4131 936 4182 ό
983 4127 1237 4196 λογισμὸς
1275 4123 1449 4194 ἀπέϐη
1497 4121 1751 4193 χρηστὸν,

184 4228 349 4297 εἴπερ
379 4225 646 4295 ἐζήτησας
663 4223 818 4277 ἄλλον
860 4220 950 4274 καὶ
992 4219 1092 4271 οὐκ
1121 4219 1240 4288 ἐμὲ,
1267 4219 1359 4269 καὶ
1402 4215 1557 4283 λόγον
1598 4208 1755 4284 εὗρες

182 4315 283 4371 καὶ
334 4316 534 4387 τρόπον
584 4313 660 4385 τῷ
716 4312 993 4383 πράγματι
1045 4307 1405 4387 ἐξισούμενον,
1442 4305 1536 4359 καὶ
1587 4304 1753 4374 προὺ-

396 4405 474 4475 τῷ
496 4383 648 4474 ἀξίῳ,
674 4403 765 4454 καὶ
781 4401 858 4471 τῷ
875 4399 1003 4471 ίερῷ
1021 4398 1090 4451 τὰ
1108 4396 1227 4467 ἱερὰ
1242 4383 1602 4466 ἐνεχείρησας.
1636 4390 1750 4444 Νῦν

181 4500 266 4560 δὲ,
313 4497 476 4550 Ἀλλ’
514 4496 625 4561 οὐχ
673 4497 704 4546 ό
739 4491 942 4561 ,βωμὸς
983 4488 1131 4556 πρὸς
1165 4487 1230 4540 τὸ
1265 4488 1441 4553 ἱερόν,
1484 4485 1647 4553 φασί·
1687 4484 1750 4536 σὺ

1942 1813 2048 1868 Sed
2078 1827 2189 1882 prae
2227 1811 2439 1867 creteris
2476 1810 2642 1866 etiam
2692 1809 2869 1877 magni
2909 1808 3146 1882 Dionysii
3203 1810 3416 1888 divinus

1792 1895 1836 1952 Β
1864 1905 2102 1970 libellus,
2134 1901 2399 1973 spiritalis
2430 1918 2494 1958 ac
2522 1902 2703 1957 suavis
2731 1901 2938 1956 Sirena:
2964 1900 3200 1964 mansio,
3228 1910 3280 1956 te
3319 1903 3415 1956 dc-

1871 1999 2068 2062 tinens,
2121 2003 2293 2049 totum
2339 1992 2525 2059 allicit,
2554 2003 2611 2049 et
2648 1992 2778 2048 inibi
2812 1989 3006 2060 gratiis
3047 1989 3254 2062 implet,
3286 1994 3413 2048 cera

1865 2087 2093 2144 rationis
2109 2100 2269 2141 aures
2291 2086 2484 2140 animae
2516 2087 2735 2140 minime
2752 2085 3096 2139 obturantem
3119 2083 3219 2154 (α),
3240 2100 3415 2154 neque

1863 2191 2014 2237 certe
2049 2180 2335 2236 mundanis
2364 2180 2648 2236 aﬂectibus
2677 2178 3030 2248 implicatum,
3060 2180 3154 2235 sed
3185 2179 3413 2234 liberum

1866 2272 2217 2327 exsistentem
2265 2281 2320 2325 et
2367 2270 2434 2324 ab
2479 2270 2624 2323 omni
2657 2285 2714 2324 re
2751 2278 3080 2339 exemptum,
3117 2285 3416 2338 omnesque

1864 2363 2116 2417 audiendi
2161 2361 2446 2416 facultates
2476 2369 2533 2415 et
2560 2360 2889 2416 intellectum
2936 2361 3174 2431 patulum
3209 2362 3414 2417 haben-

1869 2463 1999 2516 tem,
2027 2451 2093 2506 ad
2123 2452 2537 2506 convenientem
2565 2450 2771 2506 scilicet
2803 2461 2906 2505 tam
2943 2466 3128 2506 eorum
3171 2469 3293 2522 qua:
3335 2440 3418 2507 tli-

1863 2553 2084 2607 cuntur,
2110 2548 2275 2611 quam
2308 2557 2427 2610 quzr
2456 2541 2832 2610 intelliguntur
2856 2544 3272 2611 susceptionem.
3295 2545 3412 2600 Cae-

1867 2647 2063 2700 terum,
2093 2650 2214 2689 cum
2264 2644 2318 2689 et
2363 2635 2542 2704 imago
2573 2634 2658 2688 illa
2690 2635 2946 2704 praeclara
2975 2637 3066 2703 sit,
3095 2638 3182 2691 cui
3217 2641 3415 2692 multus

1867 2728 2034 2782 etiam
2066 2727 2380 2796 frequenter
2402 2728 2595 2782 artifex
2633 2728 2853 2783 adhibet
2881 2729 3112 2794 colores,
3151 2737 3206 2783 et
3234 2745 3414 2784 sermo

1864 2819 1956 2876 ille
1982 2821 2325 2892 perspicuus,
2355 2821 2440 2874 cui
2475 2821 2641 2874 multa
2685 2820 2850 2874 etiam
2881 2820 2993 2890 alii,
3016 2830 3073 2877 et
3106 2835 3246 2892 saepe
3275 2823 3413 2877 dun-ﬁ

1865 2919 2014 2965 taxat
2062 2909 2499 2978 conjecturantes
2546 2925 2664 2979 quae
2714 2911 2993 2977 dicantur,
3047 2915 3416 2982 superaddere

1863 3003 2003 3058 haud
2037 3002 2422 3072 neglexerunt;
2459 3001 2660 3057 idcirco
2688 3004 2961 3072 sapienter
3003 3005 3217 3074 quidem
3257 3010 3411 3078 cogi-

1865 3105 1971 3160 tas,
2002 3105 2057 3151 et
2081 3097 2248 3166 proba
2283 3103 2462 3150 mente
2487 3105 2574 3149 tua
2608 3095 2790 3165 digna,
2815 3095 2858 3150 si
2883 3111 2988 3166 quo
3014 3099 3175 3153 modo
3200 3101 3414 3155 divinus

1863 3187 1954 3243 hic
1994 3188 2131 3244 liber
2179 3188 2504 3258 explicetur,
2546 3199 2712 3258 atque
2754 3191 3091 3245 communior
3143 3193 3235 3245 liat
3281 3196 3413 3248 usus

1861 3279 1979 3347 ejus
2013 3278 2365 3347 plurimorum
2402 3279 2783 3342 intellectibus,
2817 3289 2871 3332 et
2902 3279 3025 3334 inde
3073 3279 3219 3332 multi
3253 3281 3416 3347 protl-

1860 3371 2026 3434 ciant,
2057 3385 2119 3425 ea
2155 3387 2275 3440 qua?
2305 3386 2466 3440 supra
2513 3371 2844 3426 intellectum
2892 3383 3062 3438 sunt,
3110 3379 3411 3430 secundum

1859 3463 2217 3526 intellectum,
2240 3475 2295 3519 et
2325 3479 2444 3533 qua:
2478 3480 2640 3543 supra
2667 3474 2902 3534 captum,
2931 3480 3027 3532 pro
3053 3477 3212 3534 captu
3245 3479 3413 3536 agnos

1859 3565 2095 3611 scentes.
2139 3557 2243 3624 Est
2269 3556 2412 3611 enim
2456 3556 2618 3610 etiam
2652 3557 2738 3610 hic
2771 3557 3042 3612 nutriendi
3094 3559 3284 3613 modus
3313 3559 3413 3612 tui-

1863 3648 2005 3702 nime
2035 3648 2292 3718 vulgaris,
2328 3650 2544 3718 quando
2567 3649 2690 3718 quis
2727 3664 2830 3701 non
2860 3665 2887 3701 a
2921 3650 3209 3719 semetipso
3235 3650 3413 3704 cibum

1863 3742 2240 3811 suppeditans,
2286 3753 2464 3796 tamen
2515 3742 2656 3797 hunc
2703 3758 3100 3812 praamacerans
3148 3742 3232 3798 vel
3276 3758 3414 3813 pra»

1870 3833 2191 3895 masticans,
2221 3842 2433 3902 sumptu
2460 3833 2670 3887 facilem
2700 3835 2924 3889 inﬁrmis
2954 3833 3102 3900 facit,
3119 3849 3223 3889 non
3248 3835 3412 3890 alium

1859 3923 2201 3989 proferendo,
2233 3923 2326 3976 sed
2352 3924 2680 3992 pmpositum
2710 3924 3023 3992 subigendo.

1929 4011 2216 4081 Sapienter
2259 4013 2445 4080 utique
2487 4012 2614 4080 quid
2663 4013 2840 4068 simile
2885 4015 3132 4084 cogitasti
3173 4030 3236 4070 ac
3283 4030 3413 4082 pro-

1860 4104 1980 4159 vide
2009 4122 2026 4159 :
2059 4106 2187 4172 quin
2222 4112 2277 4160 et
2317 4105 2474 4158 linem
2527 4105 2639 4160 lucc
2680 4107 2935 4176 cogitatio
2981 4109 3180 4164 bonum
3222 4112 3411 4164 sortita

1859 4196 2020 4262 foret,
2051 4197 2095 4251 si
2126 4198 2469 4266 qutesivisses
2495 4199 2682 4264 alium,
2707 4209 2762 4253 et
2788 4214 2890 4254 non
2925 4214 3030 4264 me,
3060 4216 3122 4255 ac
3147 4202 3409 4256 rationem

1867 4292 2165 4359 reperisses
2197 4299 2251 4344 et
2293 4291 2512 4344 modum
2545 4290 2671 4343 huic
2718 4291 2934 4357 negotio
2975 4293 3409 4357 convenientem,

1857 4394 1911 4436 et
1935 4381 2370 4437 concredidisses
2395 4381 2578 4450 digno,
2605 4395 2869 4449 sacroque
2897 4397 3046 4437 sacra
3076 4383 3406 4442 tradidisses.

1858 4472 2015 4528 Nunc
2048 4479 2253 4536 autem,
2289 4471 2402 4526 Non
2432 4480 2536 4537 est,
2571 4470 2841 4539 inquiunt,
2871 4472 2974 4526 hoc
2995 4473 3166 4529 altare
3198 4489 3293 4542 pro
3323 4491 3412 4534 sa-

181 4589 242 4642 δέ
280 4587 376 4640 καὶ
419 4583 738 4656 προὺτρέψω
765 4583 859 4637 καὶ
883 4580 1267 4651 παρεκίνησας,
1294 4577 1386 4629 καὶ
1419 4578 1538 4637 ταῖς
1567 4576 1750 4644 εὐχαῖς

1792 4578 1824 4632 D
1857 4563 2067 4619 criﬂcio
2095 4580 2110 4615 :
2145 4573 2200 4618 tu
2233 4575 2361 4618 vero
2399 4564 2563 4618 etiam
2592 4564 2914 4618 adhortatus
2941 4578 3022 4628 es,
3051 4574 3107 4618 et
3129 4566 3404 4630 excitasti,

180 4680 262 4742 ὡς
297 4675 407 4741 οἷός
448 4694 507 4729 τε
554 4674 981 4747 παρεθάρῤυνας,
1015 4671 1090 4732 ὡς
1122 4670 1186 4723 ἂν
1222 4667 1540 4739 εὐεργετῶν,
1576 4666 1742 4736 ἡμᾶς,

180 4758 370 4840 οἶμαι,
409 4771 477 4838 τῇ
508 4768 605 4837 τῆς
635 4766 871 4834 ἐφέσεως
913 4760 1164 4831 κοινωνίᾳ
1193 4756 1510 4822 πλουτίζων,
1545 4757 1639 4809 καὶ
1682 4756 1743 4808 οὐ

178 4859 438 4912 τοσοῦτον
464 4856 549 4908 διὰ
573 4857 632 4908 τὸ
664 4855 927 4925 ἡμέτερον
964 4850 1182 4911 ἀσθενὲς
1221 4849 1531 4919 ἀπήλπισας
1557 4886 1572 4908 ,
1623 4847 1744 4899 ὅσον

177 4951 273 5006 διὰ
311 4949 412 5020 τὴν
457 4948 549 5001 τοῦ
591 4947 725 5000 Θεοῦ
764 4947 923 5017 χάριν
968 4933 1232 5014 Ιἤλπισας,
1279 4934 1341 4993 οῦ
1381 4940 1480 5010 τὴν
1523 4937 1746 5006 δύναμιν

181 5043 386 5116 μᾶλλον
434 5041 490 5091 ἐν
537 5038 787 5108 ἀσθενείᾳ
830 5032 1160 5089 τελειοῦσθαι
1203 5029 1523 5100 κατέμαθες.
1579 5027 1642 5079 Τί
1689 5026 1746 5079 δὲ

177 5139 346 5210 ἡμεῖς
389 5133 523 5203 πρὸς
569 5128 816 5183 τοσοῦτον
846 5128 944 5197 τῆς
976 5123 1423 5195 παρακελεύσεως
1476 5119 1703 5190 μέγεθος
1728 5157 1744 5182 ,

174 5208 296 5284 δέον
344 5225 638 5293 ίλιγγιᾶσαι
689 5222 778 5274 καὶ
812 5221 1096 5282 ἀπειπείν;
1147 5215 1284 5270 Ἀλλ’
1317 5208 1427 5276 οὖν,
1468 5212 1568 5265 οὐκ
1607 5208 1740 5280 Ιοῖδα

175 5325 360 5385 ὅπως,
420 5319 520 5388 τῆς
560 5314 830 5387 ἡμετέρας
867 5310 1144 5372 ἀσθενείας
1193 5305 1595 5375 ἐπιλαθόμενοι,
1650 5303 1744 5356 καὶ

174 5416 236 5470 τὸ
263 5407 461 5468 Γνῶθι
491 5410 719 5464 σαυτὸν
765 5407 1104 5479 παριδόντες,
1143 5402 1253 5454 ὅλοι
1286 5399 1394 5452 τῶν
1438 5397 1545 5450 σῶν
1585 5396 1743 5464 γεγύ-

173 5523 347 5575 ναμεν
397 5501 737 5574 προσ-ταγῶν,
794 5499 882 5552 καὶ
933 5498 1007 5560 ὡς
1047 5495 1209 5565 πατρὶ
1254 5492 1468 5553 παῖδες,
1519 5488 1612 5540 καὶ
1666 5487 1743 5549 ὡς

176 5596 414 5668 μαθηταὶ
457 5592 792 5662 διδασκάλῳ,
855 5589 948 5642 καὶ
998 5588 1073 5649 ὡς
1119 5584 1350 5654 δεσπότῃ
1409 5578 1740 5650 θεράποντες

245 5711 322 5780 (α)
343 5709 529 5790 ⁶νοιςιίι
550 5706 840 5790 Corderius
859 5702 1008 5770 quasi
1023 5701 1205 5790 Gerefe
1223 5696 1443 5775 legisset
1498 5692 1557 5743 οὐ
1590 5689 1744 5760 κηρῷ

168 5765 369 5851 τῷτόῦ
402 5778 631 5847 λόγου...
671 5765 1032 5846 φραξάμενον.
1060 5768 1188 5848 Sed,
1211 5765 1570 5851 [{ltfﬂjl‘lllideln
1623 5777 1748 5851 sexu—

176 5831 360 5916 nihil»,
385 5831 732 5920 legelulutn'G
743 5831 875 5899 ι’ίὺςὸ
899 5843 984 5895 ξοὺ
1006 5837 1179 5908 κηρῷ,
1197 5837 1255 5888 τὸ
1273 5833 1362 5887 τοῦ
1377 5831 1720 5902 λόγου,κ.τ.λ.
1733 5866 1750 5893 ,

1854 4667 1908 4710 et
1942 4654 2425 4726 postulationibus,
2455 4666 2715 4725 quantum
2742 4654 2860 4711 ficri
2888 4665 3121 4725 poterat,
3152 4656 3408 4712 animasti

1858 4753 2116 4815 tanquam
2139 4745 2473 4809 benefactor,
2506 4758 2625 4810 nos,
2651 4754 2708 4798 ut
2731 4746 2944 4814 Opinor,
2972 4746 3131 4818 hujus
3151 4746 3404 4802 desiderii

1856 4836 2241 4892 communione
2270 4834 2501 4900 beando,
2531 4845 2585 4889 et
2618 4850 2724 4889 non
2755 4845 2959 4890 tantum
2995 4848 3191 4892 nostra:
3237 4837 3406 4895 ἰιιιιιεξ-

1855 4929 2064 4984 cillitati
2091 4926 2305 4983 difﬁsus
2356 4942 2438 4985 es.
2483 4935 2745 4996 quantum
2791 4927 2883 4982 Dei
2917 4927 3104 4997 gratia:
3143 4927 3402 4990 conﬁsus,

1854 5019 2010 5088 cujus
2036 5021 2291 5074 virtutem
2332 5018 2501 5088 magis
2539 5019 2590 5072 in
2625 5019 2936 5074 inﬁrmitate
2975 5018 3161 5089 perlici
3200 5033 3405 5088 cogno-

1856 5115 2002 5170 visti.
2053 5114 2192 5180 Quid
2240 5129 2404 5183 porro
2436 5128 2534 5169 nos
2579 5114 2645 5166 ad
2694 5121 2894 5165 tantam
2943 5110 3261 5164 adhortandi
3294 5110 3402 5164 vim

1855 5216 2179 5277 oportuerat
2226 5207 2447 5276 percelli
2479 5215 2534 5260 et
2572 5204 2859 5260 recusare?
2887 5201 3262 5259 Verumtamen
3294 5217 3399 5256 non

1854 5301 1969 5353 scio
2019 5298 2290 5367 quomodo
2349 5309 2549 5352 nostra:
2589 5295 2975 5349 imbecillitatis
3021 5293 3194 5358 obliti,
3238 5303 3400 5363 atque

1853 5389 2003 5452 illud,
2038 5387 2209 5442 Nosce
2238 5390 2480 5456 teipsum,
2519 5388 2872 5457 negligentes,
2909 5387 3001 5440 toti
3041 5386 3108 5438 ad
3152 5395 3239 5438 tua
3270 5384 3395 5440 facti

1851 5494 2042 5536 sumus
2079 5481 2324 5548 imperia,
2353 5491 2409 5533 et
2439 5489 2694 5546 tanquam
2736 5479 2874 5548 patri
2908 5477 2997 5530 lilii
3024 5515 3039 5543 ,
3065 5486 3118 5532 et
3143 5486 3395 5544 tanquam

1849 5573 2098 5642 discipuli
2143 5573 2435 5643 Magistro,
2485 5581 2538 5624 et
2568 5571 2710 5625 sicut
2752 5571 2892 5626 servi
2939 5570 3154 5624 domino
3213 5583 3396 5624 sumus

1848 5686 2040 5741 Latine
2059 5703 2221 5743 vero:
2257 5688 2488 5747 Cera.ut
2518 5687 2658 5740 aiunt
2676 5686 2899 5752 fabula,
2925 5701 3076 5738 aures
3099 5683 3288 5737 auinam
3303 5683 3392 5734 οὺς

1852 5759 2414 5813 turantemJlazterum
2440 5774 2543 5809 non
2576 5760 2737 5810 semel
2763 5757 3015 5807 dormitat
3049 5755 3392 5812 doctissimus

1854 5827 2142 5898 interpres,
2173 5826 2664 5883 utGruececallcuti
2703 5827 2924 5894 patebit.
2962 5825 3113 5877 Ιςιιιτ.
3153 5824 3367 5878 Pirum.
