  <div class='ocr_page' id='page_1' title='image "/cluster/home/n/w/nwhite01/storage/ocr_20150623/3/pst.000003853313/065.png"; bbox 0 0 4198 6304; ppageno 0'>
   <div class='ocr_carea' id='block_1_1' title="bbox 786 348 2881 408">
    <p class='ocr_par' dir='ltr' id='par_1_1' title="bbox 786 348 2881 408">
     <span class='ocr_line' id='line_1_1' title="bbox 786 348 2881 408; baseline 0 -5"><span class='ocrx_word' id='word_1_1' title='bbox 786 351 877 404; x_wconf 81' lang='lat' dir='ltr'><strong>IH</strong></span> <span class='ocrx_word' id='word_1_2' title='bbox 1915 348 1971 402; x_wconf 92' lang='lat' dir='ltr'><strong>S.</strong></span> <span class='ocrx_word' id='word_1_3' title='bbox 2018 348 2386 405; x_wconf 74' lang='lat' dir='ltr'><strong>DlONYSlUS</strong></span> <span class='ocrx_word' id='word_1_4' title='bbox 2424 352 2881 408; x_wconf 78' lang='lat' dir='ltr'><strong>AREOPAGITA-</strong></span> 
     </span>
    </p>
   </div>
   <div class='ocr_carea' id='block_1_2' title="bbox 3915 362 4025 418">
    <p class='ocr_par' dir='ltr' id='par_1_2' title="bbox 3915 362 4025 418">
     <span class='ocr_line' id='line_1_2' title="bbox 3915 362 4025 418; baseline 0.018 -2"><span class='ocrx_word' id='word_1_5' title='bbox 3915 362 4025 418; x_wconf 72' lang='grc' dir='ltr'><strong>ΗΞ</strong></span> 
     </span>
    </p>
   </div>
   <div class='ocr_carea' id='block_1_3' title="bbox 784 466 2442 546">
    <p class='ocr_par' dir='ltr' id='par_1_3' title="bbox 784 466 2424 535">
     <span class='ocr_line' id='line_1_3' title="bbox 784 466 2424 535; baseline 0.001 -13"><span class='ocrx_word' id='word_1_6' title='bbox 784 470 1031 523; x_wconf 89' lang='lat' dir='ltr'><strong>obsecuti</strong></span> <span class='ocrx_word' id='word_1_7' title='bbox 1065 508 1077 527; x_wconf 90' lang='lat'><strong>,</strong></span> <span class='ocrx_word' id='word_1_8' title='bbox 1141 466 1271 521; x_wconf 87' lang='lat' dir='ltr'><strong>nulli</strong></span> <span class='ocrx_word' id='word_1_9' title='bbox 1323 466 1546 519; x_wconf 89' lang='lat' dir='ltr'><strong>omnino</strong></span> <span class='ocrx_word' id='word_1_10' title='bbox 1597 466 1783 529; x_wconf 89' lang='lat' dir='ltr'><strong>alteri,</strong></span> <span class='ocrx_word' id='word_1_11' title='bbox 1816 481 1978 535; x_wconf 87' lang='lat' dir='ltr'><strong>quam</strong></span> <span class='ocrx_word' id='word_1_12' title='bbox 2012 470 2118 522; x_wconf 91' lang='lat' dir='ltr'><strong>tuis</strong></span> <span class='ocrx_word' id='word_1_13' title='bbox 2146 470 2349 524; x_wconf 90' lang='lat' dir='ltr'><strong>sanctis</strong></span> <span class='ocrx_word' id='word_1_14' title='bbox 2379 476 2424 532; x_wconf 83' lang='grc' dir='ltr'><strong>Α</strong></span> 
     </span>
    </p>
   </div>
   <div class='ocr_carea' id='block_1_4' title="bbox 2366 466 4024 546">
    <p class='ocr_par' dir='ltr' id='par_1_4' title="bbox 2379 472 4024 546">
     <span class='ocr_line' id='line_1_4' title="bbox 2379 472 4024 546; baseline 0.002 -23"><span class='ocrx_word' id='word_1_15' title='bbox 2379 476 2424 532; x_wconf 84' lang='grc' dir='ltr'><strong>Α</strong></span> <span class='ocrx_word' id='word_1_16' title='bbox 2454 473 3019 545; x_wconf 83' lang='grc' dir='ltr'>κατηκολουθήσαμεν,</span> <span class='ocrx_word' id='word_1_17' title='bbox 3047 472 3218 526; x_wconf 81' lang='grc' dir='ltr'>οὐδενί</span> <span class='ocrx_word' id='word_1_18' title='bbox 3264 490 3324 540; x_wconf 88' lang='grc' dir='ltr'><strong>γε</strong></span> <span class='ocrx_word' id='word_1_19' title='bbox 3367 473 3581 535; x_wconf 82' lang='grc' dir='ltr'>πάντως</span> <span class='ocrx_word' id='word_1_20' title='bbox 3612 475 3803 546; x_wconf 79' lang='grc' dir='ltr'>ἑτέρῳ,</span> <span class='ocrx_word' id='word_1_21' title='bbox 3837 474 3870 545; x_wconf 83' lang='grc' dir='ltr'>ἢ</span> <span class='ocrx_word' id='word_1_22' title='bbox 3900 478 4024 539; x_wconf 82' lang='grc' dir='ltr'>ταῖς</span> 
     </span>
    </p>
   </div>
   <div class='ocr_carea' id='block_1_5' title="bbox 790 556 2347 627">
    <p class='ocr_par' dir='ltr' id='par_1_5' title="bbox 790 556 2347 627">
     <span class='ocr_line' id='line_1_5' title="bbox 790 556 2347 627; baseline 0 -16"><span class='ocrx_word' id='word_1_23' title='bbox 790 559 1003 627; x_wconf 87' lang='lat' dir='ltr'><strong>piisque</strong></span> <span class='ocrx_word' id='word_1_24' title='bbox 1070 557 1474 626; x_wconf 81' lang='lat' dir='ltr'><strong>precationibus</strong></span> <span class='ocrx_word' id='word_1_25' title='bbox 1535 556 1763 617; x_wconf 84' lang='lat' dir='ltr'><strong>conﬁsi,</strong></span> <span class='ocrx_word' id='word_1_26' title='bbox 1828 557 2055 624; x_wconf 77' lang='lat' dir='ltr'><strong>quibus,</strong></span> <span class='ocrx_word' id='word_1_27' title='bbox 2124 560 2347 626; x_wconf 89' lang='lat' dir='ltr'><strong>opinor,</strong></span> 
     </span>
    </p>
   </div>
   <div class='ocr_carea' id='block_1_6' title="bbox 788 647 2353 718">
    <p class='ocr_par' dir='ltr' id='par_1_6' title="bbox 788 647 2353 718">
     <span class='ocr_line' id='line_1_6' title="bbox 788 647 2353 718; baseline 0.001 -12"><span class='ocrx_word' id='word_1_28' title='bbox 788 653 950 707; x_wconf 89' lang='lat' dir='ltr'><strong>etiam</strong></span> <span class='ocrx_word' id='word_1_29' title='bbox 994 651 1341 706; x_wconf 88' lang='lat' dir='ltr'><strong>invisibiliter</strong></span> <span class='ocrx_word' id='word_1_30' title='bbox 1382 647 1621 711; x_wconf 78' lang='lat' dir='ltr'><strong>suﬂ‘ulti,</strong></span> <span class='ocrx_word' id='word_1_31' title='bbox 1660 649 1817 704; x_wconf 79' lang='lat' dir='ltr'><strong>facile</strong></span> <span class='ocrx_word' id='word_1_32' title='bbox 1864 651 1963 705; x_wconf 86' lang='lat' dir='ltr'><strong>lmc</strong></span> <span class='ocrx_word' id='word_1_33' title='bbox 2005 668 2142 718; x_wconf 85' lang='lat' dir='ltr'><strong>opus</strong></span> <span class='ocrx_word' id='word_1_34' title='bbox 2188 655 2353 708; x_wconf 85' lang='lat' dir='ltr'><strong>susti-</strong></span> 
     </span>
    </p>
   </div>
   <div class='ocr_carea' id='block_1_7' title="bbox 794 743 1028 795">
    <p class='ocr_par' dir='ltr' id='par_1_7' title="bbox 794 743 1028 795">
     <span class='ocr_line' id='line_1_7' title="bbox 794 743 1028 795; baseline 0 -1"><span class='ocrx_word' id='word_1_35' title='bbox 794 743 1028 795; x_wconf 90' lang='lat' dir='ltr'><strong>uuimus.</strong></span> 
     </span>
    </p>
   </div>
   <div class='ocr_carea' id='block_1_8' title="bbox 864 832 2347 902">
    <p class='ocr_par' dir='ltr' id='par_1_8' title="bbox 864 832 2347 902">
     <span class='ocr_line' id='line_1_8' title="bbox 864 832 2347 902; baseline 0.001 -15"><span class='ocrx_word' id='word_1_36' title='bbox 864 833 1069 902; x_wconf 79' lang='lat' dir='ltr'><strong>Ecquid</strong></span> <span class='ocrx_word' id='word_1_37' title='bbox 1097 834 1240 888; x_wconf 86' lang='lat' dir='ltr'><strong>enim</strong></span> <span class='ocrx_word' id='word_1_38' title='bbox 1291 832 1678 886; x_wconf 80' lang='lat' dir='ltr'><strong>mirunt?eurn</strong></span> <span class='ocrx_word' id='word_1_39' title='bbox 1728 833 1890 887; x_wconf 90' lang='lat' dir='ltr'><strong>etiam</strong></span> <span class='ocrx_word' id='word_1_40' title='bbox 1946 849 2077 889; x_wconf 89' lang='lat' dir='ltr'><strong>voce</strong></span> <span class='ocrx_word' id='word_1_41' title='bbox 2126 835 2347 890; x_wconf 71' lang='lat' dir='ltr'><strong>dimissa</strong></span> 
     </span>
    </p>
   </div>
   <div class='ocr_carea' id='block_1_9' title="bbox 787 923 2344 989">
    <p class='ocr_par' dir='ltr' id='par_1_9' title="bbox 787 923 2344 989">
     <span class='ocr_line' id='line_1_9' title="bbox 787 923 2344 989; baseline -0.001 -10"><span class='ocrx_word' id='word_1_42' title='bbox 787 924 919 979; x_wconf 66' lang='lat' dir='ltr'><strong>Elim</strong></span> <span class='ocrx_word' id='word_1_43' title='bbox 952 923 1300 989; x_wconf 74' lang='lat' dir='ltr'><strong>adEliseum,</strong></span> <span class='ocrx_word' id='word_1_44' title='bbox 1332 924 1518 978; x_wconf 81' lang='lat' dir='ltr'><strong>statim</strong></span> <span class='ocrx_word' id='word_1_45' title='bbox 1552 925 1659 987; x_wconf 84' lang='lat' dir='ltr'><strong>liic,</strong></span> <span class='ocrx_word' id='word_1_46' title='bbox 1691 933 1747 977; x_wconf 91' lang='lat' dir='ltr'><strong>et</strong></span> <span class='ocrx_word' id='word_1_47' title='bbox 1778 924 1943 977; x_wconf 82' lang='lat' dir='ltr'><strong>boves</strong></span> <span class='ocrx_word' id='word_1_48' title='bbox 1966 926 2107 988; x_wconf 88' lang='lat' dir='ltr'><strong>illos,</strong></span> <span class='ocrx_word' id='word_1_49' title='bbox 2144 937 2194 980; x_wconf 89' lang='lat' dir='ltr'><strong>et</strong></span> <span class='ocrx_word' id='word_1_50' title='bbox 2227 942 2344 978; x_wconf 84' lang='lat' dir='ltr'><strong>ara-</strong></span> 
     </span>
    </p>
   </div>
   <div class='ocr_carea' id='block_1_10' title="bbox 788 1014 2352 1084">
    <p class='ocr_par' dir='ltr' id='par_1_10' title="bbox 788 1014 2352 1084">
     <span class='ocr_line' id='line_1_10' title="bbox 788 1014 2352 1084; baseline 0.001 -17"><span class='ocrx_word' id='word_1_51' title='bbox 788 1028 869 1067; x_wconf 89' lang='lat' dir='ltr'><strong>tra</strong></span> <span class='ocrx_word' id='word_1_52' title='bbox 897 1054 913 1080; x_wconf 92' lang='lat'><strong>,</strong></span> <span class='ocrx_word' id='word_1_53' title='bbox 946 1024 998 1069; x_wconf 90' lang='lat' dir='ltr'><strong>et</strong></span> <span class='ocrx_word' id='word_1_54' title='bbox 1032 1030 1246 1069; x_wconf 85' lang='lat' dir='ltr'><strong>omnem</strong></span> <span class='ocrx_word' id='word_1_55' title='bbox 1274 1014 1668 1084; x_wconf 88' lang='lat' dir='ltr'><strong>supellectilem</strong></span> <span class='ocrx_word' id='word_1_56' title='bbox 1715 1015 1875 1067; x_wconf 85' lang='lat' dir='ltr'><strong>aliam</strong></span> <span class='ocrx_word' id='word_1_57' title='bbox 1906 1016 2196 1083; x_wconf 88' lang='lat' dir='ltr'><strong>abjiciens,</strong></span> <span class='ocrx_word' id='word_1_58' title='bbox 2244 1031 2352 1083; x_wconf 89' lang='lat' dir='ltr'><strong>quo</strong></span> 
     </span>
    </p>
   </div>
   <div class='ocr_carea' id='block_1_11' title="bbox 783 1106 2349 1178">
    <p class='ocr_par' dir='ltr' id='par_1_11' title="bbox 783 1106 2349 1178">
     <span class='ocr_line' id='line_1_11' title="bbox 783 1106 2349 1178; baseline 0.002 -18"><span class='ocrx_word' id='word_1_59' title='bbox 783 1108 951 1174; x_wconf 81' lang='lat' dir='ltr'><strong>pedes</strong></span> <span class='ocrx_word' id='word_1_60' title='bbox 980 1106 1247 1173; x_wconf 81' lang='lat' dir='ltr'><strong>ferebant,</strong></span> <span class='ocrx_word' id='word_1_61' title='bbox 1278 1116 1399 1178; x_wconf 91' lang='lat' dir='ltr'><strong>post</strong></span> <span class='ocrx_word' id='word_1_62' title='bbox 1443 1118 1727 1163; x_wconf 86' lang='lat' dir='ltr'><strong>vocantem</strong></span> <span class='ocrx_word' id='word_1_63' title='bbox 1766 1108 2089 1173; x_wconf 82' lang='lat' dir='ltr'><strong>cucurrerit,</strong></span> <span class='ocrx_word' id='word_1_64' title='bbox 2140 1110 2349 1164; x_wconf 86' lang='lat' dir='ltr'><strong>tametsi</strong></span> 
     </span>
    </p>
   </div>
   <div class='ocr_carea' id='block_1_12' title="bbox 786 1200 2350 1269">
    <p class='ocr_par' dir='ltr' id='par_1_12' title="bbox 786 1200 2350 1269">
     <span class='ocr_line' id='line_1_12' title="bbox 786 1200 2350 1269; baseline 0.002 -17"><span class='ocrx_word' id='word_1_65' title='bbox 786 1213 1002 1269; x_wconf 88' lang='lat' dir='ltr'><strong>quoque</strong></span> <span class='ocrx_word' id='word_1_66' title='bbox 1039 1200 1205 1254; x_wconf 82' lang='lat' dir='ltr'><strong>boves</strong></span> <span class='ocrx_word' id='word_1_67' title='bbox 1247 1200 1381 1255; x_wconf 91' lang='lat' dir='ltr'><strong>istos</strong></span> <span class='ocrx_word' id='word_1_68' title='bbox 1426 1200 1701 1255; x_wconf 88' lang='lat' dir='ltr'><strong>sacrilicio</strong></span> <span class='ocrx_word' id='word_1_69' title='bbox 1748 1201 2090 1257; x_wconf 85' lang='lat' dir='ltr'><strong>destinasset.</strong></span> <span class='ocrx_word' id='word_1_70' title='bbox 2152 1203 2350 1257; x_wconf 88' lang='lat' dir='ltr'><strong>Eodem</strong></span> 
     </span>
    </p>
   </div>
   <div class='ocr_carea' id='block_1_13' title="bbox 791 1290 2352 1353">
    <p class='ocr_par' dir='ltr' id='par_1_13' title="bbox 791 1290 2352 1353">
     <span class='ocr_line' id='line_1_13' title="bbox 791 1290 2352 1353; baseline 0.003 -13"><span class='ocrx_word' id='word_1_71' title='bbox 791 1291 949 1344; x_wconf 92' lang='lat' dir='ltr'><strong>modo</strong></span> <span class='ocrx_word' id='word_1_72' title='bbox 979 1291 1143 1344; x_wconf 87' lang='lat' dir='ltr'><strong>etiam</strong></span> <span class='ocrx_word' id='word_1_73' title='bbox 1180 1305 1278 1343; x_wconf 89' lang='lat' dir='ltr'><strong>nos</strong></span> <span class='ocrx_word' id='word_1_74' title='bbox 1298 1330 1313 1353; x_wconf 92' lang='lat'><strong>,</strong></span> <span class='ocrx_word' id='word_1_75' title='bbox 1346 1290 1700 1344; x_wconf 73' lang='lat' dir='ltr'><strong>smcularibns</strong></span> <span class='ocrx_word' id='word_1_76' title='bbox 1731 1290 1907 1344; x_wconf 89' lang='lat' dir='ltr'><strong>turbis</strong></span> <span class='ocrx_word' id='word_1_77' title='bbox 1938 1307 2003 1345; x_wconf 88' lang='lat' dir='ltr'><strong>ac</strong></span> <span class='ocrx_word' id='word_1_78' title='bbox 2035 1293 2352 1345; x_wconf 86' lang='lat' dir='ltr'><strong>tumultibus</strong></span> 
     </span>
    </p>
   </div>
   <div class='ocr_carea' id='block_1_14' title="bbox 795 1381 2350 1451">
    <p class='ocr_par' dir='ltr' id='par_1_14' title="bbox 795 1381 2350 1451">
     <span class='ocr_line' id='line_1_14' title="bbox 795 1381 2350 1451; baseline 0 -16"><span class='ocrx_word' id='word_1_79' title='bbox 795 1382 1077 1449; x_wconf 80' lang='lat' dir='ltr'><strong>neglectis,</strong></span> <span class='ocrx_word' id='word_1_80' title='bbox 1108 1382 1203 1435; x_wconf 91' lang='lat' dir='ltr'><strong>toti</strong></span> <span class='ocrx_word' id='word_1_81' title='bbox 1239 1381 1291 1435; x_wconf 91' lang='lat' dir='ltr'><strong>in</strong></span> <span class='ocrx_word' id='word_1_82' title='bbox 1325 1397 1434 1436; x_wconf 90' lang='lat' dir='ltr'><strong>uno</strong></span> <span class='ocrx_word' id='word_1_83' title='bbox 1466 1382 1644 1437; x_wconf 89' lang='lat' dir='ltr'><strong>studio</strong></span> <span class='ocrx_word' id='word_1_84' title='bbox 1676 1381 1893 1446; x_wconf 83' lang='lat' dir='ltr'><strong>fuimus,</strong></span> <span class='ocrx_word' id='word_1_85' title='bbox 1927 1383 2066 1451; x_wconf 90' lang='lat' dir='ltr'><strong>quod</strong></span> <span class='ocrx_word' id='word_1_86' title='bbox 2098 1383 2350 1435; x_wconf 91' lang='lat' dir='ltr'><strong>nimirum</strong></span> 
     </span>
    </p>
   </div>
   <div class='ocr_carea' id='block_1_15' title="bbox 794 1474 2353 1529">
    <p class='ocr_par' dir='ltr' id='par_1_15' title="bbox 794 1474 2353 1529">
     <span class='ocr_line' id='line_1_15' title="bbox 794 1474 2353 1529; baseline 0.001 -2"><span class='ocrx_word' id='word_1_87' title='bbox 794 1475 971 1529; x_wconf 88' lang='lat' dir='ltr'><strong>sacris</strong></span> <span class='ocrx_word' id='word_1_88' title='bbox 996 1474 1220 1527; x_wconf 87' lang='lat' dir='ltr'><strong>Litteris</strong></span> <span class='ocrx_word' id='word_1_89' title='bbox 1247 1474 1706 1528; x_wconf 80' lang='lat' dir='ltr'><strong>consecravimus.</strong></span> <span class='ocrx_word' id='word_1_90' title='bbox 1729 1474 2037 1527; x_wconf 87' lang='lat' dir='ltr'><strong>Edisseram</strong></span> <span class='ocrx_word' id='word_1_91' title='bbox 2063 1475 2222 1527; x_wconf 89' lang='lat' dir='ltr'><strong>etiam</strong></span> <span class='ocrx_word' id='word_1_92' title='bbox 2252 1474 2353 1528; x_wconf 84' lang='lat' dir='ltr'><strong>hoc</strong></span> 
     </span>
    </p>
   </div>
   <div class='ocr_carea' id='block_1_16' title="bbox 790 1565 2353 1633">
    <p class='ocr_par' dir='ltr' id='par_1_16' title="bbox 790 1565 2353 1633">
     <span class='ocr_line' id='line_1_16' title="bbox 790 1565 2353 1633; baseline -0.001 -14"><span class='ocrx_word' id='word_1_93' title='bbox 790 1581 1075 1628; x_wconf 82' lang='lat' dir='ltr'><strong>arcanum,</strong></span> <span class='ocrx_word' id='word_1_94' title='bbox 1129 1566 1384 1633; x_wconf 77' lang='lat' dir='ltr'><strong>quoniam</strong></span> <span class='ocrx_word' id='word_1_95' title='bbox 1431 1579 1644 1633; x_wconf 90' lang='lat' dir='ltr'><strong>quoque</strong></span> <span class='ocrx_word' id='word_1_96' title='bbox 1692 1579 1903 1619; x_wconf 90' lang='lat' dir='ltr'><strong>verum.</strong></span> <span class='ocrx_word' id='word_1_97' title='bbox 1951 1565 2098 1619; x_wconf 84' lang='lat' dir='ltr'><strong>Adeo</strong></span> <span class='ocrx_word' id='word_1_98' title='bbox 2142 1565 2353 1619; x_wconf 91' lang='lat' dir='ltr'><strong>deditus</strong></span> 
     </span>
    </p>
   </div>
   <div class='ocr_carea' id='block_1_17' title="bbox 787 1656 2353 1727">
    <p class='ocr_par' dir='ltr' id='par_1_17' title="bbox 787 1656 2353 1727">
     <span class='ocr_line' id='line_1_17' title="bbox 787 1656 2353 1727; baseline -0.002 -15"><span class='ocrx_word' id='word_1_99' title='bbox 787 1673 935 1712; x_wconf 87' lang='lat' dir='ltr'><strong>cram</strong></span> <span class='ocrx_word' id='word_1_100' title='bbox 968 1658 1092 1712; x_wconf 83' lang='lat' dir='ltr'><strong>huic</strong></span> <span class='ocrx_word' id='word_1_101' title='bbox 1135 1657 1370 1727; x_wconf 86' lang='lat' dir='ltr'><strong>negotio,</strong></span> <span class='ocrx_word' id='word_1_102' title='bbox 1401 1667 1457 1712; x_wconf 90' lang='lat' dir='ltr'><strong>et</strong></span> <span class='ocrx_word' id='word_1_103' title='bbox 1490 1657 1571 1711; x_wconf 90' lang='lat' dir='ltr'><strong>sic</strong></span> <span class='ocrx_word' id='word_1_104' title='bbox 1606 1656 1876 1727; x_wconf 85' lang='lat' dir='ltr'><strong>rapiebar,</strong></span> <span class='ocrx_word' id='word_1_105' title='bbox 1910 1666 1966 1710; x_wconf 93' lang='lat' dir='ltr'><strong>ut</strong></span> <span class='ocrx_word' id='word_1_106' title='bbox 1993 1657 2154 1710; x_wconf 85' lang='lat' dir='ltr'><strong>etiam</strong></span> <span class='ocrx_word' id='word_1_107' title='bbox 2183 1670 2353 1724; x_wconf 61' lang='lat' dir='ltr'><strong>sarpe-</strong></span> 
     </span>
    </p>
   </div>
   <div class='ocr_carea' id='block_1_18' title="bbox 791 1750 2355 1812">
    <p class='ocr_par' dir='ltr' id='par_1_18' title="bbox 791 1750 2355 1812">
     <span class='ocr_line' id='line_1_18' title="bbox 791 1750 2355 1812; baseline -0.001 -10"><span class='ocrx_word' id='word_1_108' title='bbox 791 1764 1013 1803; x_wconf 88' lang='lat' dir='ltr'><strong>numero</strong></span> <span class='ocrx_word' id='word_1_109' title='bbox 1041 1750 1382 1805; x_wconf 78' lang='lat' dir='ltr'><strong>sermonibus</strong></span> <span class='ocrx_word' id='word_1_110' title='bbox 1415 1750 1726 1812; x_wconf 84' lang='lat' dir='ltr'><strong>vacantem,</strong></span> <span class='ocrx_word' id='word_1_111' title='bbox 1759 1750 2069 1803; x_wconf 76' lang='lat' dir='ltr'><strong>exclamare</strong></span> <span class='ocrx_word' id='word_1_112' title='bbox 2116 1763 2200 1801; x_wconf 92' lang='lat' dir='ltr'><strong>me</strong></span> <span class='ocrx_word' id='word_1_113' title='bbox 2228 1761 2355 1802; x_wconf 91' lang='lat' dir='ltr'><strong>con-</strong></span> 
     </span>
    </p>
   </div>
   <div class='ocr_carea' id='block_1_19' title="bbox 2458 560 4021 637">
    <p class='ocr_par' dir='ltr' id='par_1_19' title="bbox 2458 560 4021 637">
     <span class='ocr_line' id='line_1_19' title="bbox 2458 560 4021 637; baseline 0.002 -23"><span class='ocrx_word' id='word_1_114' title='bbox 2458 566 2575 626; x_wconf 88' lang='grc' dir='ltr'>σαῖς</span> <span class='ocrx_word' id='word_1_115' title='bbox 2602 564 2784 632; x_wconf 82' lang='grc' dir='ltr'>ἁγίαις</span> <span class='ocrx_word' id='word_1_116' title='bbox 2812 565 2997 633; x_wconf 79' lang='grc' dir='ltr'><strong>εὐχαῖς</strong></span> <span class='ocrx_word' id='word_1_117' title='bbox 3024 565 3116 618; x_wconf 76' lang='grc' dir='ltr'>καὶ</span> <span class='ocrx_word' id='word_1_118' title='bbox 3145 564 3446 617; x_wconf 88' lang='grc' dir='ltr'>θεοπειθέσι</span> <span class='ocrx_word' id='word_1_119' title='bbox 3485 564 3872 637; x_wconf 68' lang='grc' dir='ltr'><strong>θαρρήσαντες,</strong></span> <span class='ocrx_word' id='word_1_120' title='bbox 3908 560 4021 628; x_wconf 75' lang='grc' dir='ltr'>αἷς,</span> 
     </span>
    </p>
   </div>
   <div class='ocr_carea' id='block_1_20' title="bbox 2455 648 4025 727">
    <p class='ocr_par' dir='ltr' id='par_1_20' title="bbox 2455 648 4025 727">
     <span class='ocr_line' id='line_1_20' title="bbox 2455 648 4025 727; baseline 0.004 -24"><span class='ocrx_word' id='word_1_121' title='bbox 2455 648 2625 723; x_wconf 83' lang='grc' dir='ltr'>οἶμαι,</span> <span class='ocrx_word' id='word_1_122' title='bbox 2650 656 2741 706; x_wconf 80' lang='grc' dir='ltr'>καὶ</span> <span class='ocrx_word' id='word_1_123' title='bbox 2764 657 3005 727; x_wconf 77' lang='grc' dir='ltr'><strong>ἀοράτως</strong></span> <span class='ocrx_word' id='word_1_124' title='bbox 3030 656 3373 727; x_wconf 76' lang='grc' dir='ltr'><strong>ἐπαρθέντες,</strong></span> <span class='ocrx_word' id='word_1_125' title='bbox 3402 656 3597 727; x_wconf 68' lang='grc' dir='ltr'>ῥαδίως</span> <span class='ocrx_word' id='word_1_126' title='bbox 3630 656 3939 727; x_wconf 80' lang='grc' dir='ltr'>ὑπέστημεν</span> <span class='ocrx_word' id='word_1_127' title='bbox 3960 655 4025 711; x_wconf 63' lang='grc' dir='ltr'>τὶ</span> 
     </span>
    </p>
   </div>
   <div class='ocr_carea' id='block_1_21' title="bbox 2457 745 2781 816">
    <p class='ocr_par' dir='ltr' id='par_1_21' title="bbox 2457 745 2781 816">
     <span class='ocr_line' id='line_1_21' title="bbox 2457 745 2781 816; baseline 0.012 -4"><span class='ocrx_word' id='word_1_128' title='bbox 2457 745 2677 816; x_wconf 65' lang='grc' dir='ltr'>ἐγχείρη</span> <span class='ocrx_word' id='word_1_129' title='bbox 2688 764 2781 816; x_wconf 74' lang='grc' dir='ltr'><strong>μαο</strong></span> 
     </span>
    </p>
   </div>
   <div class='ocr_carea' id='block_1_22' title="bbox 2530 836 4025 908">
    <p class='ocr_par' dir='ltr' id='par_1_22' title="bbox 2530 836 4025 908">
     <span class='ocr_line' id='line_1_22' title="bbox 2530 836 4025 908; baseline 0.002 -22"><span class='ocrx_word' id='word_1_130' title='bbox 2530 836 2636 886; x_wconf 77' lang='grc' dir='ltr'>Καὶ</span> <span class='ocrx_word' id='word_1_131' title='bbox 2693 836 2744 888; x_wconf 88' lang='grc' dir='ltr'><strong>τί</strong></span> <span class='ocrx_word' id='word_1_132' title='bbox 2798 836 2905 908; x_wconf 78' lang='grc' dir='ltr'>γὰρ</span> <span class='ocrx_word' id='word_1_133' title='bbox 2959 838 3140 903; x_wconf 79' lang='grc' dir='ltr'>ξένον;</span> <span class='ocrx_word' id='word_1_134' title='bbox 3187 838 3318 889; x_wconf 83' lang='grc' dir='ltr'>ὅπου</span> <span class='ocrx_word' id='word_1_135' title='bbox 3364 840 3455 890; x_wconf 80' lang='grc' dir='ltr'>καὶ</span> <span class='ocrx_word' id='word_1_136' title='bbox 3507 840 3604 908; x_wconf 85' lang='grc' dir='ltr'><strong>τῆς</strong></span> <span class='ocrx_word' id='word_1_137' title='bbox 3656 838 3841 907; x_wconf 77' lang='grc' dir='ltr'>φωνῆς</span> <span class='ocrx_word' id='word_1_138' title='bbox 3901 839 4025 890; x_wconf 84' lang='grc' dir='ltr'>ἐπι-</span> 
     </span>
    </p>
   </div>
   <div class='ocr_carea' id='block_1_23' title="bbox 2460 926 4028 999">
    <p class='ocr_par' dir='ltr' id='par_1_23' title="bbox 2460 926 4028 999">
     <span class='ocr_line' id='line_1_23' title="bbox 2460 926 4028 999; baseline 0.003 -21"><span class='ocrx_word' id='word_1_139' title='bbox 2460 926 2801 997; x_wconf 76' lang='grc' dir='ltr'>πεμφθείσης</span> <span class='ocrx_word' id='word_1_140' title='bbox 2823 929 2919 998; x_wconf 85' lang='grc' dir='ltr'>τῆς</span> <span class='ocrx_word' id='word_1_141' title='bbox 2958 928 3133 981; x_wconf 82' lang='grc' dir='ltr'>Ἠλίου</span> <span class='ocrx_word' id='word_1_142' title='bbox 3152 928 3229 999; x_wconf 81' lang='grc' dir='ltr'>τῷ</span> <span class='ocrx_word' id='word_1_143' title='bbox 3262 928 3563 999; x_wconf 83' lang='grc' dir='ltr'>Ἐλισσαίῳ,</span> <span class='ocrx_word' id='word_1_144' title='bbox 3578 929 3736 992; x_wconf 81' lang='grc' dir='ltr'>εὐθὺς</span> <span class='ocrx_word' id='word_1_145' title='bbox 3751 926 3903 993; x_wconf 69' lang='grc' dir='ltr'>οὗτος</span> <span class='ocrx_word' id='word_1_146' title='bbox 3928 932 4028 984; x_wconf 77' lang='grc' dir='ltr'>καὶ</span> 
     </span>
    </p>
   </div>
   <div class='ocr_carea' id='block_1_24' title="bbox 2462 1019 4027 1092">
    <p class='ocr_par' dir='ltr' id='par_1_24' title="bbox 2462 1019 4027 1092">
     <span class='ocr_line' id='line_1_24' title="bbox 2462 1019 4027 1092; baseline 0.001 -21"><span class='ocrx_word' id='word_1_147' title='bbox 2462 1019 2585 1089; x_wconf 84' lang='grc' dir='ltr'>βόας</span> <span class='ocrx_word' id='word_1_148' title='bbox 2611 1019 2867 1084; x_wconf 86' lang='grc' dir='ltr'>ἐκείνους,</span> <span class='ocrx_word' id='word_1_149' title='bbox 2914 1020 3005 1073; x_wconf 71' lang='grc' dir='ltr'>καὶ</span> <span class='ocrx_word' id='word_1_150' title='bbox 3030 1022 3250 1091; x_wconf 86' lang='grc' dir='ltr'>ἄροτρα,</span> <span class='ocrx_word' id='word_1_151' title='bbox 3282 1022 3375 1072; x_wconf 73' lang='grc' dir='ltr'><strong>καὶ</strong></span> <span class='ocrx_word' id='word_1_152' title='bbox 3398 1022 3574 1073; x_wconf 86' lang='grc' dir='ltr'>πᾶσαν</span> <span class='ocrx_word' id='word_1_153' title='bbox 3608 1021 3806 1091; x_wconf 75' lang='grc' dir='ltr'>σκευὴν</span> <span class='ocrx_word' id='word_1_154' title='bbox 3833 1021 4027 1092; x_wconf 81' lang='grc' dir='ltr'>ἑτέραν</span> 
     </span>
    </p>
   </div>
   <div class='ocr_carea' id='block_1_25' title="bbox 2461 1106 4027 1182">
    <p class='ocr_par' dir='ltr' id='par_1_25' title="bbox 2461 1106 4027 1182">
     <span class='ocr_line' id='line_1_25' title="bbox 2461 1106 4027 1182; baseline -0.001 -16"><span class='ocrx_word' id='word_1_155' title='bbox 2461 1112 2886 1182; x_wconf 81' lang='grc' dir='ltr'>ἀποσεισάμενος</span> <span class='ocrx_word' id='word_1_156' title='bbox 2906 1156 2919 1177; x_wconf 91' lang='grc'><strong>,</strong></span> <span class='ocrx_word' id='word_1_157' title='bbox 3021 1112 3193 1164; x_wconf 85' lang='grc' dir='ltr'>ποδῶν</span> <span class='ocrx_word' id='word_1_158' title='bbox 3223 1108 3389 1181; x_wconf 72' lang='grc' dir='ltr'>εἶχεν,</span> <span class='ocrx_word' id='word_1_159' title='bbox 3413 1113 3586 1182; x_wconf 82' lang='grc' dir='ltr'>όπίσω</span> <span class='ocrx_word' id='word_1_160' title='bbox 3612 1111 3705 1164; x_wconf 88' lang='grc' dir='ltr'><strong>τοῦ</strong></span> <span class='ocrx_word' id='word_1_161' title='bbox 3729 1112 4027 1175; x_wconf 78' lang='grc' dir='ltr'>καλοῦντος</span> 
     </span>
    </p>
   </div>
   <div class='ocr_carea' id='block_1_26' title="bbox 2460 1172 4029 1277">
    <p class='ocr_par' dir='ltr' id='par_1_26' title="bbox 2460 1172 4029 1277">
     <span class='ocr_line' id='line_1_26' title="bbox 2460 1172 4029 1277; baseline -0.003 -19"><span class='ocrx_word' id='word_1_162' title='bbox 2460 1172 2784 1277; x_wconf 68' lang='grc' dir='ltr'>ἐπέδραμεν,</span> <span class='ocrx_word' id='word_1_163' title='bbox 2800 1206 2846 1256; x_wconf 84' lang='grc' dir='ltr'>εἰ</span> <span class='ocrx_word' id='word_1_164' title='bbox 2948 1172 3039 1255; x_wconf 62' lang='grc' dir='ltr'>διαὶ</span> <span class='ocrx_word' id='word_1_165' title='bbox 3064 1202 3189 1271; x_wconf 84' lang='grc' dir='ltr'>βόας</span> <span class='ocrx_word' id='word_1_166' title='bbox 3206 1172 3423 1266; x_wconf 53' lang='grc' dir='ltr'><strong>ἐκεῖνοςΕ</strong></span> <span class='ocrx_word' id='word_1_167' title='bbox 3439 1203 3825 1275; x_wconf 82' lang='grc' dir='ltr'>[ἴσ.ἐκείνους]</span> <span class='ocrx_word' id='word_1_168' title='bbox 3859 1172 4029 1273; x_wconf 49' lang='grc' dir='ltr'><strong>ίέρευζ</strong></span> 
     </span>
    </p>
   </div>
   <div class='ocr_carea' id='block_1_27' title="bbox 2463 1294 4027 1366">
    <p class='ocr_par' dir='ltr' id='par_1_27' title="bbox 2463 1294 4027 1366">
     <span class='ocr_line' id='line_1_27' title="bbox 2463 1294 4027 1366; baseline -0.002 -16"><span class='ocrx_word' id='word_1_169' title='bbox 2463 1315 2541 1350; x_wconf 87' lang='grc' dir='ltr'><strong>σε.</strong></span> <span class='ocrx_word' id='word_1_170' title='bbox 2560 1296 2768 1366; x_wconf 83' lang='grc' dir='ltr'>Τρόπον</span> <span class='ocrx_word' id='word_1_171' title='bbox 2784 1295 2875 1348; x_wconf 74' lang='grc' dir='ltr'>τὸν</span> <span class='ocrx_word' id='word_1_172' title='bbox 2908 1294 3067 1347; x_wconf 82' lang='grc' dir='ltr'>αὐτὸν</span> <span class='ocrx_word' id='word_1_173' title='bbox 3098 1294 3187 1346; x_wconf 76' lang='grc' dir='ltr'><strong>καὶ</strong></span> <span class='ocrx_word' id='word_1_174' title='bbox 3210 1297 3391 1365; x_wconf 80' lang='grc' dir='ltr'>ἡμεῖς,</span> <span class='ocrx_word' id='word_1_175' title='bbox 3424 1294 3549 1357; x_wconf 82' lang='grc' dir='ltr'>τοὺς</span> <span class='ocrx_word' id='word_1_176' title='bbox 3580 1294 3863 1363; x_wconf 68' lang='grc' dir='ltr'>βιωτικοίδς</span> <span class='ocrx_word' id='word_1_177' title='bbox 3884 1311 4027 1365; x_wconf 76' lang='grc' dir='ltr'>παρ-</span> 
     </span>
    </p>
   </div>
   <div class='ocr_carea' id='block_1_28' title="bbox 2463 1383 4027 1456">
    <p class='ocr_par' dir='ltr' id='par_1_28' title="bbox 2463 1383 4027 1456">
     <span class='ocr_line' id='line_1_28' title="bbox 2463 1383 4027 1456; baseline -0.003 -16"><span class='ocrx_word' id='word_1_178' title='bbox 2463 1385 2928 1456; x_wconf 78' lang='grc' dir='ltr'>ιδόντεςθορύϐους</span> <span class='ocrx_word' id='word_1_179' title='bbox 2954 1386 3043 1437; x_wconf 58' lang='grc' dir='ltr'><strong>καὶ¹</strong></span> <span class='ocrx_word' id='word_1_180' title='bbox 3074 1383 3437 1455; x_wconf 75' lang='grc' dir='ltr'>τυρϐασμοὺς,</span> <span class='ocrx_word' id='word_1_181' title='bbox 3462 1384 3569 1437; x_wconf 86' lang='grc' dir='ltr'>ὅλοι</span> <span class='ocrx_word' id='word_1_182' title='bbox 3599 1384 3866 1455; x_wconf 83' lang='grc' dir='ltr'>μερίμνης</span> <span class='ocrx_word' id='word_1_183' title='bbox 3896 1385 4027 1454; x_wconf 81' lang='grc' dir='ltr'>μιᾶς</span> 
     </span>
    </p>
   </div>
   <div class='ocr_carea' id='block_1_29' title="bbox 2460 1475 4025 1550">
    <p class='ocr_par' dir='ltr' id='par_1_29' title="bbox 2460 1475 4025 1550">
     <span class='ocr_line' id='line_1_29' title="bbox 2460 1475 4025 1550; baseline -0.003 -18"><span class='ocrx_word' id='word_1_184' title='bbox 2460 1478 2772 1550; x_wconf 84' lang='grc' dir='ltr'>ἐγενόμεθα,</span> <span class='ocrx_word' id='word_1_185' title='bbox 2804 1480 2867 1548; x_wconf 84' lang='grc' dir='ltr'>ἢν</span> <span class='ocrx_word' id='word_1_186' title='bbox 2894 1476 2957 1546; x_wconf 85' lang='grc' dir='ltr'>δὴ</span> <span class='ocrx_word' id='word_1_187' title='bbox 2995 1476 3087 1529; x_wconf 78' lang='grc' dir='ltr'>καὶ</span> <span class='ocrx_word' id='word_1_188' title='bbox 3117 1479 3229 1539; x_wconf 90' lang='grc' dir='ltr'>τοῖς</span> <span class='ocrx_word' id='word_1_189' title='bbox 3268 1477 3432 1547; x_wconf 80' lang='grc' dir='ltr'>ἱεροῖς</span> <span class='ocrx_word' id='word_1_190' title='bbox 3464 1476 3675 1543; x_wconf 85' lang='grc' dir='ltr'>Λογίοις</span> <span class='ocrx_word' id='word_1_191' title='bbox 3714 1475 4025 1546; x_wconf 79' lang='grc' dir='ltr'>ἀφιερώσα-</span> 
     </span>
    </p>
   </div>
   <div class='ocr_carea' id='block_1_30' title="bbox 2462 1564 4023 1640">
    <p class='ocr_par' dir='ltr' id='par_1_30' title="bbox 2462 1564 4023 1640">
     <span class='ocr_line' id='line_1_30' title="bbox 2462 1564 4023 1640; baseline -0.004 -18"><span class='ocrx_word' id='word_1_192' title='bbox 2462 1587 2581 1640; x_wconf 92' lang='grc' dir='ltr'>μεν.</span> <span class='ocrx_word' id='word_1_193' title='bbox 2624 1566 2851 1633; x_wconf 79' lang='grc' dir='ltr'>Ἑξείπω</span> <span class='ocrx_word' id='word_1_194' title='bbox 2905 1566 2994 1619; x_wconf 78' lang='grc' dir='ltr'><strong>καὶ</strong></span> <span class='ocrx_word' id='word_1_195' title='bbox 3032 1565 3091 1617; x_wconf 86' lang='grc' dir='ltr'><strong>τὸ</strong></span> <span class='ocrx_word' id='word_1_196' title='bbox 3134 1566 3464 1637; x_wconf 73' lang='grc' dir='ltr'>ἀπόρρητον,</span> <span class='ocrx_word' id='word_1_197' title='bbox 3521 1565 3601 1617; x_wconf 79' lang='grc' dir='ltr'>ὅτι</span> <span class='ocrx_word' id='word_1_198' title='bbox 3668 1566 3759 1617; x_wconf 77' lang='grc' dir='ltr'>καὶ</span> <span class='ocrx_word' id='word_1_199' title='bbox 3791 1564 4023 1635; x_wconf 72' lang='grc' dir='ltr'>ἀληθές*</span> 
     </span>
    </p>
   </div>
   <div class='ocr_carea' id='block_1_31' title="bbox 2457 1654 4024 1727">
    <p class='ocr_par' dir='ltr' id='par_1_31' title="bbox 2457 1654 4024 1727">
     <span class='ocr_line' id='line_1_31' title="bbox 2457 1654 4024 1727; baseline -0.004 -15"><span class='ocrx_word' id='word_1_200' title='bbox 2457 1660 2706 1712; x_wconf 88' lang='grc' dir='ltr'>τοσοῦτον</span> <span class='ocrx_word' id='word_1_201' title='bbox 2733 1657 2994 1727; x_wconf 85' lang='grc' dir='ltr'>ἐγενόμην</span> <span class='ocrx_word' id='word_1_202' title='bbox 3019 1654 3112 1708; x_wconf 84' lang='grc' dir='ltr'><strong>τοῦ</strong></span> <span class='ocrx_word' id='word_1_203' title='bbox 3146 1655 3481 1725; x_wconf 81' lang='grc' dir='ltr'>πράγματος,</span> <span class='ocrx_word' id='word_1_204' title='bbox 3510 1655 3600 1707; x_wconf 76' lang='grc' dir='ltr'><strong>καὶ</strong></span> <span class='ocrx_word' id='word_1_205' title='bbox 3630 1654 3800 1716; x_wconf 74' lang='grc' dir='ltr'>οὕτως</span> <span class='ocrx_word' id='word_1_206' title='bbox 3829 1655 4024 1718; x_wconf 85' lang='grc' dir='ltr'>έάλων,</span> 
     </span>
    </p>
   </div>
   <div class='ocr_carea' id='block_1_32' title="bbox 2459 1746 4026 1817">
    <p class='ocr_par' dir='ltr' id='par_1_32' title="bbox 2459 1746 4026 1817">
     <span class='ocr_line' id='line_1_32' title="bbox 2459 1746 4026 1817; baseline -0.005 -12"><span class='ocrx_word' id='word_1_207' title='bbox 2459 1753 2599 1805; x_wconf 82' lang='grc' dir='ltr'>ὥστε</span> <span class='ocrx_word' id='word_1_208' title='bbox 2636 1750 2725 1803; x_wconf 71' lang='grc' dir='ltr'>καὶ</span> <span class='ocrx_word' id='word_1_209' title='bbox 2752 1746 3017 1817; x_wconf 82' lang='grc' dir='ltr'>πολλαχοῦ</span> <span class='ocrx_word' id='word_1_210' title='bbox 3051 1746 3158 1799; x_wconf 80' lang='grc' dir='ltr'><strong>τῶν</strong></span> <span class='ocrx_word' id='word_1_211' title='bbox 3186 1746 3355 1812; x_wconf 84' lang='grc' dir='ltr'>λόγων</span> <span class='ocrx_word' id='word_1_212' title='bbox 3380 1746 3715 1815; x_wconf 83' lang='grc' dir='ltr'>σχολάσαντι,</span> <span class='ocrx_word' id='word_1_213' title='bbox 3741 1746 4026 1812; x_wconf 79' lang='grc' dir='ltr'>διαφωνεῖν</span> 
     </span>
    </p>
   </div>
   <div class='ocr_carea' id='block_1_33' title="bbox 790 1836 2448 1915">
    <p class='ocr_par' dir='ltr' id='par_1_33' title="bbox 790 1839 2425 1911">
     <span class='ocr_line' id='line_1_33' title="bbox 790 1839 2425 1911; baseline -0.001 -16"><span class='ocrx_word' id='word_1_214' title='bbox 790 1842 997 1909; x_wconf 86' lang='lat' dir='ltr'><strong>tigerit,</strong></span> <span class='ocrx_word' id='word_1_215' title='bbox 1024 1843 1150 1895; x_wconf 93' lang='lat' dir='ltr'><strong>dum</strong></span> <span class='ocrx_word' id='word_1_216' title='bbox 1183 1843 1549 1911; x_wconf 81' lang='lat' dir='ltr'><strong>expendercm</strong></span> <span class='ocrx_word' id='word_1_217' title='bbox 1602 1842 1728 1895; x_wconf 87' lang='lat' dir='ltr'><strong>hinc</strong></span> <span class='ocrx_word' id='word_1_218' title='bbox 1774 1854 2030 1895; x_wconf 89' lang='lat' dir='ltr'><strong>sensuum</strong></span> <span class='ocrx_word' id='word_1_219' title='bbox 2074 1839 2352 1908; x_wconf 78' lang='lat' dir='ltr'><strong>profundi-</strong></span> <span class='ocrx_word' id='word_1_220' title='bbox 2384 1845 2425 1898; x_wconf 76' lang='grc' dir='ltr'><strong>Β</strong></span> 
     </span>
    </p>
   </div>
   <div class='ocr_carea' id='block_1_34' title="bbox 2366 1836 4024 1915">
    <p class='ocr_par' dir='ltr' id='par_1_34' title="bbox 2384 1836 4024 1915">
     <span class='ocr_line' id='line_1_34' title="bbox 2384 1836 4024 1915; baseline -0.006 -17"><span class='ocrx_word' id='word_1_221' title='bbox 2384 1845 2425 1898; x_wconf 80' lang='grc' dir='ltr'><strong>Β</strong></span> <span class='ocrx_word' id='word_1_222' title='bbox 2458 1862 2545 1915; x_wconf 92' lang='grc' dir='ltr'><strong>μοι</strong></span> <span class='ocrx_word' id='word_1_223' title='bbox 2583 1841 2858 1904; x_wconf 76' lang='grc' dir='ltr'>συνέβαινε</span> <span class='ocrx_word' id='word_1_224' title='bbox 2879 1880 2893 1904; x_wconf 89' lang='grc'><strong>,</strong></span> <span class='ocrx_word' id='word_1_225' title='bbox 2937 1836 3281 1893; x_wconf 74' lang='grc' dir='ltr'>κατανοοῦντι</span> <span class='ocrx_word' id='word_1_226' title='bbox 3326 1836 3476 1891; x_wconf 76' lang='grc' dir='ltr'>ἔνθεν</span> <span class='ocrx_word' id='word_1_227' title='bbox 3508 1837 3567 1889; x_wconf 85' lang='grc' dir='ltr'><strong>τὸ</strong></span> <span class='ocrx_word' id='word_1_228' title='bbox 3590 1837 3699 1889; x_wconf 83' lang='grc' dir='ltr'><strong>τῶν</strong></span> <span class='ocrx_word' id='word_1_229' title='bbox 3734 1836 4024 1907; x_wconf 79' lang='grc' dir='ltr'>νοημάτων</span> 
     </span>
    </p>
   </div>
   <div class='ocr_carea' id='block_1_35' title="bbox 792 1930 2354 1999">
    <p class='ocr_par' dir='ltr' id='par_1_35' title="bbox 792 1930 2354 1999">
     <span class='ocr_line' id='line_1_35' title="bbox 792 1930 2354 1999; baseline 0.001 -17"><span class='ocrx_word' id='word_1_230' title='bbox 792 1940 981 1992; x_wconf 83' lang='lat' dir='ltr'><strong>tatem,</strong></span> <span class='ocrx_word' id='word_1_231' title='bbox 1009 1931 1134 1985; x_wconf 90' lang='lat' dir='ltr'><strong>inde</strong></span> <span class='ocrx_word' id='word_1_232' title='bbox 1169 1930 1451 1999; x_wconf 61' lang='lat' dir='ltr'><strong>theologia:</strong></span> <span class='ocrx_word' id='word_1_233' title='bbox 1477 1930 1895 1993; x_wconf 85' lang='lat' dir='ltr'><strong>sublimitatem;</strong></span> <span class='ocrx_word' id='word_1_234' title='bbox 1934 1930 2021 1983; x_wconf 90' lang='lat' dir='ltr'><strong>hic</strong></span> <span class='ocrx_word' id='word_1_235' title='bbox 2062 1931 2113 1982; x_wconf 89' lang='lat' dir='ltr'><strong>in</strong></span> <span class='ocrx_word' id='word_1_236' title='bbox 2152 1930 2354 1985; x_wconf 83' lang='lat' dir='ltr'><strong>divinis</strong></span> 
     </span>
    </p>
   </div>
   <div class='ocr_carea' id='block_1_36' title="bbox 795 2022 2353 2089">
    <p class='ocr_par' dir='ltr' id='par_1_36' title="bbox 795 2022 2353 2089">
     <span class='ocr_line' id='line_1_36' title="bbox 795 2022 2353 2089; baseline 0.001 -16"><span class='ocrx_word' id='word_1_237' title='bbox 795 2022 1199 2085; x_wconf 88' lang='lat' dir='ltr'><strong>eruditionem,</strong></span> <span class='ocrx_word' id='word_1_238' title='bbox 1261 2022 1369 2075; x_wconf 90' lang='lat' dir='ltr'><strong>illic</strong></span> <span class='ocrx_word' id='word_1_239' title='bbox 1417 2022 1469 2073; x_wconf 91' lang='lat' dir='ltr'><strong>in</strong></span> <span class='ocrx_word' id='word_1_240' title='bbox 1528 2022 1859 2089; x_wconf 86' lang='lat' dir='ltr'><strong>explicandis</strong></span> <span class='ocrx_word' id='word_1_241' title='bbox 1914 2022 2353 2083; x_wconf 88' lang='lat' dir='ltr'><strong>accurationem,</strong></span> 
     </span>
    </p>
   </div>
   <div class='ocr_carea' id='block_1_37' title="bbox 802 2112 2357 2177">
    <p class='ocr_par' dir='ltr' id='par_1_37' title="bbox 802 2112 2357 2177">
     <span class='ocr_line' id='line_1_37' title="bbox 802 2112 2357 2177; baseline 0 -12"><span class='ocrx_word' id='word_1_242' title='bbox 802 2113 931 2167; x_wconf 84' lang='lat' dir='ltr'><strong>alibi</strong></span> <span class='ocrx_word' id='word_1_243' title='bbox 963 2114 1411 2177; x_wconf 78' lang='lat' dir='ltr'><strong>niodcratiOneni,</strong></span> <span class='ocrx_word' id='word_1_244' title='bbox 1443 2113 1564 2167; x_wconf 85' lang='lat' dir='ltr'><strong>alibi</strong></span> <span class='ocrx_word' id='word_1_245' title='bbox 1591 2113 1829 2166; x_wconf 87' lang='lat' dir='ltr'><strong>numinis</strong></span> <span class='ocrx_word' id='word_1_246' title='bbox 1857 2112 2209 2177; x_wconf 82' lang='lat' dir='ltr'><strong>amationem,</strong></span> <span class='ocrx_word' id='word_1_247' title='bbox 2238 2112 2357 2165; x_wconf 85' lang='lat' dir='ltr'><strong>ubi-</strong></span> 
     </span>
    </p>
   </div>
   <div class='ocr_carea' id='block_1_38' title="bbox 800 2205 1754 2275">
    <p class='ocr_par' dir='ltr' id='par_1_38' title="bbox 800 2205 1754 2275">
     <span class='ocr_line' id='line_1_38' title="bbox 800 2205 1754 2275; baseline 0.001 -19"><span class='ocrx_word' id='word_1_248' title='bbox 800 2221 903 2275; x_wconf 97' lang='lat' dir='ltr'><strong>que</strong></span> <span class='ocrx_word' id='word_1_249' title='bbox 935 2206 1275 2259; x_wconf 85' lang='lat' dir='ltr'><strong>divinitatem</strong></span> <span class='ocrx_word' id='word_1_250' title='bbox 1304 2214 1359 2259; x_wconf 93' lang='lat' dir='ltr'><strong>et</strong></span> <span class='ocrx_word' id='word_1_251' title='bbox 1388 2205 1754 2259; x_wconf 87' lang='lat' dir='ltr'><strong>securitatem.</strong></span> 
     </span>
    </p>
   </div>
   <div class='ocr_carea' id='block_1_39' title="bbox 841 2294 2356 2367">
    <p class='ocr_par' dir='ltr' id='par_1_39' title="bbox 841 2294 2356 2367">
     <span class='ocr_line' id='line_1_39' title="bbox 841 2294 2356 2367; baseline 0.001 -19"><span class='ocrx_word' id='word_1_252' title='bbox 841 2298 976 2364; x_wconf 82' lang='lat' dir='ltr'><strong>Quid</strong></span> <span class='ocrx_word' id='word_1_253' title='bbox 995 2300 1206 2350; x_wconf 83' lang='lat' dir='ltr'><strong>demum</strong></span> <span class='ocrx_word' id='word_1_254' title='bbox 1220 2312 1317 2367; x_wconf 84' lang='lat' dir='ltr'><strong>ego</strong></span> <span class='ocrx_word' id='word_1_255' title='bbox 1332 2296 1523 2351; x_wconf 80' lang='lat' dir='ltr'><strong>faciam</strong></span> <span class='ocrx_word' id='word_1_256' title='bbox 1542 2296 1641 2351; x_wconf 91' lang='lat' dir='ltr'><strong>nisi</strong></span> <span class='ocrx_word' id='word_1_257' title='bbox 1661 2306 1813 2366; x_wconf 90' lang='lat' dir='ltr'><strong>prato</strong></span> <span class='ocrx_word' id='word_1_258' title='bbox 1828 2296 2153 2352; x_wconf 80' lang='lat' dir='ltr'><strong>fertilissima</strong></span> <span class='ocrx_word' id='word_1_259' title='bbox 2171 2294 2356 2351; x_wconf 84' lang='lat' dir='ltr'><strong>Sancti</strong></span> 
     </span>
    </p>
   </div>
   <div class='ocr_carea' id='block_1_40' title="bbox 796 2388 2357 2458">
    <p class='ocr_par' dir='ltr' id='par_1_40' title="bbox 796 2388 2357 2458">
     <span class='ocr_line' id='line_1_40' title="bbox 796 2388 2357 2458; baseline -0.001 -17"><span class='ocrx_word' id='word_1_260' title='bbox 796 2390 954 2456; x_wconf 81' lang='lat' dir='ltr'><strong>bujus</strong></span> <span class='ocrx_word' id='word_1_261' title='bbox 980 2390 1179 2458; x_wconf 84' lang='lat' dir='ltr'><strong>scripta</strong></span> <span class='ocrx_word' id='word_1_262' title='bbox 1198 2404 1386 2457; x_wconf 88' lang='lat' dir='ltr'><strong>compa</strong></span> <span class='ocrx_word' id='word_1_263' title='bbox 1398 2404 1530 2452; x_wconf 85' lang='lat' dir='ltr'><strong>rem,</strong></span> <span class='ocrx_word' id='word_1_264' title='bbox 1551 2388 1620 2441; x_wconf 83' lang='lat' dir='ltr'><strong>ita</strong></span> <span class='ocrx_word' id='word_1_265' title='bbox 1642 2397 1699 2441; x_wconf 91' lang='lat' dir='ltr'><strong>ut</strong></span> <span class='ocrx_word' id='word_1_266' title='bbox 1718 2389 1873 2441; x_wconf 89' lang='lat' dir='ltr'><strong>velim</strong></span> <span class='ocrx_word' id='word_1_267' title='bbox 1892 2388 2108 2457; x_wconf 82' lang='lat' dir='ltr'><strong>quidem</strong></span> <span class='ocrx_word' id='word_1_268' title='bbox 2127 2401 2324 2454; x_wconf 87' lang='lat' dir='ltr'><strong>carpen</strong></span> <span class='ocrx_word' id='word_1_269' title='bbox 2339 2416 2357 2427; x_wconf 85' lang='lat'><strong>-</strong></span> 
     </span>
    </p>
   </div>
   <div class='ocr_carea' id='block_1_41' title="bbox 794 2476 2359 2549">
    <p class='ocr_par' dir='ltr' id='par_1_41' title="bbox 794 2476 2359 2549">
     <span class='ocr_line' id='line_1_41' title="bbox 794 2476 2359 2549; baseline 0.002 -22"><span class='ocrx_word' id='word_1_270' title='bbox 794 2481 863 2531; x_wconf 83' lang='lat' dir='ltr'><strong>do</strong></span> <span class='ocrx_word' id='word_1_271' title='bbox 894 2482 1104 2534; x_wconf 72' lang='lat' dir='ltr'><strong>caneris</strong></span> <span class='ocrx_word' id='word_1_272' title='bbox 1134 2478 1499 2549; x_wconf 87' lang='lat' dir='ltr'><strong>pulcherrima</strong></span> <span class='ocrx_word' id='word_1_273' title='bbox 1522 2492 1857 2547; x_wconf 91' lang='lat' dir='ltr'><strong>proponere;</strong></span> <span class='ocrx_word' id='word_1_274' title='bbox 1881 2492 1983 2533; x_wconf 91' lang='lat' dir='ltr'><strong>non</strong></span> <span class='ocrx_word' id='word_1_275' title='bbox 2019 2476 2225 2531; x_wconf 83' lang='lat' dir='ltr'><strong>valeam</strong></span> <span class='ocrx_word' id='word_1_276' title='bbox 2263 2492 2359 2531; x_wconf 85' lang='lat' dir='ltr'><strong>au-</strong></span> 
     </span>
    </p>
   </div>
   <div class='ocr_carea' id='block_1_42' title="bbox 796 2568 2357 2636">
    <p class='ocr_par' dir='ltr' id='par_1_42' title="bbox 796 2568 2357 2636">
     <span class='ocr_line' id='line_1_42' title="bbox 796 2568 2357 2636; baseline 0 -15"><span class='ocrx_word' id='word_1_277' title='bbox 796 2582 923 2629; x_wconf 85' lang='lat' dir='ltr'><strong>tem,</strong></span> <span class='ocrx_word' id='word_1_278' title='bbox 964 2571 1055 2624; x_wconf 87' lang='lat' dir='ltr'><strong>sed</strong></span> <span class='ocrx_word' id='word_1_279' title='bbox 1088 2568 1375 2623; x_wconf 86' lang='lat' dir='ltr'><strong>immobilis</strong></span> <span class='ocrx_word' id='word_1_280' title='bbox 1396 2568 1955 2636; x_wconf 84' lang='lat' dir='ltr'><strong>consistani,etquasi</strong></span> <span class='ocrx_word' id='word_1_281' title='bbox 1980 2576 2158 2621; x_wconf 91' lang='lat' dir='ltr'><strong>mutus</strong></span> <span class='ocrx_word' id='word_1_282' title='bbox 2173 2581 2357 2621; x_wconf 71' lang='lat' dir='ltr'><strong>maneo</strong></span> 
     </span>
    </p>
   </div>
   <div class='ocr_carea' id='block_1_43' title="bbox 801 2659 2353 2732">
    <p class='ocr_par' dir='ltr' id='par_1_43' title="bbox 801 2659 2353 2732">
     <span class='ocr_line' id='line_1_43' title="bbox 801 2659 2353 2732; baseline -0.001 -18"><span class='ocrx_word' id='word_1_283' title='bbox 801 2676 860 2715; x_wconf 87' lang='lat' dir='ltr'><strong>re</strong></span> <span class='ocrx_word' id='word_1_284' title='bbox 882 2676 1044 2730; x_wconf 77' lang='lat' dir='ltr'><strong>cogar</strong></span> <span class='ocrx_word' id='word_1_285' title='bbox 1066 2676 1173 2732; x_wconf 69' lang='lat' dir='ltr'><strong>prae</strong></span> <span class='ocrx_word' id='word_1_286' title='bbox 1198 2661 1385 2730; x_wconf 63' lang='lat' dir='ltr'><strong>gratia:</strong></span> <span class='ocrx_word' id='word_1_287' title='bbox 1399 2659 1695 2715; x_wconf 81' lang='lat' dir='ltr'><strong>varietate?</strong></span> <span class='ocrx_word' id='word_1_288' title='bbox 1715 2661 1805 2714; x_wconf 81' lang='lat' dir='ltr'><strong>Sic</strong></span> <span class='ocrx_word' id='word_1_289' title='bbox 1825 2675 1924 2729; x_wconf 92' lang='lat' dir='ltr'><strong>ego</strong></span> <span class='ocrx_word' id='word_1_290' title='bbox 1940 2675 2046 2715; x_wconf 87' lang='lat' dir='ltr'><strong>non</strong></span> <span class='ocrx_word' id='word_1_291' title='bbox 2070 2661 2353 2729; x_wconf 72' lang='lat' dir='ltr'><strong>interpres,</strong></span> 
     </span>
    </p>
   </div>
   <div class='ocr_carea' id='block_1_44' title="bbox 799 2751 2356 2823">
    <p class='ocr_par' dir='ltr' id='par_1_44' title="bbox 799 2751 2356 2823">
     <span class='ocr_line' id='line_1_44' title="bbox 799 2751 2356 2823; baseline 0 -17"><span class='ocrx_word' id='word_1_292' title='bbox 799 2768 905 2807; x_wconf 89' lang='lat' dir='ltr'><strong>u0u</strong></span> <span class='ocrx_word' id='word_1_293' title='bbox 931 2756 1339 2823; x_wconf 81' lang='lat' dir='ltr'><strong>paraplirastes,</strong></span> <span class='ocrx_word' id='word_1_294' title='bbox 1361 2754 1452 2807; x_wconf 87' lang='lat' dir='ltr'><strong>sed</strong></span> <span class='ocrx_word' id='word_1_295' title='bbox 1484 2753 1697 2806; x_wconf 91' lang='lat' dir='ltr'><strong>auditor</strong></span> <span class='ocrx_word' id='word_1_296' title='bbox 1720 2767 1860 2807; x_wconf 88' lang='lat' dir='ltr'><strong>sum.</strong></span> <span class='ocrx_word' id='word_1_297' title='bbox 1886 2751 2137 2822; x_wconf 82' lang='lat' dir='ltr'><strong>Magnum</strong></span> <span class='ocrx_word' id='word_1_298' title='bbox 2160 2767 2291 2806; x_wconf 86' lang='lat' dir='ltr'><strong>sane</strong></span> <span class='ocrx_word' id='word_1_299' title='bbox 2311 2753 2356 2807; x_wconf 89' lang='lat' dir='ltr'><strong>si</strong></span> 
     </span>
    </p>
   </div>
   <div class='ocr_carea' id='block_1_45' title="bbox 795 2844 2354 2918">
    <p class='ocr_par' dir='ltr' id='par_1_45' title="bbox 795 2844 2354 2918">
     <span class='ocr_line' id='line_1_45' title="bbox 795 2844 2354 2918; baseline -0.003 -17"><span class='ocrx_word' id='word_1_300' title='bbox 795 2848 880 2902; x_wconf 89' lang='lat' dir='ltr'><strong>vel</strong></span> <span class='ocrx_word' id='word_1_301' title='bbox 911 2857 1083 2918; x_wconf 83' lang='lat' dir='ltr'><strong>mysta</strong></span> <span class='ocrx_word' id='word_1_302' title='bbox 1116 2848 1239 2899; x_wconf 90' lang='lat' dir='ltr'><strong>liam</strong></span> <span class='ocrx_word' id='word_1_303' title='bbox 1274 2845 1573 2901; x_wconf 76' lang='lat' dir='ltr'><strong>cmlestium</strong></span> <span class='ocrx_word' id='word_1_304' title='bbox 1628 2844 1878 2898; x_wconf 90' lang='lat' dir='ltr'><strong>tubarum</strong></span> <span class='ocrx_word' id='word_1_305' title='bbox 1900 2883 1915 2907; x_wconf 92' lang='lat'><strong>,</strong></span> <span class='ocrx_word' id='word_1_306' title='bbox 1967 2853 2209 2899; x_wconf 86' lang='lat' dir='ltr'><strong>attamen</strong></span> <span class='ocrx_word' id='word_1_307' title='bbox 2247 2860 2354 2899; x_wconf 91' lang='lat' dir='ltr'><strong>non</strong></span> 
     </span>
    </p>
   </div>
   <div class='ocr_carea' id='block_1_46' title="bbox 799 2936 2357 3007">
    <p class='ocr_par' dir='ltr' id='par_1_46' title="bbox 799 2936 2357 3007">
     <span class='ocr_line' id='line_1_46' title="bbox 799 2936 2357 3007; baseline -0.002 -13"><span class='ocrx_word' id='word_1_308' title='bbox 799 2941 940 2995; x_wconf 90' lang='lat' dir='ltr'><strong>illico</strong></span> <span class='ocrx_word' id='word_1_309' title='bbox 972 2955 1036 2993; x_wconf 90' lang='lat' dir='ltr'><strong>ac</strong></span> <span class='ocrx_word' id='word_1_310' title='bbox 1066 2948 1288 3007; x_wconf 87' lang='lat' dir='ltr'><strong>repente</strong></span> <span class='ocrx_word' id='word_1_311' title='bbox 1334 2936 1697 2991; x_wconf 88' lang='lat' dir='ltr'><strong>insonantium</strong></span> <span class='ocrx_word' id='word_1_312' title='bbox 1727 2937 1816 3001; x_wconf 92' lang='lat' dir='ltr'><strong>(ne</strong></span> <span class='ocrx_word' id='word_1_313' title='bbox 1850 2936 1977 2989; x_wconf 87' lang='lat' dir='ltr'><strong>hinc</strong></span> <span class='ocrx_word' id='word_1_314' title='bbox 2003 2938 2167 2990; x_wconf 87' lang='lat' dir='ltr'><strong>etiam</strong></span> <span class='ocrx_word' id='word_1_315' title='bbox 2195 2940 2357 3006; x_wconf 89' lang='lat' dir='ltr'><strong>spiri-</strong></span> 
     </span>
    </p>
   </div>
   <div class='ocr_carea' id='block_1_47' title="bbox 799 3028 2355 3097">
    <p class='ocr_par' dir='ltr' id='par_1_47' title="bbox 799 3028 2355 3097">
     <span class='ocr_line' id='line_1_47' title="bbox 799 3028 2355 3097; baseline -0.002 -11"><span class='ocrx_word' id='word_1_316' title='bbox 799 3033 957 3086; x_wconf 89' lang='lat' dir='ltr'><strong>tualis</strong></span> <span class='ocrx_word' id='word_1_317' title='bbox 997 3030 1225 3085; x_wconf 80' lang='lat' dir='ltr'><strong>lacultas</strong></span> <span class='ocrx_word' id='word_1_318' title='bbox 1261 3029 1513 3083; x_wconf 81' lang='lat' dir='ltr'><strong>audiendi</strong></span> <span class='ocrx_word' id='word_1_319' title='bbox 1564 3028 1946 3081; x_wconf 88' lang='lat' dir='ltr'><strong>detrimentum</strong></span> <span class='ocrx_word' id='word_1_320' title='bbox 1988 3028 2213 3097; x_wconf 88' lang='lat' dir='ltr'><strong>capiat),</strong></span> <span class='ocrx_word' id='word_1_321' title='bbox 2257 3029 2355 3083; x_wconf 81' lang='lat' dir='ltr'><strong>sed</strong></span> 
     </span>
    </p>
   </div>
   <div class='ocr_carea' id='block_1_48' title="bbox 796 3116 2356 3190">
    <p class='ocr_par' dir='ltr' id='par_1_48' title="bbox 796 3116 2356 3190">
     <span class='ocr_line' id='line_1_48' title="bbox 796 3116 2356 3190; baseline -0.003 -13"><span class='ocrx_word' id='word_1_322' title='bbox 796 3123 994 3179; x_wconf 82' lang='lat' dir='ltr'><strong>sensim</strong></span> <span class='ocrx_word' id='word_1_323' title='bbox 1014 3131 1069 3176; x_wconf 93' lang='lat' dir='ltr'><strong>et</strong></span> <span class='ocrx_word' id='word_1_324' title='bbox 1094 3122 1349 3190; x_wconf 88' lang='lat' dir='ltr'><strong>paulatim</strong></span> <span class='ocrx_word' id='word_1_325' title='bbox 1375 3118 1773 3188; x_wconf 84' lang='lat' dir='ltr'><strong>penetrantiuin</strong></span> <span class='ocrx_word' id='word_1_326' title='bbox 1802 3116 1870 3170; x_wconf 90' lang='lat' dir='ltr'><strong>ad</strong></span> <span class='ocrx_word' id='word_1_327' title='bbox 1898 3117 2228 3171; x_wconf 90' lang='lat' dir='ltr'><strong>intimiorem</strong></span> <span class='ocrx_word' id='word_1_328' title='bbox 2261 3133 2356 3173; x_wconf 89' lang='lat' dir='ltr'><strong>co-</strong></span> 
     </span>
    </p>
   </div>
   <div class='ocr_carea' id='block_1_49' title="bbox 2461 1922 4027 2007">
    <p class='ocr_par' dir='ltr' id='par_1_49' title="bbox 2461 1922 4027 2007">
     <span class='ocr_line' id='line_1_49' title="bbox 2461 1922 4027 2007; baseline -0.006 -18"><span class='ocrx_word' id='word_1_329' title='bbox 2461 1936 2621 2007; x_wconf 84' lang='grc' dir='ltr'>βάθος</span> <span class='ocrx_word' id='word_1_330' title='bbox 2646 1974 2660 1997; x_wconf 93' lang='grc'><strong>,</strong></span> <span class='ocrx_word' id='word_1_331' title='bbox 2695 1932 2902 1986; x_wconf 84' lang='grc' dir='ltr'>ἐκεῖθεν</span> <span class='ocrx_word' id='word_1_332' title='bbox 2938 1930 2996 1983; x_wconf 82' lang='grc' dir='ltr'><strong>τὸ</strong></span> <span class='ocrx_word' id='word_1_333' title='bbox 3043 1930 3144 1999; x_wconf 82' lang='grc' dir='ltr'>τῆς</span> <span class='ocrx_word' id='word_1_334' title='bbox 3172 1929 3444 1997; x_wconf 87' lang='grc' dir='ltr'>θεολογίας</span> <span class='ocrx_word' id='word_1_335' title='bbox 3472 1927 3633 1998; x_wconf 73' lang='grc' dir='ltr'>ὕψος·</span> <span class='ocrx_word' id='word_1_336' title='bbox 3668 1922 3769 1981; x_wconf 81' lang='grc' dir='ltr'>ὧδε</span> <span class='ocrx_word' id='word_1_337' title='bbox 3804 1929 3864 1980; x_wconf 87' lang='grc' dir='ltr'><strong>τὸ</strong></span> <span class='ocrx_word' id='word_1_338' title='bbox 3896 1928 4027 1999; x_wconf 73' lang='grc' dir='ltr'>περὶ</span> 
     </span>
    </p>
   </div>
   <div class='ocr_carea' id='block_1_50' title="bbox 2456 2015 4027 2092">
    <p class='ocr_par' dir='ltr' id='par_1_50' title="bbox 2456 2015 4027 2092">
     <span class='ocr_line' id='line_1_50' title="bbox 2456 2015 4027 2092; baseline -0.006 -12"><span class='ocrx_word' id='word_1_339' title='bbox 2456 2026 2524 2080; x_wconf 73' lang='grc' dir='ltr'>τὰ</span> <span class='ocrx_word' id='word_1_340' title='bbox 2554 2025 2674 2077; x_wconf 86' lang='grc' dir='ltr'>θεῖα</span> <span class='ocrx_word' id='word_1_341' title='bbox 2704 2021 3140 2092; x_wconf 75' lang='grc' dir='ltr'>ἐπιστημονικὸν,</span> <span class='ocrx_word' id='word_1_342' title='bbox 3175 2015 3274 2073; x_wconf 80' lang='grc' dir='ltr'>ὦδε</span> <span class='ocrx_word' id='word_1_343' title='bbox 3315 2020 3373 2072; x_wconf 87' lang='grc' dir='ltr'><strong>τὸ</strong></span> <span class='ocrx_word' id='word_1_344' title='bbox 3413 2019 3542 2092; x_wconf 79' lang='grc' dir='ltr'>περὶ</span> <span class='ocrx_word' id='word_1_345' title='bbox 3576 2020 3671 2090; x_wconf 87' lang='grc' dir='ltr'>τὴν</span> <span class='ocrx_word' id='word_1_346' title='bbox 3708 2020 4027 2089; x_wconf 79' lang='grc' dir='ltr'>ἐξαγγελίαν</span> 
     </span>
    </p>
   </div>
   <div class='ocr_carea' id='block_1_51' title="bbox 2458 2112 4025 2191">
    <p class='ocr_par' dir='ltr' id='par_1_51' title="bbox 2458 2112 4025 2191">
     <span class='ocr_line' id='line_1_51' title="bbox 2458 2112 4025 2191; baseline -0.005 -18"><span class='ocrx_word' id='word_1_347' title='bbox 2458 2116 2939 2191; x_wconf 69' lang='grc' dir='ltr'>ἀπηκριϐωμένοψ</span> <span class='ocrx_word' id='word_1_348' title='bbox 2970 2114 3197 2184; x_wconf 79' lang='grc' dir='ltr'>ἀλλαχοῦ</span> <span class='ocrx_word' id='word_1_349' title='bbox 3224 2114 3283 2169; x_wconf 81' lang='grc' dir='ltr'><strong>τὸ</strong></span> <span class='ocrx_word' id='word_1_350' title='bbox 3312 2113 3549 2184; x_wconf 83' lang='grc' dir='ltr'>μέτριον,</span> <span class='ocrx_word' id='word_1_351' title='bbox 3582 2113 3809 2183; x_wconf 88' lang='grc' dir='ltr'>ἀλλαχοῦ</span> <span class='ocrx_word' id='word_1_352' title='bbox 3844 2113 3907 2167; x_wconf 84' lang='grc' dir='ltr'><strong>τδ</strong></span> <span class='ocrx_word' id='word_1_353' title='bbox 3934 2112 4025 2166; x_wconf 77' lang='grc' dir='ltr'>ἐν·</span> 
     </span>
    </p>
   </div>
   <div class='ocr_carea' id='block_1_52' title="bbox 2458 2205 3562 2279">
    <p class='ocr_par' dir='ltr' id='par_1_52' title="bbox 2458 2205 3562 2279">
     <span class='ocr_line' id='line_1_52' title="bbox 2458 2205 3562 2279; baseline -0.007 -14"><span class='ocrx_word' id='word_1_354' title='bbox 2458 2212 2597 2275; x_wconf 87' lang='grc' dir='ltr'>θεον,</span> <span class='ocrx_word' id='word_1_355' title='bbox 2627 2209 2899 2279; x_wconf 81' lang='grc' dir='ltr'>πανταχοῦ</span> <span class='ocrx_word' id='word_1_356' title='bbox 2926 2206 2985 2259; x_wconf 77' lang='grc' dir='ltr'><strong>τὸ</strong></span> <span class='ocrx_word' id='word_1_357' title='bbox 3012 2207 3150 2259; x_wconf 85' lang='grc' dir='ltr'>θεῖον</span> <span class='ocrx_word' id='word_1_358' title='bbox 3178 2206 3271 2258; x_wconf 70' lang='grc' dir='ltr'><strong>καὶ</strong></span> <span class='ocrx_word' id='word_1_359' title='bbox 3305 2205 3562 2275; x_wconf 82' lang='grc' dir='ltr'>ἀσφαλές.</span> 
     </span>
    </p>
   </div>
   <div class='ocr_carea' id='block_1_53' title="bbox 2528 2298 4025 2371">
    <p class='ocr_par' dir='ltr' id='par_1_53' title="bbox 2528 2298 4025 2371">
     <span class='ocr_line' id='line_1_53' title="bbox 2528 2298 4025 2371; baseline -0.007 -11"><span class='ocrx_word' id='word_1_360' title='bbox 2528 2306 2638 2359; x_wconf 66' lang='grc' dir='ltr'><strong>Καὶ</strong></span> <span class='ocrx_word' id='word_1_361' title='bbox 2687 2303 2739 2355; x_wconf 84' lang='grc' dir='ltr'><strong>τί</strong></span> <span class='ocrx_word' id='word_1_362' title='bbox 2796 2320 2859 2371; x_wconf 89' lang='grc' dir='ltr'><strong>γε</strong></span> <span class='ocrx_word' id='word_1_363' title='bbox 2909 2301 3033 2355; x_wconf 83' lang='grc' dir='ltr'>ἀλλο</span> <span class='ocrx_word' id='word_1_364' title='bbox 3080 2298 3112 2369; x_wconf 79' lang='grc' dir='ltr'><strong>ἢ</strong></span> <span class='ocrx_word' id='word_1_365' title='bbox 3162 2298 3385 2368; x_wconf 85' lang='grc' dir='ltr'>λειμῶνι</span> <span class='ocrx_word' id='word_1_366' title='bbox 3443 2298 3729 2368; x_wconf 75' lang='grc' dir='ltr'>πολυφόρῳ</span> <span class='ocrx_word' id='word_1_367' title='bbox 3772 2315 3872 2361; x_wconf 86' lang='grc' dir='ltr'><strong>τας</strong></span> <span class='ocrx_word' id='word_1_368' title='bbox 3924 2298 4025 2351; x_wconf 69' lang='grc' dir='ltr'><strong>τοῦ</strong></span> 
     </span>
    </p>
   </div>
   <div class='ocr_carea' id='block_1_54' title="bbox 2470 2388 4019 2466">
    <p class='ocr_par' dir='ltr' id='par_1_54' title="bbox 2470 2388 4019 2466">
     <span class='ocr_line' id='line_1_54' title="bbox 2470 2388 4019 2466; baseline -0.006 -17"><span class='ocrx_word' id='word_1_369' title='bbox 2470 2397 2649 2465; x_wconf 79' lang='grc' dir='ltr'>Ἀγίου</span> <span class='ocrx_word' id='word_1_370' title='bbox 2678 2393 2892 2466; x_wconf 84' lang='grc' dir='ltr'>γραφὰς</span> <span class='ocrx_word' id='word_1_371' title='bbox 2924 2388 3329 2463; x_wconf 81' lang='grc' dir='ltr'>παρεικάζοντι,</span> <span class='ocrx_word' id='word_1_372' title='bbox 3373 2390 3448 2453; x_wconf 81' lang='grc' dir='ltr'>ὡς</span> <span class='ocrx_word' id='word_1_373' title='bbox 3474 2389 3750 2459; x_wconf 85' lang='grc' dir='ltr'>βούλεσθαι</span> <span class='ocrx_word' id='word_1_374' title='bbox 3782 2390 3877 2461; x_wconf 85' lang='grc' dir='ltr'>μὲν</span> <span class='ocrx_word' id='word_1_375' title='bbox 3900 2390 4019 2459; x_wconf 80' lang='grc' dir='ltr'>δρε-</span> 
     </span>
    </p>
   </div>
   <div class='ocr_carea' id='block_1_55' title="bbox 2459 2480 4016 2560">
    <p class='ocr_par' dir='ltr' id='par_1_55' title="bbox 2459 2480 4016 2560">
     <span class='ocr_line' id='line_1_55' title="bbox 2459 2480 4016 2560; baseline -0.006 -19"><span class='ocrx_word' id='word_1_376' title='bbox 2459 2490 2677 2560; x_wconf 84' lang='grc' dir='ltr'>πομένῳ</span> <span class='ocrx_word' id='word_1_377' title='bbox 2704 2490 2816 2549; x_wconf 85' lang='grc' dir='ltr'>τοῖς</span> <span class='ocrx_word' id='word_1_378' title='bbox 2843 2485 3019 2547; x_wconf 82' lang='grc' dir='ltr'>ἄλλοις</span> <span class='ocrx_word' id='word_1_379' title='bbox 3046 2481 3357 2556; x_wconf 79' lang='grc' dir='ltr'>προτιθέναι</span> <span class='ocrx_word' id='word_1_380' title='bbox 3400 2480 3468 2532; x_wconf 90' lang='grc' dir='ltr'><strong>τά</strong></span> <span class='ocrx_word' id='word_1_381' title='bbox 3500 2481 3777 2547; x_wconf 81' lang='grc' dir='ltr'>κάλλιστα,</span> <span class='ocrx_word' id='word_1_382' title='bbox 3815 2481 3888 2552; x_wconf 78' lang='grc' dir='ltr'><strong>μὴ</strong></span> <span class='ocrx_word' id='word_1_383' title='bbox 3931 2480 4016 2532; x_wconf 72' lang='grc' dir='ltr'>δύο</span> 
     </span>
    </p>
   </div>
   <div class='ocr_carea' id='block_1_56' title="bbox 2456 2567 4027 2647">
    <p class='ocr_par' dir='ltr' id='par_1_56' title="bbox 2456 2567 4027 2647">
     <span class='ocr_line' id='line_1_56' title="bbox 2456 2567 4027 2647; baseline -0.007 -13"><span class='ocrx_word' id='word_1_384' title='bbox 2456 2580 2647 2635; x_wconf 90' lang='grc' dir='ltr'>νασθαι</span> <span class='ocrx_word' id='word_1_385' title='bbox 2664 2579 2739 2643; x_wconf 81' lang='grc' dir='ltr'><strong>δὲ,</strong></span> <span class='ocrx_word' id='word_1_386' title='bbox 2762 2577 2873 2632; x_wconf 82' lang='grc' dir='ltr'>ἀλλ’</span> <span class='ocrx_word' id='word_1_387' title='bbox 2892 2576 3217 2647; x_wconf 74' lang='grc' dir='ltr'>ἀκινητίζειν</span> <span class='ocrx_word' id='word_1_388' title='bbox 3238 2567 3345 2626; x_wconf 81' lang='grc' dir='ltr'>οἷον</span> <span class='ocrx_word' id='word_1_389' title='bbox 3376 2574 3465 2625; x_wconf 76' lang='grc' dir='ltr'>καὶ</span> <span class='ocrx_word' id='word_1_390' title='bbox 3491 2572 3867 2636; x_wconf 87' lang='grc' dir='ltr'>ἁπενεοῦσθαι,</span> <span class='ocrx_word' id='word_1_391' title='bbox 3888 2572 4027 2643; x_wconf 74' lang='grc' dir='ltr'>πρὸς</span> 
     </span>
    </p>
   </div>
   <div class='ocr_carea' id='block_1_57' title="bbox 2455 2664 4023 2739">
    <p class='ocr_par' dir='ltr' id='par_1_57' title="bbox 2455 2664 4023 2739">
     <span class='ocr_line' id='line_1_57' title="bbox 2455 2664 4023 2739; baseline -0.009 -11"><span class='ocrx_word' id='word_1_392' title='bbox 2455 2674 2516 2728; x_wconf 78' lang='grc' dir='ltr'><strong>τὸ</strong></span> <span class='ocrx_word' id='word_1_393' title='bbox 2550 2672 2789 2725; x_wconf 80' lang='grc' dir='ltr'>ποικίλον</span> <span class='ocrx_word' id='word_1_394' title='bbox 2820 2669 2919 2739; x_wconf 80' lang='grc' dir='ltr'><strong>τῆς</strong></span> <span class='ocrx_word' id='word_1_395' title='bbox 2958 2668 3211 2738; x_wconf 83' lang='grc' dir='ltr'>χάριτος;</span> <span class='ocrx_word' id='word_1_396' title='bbox 3247 2668 3430 2731; x_wconf 80' lang='grc' dir='ltr'>Οῦτως</span> <span class='ocrx_word' id='word_1_397' title='bbox 3460 2664 3569 2734; x_wconf 82' lang='grc' dir='ltr'><strong>ἐγὼ</strong></span> <span class='ocrx_word' id='word_1_398' title='bbox 3602 2668 3700 2719; x_wconf 83' lang='grc' dir='ltr'>οὐκ</span> <span class='ocrx_word' id='word_1_399' title='bbox 3727 2666 4023 2735; x_wconf 74' lang='grc' dir='ltr'>ἐξηγητὴς,</span> 
     </span>
    </p>
   </div>
   <div class='ocr_carea' id='block_1_58' title="bbox 2456 2755 4027 2834">
    <p class='ocr_par' dir='ltr' id='par_1_58' title="bbox 2456 2755 4027 2834">
     <span class='ocr_line' id='line_1_58' title="bbox 2456 2755 4027 2834; baseline -0.005 -18"><span class='ocrx_word' id='word_1_400' title='bbox 2456 2765 2515 2816; x_wconf 80' lang='grc' dir='ltr'><strong>οὐ</strong></span> <span class='ocrx_word' id='word_1_401' title='bbox 2558 2759 2970 2834; x_wconf 82' lang='grc' dir='ltr'>παραφραστὴς,</span> <span class='ocrx_word' id='word_1_402' title='bbox 3000 2756 3110 2812; x_wconf 82' lang='grc' dir='ltr'>ἀλλ’</span> <span class='ocrx_word' id='word_1_403' title='bbox 3145 2759 3435 2831; x_wconf 86' lang='grc' dir='ltr'>ἀκροατής.</span> <span class='ocrx_word' id='word_1_404' title='bbox 3478 2757 3637 2823; x_wconf 83' lang='grc' dir='ltr'>Μέγα</span> <span class='ocrx_word' id='word_1_405' title='bbox 3681 2755 3807 2827; x_wconf 84' lang='grc' dir='ltr'>γὰρ,</span> <span class='ocrx_word' id='word_1_406' title='bbox 3852 2757 3899 2808; x_wconf 86' lang='grc' dir='ltr'><strong>εί</strong></span> <span class='ocrx_word' id='word_1_407' title='bbox 3930 2759 4027 2808; x_wconf 73' lang='grc' dir='ltr'><strong>καὶ</strong></span> 
     </span>
    </p>
   </div>
   <div class='ocr_carea' id='block_1_59' title="bbox 2460 2848 4023 2927">
    <p class='ocr_par' dir='ltr' id='par_1_59' title="bbox 2460 2848 4023 2927">
     <span class='ocr_line' id='line_1_59' title="bbox 2460 2848 4023 2927; baseline -0.006 -19"><span class='ocrx_word' id='word_1_408' title='bbox 2460 2856 2667 2927; x_wconf 87' lang='grc' dir='ltr'>μύστης</span> <span class='ocrx_word' id='word_1_409' title='bbox 2717 2855 2825 2907; x_wconf 86' lang='grc' dir='ltr'><strong>τῶν</strong></span> <span class='ocrx_word' id='word_1_410' title='bbox 2872 2854 3136 2925; x_wconf 86' lang='grc' dir='ltr'>οὐρανίων</span> <span class='ocrx_word' id='word_1_411' title='bbox 3181 2850 3445 2921; x_wconf 77' lang='grc' dir='ltr'>ἐγενόμην</span> <span class='ocrx_word' id='word_1_412' title='bbox 3491 2849 3829 2915; x_wconf 88' lang='grc' dir='ltr'>σαλπίγγων,</span> <span class='ocrx_word' id='word_1_413' title='bbox 3880 2848 4023 2920; x_wconf 74' lang='grc' dir='ltr'>πλὴν</span> 
     </span>
    </p>
   </div>
   <div class='ocr_carea' id='block_1_60' title="bbox 2454 2939 4025 3018">
    <p class='ocr_par' dir='ltr' id='par_1_60' title="bbox 2454 2939 4025 3018">
     <span class='ocr_line' id='line_1_60' title="bbox 2454 2939 4025 3018; baseline -0.006 -15"><span class='ocrx_word' id='word_1_414' title='bbox 2454 2952 2555 3003; x_wconf 87' lang='grc' dir='ltr'><strong>ούκ</strong></span> <span class='ocrx_word' id='word_1_415' title='bbox 2582 2950 2739 3014; x_wconf 71' lang='grc' dir='ltr'>εὐθὺς</span> <span class='ocrx_word' id='word_1_416' title='bbox 2766 2951 2855 3004; x_wconf 76' lang='grc' dir='ltr'><strong>καὶ</strong></span> <span class='ocrx_word' id='word_1_417' title='bbox 2888 2949 3143 3018; x_wconf 73' lang='grc' dir='ltr'>ἐξαίφνης</span> <span class='ocrx_word' id='word_1_418' title='bbox 3174 2945 3480 3015; x_wconf 84' lang='grc' dir='ltr'>ἐνηχουσῶν</span> <span class='ocrx_word' id='word_1_419' title='bbox 3513 2942 3615 3015; x_wconf 73' lang='grc' dir='ltr'>(ἵν’</span> <span class='ocrx_word' id='word_1_420' title='bbox 3649 2939 3740 2995; x_wconf 75' lang='grc' dir='ltr'><strong>οὖν</strong></span> <span class='ocrx_word' id='word_1_421' title='bbox 3770 2941 4025 2994; x_wconf 83' lang='grc' dir='ltr'>ἐντεῦθεν</span> 
     </span>
    </p>
   </div>
   <div class='ocr_carea' id='block_1_61' title="bbox 2456 3030 4025 3113">
    <p class='ocr_par' dir='ltr' id='par_1_61' title="bbox 2456 3030 4025 3113">
     <span class='ocr_line' id='line_1_61' title="bbox 2456 3030 4025 3113; baseline -0.006 -18"><span class='ocrx_word' id='word_1_422' title='bbox 2456 3044 2545 3095; x_wconf 79' lang='grc' dir='ltr'>καὶ</span> <span class='ocrx_word' id='word_1_423' title='bbox 2565 3042 2661 3113; x_wconf 83' lang='grc' dir='ltr'><strong>τὴν</strong></span> <span class='ocrx_word' id='word_1_424' title='bbox 2684 3040 2872 3111; x_wconf 84' lang='grc' dir='ltr'>νοεράν</span> <span class='ocrx_word' id='word_1_425' title='bbox 2899 3037 3225 3107; x_wconf 80' lang='grc' dir='ltr'>ἀκουστικὴν</span> <span class='ocrx_word' id='word_1_426' title='bbox 3255 3034 3726 3105; x_wconf 73' lang='grc' dir='ltr'>παρεϐλάὅημιεν),</span> <span class='ocrx_word' id='word_1_427' title='bbox 3754 3033 3867 3086; x_wconf 85' lang='grc' dir='ltr'>ἀλλ’</span> <span class='ocrx_word' id='word_1_428' title='bbox 3898 3030 4025 3104; x_wconf 82' lang='grc' dir='ltr'>ἡρέ-</span> 
     </span>
    </p>
   </div>
   <div class='ocr_carea' id='block_1_62' title="bbox 2459 3122 4025 3203">
    <p class='ocr_par' dir='ltr' id='par_1_62' title="bbox 2459 3122 4025 3203">
     <span class='ocr_line' id='line_1_62' title="bbox 2459 3122 4025 3203; baseline -0.005 -20"><span class='ocrx_word' id='word_1_429' title='bbox 2459 3149 2565 3203; x_wconf 87' lang='grc' dir='ltr'><strong>μα,</strong></span> <span class='ocrx_word' id='word_1_430' title='bbox 2598 3132 2691 3184; x_wconf 65' lang='grc' dir='ltr'><strong>κα)⁵</strong></span> <span class='ocrx_word' id='word_1_431' title='bbox 2737 3129 2877 3183; x_wconf 83' lang='grc' dir='ltr'><strong>κατά</strong></span> <span class='ocrx_word' id='word_1_432' title='bbox 2930 3129 3120 3199; x_wconf 77' lang='grc' dir='ltr'>μικρὸν</span> <span class='ocrx_word' id='word_1_433' title='bbox 3164 3124 3603 3198; x_wconf 76' lang='grc' dir='ltr'>προὸιὸαξουσῶν</span> <span class='ocrx_word' id='word_1_434' title='bbox 3643 3122 3776 3193; x_wconf 80' lang='grc' dir='ltr'>πρὸς</span> <span class='ocrx_word' id='word_1_435' title='bbox 3819 3123 3879 3175; x_wconf 86' lang='grc' dir='ltr'>τὺ</span> <span class='ocrx_word' id='word_1_436' title='bbox 3922 3123 4025 3203; x_wconf 72' lang='grc' dir='ltr'>τῇς</span> 
     </span>
    </p>
   </div>
   <div class='ocr_carea' id='block_1_63' title="bbox 797 3192 2455 3293">
    <p class='ocr_par' dir='ltr' id='par_1_63' title="bbox 797 3192 2423 3282">
     <span class='ocr_line' id='line_1_63' title="bbox 797 3192 2423 3282; baseline -0.002 -15"><span class='ocrx_word' id='word_1_437' title='bbox 797 3215 1058 3282; x_wconf 78' lang='lat' dir='ltr'><strong>gnitionis</strong></span> <span class='ocrx_word' id='word_1_438' title='bbox 1089 3228 1304 3267; x_wconf 89' lang='lat' dir='ltr'><strong>sonum.</strong></span> <span class='ocrx_word' id='word_1_439' title='bbox 1349 3210 1447 3276; x_wconf 87' lang='lat' dir='ltr'><strong>Qui</strong></span> <span class='ocrx_word' id='word_1_440' title='bbox 1481 3223 1610 3263; x_wconf 87' lang='lat' dir='ltr'><strong>sane</strong></span> <span class='ocrx_word' id='word_1_441' title='bbox 1658 3210 1846 3263; x_wconf 87' lang='lat' dir='ltr'><strong>modus</strong></span> <span class='ocrx_word' id='word_1_442' title='bbox 1886 3218 1969 3264; x_wconf 90' lang='lat' dir='ltr'><strong>est</strong></span> <span class='ocrx_word' id='word_1_443' title='bbox 2011 3210 2239 3264; x_wconf 85' lang='lat' dir='ltr'><strong>vacandi</strong></span> <span class='ocrx_word' id='word_1_444' title='bbox 2287 3211 2353 3264; x_wconf 90' lang='lat' dir='ltr'><strong>ab</strong></span> <span class='ocrx_word' id='word_1_445' title='bbox 2379 3192 2423 3249; x_wconf 64' lang='grc' dir='ltr'><strong>(ἶ</strong></span> 
     </span>
    </p>
   </div>
   <div class='ocr_carea' id='block_1_64' title="bbox 2366 3192 4024 3293">
    <p class='ocr_par' dir='ltr' id='par_1_64' title="bbox 2379 3192 4024 3293">
     <span class='ocr_line' id='line_1_64' title="bbox 2379 3192 4024 3293; baseline 0.009 -20"><span class='ocrx_word' id='word_1_446' title='bbox 2379 3192 2423 3249; x_wconf 75' lang='lat' dir='ltr'><strong><em>C</em></strong></span> <span class='ocrx_word' id='word_1_447' title='bbox 2456 3192 2707 3293; x_wconf 72' lang='grc' dir='ltr'>γνώσεως</span> <span class='ocrx_word' id='word_1_448' title='bbox 2754 3192 3119 3291; x_wconf 55' lang='grc' dir='ltr'>ὲνηχέύτερονο</span> <span class='ocrx_word' id='word_1_449' title='bbox 3176 3192 3268 3281; x_wconf 71' lang='grc' dir='ltr'><strong>Ὃς</strong></span> <span class='ocrx_word' id='word_1_450' title='bbox 3321 3218 3385 3288; x_wconf 74' lang='grc' dir='ltr'><strong>δὴ</strong></span> <span class='ocrx_word' id='word_1_451' title='bbox 3432 3217 3632 3287; x_wconf 71' lang='grc' dir='ltr'>τρόπος</span> <span class='ocrx_word' id='word_1_452' title='bbox 3672 3192 3861 3285; x_wconf 68' lang='grc' dir='ltr'><strong>ἀχολῆς</strong></span> <span class='ocrx_word' id='word_1_453' title='bbox 3913 3194 4024 3267; x_wconf 43' lang='grc' dir='ltr'>ἀίτδ</span> 
     </span>
    </p>
   </div>
   <div class='ocr_carea' id='block_1_65' title="bbox 796 3298 2355 3368">
    <p class='ocr_par' dir='ltr' id='par_1_65' title="bbox 796 3298 2355 3368">
     <span class='ocr_line' id='line_1_65' title="bbox 796 3298 2355 3368; baseline -0.003 -10"><span class='ocrx_word' id='word_1_454' title='bbox 796 3306 1071 3368; x_wconf 87' lang='lat' dir='ltr'><strong>omnibus,</strong></span> <span class='ocrx_word' id='word_1_455' title='bbox 1120 3313 1173 3355; x_wconf 89' lang='lat' dir='ltr'><strong>et</strong></span> <span class='ocrx_word' id='word_1_456' title='bbox 1221 3301 1548 3355; x_wconf 83' lang='lat' dir='ltr'><strong>intellectum</strong></span> <span class='ocrx_word' id='word_1_457' title='bbox 1596 3298 1898 3367; x_wconf 87' lang='lat' dir='ltr'><strong>applicandi</strong></span> <span class='ocrx_word' id='word_1_458' title='bbox 1946 3300 2012 3353; x_wconf 90' lang='lat' dir='ltr'><strong>ad</strong></span> <span class='ocrx_word' id='word_1_459' title='bbox 2054 3314 2139 3355; x_wconf 89' lang='lat' dir='ltr'><strong>res</strong></span> <span class='ocrx_word' id='word_1_460' title='bbox 2185 3301 2355 3353; x_wconf 79' lang='lat' dir='ltr'><strong>maxi-</strong></span> 
     </span>
    </p>
   </div>
   <div class='ocr_carea' id='block_1_66' title="bbox 798 3391 2356 3461">
    <p class='ocr_par' dir='ltr' id='par_1_66' title="bbox 798 3391 2356 3461">
     <span class='ocr_line' id='line_1_66' title="bbox 798 3391 2356 3461; baseline -0.001 -14"><span class='ocrx_word' id='word_1_461' title='bbox 798 3411 932 3460; x_wconf 82' lang='lat' dir='ltr'><strong>mas,</strong></span> <span class='ocrx_word' id='word_1_462' title='bbox 982 3395 1182 3450; x_wconf 77' lang='lat' dir='ltr'><strong>sensim</strong></span> <span class='ocrx_word' id='word_1_463' title='bbox 1230 3393 1317 3447; x_wconf 88' lang='lat' dir='ltr'><strong>illa</strong></span> <span class='ocrx_word' id='word_1_464' title='bbox 1348 3407 1468 3461; x_wconf 80' lang='lat' dir='ltr'><strong>qua:</strong></span> <span class='ocrx_word' id='word_1_465' title='bbox 1516 3391 1891 3460; x_wconf 83' lang='lat' dir='ltr'><strong>intelliguntur</strong></span> <span class='ocrx_word' id='word_1_466' title='bbox 1935 3391 2258 3460; x_wconf 75' lang='lat' dir='ltr'><strong>subigendo,</strong></span> <span class='ocrx_word' id='word_1_467' title='bbox 2301 3400 2356 3446; x_wconf 88' lang='lat' dir='ltr'><strong>et</strong></span> 
     </span>
    </p>
   </div>
   <div class='ocr_carea' id='block_1_67' title="bbox 797 3483 2354 3555">
    <p class='ocr_par' dir='ltr' id='par_1_67' title="bbox 797 3483 2354 3555">
     <span class='ocr_line' id='line_1_67' title="bbox 797 3483 2354 3555; baseline -0.003 -16"><span class='ocrx_word' id='word_1_468' title='bbox 797 3488 1013 3540; x_wconf 89' lang='lat' dir='ltr'><strong>tandem</strong></span> <span class='ocrx_word' id='word_1_469' title='bbox 1068 3484 1364 3555; x_wconf 77' lang='lat' dir='ltr'><strong>perfectam</strong></span> <span class='ocrx_word' id='word_1_470' title='bbox 1413 3483 1773 3553; x_wconf 81' lang='lat' dir='ltr'><strong>cognitiOnem</strong></span> <span class='ocrx_word' id='word_1_471' title='bbox 1827 3498 1949 3535; x_wconf 88' lang='lat' dir='ltr'><strong>cum</strong></span> <span class='ocrx_word' id='word_1_472' title='bbox 1997 3493 2354 3552; x_wconf 82' lang='lat' dir='ltr'><strong>cognoscente</strong></span> 
     </span>
    </p>
   </div>
   <div class='ocr_carea' id='block_1_68' title="bbox 796 3575 2355 3649">
    <p class='ocr_par' dir='ltr' id='par_1_68' title="bbox 796 3575 2355 3649">
     <span class='ocr_line' id='line_1_68' title="bbox 796 3575 2355 3649; baseline -0.004 -14"><span class='ocrx_word' id='word_1_473' title='bbox 796 3578 1120 3649; x_wconf 88' lang='lat' dir='ltr'><strong>copulando.</strong></span> <span class='ocrx_word' id='word_1_474' title='bbox 1155 3577 1263 3631; x_wconf 87' lang='lat' dir='ltr'><strong>Hoc</strong></span> <span class='ocrx_word' id='word_1_475' title='bbox 1294 3587 1473 3631; x_wconf 87' lang='lat' dir='ltr'><strong>autem</strong></span> <span class='ocrx_word' id='word_1_476' title='bbox 1508 3576 1637 3629; x_wconf 90' lang='lat' dir='ltr'><strong>mibi</strong></span> <span class='ocrx_word' id='word_1_477' title='bbox 1669 3575 1898 3629; x_wconf 85' lang='lat' dir='ltr'><strong>contulit</strong></span> <span class='ocrx_word' id='word_1_478' title='bbox 1943 3576 2201 3644; x_wconf 84' lang='lat' dir='ltr'><strong>propositi</strong></span> <span class='ocrx_word' id='word_1_479' title='bbox 2244 3589 2355 3629; x_wconf 86' lang='lat' dir='ltr'><strong>sco-</strong></span> 
     </span>
    </p>
   </div>
   <div class='ocr_carea' id='block_1_69' title="bbox 796 3665 2354 3739">
    <p class='ocr_par' dir='ltr' id='par_1_69' title="bbox 796 3665 2354 3739">
     <span class='ocr_line' id='line_1_69' title="bbox 796 3665 2354 3739; baseline -0.004 -14"><span class='ocrx_word' id='word_1_480' title='bbox 796 3687 923 3738; x_wconf 84' lang='lat' dir='ltr'><strong>pus,</strong></span> <span class='ocrx_word' id='word_1_481' title='bbox 955 3672 1079 3724; x_wconf 90' lang='lat' dir='ltr'><strong>dum</strong></span> <span class='ocrx_word' id='word_1_482' title='bbox 1112 3668 1319 3739; x_wconf 87' lang='lat' dir='ltr'><strong>singula</strong></span> <span class='ocrx_word' id='word_1_483' title='bbox 1350 3668 1639 3721; x_wconf 89' lang='lat' dir='ltr'><strong>considero</strong></span> <span class='ocrx_word' id='word_1_484' title='bbox 1682 3679 1803 3733; x_wconf 64' lang='lat' dir='ltr'><strong>qua</strong></span> <span class='ocrx_word' id='word_1_485' title='bbox 1844 3665 2117 3719; x_wconf 90' lang='lat' dir='ltr'><strong>dicuntur.</strong></span> <span class='ocrx_word' id='word_1_486' title='bbox 2169 3665 2354 3735; x_wconf 85' lang='lat' dir='ltr'><strong>Neque</strong></span> 
     </span>
    </p>
   </div>
   <div class='ocr_carea' id='block_1_70' title="bbox 797 3756 2355 3830">
    <p class='ocr_par' dir='ltr' id='par_1_70' title="bbox 797 3756 2355 3830">
     <span class='ocr_line' id='line_1_70' title="bbox 797 3756 2355 3830; baseline -0.004 -14"><span class='ocrx_word' id='word_1_487' title='bbox 797 3765 979 3816; x_wconf 64' lang='lat' dir='ltr'><strong>minus</strong></span> <span class='ocrx_word' id='word_1_488' title='bbox 1002 3763 1144 3830; x_wconf 84' lang='lat' dir='ltr'><strong>quod</strong></span> <span class='ocrx_word' id='word_1_489' title='bbox 1180 3760 1342 3813; x_wconf 87' lang='lat' dir='ltr'><strong>etiam</strong></span> <span class='ocrx_word' id='word_1_490' title='bbox 1373 3756 1705 3816; x_wconf 87' lang='lat' dir='ltr'><strong>addendum,</strong></span> <span class='ocrx_word' id='word_1_491' title='bbox 1736 3757 1875 3823; x_wconf 88' lang='lat' dir='ltr'><strong>quod</strong></span> <span class='ocrx_word' id='word_1_492' title='bbox 1908 3769 2231 3824; x_wconf 85' lang='lat' dir='ltr'><strong>magnopere</strong></span> <span class='ocrx_word' id='word_1_493' title='bbox 2259 3759 2355 3810; x_wconf 81' lang='lat' dir='ltr'><strong>ad-</strong></span> 
     </span>
    </p>
   </div>
   <div class='ocr_carea' id='block_1_71' title="bbox 795 3846 2351 3924">
    <p class='ocr_par' dir='ltr' id='par_1_71' title="bbox 795 3846 2351 3924">
     <span class='ocr_line' id='line_1_71' title="bbox 795 3846 2351 3924; baseline -0.003 -17"><span class='ocrx_word' id='word_1_494' title='bbox 795 3855 945 3924; x_wconf 84' lang='lat' dir='ltr'><strong>jutus</strong></span> <span class='ocrx_word' id='word_1_495' title='bbox 967 3854 1095 3916; x_wconf 89' lang='lat' dir='ltr'><strong>sim,</strong></span> <span class='ocrx_word' id='word_1_496' title='bbox 1126 3851 1749 3919; x_wconf 87' lang='lat' dir='ltr'><strong>antiquiores,tanquam</strong></span> <span class='ocrx_word' id='word_1_497' title='bbox 1786 3846 1967 3915; x_wconf 87' lang='lat' dir='ltr'><strong>populi</strong></span> <span class='ocrx_word' id='word_1_498' title='bbox 1998 3847 2267 3911; x_wconf 88' lang='lat' dir='ltr'><strong>seniores,</strong></span> <span class='ocrx_word' id='word_1_499' title='bbox 2298 3849 2351 3902; x_wconf 87' lang='lat' dir='ltr'><strong>in</strong></span> 
     </span>
    </p>
   </div>
   <div class='ocr_carea' id='block_1_72' title="bbox 800 3939 2349 4008">
    <p class='ocr_par' dir='ltr' id='par_1_72' title="bbox 800 3939 2349 4008">
     <span class='ocr_line' id='line_1_72' title="bbox 800 3939 2349 4008; baseline -0.002 -13"><span class='ocrx_word' id='word_1_500' title='bbox 800 3959 1024 3997; x_wconf 87' lang='lat' dir='ltr'><strong>ascensu</strong></span> <span class='ocrx_word' id='word_1_501' title='bbox 1056 3944 1122 3996; x_wconf 86' lang='lat' dir='ltr'><strong>ad</strong></span> <span class='ocrx_word' id='word_1_502' title='bbox 1149 3943 1389 3996; x_wconf 88' lang='lat' dir='ltr'><strong>divinum</strong></span> <span class='ocrx_word' id='word_1_503' title='bbox 1418 3939 1757 4008; x_wconf 71' lang='lat' dir='ltr'><strong>mystagogiae</strong></span> <span class='ocrx_word' id='word_1_504' title='bbox 1786 3949 2025 3991; x_wconf 82' lang='lat' dir='ltr'><strong>montem</strong></span> <span class='ocrx_word' id='word_1_505' title='bbox 2055 3939 2349 4006; x_wconf 87' lang='lat' dir='ltr'><strong>sequendo.</strong></span> 
     </span>
    </p>
   </div>
   <div class='ocr_carea' id='block_1_73' title="bbox 799 4028 2348 4104">
    <p class='ocr_par' dir='ltr' id='par_1_73' title="bbox 799 4028 2348 4104">
     <span class='ocr_line' id='line_1_73' title="bbox 799 4028 2348 4104; baseline -0.006 -14"><span class='ocrx_word' id='word_1_506' title='bbox 799 4038 907 4104; x_wconf 80' lang='lat' dir='ltr'><strong>Qui</strong></span> <span class='ocrx_word' id='word_1_507' title='bbox 935 4051 1067 4091; x_wconf 82' lang='lat' dir='ltr'><strong>sane</strong></span> <span class='ocrx_word' id='word_1_508' title='bbox 1097 4035 1222 4087; x_wconf 92' lang='lat' dir='ltr'><strong>dum</strong></span> <span class='ocrx_word' id='word_1_509' title='bbox 1262 4032 1447 4087; x_wconf 78' lang='lat' dir='ltr'><strong>Sancti</strong></span> <span class='ocrx_word' id='word_1_510' title='bbox 1492 4029 1648 4096; x_wconf 83' lang='lat' dir='ltr'><strong>hujus</strong></span> <span class='ocrx_word' id='word_1_511' title='bbox 1669 4029 1869 4096; x_wconf 88' lang='lat' dir='ltr'><strong>scripta</strong></span> <span class='ocrx_word' id='word_1_512' title='bbox 1904 4028 2348 4096; x_wconf 85' lang='lat' dir='ltr'><strong>interpretantur,</strong></span> 
     </span>
    </p>
   </div>
   <div class='ocr_carea' id='block_1_74' title="bbox 798 4123 2353 4192">
    <p class='ocr_par' dir='ltr' id='par_1_74' title="bbox 798 4123 2353 4192">
     <span class='ocr_line' id='line_1_74' title="bbox 798 4123 2353 4192; baseline -0.003 -12"><span class='ocrx_word' id='word_1_513' title='bbox 798 4132 937 4182; x_wconf 85' lang='lat' dir='ltr'><strong>viam</strong></span> <span class='ocrx_word' id='word_1_514' title='bbox 964 4141 1029 4180; x_wconf 90' lang='lat' dir='ltr'><strong>eo</strong></span> <span class='ocrx_word' id='word_1_515' title='bbox 1055 4123 1363 4180; x_wconf 85' lang='lat' dir='ltr'><strong>tendentem</strong></span> <span class='ocrx_word' id='word_1_516' title='bbox 1394 4124 1523 4177; x_wconf 83' lang='lat' dir='ltr'><strong>mibi</strong></span> <span class='ocrx_word' id='word_1_517' title='bbox 1559 4132 1925 4192; x_wconf 70' lang='lat' dir='ltr'><strong>esposuerunt</strong></span> <span class='ocrx_word' id='word_1_518' title='bbox 1944 4162 1959 4188; x_wconf 91' lang='lat'><strong>,</strong></span> <span class='ocrx_word' id='word_1_519' title='bbox 1990 4138 2053 4175; x_wconf 84' lang='lat' dir='ltr'><strong>ac</strong></span> <span class='ocrx_word' id='word_1_520' title='bbox 2083 4135 2167 4174; x_wconf 87' lang='lat' dir='ltr'><strong>me</strong></span> <span class='ocrx_word' id='word_1_521' title='bbox 2197 4136 2353 4175; x_wconf 88' lang='lat' dir='ltr'><strong>secu-</strong></span> 
     </span>
    </p>
   </div>
   <div class='ocr_carea' id='block_1_75' title="bbox 801 4211 2352 4283">
    <p class='ocr_par' dir='ltr' id='par_1_75' title="bbox 801 4211 2352 4283">
     <span class='ocr_line' id='line_1_75' title="bbox 801 4211 2352 4283; baseline -0.005 -8"><span class='ocrx_word' id='word_1_522' title='bbox 801 4236 920 4275; x_wconf 91' lang='lat' dir='ltr'><strong>rum</strong></span> <span class='ocrx_word' id='word_1_523' title='bbox 953 4218 1335 4280; x_wconf 85' lang='lat' dir='ltr'><strong>reddiderunt;</strong></span> <span class='ocrx_word' id='word_1_524' title='bbox 1384 4214 1733 4283; x_wconf 88' lang='lat' dir='ltr'><strong>quamobrem</strong></span> <span class='ocrx_word' id='word_1_525' title='bbox 1762 4213 1927 4267; x_wconf 87' lang='lat' dir='ltr'><strong>etiam</strong></span> <span class='ocrx_word' id='word_1_526' title='bbox 1959 4211 2233 4277; x_wconf 88' lang='lat' dir='ltr'><strong>contendi,</strong></span> <span class='ocrx_word' id='word_1_527' title='bbox 2265 4211 2352 4267; x_wconf 86' lang='lat' dir='ltr'><strong>do-</strong></span> 
     </span>
    </p>
   </div>
   <div class='ocr_carea' id='block_1_76' title="bbox 799 4305 2352 4382">
    <p class='ocr_par' dir='ltr' id='par_1_76' title="bbox 799 4305 2352 4382">
     <span class='ocr_line' id='line_1_76' title="bbox 799 4305 2352 4382; baseline -0.007 -14"><span class='ocrx_word' id='word_1_528' title='bbox 799 4329 898 4368; x_wconf 93' lang='lat' dir='ltr'><strong>nec</strong></span> <span class='ocrx_word' id='word_1_529' title='bbox 950 4311 1312 4382; x_wconf 85' lang='lat' dir='ltr'><strong>pertingerem</strong></span> <span class='ocrx_word' id='word_1_530' title='bbox 1359 4322 1423 4361; x_wconf 86' lang='lat' dir='ltr'><strong>eo</strong></span> <span class='ocrx_word' id='word_1_531' title='bbox 1462 4320 1572 4376; x_wconf 92' lang='lat' dir='ltr'><strong>quo</strong></span> <span class='ocrx_word' id='word_1_532' title='bbox 1623 4305 1929 4374; x_wconf 86' lang='lat' dir='ltr'><strong>pertingere</strong></span> <span class='ocrx_word' id='word_1_533' title='bbox 1978 4313 2251 4374; x_wconf 91' lang='lat' dir='ltr'><strong>poteram,</strong></span> <span class='ocrx_word' id='word_1_534' title='bbox 2298 4314 2352 4357; x_wconf 90' lang='lat' dir='ltr'><strong>et</strong></span> 
     </span>
    </p>
   </div>
   <div class='ocr_carea' id='block_1_77' title="bbox 796 4396 2354 4473">
    <p class='ocr_par' dir='ltr' id='par_1_77' title="bbox 796 4396 2354 4473">
     <span class='ocr_line' id='line_1_77' title="bbox 796 4396 2354 4473; baseline -0.006 -15"><span class='ocrx_word' id='word_1_535' title='bbox 796 4420 905 4471; x_wconf 83' lang='lat' dir='ltr'><strong>quo</strong></span> <span class='ocrx_word' id='word_1_536' title='bbox 934 4402 1173 4473; x_wconf 89' lang='lat' dir='ltr'><strong>perveni.</strong></span> <span class='ocrx_word' id='word_1_537' title='bbox 1210 4400 1266 4454; x_wconf 86' lang='lat' dir='ltr'><strong>Si</strong></span> <span class='ocrx_word' id='word_1_538' title='bbox 1290 4400 1508 4468; x_wconf 88' lang='lat' dir='ltr'><strong>quidem</strong></span> <span class='ocrx_word' id='word_1_539' title='bbox 1539 4412 1739 4467; x_wconf 85' lang='lat' dir='ltr'><strong>prope,</strong></span> <span class='ocrx_word' id='word_1_540' title='bbox 1768 4407 1825 4451; x_wconf 91' lang='lat' dir='ltr'><strong>ut</strong></span> <span class='ocrx_word' id='word_1_541' title='bbox 1850 4410 2040 4465; x_wconf 84' lang='lat' dir='ltr'><strong>spero,</strong></span> <span class='ocrx_word' id='word_1_542' title='bbox 2076 4396 2249 4467; x_wconf 77' lang='lat' dir='ltr'><strong>gratia</strong></span> <span class='ocrx_word' id='word_1_543' title='bbox 2284 4396 2354 4450; x_wconf 81' lang='lat' dir='ltr'><strong>sit</strong></span> 
     </span>
    </p>
   </div>
   <div class='ocr_carea' id='block_1_78' title="bbox 796 4488 2354 4564">
    <p class='ocr_par' dir='ltr' id='par_1_78' title="bbox 796 4488 2354 4564">
     <span class='ocr_line' id='line_1_78' title="bbox 796 4488 2354 4564; baseline -0.007 -12"><span class='ocrx_word' id='word_1_544' title='bbox 796 4500 926 4560; x_wconf 84' lang='lat' dir='ltr'><strong>Deo,</strong></span> <span class='ocrx_word' id='word_1_545' title='bbox 955 4512 984 4549; x_wconf 90' lang='lat' dir='ltr'><strong>a</strong></span> <span class='ocrx_word' id='word_1_546' title='bbox 1013 4510 1121 4564; x_wconf 93' lang='lat' dir='ltr'><strong>quo</strong></span> <span class='ocrx_word' id='word_1_547' title='bbox 1150 4507 1313 4549; x_wconf 90' lang='lat' dir='ltr'><strong>omne</strong></span> <span class='ocrx_word' id='word_1_548' title='bbox 1332 4491 1474 4561; x_wconf 91' lang='lat' dir='ltr'><strong>quod</strong></span> <span class='ocrx_word' id='word_1_549' title='bbox 1504 4492 1571 4544; x_wconf 87' lang='lat' dir='ltr'><strong>ab</strong></span> <span class='ocrx_word' id='word_1_550' title='bbox 1617 4489 1926 4545; x_wconf 84' lang='lat' dir='ltr'><strong>hominibus</strong></span> <span class='ocrx_word' id='word_1_551' title='bbox 1956 4488 2091 4543; x_wconf 87' lang='lat' dir='ltr'><strong>bene</strong></span> <span class='ocrx_word' id='word_1_552' title='bbox 2124 4488 2203 4553; x_wconf 82' lang='lat' dir='ltr'><strong>lit,</strong></span> <span class='ocrx_word' id='word_1_553' title='bbox 2236 4502 2354 4557; x_wconf 89' lang='lat' dir='ltr'><strong>gra-</strong></span> 
     </span>
    </p>
   </div>
   <div class='ocr_carea' id='block_1_79' title="bbox 798 4579 2353 4652">
    <p class='ocr_par' dir='ltr' id='par_1_79' title="bbox 798 4579 2353 4652">
     <span class='ocr_line' id='line_1_79' title="bbox 798 4579 2353 4652; baseline -0.006 -9"><span class='ocrx_word' id='word_1_554' title='bbox 798 4592 867 4644; x_wconf 85' lang='lat' dir='ltr'><strong>tia</strong></span> <span class='ocrx_word' id='word_1_555' title='bbox 904 4590 1032 4643; x_wconf 90' lang='lat' dir='ltr'><strong>item</strong></span> <span class='ocrx_word' id='word_1_556' title='bbox 1058 4588 1162 4641; x_wconf 88' lang='lat' dir='ltr'><strong>tuis</strong></span> <span class='ocrx_word' id='word_1_557' title='bbox 1190 4584 1392 4639; x_wconf 80' lang='lat' dir='ltr'><strong>sanctis</strong></span> <span class='ocrx_word' id='word_1_558' title='bbox 1414 4583 1687 4652; x_wconf 85' lang='lat' dir='ltr'><strong>precibus,</strong></span> <span class='ocrx_word' id='word_1_559' title='bbox 1710 4581 1904 4650; x_wconf 84' lang='lat' dir='ltr'><strong>quibus</strong></span> <span class='ocrx_word' id='word_1_560' title='bbox 1933 4579 2125 4645; x_wconf 77' lang='lat' dir='ltr'><strong>fretus,</strong></span> <span class='ocrx_word' id='word_1_561' title='bbox 2156 4581 2223 4635; x_wconf 84' lang='lat' dir='ltr'><strong>ad</strong></span> <span class='ocrx_word' id='word_1_562' title='bbox 2253 4581 2353 4634; x_wconf 80' lang='lat' dir='ltr'><strong>hoc</strong></span> 
     </span>
    </p>
   </div>
   <div class='ocr_carea' id='block_1_80' title="bbox 796 4671 2353 4749">
    <p class='ocr_par' dir='ltr' id='par_1_80' title="bbox 796 4671 2353 4749">
     <span class='ocr_line' id='line_1_80' title="bbox 796 4671 2353 4749; baseline -0.005 -16"><span class='ocrx_word' id='word_1_563' title='bbox 796 4695 929 4749; x_wconf 89' lang='lat' dir='ltr'><strong>opus</strong></span> <span class='ocrx_word' id='word_1_564' title='bbox 972 4693 1059 4732; x_wconf 91' lang='lat' dir='ltr'><strong>me</strong></span> <span class='ocrx_word' id='word_1_565' title='bbox 1100 4676 1331 4738; x_wconf 82' lang='lat' dir='ltr'><strong>accinxi,</strong></span> <span class='ocrx_word' id='word_1_566' title='bbox 1376 4685 1430 4728; x_wconf 91' lang='lat' dir='ltr'><strong>et</strong></span> <span class='ocrx_word' id='word_1_567' title='bbox 1477 4674 1676 4742; x_wconf 86' lang='lat' dir='ltr'><strong>quibus</strong></span> <span class='ocrx_word' id='word_1_568' title='bbox 1715 4672 1965 4737; x_wconf 86' lang='lat' dir='ltr'><strong>adjutus,</strong></span> <span class='ocrx_word' id='word_1_569' title='bbox 1998 4686 2103 4726; x_wconf 91' lang='lat' dir='ltr'><strong>non</strong></span> <span class='ocrx_word' id='word_1_570' title='bbox 2134 4671 2353 4726; x_wconf 81' lang='lat' dir='ltr'><strong>omnino</strong></span> 
     </span>
    </p>
   </div>
   <div class='ocr_carea' id='block_1_81' title="bbox 794 4766 1573 4840">
    <p class='ocr_par' dir='ltr' id='par_1_81' title="bbox 794 4766 1573 4840">
     <span class='ocr_line' id='line_1_81' title="bbox 794 4766 1573 4840; baseline -0.013 -14"><span class='ocrx_word' id='word_1_571' title='bbox 794 4769 982 4840; x_wconf 90' lang='lat' dir='ltr'><strong>procul</strong></span> <span class='ocrx_word' id='word_1_572' title='bbox 1013 4784 1043 4823; x_wconf 90' lang='lat' dir='ltr'><strong>a</strong></span> <span class='ocrx_word' id='word_1_573' title='bbox 1075 4772 1273 4823; x_wconf 89' lang='lat' dir='ltr'><strong>decoro</strong></span> <span class='ocrx_word' id='word_1_574' title='bbox 1301 4766 1573 4820; x_wconf 85' lang='lat' dir='ltr'><strong>aberravi.</strong></span> 
     </span>
    </p>
   </div>
   <div class='ocr_carea' id='block_1_82' title="bbox 870 4854 2355 4929">
    <p class='ocr_par' dir='ltr' id='par_1_82' title="bbox 870 4854 2355 4929">
     <span class='ocr_line' id='line_1_82' title="bbox 870 4854 2355 4929; baseline -0.003 -17"><span class='ocrx_word' id='word_1_575' title='bbox 870 4862 1023 4928; x_wconf 81' lang='lat' dir='ltr'><strong>Quod</strong></span> <span class='ocrx_word' id='word_1_576' title='bbox 1053 4860 1097 4915; x_wconf 81' lang='lat' dir='ltr'><strong>si</strong></span> <span class='ocrx_word' id='word_1_577' title='bbox 1123 4864 1225 4915; x_wconf 84' lang='lat' dir='ltr'><strong>hoc</strong></span> <span class='ocrx_word' id='word_1_578' title='bbox 1250 4858 1465 4929; x_wconf 86' lang='lat' dir='ltr'><strong>quidem</strong></span> <span class='ocrx_word' id='word_1_579' title='bbox 1500 4871 1628 4924; x_wconf 85' lang='lat' dir='ltr'><strong>non,</strong></span> <span class='ocrx_word' id='word_1_580' title='bbox 1659 4857 1752 4911; x_wconf 81' lang='lat' dir='ltr'><strong>sed</strong></span> <span class='ocrx_word' id='word_1_581' title='bbox 1776 4855 1997 4911; x_wconf 83' lang='lat' dir='ltr'><strong>omnino</strong></span> <span class='ocrx_word' id='word_1_582' title='bbox 2029 4855 2213 4911; x_wconf 85' lang='lat' dir='ltr'><strong>videar</strong></span> <span class='ocrx_word' id='word_1_583' title='bbox 2241 4854 2355 4910; x_wconf 87' lang='lat' dir='ltr'><strong>inu-</strong></span> 
     </span>
    </p>
   </div>
   <div class='ocr_carea' id='block_1_83' title="bbox 796 4944 2352 5023">
    <p class='ocr_par' dir='ltr' id='par_1_83' title="bbox 796 4944 2352 5023">
     <span class='ocr_line' id='line_1_83' title="bbox 796 4944 2352 5023; baseline -0.009 -11"><span class='ocrx_word' id='word_1_584' title='bbox 796 4956 907 5012; x_wconf 85' lang='lat' dir='ltr'><strong>tilis</strong></span> <span class='ocrx_word' id='word_1_585' title='bbox 958 4963 1012 5009; x_wconf 85' lang='lat' dir='ltr'><strong>et</strong></span> <span class='ocrx_word' id='word_1_586' title='bbox 1066 4952 1472 5023; x_wconf 89' lang='lat' dir='ltr'><strong>reprobandus,</strong></span> <span class='ocrx_word' id='word_1_587' title='bbox 1526 4952 1654 5018; x_wconf 85' lang='lat' dir='ltr'><strong>quid</strong></span> <span class='ocrx_word' id='word_1_588' title='bbox 1720 4948 1829 5019; x_wconf 85' lang='lat' dir='ltr'><strong>pati</strong></span> <span class='ocrx_word' id='word_1_589' title='bbox 1888 4955 2118 5014; x_wconf 88' lang='lat' dir='ltr'><strong>oportet,</strong></span> <span class='ocrx_word' id='word_1_590' title='bbox 2178 4944 2352 5000; x_wconf 83' lang='lat' dir='ltr'><strong>sicubi</strong></span> 
     </span>
    </p>
   </div>
   <div class='ocr_carea' id='block_1_84' title="bbox 794 5037 2351 5121">
    <p class='ocr_par' dir='ltr' id='par_1_84' title="bbox 794 5037 2351 5121">
     <span class='ocr_line' id='line_1_84' title="bbox 794 5037 2351 5121; baseline -0.01 -18"><span class='ocrx_word' id='word_1_591' title='bbox 794 5048 1040 5121; x_wconf 79' lang='lat' dir='ltr'><strong>plurimis</strong></span> <span class='ocrx_word' id='word_1_592' title='bbox 1099 5047 1310 5099; x_wconf 67' lang='lat' dir='ltr'><strong>baarens</strong></span> <span class='ocrx_word' id='word_1_593' title='bbox 1389 5039 1791 5096; x_wconf 81' lang='lat' dir='ltr'><strong>diﬂicultatibus</strong></span> <span class='ocrx_word' id='word_1_594' title='bbox 1849 5047 2069 5107; x_wconf 87' lang='lat' dir='ltr'><strong>propter</strong></span> <span class='ocrx_word' id='word_1_595' title='bbox 2129 5037 2351 5104; x_wconf 63' lang='lat' dir='ltr'><strong>imperio</strong></span> 
     </span>
    </p>
   </div>
   <div class='ocr_carea' id='block_1_85' title="bbox 796 5130 2348 5208">
    <p class='ocr_par' dir='ltr' id='par_1_85' title="bbox 796 5130 2348 5208">
     <span class='ocr_line' id='line_1_85' title="bbox 796 5130 2348 5208; baseline -0.01 -12"><span class='ocrx_word' id='word_1_596' title='bbox 796 5144 923 5197; x_wconf 89' lang='lat' dir='ltr'><strong>tiam</strong></span> <span class='ocrx_word' id='word_1_597' title='bbox 966 5139 1237 5208; x_wconf 87' lang='lat' dir='ltr'><strong>quidpiam</strong></span> <span class='ocrx_word' id='word_1_598' title='bbox 1271 5139 1407 5190; x_wconf 76' lang='lat' dir='ltr'><strong>forte</strong></span> <span class='ocrx_word' id='word_1_599' title='bbox 1466 5148 1571 5189; x_wconf 90' lang='lat' dir='ltr'><strong>non</strong></span> <span class='ocrx_word' id='word_1_600' title='bbox 1621 5143 1765 5188; x_wconf 87' lang='lat' dir='ltr'><strong>recte</strong></span> <span class='ocrx_word' id='word_1_601' title='bbox 1810 5132 2007 5202; x_wconf 79' lang='lat' dir='ltr'><strong>attigi?</strong></span> <span class='ocrx_word' id='word_1_602' title='bbox 2037 5133 2138 5185; x_wconf 84' lang='lat' dir='ltr'><strong>hoc</strong></span> <span class='ocrx_word' id='word_1_603' title='bbox 2175 5130 2348 5199; x_wconf 79' lang='lat' dir='ltr'><strong>ipsum</strong></span> 
     </span>
    </p>
   </div>
   <div class='ocr_carea' id='block_1_86' title="bbox 794 5222 2353 5304">
    <p class='ocr_par' dir='ltr' id='par_1_86' title="bbox 794 5222 2353 5304">
     <span class='ocr_line' id='line_1_86' title="bbox 794 5222 2353 5304; baseline -0.01 -15"><span class='ocrx_word' id='word_1_604' title='bbox 794 5249 924 5289; x_wconf 83' lang='lat' dir='ltr'><strong>sane</strong></span> <span class='ocrx_word' id='word_1_605' title='bbox 942 5247 1039 5304; x_wconf 78' lang='lat' dir='ltr'><strong>pro</strong></span> <span class='ocrx_word' id='word_1_606' title='bbox 1061 5230 1201 5286; x_wconf 86' lang='lat' dir='ltr'><strong>virili</strong></span> <span class='ocrx_word' id='word_1_607' title='bbox 1223 5228 1381 5284; x_wconf 89' lang='lat' dir='ltr'><strong>simul</strong></span> <span class='ocrx_word' id='word_1_608' title='bbox 1401 5229 1452 5281; x_wconf 89' lang='lat' dir='ltr'><strong>in</strong></span> <span class='ocrx_word' id='word_1_609' title='bbox 1478 5227 1709 5280; x_wconf 87' lang='lat' dir='ltr'><strong>medium</strong></span> <span class='ocrx_word' id='word_1_610' title='bbox 1732 5224 1974 5295; x_wconf 79' lang='lat' dir='ltr'><strong>proferre</strong></span> <span class='ocrx_word' id='word_1_611' title='bbox 2004 5222 2225 5277; x_wconf 90' lang='lat' dir='ltr'><strong>minime</strong></span> <span class='ocrx_word' id='word_1_612' title='bbox 2260 5235 2353 5274; x_wconf 78' lang='lat' dir='ltr'><strong>ne-</strong></span> 
     </span>
    </p>
   </div>
   <div class='ocr_carea' id='block_1_87' title="bbox 794 5314 2350 5395">
    <p class='ocr_par' dir='ltr' id='par_1_87' title="bbox 794 5314 2350 5395">
     <span class='ocr_line' id='line_1_87' title="bbox 794 5314 2350 5395; baseline -0.01 -14"><span class='ocrx_word' id='word_1_613' title='bbox 794 5326 956 5395; x_wconf 82' lang='lat' dir='ltr'><strong>glexi.</strong></span> <span class='ocrx_word' id='word_1_614' title='bbox 981 5325 1060 5379; x_wconf 84' lang='lat' dir='ltr'><strong>Tu</strong></span> <span class='ocrx_word' id='word_1_615' title='bbox 1084 5337 1212 5377; x_wconf 88' lang='lat' dir='ltr'><strong>vero</strong></span> <span class='ocrx_word' id='word_1_616' title='bbox 1240 5322 1419 5374; x_wconf 88' lang='lat' dir='ltr'><strong>anima</strong></span> <span class='ocrx_word' id='word_1_617' title='bbox 1453 5332 1549 5387; x_wconf 89' lang='lat' dir='ltr'><strong>per</strong></span> <span class='ocrx_word' id='word_1_618' title='bbox 1581 5319 1761 5370; x_wconf 80' lang='lat' dir='ltr'><strong>omnia</strong></span> <span class='ocrx_word' id='word_1_619' title='bbox 1795 5316 1961 5370; x_wconf 88' lang='lat' dir='ltr'><strong>Deum</strong></span> <span class='ocrx_word' id='word_1_620' title='bbox 1986 5314 2226 5378; x_wconf 86' lang='lat' dir='ltr'><strong>imitans,</strong></span> <span class='ocrx_word' id='word_1_621' title='bbox 2245 5327 2350 5367; x_wconf 89' lang='lat' dir='ltr'><strong>non</strong></span> 
     </span>
    </p>
   </div>
   <div class='ocr_carea' id='block_1_88' title="bbox 796 5407 2351 5488">
    <p class='ocr_par' dir='ltr' id='par_1_88' title="bbox 796 5407 2351 5488">
     <span class='ocr_line' id='line_1_88' title="bbox 796 5407 2351 5488; baseline -0.011 -15"><span class='ocrx_word' id='word_1_622' title='bbox 796 5419 848 5473; x_wconf 91' lang='lat' dir='ltr'><strong>id</strong></span> <span class='ocrx_word' id='word_1_623' title='bbox 877 5418 1018 5488; x_wconf 90' lang='lat' dir='ltr'><strong>quod</strong></span> <span class='ocrx_word' id='word_1_624' title='bbox 1048 5431 1114 5470; x_wconf 78' lang='lat' dir='ltr'><strong>ex</strong></span> <span class='ocrx_word' id='word_1_625' title='bbox 1138 5414 1330 5471; x_wconf 88' lang='lat' dir='ltr'><strong>merito</strong></span> <span class='ocrx_word' id='word_1_626' title='bbox 1357 5423 1461 5475; x_wconf 84' lang='lat' dir='ltr'><strong>est,</strong></span> <span class='ocrx_word' id='word_1_627' title='bbox 1484 5422 1626 5466; x_wconf 91' lang='lat' dir='ltr'><strong>recte</strong></span> <span class='ocrx_word' id='word_1_628' title='bbox 1652 5411 1788 5475; x_wconf 83' lang='lat' dir='ltr'><strong>scio,</strong></span> <span class='ocrx_word' id='word_1_629' title='bbox 1812 5422 2041 5479; x_wconf 65' lang='lat' dir='ltr'><strong>quaeres,</strong></span> <span class='ocrx_word' id='word_1_630' title='bbox 2057 5407 2149 5460; x_wconf 87' lang='lat' dir='ltr'><strong>sed</strong></span> <span class='ocrx_word' id='word_1_631' title='bbox 2168 5418 2351 5475; x_wconf 83' lang='lat' dir='ltr'><strong>prom-</strong></span> 
     </span>
    </p>
   </div>
   <div class='ocr_carea' id='block_1_89' title="bbox 794 5497 2351 5579">
    <p class='ocr_par' dir='ltr' id='par_1_89' title="bbox 794 5497 2351 5579">
     <span class='ocr_line' id='line_1_89' title="bbox 794 5497 2351 5579; baseline -0.008 -18"><span class='ocrx_word' id='word_1_632' title='bbox 794 5518 942 5579; x_wconf 88' lang='lat' dir='ltr'><strong>ptum</strong></span> <span class='ocrx_word' id='word_1_633' title='bbox 968 5509 1205 5563; x_wconf 88' lang='lat' dir='ltr'><strong>animum</strong></span> <span class='ocrx_word' id='word_1_634' title='bbox 1246 5504 1531 5569; x_wconf 79' lang='lat' dir='ltr'><strong>admittes,</strong></span> <span class='ocrx_word' id='word_1_635' title='bbox 1579 5500 2015 5571; x_wconf 89' lang='lat' dir='ltr'><strong>quandoquidem</strong></span> <span class='ocrx_word' id='word_1_636' title='bbox 2047 5498 2209 5551; x_wconf 88' lang='lat' dir='ltr'><strong>etiam</strong></span> <span class='ocrx_word' id='word_1_637' title='bbox 2242 5497 2351 5551; x_wconf 81' lang='lat' dir='ltr'><strong>Deo</strong></span> 
     </span>
    </p>
   </div>
   <div class='ocr_carea' id='block_1_90' title="bbox 796 5588 2352 5668">
    <p class='ocr_par' dir='ltr' id='par_1_90' title="bbox 796 5588 2352 5668">
     <span class='ocr_line' id='line_1_90' title="bbox 796 5588 2352 5668; baseline -0.008 -14"><span class='ocrx_word' id='word_1_638' title='bbox 796 5601 979 5654; x_wconf 88' lang='lat' dir='ltr'><strong>dleant</strong></span> <span class='ocrx_word' id='word_1_639' title='bbox 1010 5609 1223 5668; x_wconf 88' lang='lat' dir='ltr'><strong>gratum</strong></span> <span class='ocrx_word' id='word_1_640' title='bbox 1253 5610 1373 5652; x_wconf 77' lang='lat' dir='ltr'><strong>esse</strong></span> <span class='ocrx_word' id='word_1_641' title='bbox 1414 5594 1559 5664; x_wconf 87' lang='lat' dir='ltr'><strong>quod</strong></span> <span class='ocrx_word' id='word_1_642' title='bbox 1603 5592 1900 5647; x_wconf 82' lang='lat' dir='ltr'><strong>secundum</strong></span> <span class='ocrx_word' id='word_1_643' title='bbox 1948 5590 2090 5643; x_wconf 84' lang='lat' dir='ltr'><strong>vires</strong></span> <span class='ocrx_word' id='word_1_644' title='bbox 2135 5588 2213 5642; x_wconf 81' lang='lat' dir='ltr'><strong>ﬁt.</strong></span> <span class='ocrx_word' id='word_1_645' title='bbox 2246 5588 2352 5642; x_wconf 80' lang='lat' dir='ltr'><strong>Sed</strong></span> 
     </span>
    </p>
   </div>
   <div class='ocr_carea' id='block_1_91' title="bbox 795 5687 2353 5758">
    <p class='ocr_par' dir='ltr' id='par_1_91' title="bbox 795 5687 2353 5758">
     <span class='ocr_line' id='line_1_91' title="bbox 795 5687 2353 5758; baseline -0.008 -13"><span class='ocrx_word' id='word_1_646' title='bbox 795 5692 862 5745; x_wconf 84' lang='lat' dir='ltr'><strong>de</strong></span> <span class='ocrx_word' id='word_1_647' title='bbox 901 5690 983 5743; x_wconf 88' lang='lat' dir='ltr'><strong>bis</strong></span> <span class='ocrx_word' id='word_1_648' title='bbox 1015 5691 1230 5758; x_wconf 90' lang='lat' dir='ltr'><strong>quidem</strong></span> <span class='ocrx_word' id='word_1_649' title='bbox 1248 5687 1381 5742; x_wconf 87' lang='lat' dir='ltr'><strong>satis</strong></span> <span class='ocrx_word' id='word_1_650' title='bbox 1417 5704 1430 5751; x_wconf 92' lang='lat'><strong>;</strong></span> <span class='ocrx_word' id='word_1_651' title='bbox 1470 5696 1726 5740; x_wconf 72' lang='lat' dir='ltr'><strong>cmterum</strong></span> <span class='ocrx_word' id='word_1_652' title='bbox 1769 5693 1981 5750; x_wconf 85' lang='lat' dir='ltr'><strong>tempus</strong></span> <span class='ocrx_word' id='word_1_653' title='bbox 2020 5690 2104 5735; x_wconf 86' lang='lat' dir='ltr'><strong>est</strong></span> <span class='ocrx_word' id='word_1_654' title='bbox 2139 5696 2203 5735; x_wconf 87' lang='lat' dir='ltr'><strong>ea</strong></span> <span class='ocrx_word' id='word_1_655' title='bbox 2232 5692 2353 5749; x_wconf 67' lang='lat' dir='ltr'><strong>quae</strong></span> 
     </span>
    </p>
   </div>
   <div class='ocr_carea' id='block_1_92' title="bbox 2457 3306 4027 3383">
    <p class='ocr_par' dir='ltr' id='par_1_92' title="bbox 2457 3306 4027 3383">
     <span class='ocr_line' id='line_1_92' title="bbox 2457 3306 4027 3383; baseline -0.015 -10"><span class='ocrx_word' id='word_1_656' title='bbox 2457 3318 2694 3381; x_wconf 83' lang='grc' dir='ltr'>πάντων,</span> <span class='ocrx_word' id='word_1_657' title='bbox 2723 3314 2815 3368; x_wconf 77' lang='grc' dir='ltr'><strong>καὶ</strong></span> <span class='ocrx_word' id='word_1_658' title='bbox 2846 3312 3116 3383; x_wconf 79' lang='grc' dir='ltr'>προσοχῆς</span> <span class='ocrx_word' id='word_1_659' title='bbox 3152 3310 3243 3363; x_wconf 76' lang='grc' dir='ltr'>ἐπὶ</span> <span class='ocrx_word' id='word_1_660' title='bbox 3276 3313 3387 3371; x_wconf 90' lang='grc' dir='ltr'>τοῖς</span> <span class='ocrx_word' id='word_1_661' title='bbox 3418 3308 3690 3378; x_wconf 80' lang='grc' dir='ltr'>μεγίστοις</span> <span class='ocrx_word' id='word_1_662' title='bbox 3721 3306 3837 3369; x_wconf 75' lang='grc' dir='ltr'>νοὸς</span> <span class='ocrx_word' id='word_1_663' title='bbox 3880 3306 4027 3359; x_wconf 77' lang='grc' dir='ltr'><strong>κατά</strong></span> 
     </span>
    </p>
   </div>
   <div class='ocr_carea' id='block_1_93' title="bbox 2457 3398 4026 3481">
    <p class='ocr_par' dir='ltr' id='par_1_93' title="bbox 2457 3398 4026 3481">
     <span class='ocr_line' id='line_1_93' title="bbox 2457 3398 4026 3481; baseline -0.011 -17"><span class='ocrx_word' id='word_1_664' title='bbox 2457 3409 2649 3481; x_wconf 84' lang='grc' dir='ltr'>μικρὸν</span> <span class='ocrx_word' id='word_1_665' title='bbox 2671 3404 3073 3476; x_wconf 84' lang='grc' dir='ltr'>ἀναμάττεσθαι</span> <span class='ocrx_word' id='word_1_666' title='bbox 3100 3401 3169 3454; x_wconf 88' lang='grc' dir='ltr'>τὰ</span> <span class='ocrx_word' id='word_1_667' title='bbox 3199 3400 3478 3471; x_wconf 84' lang='grc' dir='ltr'>νοούμενα,</span> <span class='ocrx_word' id='word_1_668' title='bbox 3508 3399 3601 3451; x_wconf 80' lang='grc' dir='ltr'>καὶ</span> <span class='ocrx_word' id='word_1_669' title='bbox 3632 3398 3779 3460; x_wconf 86' lang='grc' dir='ltr'>τέλος</span> <span class='ocrx_word' id='word_1_670' title='bbox 3817 3398 3896 3460; x_wconf 80' lang='grc' dir='ltr'><strong>εἰς</strong></span> <span class='ocrx_word' id='word_1_671' title='bbox 3929 3415 4026 3449; x_wconf 86' lang='grc' dir='ltr'>τε-</span> 
     </span>
    </p>
   </div>
   <div class='ocr_carea' id='block_1_94' title="bbox 2453 3489 4023 3569">
    <p class='ocr_par' dir='ltr' id='par_1_94' title="bbox 2453 3489 4023 3569">
     <span class='ocr_line' id='line_1_94' title="bbox 2453 3489 4023 3569; baseline -0.01 -14"><span class='ocrx_word' id='word_1_672' title='bbox 2453 3502 2599 3555; x_wconf 89' lang='grc' dir='ltr'>λείαν</span> <span class='ocrx_word' id='word_1_673' title='bbox 2625 3499 2823 3569; x_wconf 89' lang='grc' dir='ltr'>γνῶσιν</span> <span class='ocrx_word' id='word_1_674' title='bbox 2858 3495 3123 3560; x_wconf 73' lang='grc' dir='ltr'>ένίξεσθαι</span> <span class='ocrx_word' id='word_1_675' title='bbox 3150 3494 3238 3547; x_wconf 85' lang='grc' dir='ltr'><strong>τδν</strong></span> <span class='ocrx_word' id='word_1_676' title='bbox 3265 3492 3613 3561; x_wconf 83' lang='grc' dir='ltr'>γινώσκοντα.</span> <span class='ocrx_word' id='word_1_677' title='bbox 3647 3489 3816 3543; x_wconf 89' lang='grc' dir='ltr'>Τοῦτο</span> <span class='ocrx_word' id='word_1_678' title='bbox 3840 3489 3897 3541; x_wconf 87' lang='grc' dir='ltr'><strong>δέ</strong></span> <span class='ocrx_word' id='word_1_679' title='bbox 3930 3506 4023 3557; x_wconf 88' lang='grc' dir='ltr'><strong>μοι</strong></span> 
     </span>
    </p>
   </div>
   <div class='ocr_carea' id='block_1_95' title="bbox 2454 3581 4024 3665">
    <p class='ocr_par' dir='ltr' id='par_1_95' title="bbox 2454 3581 4024 3665">
     <span class='ocr_line' id='line_1_95' title="bbox 2454 3581 4024 3665; baseline -0.009 -17"><span class='ocrx_word' id='word_1_680' title='bbox 2454 3591 2735 3665; x_wconf 80' lang='grc' dir='ltr'>προύξένει</span> <span class='ocrx_word' id='word_1_681' title='bbox 2785 3593 2813 3645; x_wconf 86' lang='grc' dir='ltr'>ὁ</span> <span class='ocrx_word' id='word_1_682' title='bbox 2851 3589 2944 3641; x_wconf 88' lang='grc' dir='ltr'><strong>τοῦ</strong></span> <span class='ocrx_word' id='word_1_683' title='bbox 2988 3586 3347 3659; x_wconf 82' lang='grc' dir='ltr'>προκειμένου</span> <span class='ocrx_word' id='word_1_684' title='bbox 3381 3584 3609 3645; x_wconf 85' lang='grc' dir='ltr'>σκοπὸς,</span> <span class='ocrx_word' id='word_1_685' title='bbox 3640 3584 3697 3633; x_wconf 86' lang='grc' dir='ltr'>ὲν</span> <span class='ocrx_word' id='word_1_686' title='bbox 3738 3581 4024 3634; x_wconf 83' lang='grc' dir='ltr'>ἐπιστάσει</span> 
     </span>
    </p>
   </div>
   <div class='ocr_carea' id='block_1_96' title="bbox 2452 3674 4022 3756">
    <p class='ocr_par' dir='ltr' id='par_1_96' title="bbox 2452 3674 4022 3756">
     <span class='ocr_line' id='line_1_96' title="bbox 2452 3674 4022 3756; baseline -0.008 -19"><span class='ocrx_word' id='word_1_687' title='bbox 2452 3686 2718 3756; x_wconf 85' lang='grc' dir='ltr'>γινομένῳ</span> <span class='ocrx_word' id='word_1_688' title='bbox 2744 3682 2852 3735; x_wconf 79' lang='grc' dir='ltr'><strong>τῶν</strong></span> <span class='ocrx_word' id='word_1_689' title='bbox 2892 3678 3199 3749; x_wconf 76' lang='grc' dir='ltr'>λεγομέιων</span> <span class='ocrx_word' id='word_1_690' title='bbox 3224 3674 3344 3729; x_wconf 85' lang='grc' dir='ltr'>καθ’</span> <span class='ocrx_word' id='word_1_691' title='bbox 3372 3676 3615 3727; x_wconf 72' lang='grc' dir='ltr'>ἕκαστον.</span> <span class='ocrx_word' id='word_1_692' title='bbox 3643 3674 3715 3727; x_wconf 88' lang='grc' dir='ltr'>Ού</span> <span class='ocrx_word' id='word_1_693' title='bbox 3743 3677 3921 3746; x_wconf 89' lang='grc' dir='ltr'>χεῖρον</span> <span class='ocrx_word' id='word_1_694' title='bbox 3963 3676 4022 3729; x_wconf 80' lang='grc' dir='ltr'>δὲ</span> 
     </span>
    </p>
   </div>
   <div class='ocr_carea' id='block_1_97' title="bbox 2456 3766 4024 3850">
    <p class='ocr_par' dir='ltr' id='par_1_97' title="bbox 2456 3766 4024 3850">
     <span class='ocr_line' id='line_1_97' title="bbox 2456 3766 4024 3850; baseline -0.011 -19"><span class='ocrx_word' id='word_1_695' title='bbox 2456 3777 2760 3850; x_wconf 86' lang='grc' dir='ltr'>προσθεῖναι</span> <span class='ocrx_word' id='word_1_696' title='bbox 2784 3774 2875 3826; x_wconf 78' lang='grc' dir='ltr'><strong>καὶ</strong></span> <span class='ocrx_word' id='word_1_697' title='bbox 2909 3771 3085 3832; x_wconf 88' lang='grc' dir='ltr'>τοῦτο,</span> <span class='ocrx_word' id='word_1_698' title='bbox 3116 3770 3196 3823; x_wconf 84' lang='grc' dir='ltr'><strong>ὅτι</strong></span> <span class='ocrx_word' id='word_1_699' title='bbox 3223 3770 3315 3825; x_wconf 76' lang='grc' dir='ltr'>καὶ</span> <span class='ocrx_word' id='word_1_700' title='bbox 3342 3767 3591 3838; x_wconf 79' lang='grc' dir='ltr'>μεγάλως</span> <span class='ocrx_word' id='word_1_701' title='bbox 3622 3766 4024 3837; x_wconf 71' lang='grc' dir='ltr'>ἐχειραγωγούο</span> 
     </span>
    </p>
   </div>
   <div class='ocr_carea' id='block_1_98' title="bbox 2457 3856 4025 3939">
    <p class='ocr_par' dir='ltr' id='par_1_98' title="bbox 2457 3856 4025 3939">
     <span class='ocr_line' id='line_1_98' title="bbox 2457 3856 4025 3939; baseline -0.008 -19"><span class='ocrx_word' id='word_1_702' title='bbox 2457 3886 2591 3939; x_wconf 88' lang='grc' dir='ltr'>μην,</span> <span class='ocrx_word' id='word_1_703' title='bbox 2619 3866 2815 3919; x_wconf 73' lang='grc' dir='ltr'>ὡσανεὶ</span> <span class='ocrx_word' id='word_1_704' title='bbox 2856 3861 2982 3915; x_wconf 91' lang='grc' dir='ltr'>λαοῦ</span> <span class='ocrx_word' id='word_1_705' title='bbox 3027 3858 3446 3931; x_wconf 76' lang='grc' dir='ltr'>πρεσϐυτέροις,</span> <span class='ocrx_word' id='word_1_706' title='bbox 3497 3861 3609 3920; x_wconf 86' lang='grc' dir='ltr'>τοῖς</span> <span class='ocrx_word' id='word_1_707' title='bbox 3651 3856 4025 3927; x_wconf 76' lang='grc' dir='ltr'>παλαιοτέροις</span> 
     </span>
    </p>
   </div>
   <div class='ocr_carea' id='block_1_99' title="bbox 2454 3947 4024 4029">
    <p class='ocr_par' dir='ltr' id='par_1_99' title="bbox 2454 3947 4024 4029">
     <span class='ocr_line' id='line_1_99' title="bbox 2454 3947 4024 4029; baseline -0.011 -17"><span class='ocrx_word' id='word_1_708' title='bbox 2454 3959 2716 4029; x_wconf 81' lang='grc' dir='ltr'>ἑπόμενος</span> <span class='ocrx_word' id='word_1_709' title='bbox 2748 3954 2882 4025; x_wconf 79' lang='grc' dir='ltr'>πρὸς</span> <span class='ocrx_word' id='word_1_710' title='bbox 2921 3952 3020 4023; x_wconf 82' lang='grc' dir='ltr'><strong>τὴν</strong></span> <span class='ocrx_word' id='word_1_711' title='bbox 3062 3950 3153 4001; x_wconf 81' lang='grc' dir='ltr'>ἐπὶ</span> <span class='ocrx_word' id='word_1_712' title='bbox 3191 3967 3251 4001; x_wconf 76' lang='grc' dir='ltr'>το</span> <span class='ocrx_word' id='word_1_713' title='bbox 3290 3949 3429 4001; x_wconf 86' lang='grc' dir='ltr'>θεῖον</span> <span class='ocrx_word' id='word_1_714' title='bbox 3458 3948 3583 4018; x_wconf 80' lang='grc' dir='ltr'>ὅρος</span> <span class='ocrx_word' id='word_1_715' title='bbox 3609 3947 3708 4016; x_wconf 81' lang='grc' dir='ltr'>τῆς</span> <span class='ocrx_word' id='word_1_716' title='bbox 3738 3952 4024 4017; x_wconf 86' lang='grc' dir='ltr'>μυσταγω-</span> 
     </span>
    </p>
   </div>
   <div class='ocr_carea' id='block_1_100' title="bbox 2453 4036 4023 4118">
    <p class='ocr_par' dir='ltr' id='par_1_100' title="bbox 2453 4036 4023 4118">
     <span class='ocr_line' id='line_1_100' title="bbox 2453 4036 4023 4118; baseline -0.01 -16"><span class='ocrx_word' id='word_1_717' title='bbox 2453 4050 2577 4118; x_wconf 91' lang='grc' dir='ltr'>γίας</span> <span class='ocrx_word' id='word_1_718' title='bbox 2617 4045 2893 4101; x_wconf 80' lang='grc' dir='ltr'>ἀνάϐασιν.</span> <span class='ocrx_word' id='word_1_719' title='bbox 2932 4045 2994 4096; x_wconf 86' lang='lat' dir='ltr'><strong>0i</strong></span> <span class='ocrx_word' id='word_1_720' title='bbox 3024 4042 3086 4113; x_wconf 84' lang='grc' dir='ltr'>δὴ</span> <span class='ocrx_word' id='word_1_721' title='bbox 3117 4040 3205 4093; x_wconf 71' lang='grc' dir='ltr'><strong>καὶ</strong></span> <span class='ocrx_word' id='word_1_722' title='bbox 3226 4039 3295 4092; x_wconf 72' lang='grc' dir='ltr'><strong>τὰ</strong></span> <span class='ocrx_word' id='word_1_723' title='bbox 3318 4039 3411 4092; x_wconf 89' lang='grc' dir='ltr'><strong>τοῦ</strong></span> <span class='ocrx_word' id='word_1_724' title='bbox 3446 4038 3687 4109; x_wconf 80' lang='grc' dir='ltr'>μάκαρος</span> <span class='ocrx_word' id='word_1_725' title='bbox 3716 4036 4023 4107; x_wconf 65' lang='grc' dir='ltr'>ἐξηγούμεα</span> 
     </span>
    </p>
   </div>
   <div class='ocr_carea' id='block_1_101' title="bbox 2452 4128 4020 4209">
    <p class='ocr_par' dir='ltr' id='par_1_101' title="bbox 2452 4128 4020 4209">
     <span class='ocr_line' id='line_1_101' title="bbox 2452 4128 4020 4209; baseline -0.01 -15"><span class='ocrx_word' id='word_1_726' title='bbox 2452 4159 2554 4207; x_wconf 92' lang='grc' dir='ltr'>νοι,</span> <span class='ocrx_word' id='word_1_727' title='bbox 2586 4138 2821 4209; x_wconf 74' lang='grc' dir='ltr'>τῆςέπὶ</span> <span class='ocrx_word' id='word_1_728' title='bbox 2847 4136 3005 4188; x_wconf 88' lang='grc' dir='ltr'>τοῦτο</span> <span class='ocrx_word' id='word_1_729' title='bbox 3052 4132 3323 4203; x_wconf 77' lang='grc' dir='ltr'>φερούσης</span> <span class='ocrx_word' id='word_1_730' title='bbox 3370 4148 3457 4202; x_wconf 84' lang='grc' dir='ltr'><strong>μοι</strong></span> <span class='ocrx_word' id='word_1_731' title='bbox 3491 4128 3797 4199; x_wconf 79' lang='grc' dir='ltr'>ἐξηγοῦντο,</span> <span class='ocrx_word' id='word_1_732' title='bbox 3826 4130 3919 4209; x_wconf 67' lang='grc' dir='ltr'>καὶ</span> <span class='ocrx_word' id='word_1_733' title='bbox 3958 4128 4020 4180; x_wconf 85' lang='grc' dir='ltr'><strong>τὸ</strong></span> 
     </span>
    </p>
   </div>
   <div class='ocr_carea' id='block_1_102' title="bbox 2452 4216 4021 4299">
    <p class='ocr_par' dir='ltr' id='par_1_102' title="bbox 2452 4216 4021 4299">
     <span class='ocr_line' id='line_1_102' title="bbox 2452 4216 4021 4299; baseline -0.013 -13"><span class='ocrx_word' id='word_1_734' title='bbox 2452 4230 2686 4299; x_wconf 82' lang='grc' dir='ltr'>ἀσφαλὲς</span> <span class='ocrx_word' id='word_1_735' title='bbox 2713 4228 2970 4298; x_wconf 87' lang='grc' dir='ltr'>παρεῖχον</span> <span class='ocrx_word' id='word_1_736' title='bbox 2987 4241 3000 4253; x_wconf 85' lang='grc'><strong>·</strong></span> <span class='ocrx_word' id='word_1_737' title='bbox 3032 4224 3115 4292; x_wconf 83' lang='grc' dir='ltr'>ἐφ’</span> <span class='ocrx_word' id='word_1_738' title='bbox 3139 4224 3274 4294; x_wconf 82' lang='grc' dir='ltr'>ὅπερ</span> <span class='ocrx_word' id='word_1_739' title='bbox 3302 4221 3393 4274; x_wconf 71' lang='grc' dir='ltr'><strong>καὶ</strong></span> <span class='ocrx_word' id='word_1_740' title='bbox 3421 4218 3736 4290; x_wconf 85' lang='grc' dir='ltr'>ὁρμηθείην,</span> <span class='ocrx_word' id='word_1_741' title='bbox 3769 4217 3873 4279; x_wconf 80' lang='grc' dir='ltr'>ἓως</span> <span class='ocrx_word' id='word_1_742' title='bbox 3896 4216 4021 4287; x_wconf 81' lang='grc' dir='ltr'>ὁδη-</span> 
     </span>
    </p>
   </div>
   <div class='ocr_carea' id='block_1_103' title="bbox 2452 4304 4019 4394">
    <p class='ocr_par' dir='ltr' id='par_1_103' title="bbox 2452 4304 4019 4394">
     <span class='ocr_line' id='line_1_103' title="bbox 2452 4304 4019 4394; baseline -0.012 -16"><span class='ocrx_word' id='word_1_743' title='bbox 2452 4324 2712 4394; x_wconf 87' lang='grc' dir='ltr'>γούμενος</span> <span class='ocrx_word' id='word_1_744' title='bbox 2760 4318 2966 4388; x_wconf 83' lang='grc' dir='ltr'>έφθασα</span> <span class='ocrx_word' id='word_1_745' title='bbox 3007 4310 3068 4369; x_wconf 72' lang='grc' dir='ltr'>οὗ</span> <span class='ocrx_word' id='word_1_746' title='bbox 3117 4314 3315 4383; x_wconf 82' lang='grc' dir='ltr'>φθάσαι</span> <span class='ocrx_word' id='word_1_747' title='bbox 3358 4312 3450 4364; x_wconf 69' lang='grc' dir='ltr'><strong>καὶ</strong></span> <span class='ocrx_word' id='word_1_748' title='bbox 3485 4308 3775 4379; x_wconf 82' lang='grc' dir='ltr'>ἐδυνήθην,</span> <span class='ocrx_word' id='word_1_749' title='bbox 3823 4309 3916 4361; x_wconf 76' lang='grc' dir='ltr'>καὶ</span> <span class='ocrx_word' id='word_1_750' title='bbox 3955 4304 4019 4361; x_wconf 81' lang='grc' dir='ltr'><strong>οῦ</strong></span> 
     </span>
    </p>
   </div>
   <div class='ocr_carea' id='block_1_104' title="bbox 2454 4400 4022 4487">
    <p class='ocr_par' dir='ltr' id='par_1_104' title="bbox 2454 4400 4022 4487">
     <span class='ocr_line' id='line_1_104' title="bbox 2454 4400 4022 4487; baseline -0.01 -18"><span class='ocrx_word' id='word_1_751' title='bbox 2454 4416 2782 4487; x_wconf 86' lang='grc' dir='ltr'>κατήντησα.</span> <span class='ocrx_word' id='word_1_752' title='bbox 2818 4411 2880 4463; x_wconf 75' lang='lat' dir='ltr'><strong>El</strong></span> <span class='ocrx_word' id='word_1_753' title='bbox 2915 4402 3124 4479; x_wconf 65' lang='grc' dir='ltr'>μένεούν</span> <span class='ocrx_word' id='word_1_754' title='bbox 3150 4406 3314 4473; x_wconf 80' lang='grc' dir='ltr'>ἐγγὺς</span> <span class='ocrx_word' id='word_1_755' title='bbox 3347 4404 3446 4472; x_wconf 80' lang='grc' dir='ltr'><strong>τῆς</strong></span> <span class='ocrx_word' id='word_1_756' title='bbox 3479 4402 3706 4465; x_wconf 83' lang='grc' dir='ltr'>ἐλπίδος,</span> <span class='ocrx_word' id='word_1_757' title='bbox 3731 4400 3890 4470; x_wconf 83' lang='grc' dir='ltr'>χάρις</span> <span class='ocrx_word' id='word_1_758' title='bbox 3918 4401 4022 4469; x_wconf 86' lang='grc' dir='ltr'>μὲν</span> 
     </span>
    </p>
   </div>
   <div class='ocr_carea' id='block_1_105' title="bbox 2453 4491 4017 4578">
    <p class='ocr_par' dir='ltr' id='par_1_105' title="bbox 2453 4491 4017 4578">
     <span class='ocr_line' id='line_1_105' title="bbox 2453 4491 4017 4578; baseline -0.012 -19"><span class='ocrx_word' id='word_1_759' title='bbox 2453 4505 2571 4578; x_wconf 84' lang='grc' dir='ltr'><strong>Θεῷ</strong></span> <span class='ocrx_word' id='word_1_760' title='bbox 2599 4504 2725 4574; x_wconf 83' lang='grc' dir='ltr'>παρ’</span> <span class='ocrx_word' id='word_1_761' title='bbox 2750 4497 2809 4556; x_wconf 75' lang='grc' dir='ltr'><strong>οὗ</strong></span> <span class='ocrx_word' id='word_1_762' title='bbox 2840 4501 2944 4553; x_wconf 85' lang='grc' dir='ltr'><strong>πᾶν</strong></span> <span class='ocrx_word' id='word_1_763' title='bbox 2976 4496 3277 4569; x_wconf 83' lang='grc' dir='ltr'>ἀνθρώποις</span> <span class='ocrx_word' id='word_1_764' title='bbox 3303 4495 3364 4546; x_wconf 84' lang='grc' dir='ltr'><strong>τὸ</strong></span> <span class='ocrx_word' id='word_1_765' title='bbox 3384 4492 3829 4578; x_wconf 82' lang='grc' dir='ltr'>κατορθούμενον,</span> <span class='ocrx_word' id='word_1_766' title='bbox 3857 4491 4017 4561; x_wconf 85' lang='grc' dir='ltr'>χάρις</span> 
     </span>
    </p>
   </div>
   <div class='ocr_carea' id='block_1_106' title="bbox 2453 4576 4019 4653">
    <p class='ocr_par' dir='ltr' id='par_1_106' title="bbox 2453 4576 4019 4653">
     <span class='ocr_line' id='line_1_106' title="bbox 2453 4576 4019 4653; baseline -0.01 -6"><span class='ocrx_word' id='word_1_767' title='bbox 2453 4593 2509 4646; x_wconf 83' lang='grc' dir='ltr'><strong>δέ</strong></span> <span class='ocrx_word' id='word_1_768' title='bbox 2542 4576 2633 4646; x_wconf 54' lang='grc' dir='ltr'>παὶ</span> <span class='ocrx_word' id='word_1_769' title='bbox 2660 4592 2777 4652; x_wconf 87' lang='grc' dir='ltr'>ταῖς</span> <span class='ocrx_word' id='word_1_770' title='bbox 2816 4590 2933 4650; x_wconf 85' lang='grc' dir='ltr'>σαῖς</span> <span class='ocrx_word' id='word_1_771' title='bbox 2965 4586 3157 4653; x_wconf 82' lang='grc' dir='ltr'>ἁγίαις-</span> <span class='ocrx_word' id='word_1_772' title='bbox 3178 4584 3395 4652; x_wconf 86' lang='grc' dir='ltr'>εύχαῖς,</span> <span class='ocrx_word' id='word_1_773' title='bbox 3431 4576 3518 4644; x_wconf 78' lang='grc' dir='ltr'>αἶς</span> <span class='ocrx_word' id='word_1_774' title='bbox 3563 4581 3839 4652; x_wconf 73' lang='grc' dir='ltr'>θαρρήσας</span> <span class='ocrx_word' id='word_1_775' title='bbox 3884 4581 4019 4634; x_wconf 84' lang='grc' dir='ltr'>ἀπε-</span> 
     </span>
    </p>
   </div>
   <div class='ocr_carea' id='block_1_107' title="bbox 2452 4663 4015 4753">
    <p class='ocr_par' dir='ltr' id='par_1_107' title="bbox 2452 4663 4015 4753">
     <span class='ocr_line' id='line_1_107' title="bbox 2452 4663 4015 4753; baseline -0.019 -15"><span class='ocrx_word' id='word_1_776' title='bbox 2452 4682 2696 4753; x_wconf 82' lang='grc' dir='ltr'>δυσὰμην</span> <span class='ocrx_word' id='word_1_777' title='bbox 2744 4678 2879 4748; x_wconf 86' lang='grc' dir='ltr'>πρὸς</span> <span class='ocrx_word' id='word_1_778' title='bbox 2920 4675 2981 4727; x_wconf 80' lang='grc' dir='ltr'>τὸ</span> <span class='ocrx_word' id='word_1_779' title='bbox 3013 4672 3312 4742; x_wconf 78' lang='grc' dir='ltr'>ἐγχείρημα</span> <span class='ocrx_word' id='word_1_780' title='bbox 3336 4707 3350 4735; x_wconf 91' lang='grc'><strong>,</strong></span> <span class='ocrx_word' id='word_1_781' title='bbox 3385 4671 3476 4722; x_wconf 78' lang='grc' dir='ltr'>καὶ</span> <span class='ocrx_word' id='word_1_782' title='bbox 3504 4663 3590 4731; x_wconf 76' lang='grc' dir='ltr'>αἷς</span> <span class='ocrx_word' id='word_1_783' title='bbox 3620 4667 3981 4739; x_wconf 73' lang='grc' dir='ltr'>βοηθούμενος</span> <span class='ocrx_word' id='word_1_784' title='bbox 4001 4709 4015 4731; x_wconf 57' lang='grc'><strong>,</strong></span> 
     </span>
    </p>
   </div>
   <div class='ocr_carea' id='block_1_108' title="bbox 2451 4761 3744 4844">
    <p class='ocr_par' dir='ltr' id='par_1_108' title="bbox 2451 4761 3744 4844">
     <span class='ocr_line' id='line_1_108' title="bbox 2451 4761 3744 4844; baseline -0.014 -15"><span class='ocrx_word' id='word_1_785' title='bbox 2451 4777 2513 4830; x_wconf 87' lang='grc' dir='ltr'><strong>ού</strong></span> <span class='ocrx_word' id='word_1_786' title='bbox 2543 4774 2730 4844; x_wconf 79' lang='grc' dir='ltr'>πόρρω</span> <span class='ocrx_word' id='word_1_787' title='bbox 2757 4764 3030 4829; x_wconf 79' lang='grc' dir='ltr'>παντελῶς</span> <span class='ocrx_word' id='word_1_788' title='bbox 3058 4764 3363 4834; x_wconf 79' lang='grc' dir='ltr'>ἐξετράπην</span> <span class='ocrx_word' id='word_1_789' title='bbox 3392 4762 3487 4814; x_wconf 88' lang='grc' dir='ltr'><strong>τοῦ</strong></span> <span class='ocrx_word' id='word_1_790' title='bbox 3518 4761 3744 4821; x_wconf 86' lang='grc' dir='ltr'>δέοντος.</span> 
     </span>
    </p>
   </div>
   <div class='ocr_carea' id='block_1_109' title="bbox 2524 4847 4018 4928">
    <p class='ocr_par' dir='ltr' id='par_1_109' title="bbox 2524 4847 4018 4928">
     <span class='ocr_line' id='line_1_109' title="bbox 2524 4847 4018 4928; baseline -0.013 -10"><span class='ocrx_word' id='word_1_791' title='bbox 2524 4865 2588 4918; x_wconf 80' lang='lat' dir='ltr'><strong>Ei</strong></span> <span class='ocrx_word' id='word_1_792' title='bbox 2616 4864 2673 4916; x_wconf 83' lang='grc' dir='ltr'>δὲ</span> <span class='ocrx_word' id='word_1_793' title='bbox 2703 4860 2860 4913; x_wconf 87' lang='grc' dir='ltr'>τοῦτο</span> <span class='ocrx_word' id='word_1_794' title='bbox 2891 4858 2986 4928; x_wconf 77' lang='grc' dir='ltr'>μὲν</span> <span class='ocrx_word' id='word_1_795' title='bbox 3021 4855 3080 4908; x_wconf 77' lang='grc' dir='ltr'>οὔ</span> <span class='ocrx_word' id='word_1_796' title='bbox 3100 4895 3115 4920; x_wconf 93' lang='grc'><strong>,</strong></span> <span class='ocrx_word' id='word_1_797' title='bbox 3149 4855 3325 4923; x_wconf 82' lang='grc' dir='ltr'>πάντη</span> <span class='ocrx_word' id='word_1_798' title='bbox 3351 4853 3407 4905; x_wconf 85' lang='grc' dir='ltr'>δὲ</span> <span class='ocrx_word' id='word_1_799' title='bbox 3440 4850 3661 4921; x_wconf 86' lang='grc' dir='ltr'>φανείην</span> <span class='ocrx_word' id='word_1_800' title='bbox 3697 4847 4018 4922; x_wconf 79' lang='grc' dir='ltr'>ἀλυσιτελὴς</span> 
     </span>
    </p>
   </div>
   <div class='ocr_carea' id='block_1_110' title="bbox 2454 4940 4018 5020">
    <p class='ocr_par' dir='ltr' id='par_1_110' title="bbox 2454 4940 4018 5020">
     <span class='ocr_line' id='line_1_110' title="bbox 2454 4940 4018 5020; baseline -0.013 -11"><span class='ocrx_word' id='word_1_801' title='bbox 2454 4956 2550 5010; x_wconf 69' lang='grc' dir='ltr'><strong>καὶ</strong></span> <span class='ocrx_word' id='word_1_802' title='bbox 2581 4951 2869 5020; x_wconf 84' lang='grc' dir='ltr'>ἀδόκιμος,</span> <span class='ocrx_word' id='word_1_803' title='bbox 2897 4948 2951 5000; x_wconf 92' lang='grc' dir='ltr'><strong>τί</strong></span> <span class='ocrx_word' id='word_1_804' title='bbox 2990 4944 3096 5016; x_wconf 79' lang='grc' dir='ltr'>χρὴ</span> <span class='ocrx_word' id='word_1_805' title='bbox 3129 4944 3338 5006; x_wconf 86' lang='grc' dir='ltr'>παθεῖν,</span> <span class='ocrx_word' id='word_1_806' title='bbox 3380 4943 3433 4995; x_wconf 74' lang='grc' dir='ltr'><strong>εἴ</strong></span> <span class='ocrx_word' id='word_1_807' title='bbox 3482 4959 3584 4993; x_wconf 87' lang='grc' dir='ltr'><strong>που</strong></span> <span class='ocrx_word' id='word_1_808' title='bbox 3618 4940 3830 5002; x_wconf 83' lang='grc' dir='ltr'>πολλοῖς</span> <span class='ocrx_word' id='word_1_809' title='bbox 3861 4940 4018 4992; x_wconf 88' lang='grc' dir='ltr'>ἀνια-</span> 
     </span>
    </p>
   </div>
   <div class='ocr_carea' id='block_1_111' title="bbox 2458 5031 4011 5117">
    <p class='ocr_par' dir='ltr' id='par_1_111' title="bbox 2458 5031 4011 5117">
     <span class='ocr_line' id='line_1_111' title="bbox 2458 5031 4011 5117; baseline -0.01 -19"><span class='ocrx_word' id='word_1_810' title='bbox 2458 5049 2569 5117; x_wconf 88' lang='grc' dir='ltr'>ροῖς</span> <span class='ocrx_word' id='word_1_811' title='bbox 2593 5042 2727 5113; x_wconf 78' lang='grc' dir='ltr'>πρὸς</span> <span class='ocrx_word' id='word_1_812' title='bbox 2752 5043 2819 5110; x_wconf 77' lang='grc' dir='ltr'>τῇ</span> <span class='ocrx_word' id='word_1_813' title='bbox 2853 5036 3060 5109; x_wconf 79' lang='grc' dir='ltr'>ἀμαθίᾳ</span> <span class='ocrx_word' id='word_1_814' title='bbox 3093 5052 3311 5104; x_wconf 87' lang='grc' dir='ltr'>συνισχη</span> <span class='ocrx_word' id='word_1_815' title='bbox 3322 5033 3496 5103; x_wconf 86' lang='grc' dir='ltr'>μένος,</span> <span class='ocrx_word' id='word_1_816' title='bbox 3517 5032 3577 5084; x_wconf 82' lang='grc' dir='ltr'><strong>τδ</strong></span> <span class='ocrx_word' id='word_1_817' title='bbox 3602 5032 3763 5100; x_wconf 76' lang='grc' dir='ltr'>τυχὸν</span> <span class='ocrx_word' id='word_1_818' title='bbox 3786 5031 3845 5083; x_wconf 80' lang='grc' dir='ltr'>οὐ</span> <span class='ocrx_word' id='word_1_819' title='bbox 3878 5047 4011 5083; x_wconf 85' lang='grc' dir='ltr'>κατ-</span> 
     </span>
    </p>
   </div>
   <div class='ocr_carea' id='block_1_112' title="bbox 2453 5119 4020 5204">
    <p class='ocr_par' dir='ltr' id='par_1_112' title="bbox 2453 5119 4020 5204">
     <span class='ocr_line' id='line_1_112' title="bbox 2453 5119 4020 5204; baseline -0.009 -16"><span class='ocrx_word' id='word_1_820' title='bbox 2453 5133 2723 5204; x_wconf 83' lang='grc' dir='ltr'>ώρθωσα;</span> <span class='ocrx_word' id='word_1_821' title='bbox 2761 5130 2822 5181; x_wconf 61' lang='lat' dir='ltr'><strong>ea</strong></span> <span class='ocrx_word' id='word_1_822' title='bbox 2860 5126 2989 5196; x_wconf 86' lang='grc' dir='ltr'>γοῦν</span> <span class='ocrx_word' id='word_1_823' title='bbox 3030 5125 3165 5196; x_wconf 82' lang='grc' dir='ltr'>πρὸς</span> <span class='ocrx_word' id='word_1_824' title='bbox 3214 5119 3394 5193; x_wconf 76' lang='grc' dir='ltr'>ἰσχύος</span> <span class='ocrx_word' id='word_1_825' title='bbox 3459 5124 3605 5191; x_wconf 84' lang='grc' dir='ltr'>ὅμως</span> <span class='ocrx_word' id='word_1_826' title='bbox 3647 5123 4020 5190; x_wconf 80' lang='grc' dir='ltr'>προσαγαγεῖν</span> 
     </span>
    </p>
   </div>
   <div class='ocr_carea' id='block_1_113' title="bbox 2457 5210 4015 5287">
    <p class='ocr_par' dir='ltr' id='par_1_113' title="bbox 2457 5210 4015 5287">
     <span class='ocr_line' id='line_1_113' title="bbox 2457 5210 4015 5287; baseline -0.011 -10"><span class='ocrx_word' id='word_1_827' title='bbox 2457 5225 2557 5277; x_wconf 81' lang='grc' dir='ltr'>ούκ</span> <span class='ocrx_word' id='word_1_828' title='bbox 2584 5218 2895 5287; x_wconf 78' lang='grc' dir='ltr'>ἀπώκνησα.</span> <span class='ocrx_word' id='word_1_829' title='bbox 2922 5216 2994 5268; x_wconf 84' lang='grc' dir='ltr'><strong>Σὺ</strong></span> <span class='ocrx_word' id='word_1_830' title='bbox 3026 5216 3081 5267; x_wconf 81' lang='grc' dir='ltr'><strong>δὲ</strong></span> <span class='ocrx_word' id='word_1_831' title='bbox 3119 5216 3151 5282; x_wconf 82' lang='grc' dir='ltr'>ἡ</span> <span class='ocrx_word' id='word_1_832' title='bbox 3184 5212 3253 5265; x_wconf 85' lang='grc' dir='ltr'>τὰ</span> <span class='ocrx_word' id='word_1_833' title='bbox 3286 5215 3460 5266; x_wconf 85' lang='grc' dir='ltr'>πάντα</span> <span class='ocrx_word' id='word_1_834' title='bbox 3491 5211 3633 5281; x_wconf 73' lang='grc' dir='ltr'>ψυχὴ</span> <span class='ocrx_word' id='word_1_835' title='bbox 3667 5210 4015 5280; x_wconf 82' lang='grc' dir='ltr'>θεομίμητος,</span> 
     </span>
    </p>
   </div>
   <div class='ocr_carea' id='block_1_114' title="bbox 2457 5299 4020 5373">
    <p class='ocr_par' dir='ltr' id='par_1_114' title="bbox 2457 5299 4020 5373">
     <span class='ocr_line' id='line_1_114' title="bbox 2457 5299 4020 5373; baseline -0.012 -5"><span class='ocrx_word' id='word_1_836' title='bbox 2457 5314 2518 5367; x_wconf 87' lang='grc' dir='ltr'><strong>ού</strong></span> <span class='ocrx_word' id='word_1_837' title='bbox 2551 5314 2611 5367; x_wconf 84' lang='grc' dir='ltr'>τὸ</span> <span class='ocrx_word' id='word_1_838' title='bbox 2641 5310 2759 5364; x_wconf 86' lang='grc' dir='ltr'>κατ’</span> <span class='ocrx_word' id='word_1_839' title='bbox 2784 5308 2959 5373; x_wconf 79' lang='grc' dir='ltr'>ἀξίαν,</span> <span class='ocrx_word' id='word_1_840' title='bbox 2995 5300 3051 5358; x_wconf 82' lang='grc' dir='ltr'>εὖ</span> <span class='ocrx_word' id='word_1_841' title='bbox 3081 5300 3215 5365; x_wconf 72' lang='grc' dir='ltr'>οἴδα,</span> <span class='ocrx_word' id='word_1_842' title='bbox 3247 5303 3519 5372; x_wconf 78' lang='grc' dir='ltr'>ζητήσεις,</span> <span class='ocrx_word' id='word_1_843' title='bbox 3554 5300 3666 5353; x_wconf 78' lang='grc' dir='ltr'>ἀλλ’</span> <span class='ocrx_word' id='word_1_844' title='bbox 3692 5300 3925 5371; x_wconf 77' lang='grc' dir='ltr'>ἀποδέξῃ</span> <span class='ocrx_word' id='word_1_845' title='bbox 3954 5299 4020 5351; x_wconf 77' lang='grc' dir='ltr'>τὸ</span> 
     </span>
    </p>
   </div>
   <div class='ocr_carea' id='block_1_115' title="bbox 2458 5388 4018 5475">
    <p class='ocr_par' dir='ltr' id='par_1_115' title="bbox 2458 5388 4018 5475">
     <span class='ocr_line' id='line_1_115' title="bbox 2458 5388 4018 5475; baseline -0.011 -18"><span class='ocrx_word' id='word_1_846' title='bbox 2458 5403 2761 5475; x_wconf 88' lang='grc' dir='ltr'>πρόθυμον·</span> <span class='ocrx_word' id='word_1_847' title='bbox 2806 5398 2925 5451; x_wconf 73' lang='grc' dir='ltr'>ἐπεὶ</span> <span class='ocrx_word' id='word_1_848' title='bbox 2966 5396 3058 5447; x_wconf 70' lang='grc' dir='ltr'>καὶ</span> <span class='ocrx_word' id='word_1_849' title='bbox 3095 5391 3211 5461; x_wconf 81' lang='grc' dir='ltr'><strong>Θεῷ</strong></span> <span class='ocrx_word' id='word_1_850' title='bbox 3245 5408 3375 5460; x_wconf 84' lang='grc' dir='ltr'>φασι</span> <span class='ocrx_word' id='word_1_851' title='bbox 3410 5390 3559 5458; x_wconf 84' lang='grc' dir='ltr'>φίλον</span> <span class='ocrx_word' id='word_1_852' title='bbox 3595 5391 3655 5443; x_wconf 83' lang='grc' dir='ltr'><strong>τὸ</strong></span> <span class='ocrx_word' id='word_1_853' title='bbox 3692 5388 3833 5442; x_wconf 68' lang='grc' dir='ltr'><strong>κατά</strong></span> <span class='ocrx_word' id='word_1_854' title='bbox 3856 5388 4018 5441; x_wconf 89' lang='grc' dir='ltr'>δύνα-</span> 
     </span>
    </p>
   </div>
   <div class='ocr_carea' id='block_1_116' title="bbox 2460 5479 4017 5566">
    <p class='ocr_par' dir='ltr' id='par_1_116' title="bbox 2460 5479 4017 5566">
     <span class='ocr_line' id='line_1_116' title="bbox 2460 5479 4017 5566; baseline -0.01 -19"><span class='ocrx_word' id='word_1_855' title='bbox 2460 5512 2571 5566; x_wconf 88' lang='grc' dir='ltr'>μιν.</span> <span class='ocrx_word' id='word_1_856' title='bbox 2618 5488 2775 5544; x_wconf 80' lang='grc' dir='ltr'>Ἀλλά</span> <span class='ocrx_word' id='word_1_857' title='bbox 2816 5488 3019 5539; x_wconf 85' lang='grc' dir='ltr'>τούτων</span> <span class='ocrx_word' id='word_1_858' title='bbox 3067 5486 3160 5554; x_wconf 79' lang='grc' dir='ltr'><strong>μὲν</strong></span> <span class='ocrx_word' id='word_1_859' title='bbox 3199 5482 3317 5543; x_wconf 84' lang='grc' dir='ltr'>ἆλις</span> <span class='ocrx_word' id='word_1_860' title='bbox 3344 5521 3357 5543; x_wconf 94' lang='grc'><strong>,</strong></span> <span class='ocrx_word' id='word_1_861' title='bbox 3392 5482 3584 5551; x_wconf 78' lang='grc' dir='ltr'>καιρὸς</span> <span class='ocrx_word' id='word_1_862' title='bbox 3624 5482 3678 5533; x_wconf 77' lang='grc' dir='ltr'>δὲ</span> <span class='ocrx_word' id='word_1_863' title='bbox 3720 5479 3903 5532; x_wconf 80' lang='grc' dir='ltr'>λοιπὸν</span> <span class='ocrx_word' id='word_1_864' title='bbox 3945 5479 4017 5532; x_wconf 80' lang='grc' dir='ltr'>τὰ</span> 
     </span>
    </p>
   </div>
   <div class='ocr_carea' id='block_1_117' title="bbox 2456 5571 4017 5649">
    <p class='ocr_par' dir='ltr' id='par_1_117' title="bbox 2456 5571 4017 5649">
     <span class='ocr_line' id='line_1_117' title="bbox 2456 5571 4017 5649; baseline -0.01 -11"><span class='ocrx_word' id='word_1_865' title='bbox 2456 5583 2597 5638; x_wconf 64' lang='grc' dir='ltr'>κατὰ</span> <span class='ocrx_word' id='word_1_866' title='bbox 2640 5583 2731 5635; x_wconf 80' lang='grc' dir='ltr'><strong>τὸν</strong></span> <span class='ocrx_word' id='word_1_867' title='bbox 2784 5580 2953 5649; x_wconf 85' lang='grc' dir='ltr'>μέγαν</span> <span class='ocrx_word' id='word_1_868' title='bbox 2998 5575 3265 5628; x_wconf 84' lang='grc' dir='ltr'>Διονύσιον</span> <span class='ocrx_word' id='word_1_869' title='bbox 3299 5572 3565 5636; x_wconf 73' lang='grc' dir='ltr'>ἐνθεῖναι,</span> <span class='ocrx_word' id='word_1_870' title='bbox 3599 5574 3696 5625; x_wconf 81' lang='grc' dir='ltr'>ὅσα</span> <span class='ocrx_word' id='word_1_871' title='bbox 3740 5571 3876 5641; x_wconf 80' lang='grc' dir='ltr'>δῆτα</span> <span class='ocrx_word' id='word_1_872' title='bbox 3919 5572 4017 5623; x_wconf 71' lang='grc' dir='ltr'><strong>καὶ</strong></span> 
     </span>
    </p>
   </div>
   <div class='ocr_carea' id='block_1_118' title="bbox 2456 5659 3170 5737">
    <p class='ocr_par' dir='ltr' id='par_1_118' title="bbox 2456 5659 3170 5737">
     <span class='ocr_line' id='line_1_118' title="bbox 2456 5659 3170 5737; baseline -0.015 -10"><span class='ocrx_word' id='word_1_873' title='bbox 2456 5677 2567 5736; x_wconf 87' lang='grc' dir='ltr'>τοῖς</span> <span class='ocrx_word' id='word_1_874' title='bbox 2601 5671 2845 5730; x_wconf 86' lang='grc' dir='ltr'>παλαιοῖς</span> <span class='ocrx_word' id='word_1_875' title='bbox 2878 5659 3170 5737; x_wconf 77' lang='grc' dir='ltr'>ἱστόρηται.</span> 
     </span>
    </p>
   </div>
   <div class='ocr_carea' id='block_1_119' title="bbox 797 5756 3818 5856">
    <p class='ocr_par' dir='ltr' id='par_1_119' title="bbox 797 5756 3818 5856">
     <span class='ocr_line' id='line_1_119' title="bbox 797 5756 3818 5856; baseline -0.01 -17"><span class='ocrx_word' id='word_1_876' title='bbox 797 5788 863 5839; x_wconf 86' lang='lat' dir='ltr'><strong>ad</strong></span> <span class='ocrx_word' id='word_1_877' title='bbox 900 5756 1150 5856; x_wconf 84' lang='lat' dir='ltr'><strong>magnum</strong></span> <span class='ocrx_word' id='word_1_878' title='bbox 1182 5786 1493 5855; x_wconf 77' lang='lat' dir='ltr'><strong>Dionysium</strong></span> <span class='ocrx_word' id='word_1_879' title='bbox 1542 5781 1815 5851; x_wconf 89' lang='lat' dir='ltr'><strong>pertinent</strong></span> <span class='ocrx_word' id='word_1_880' title='bbox 1859 5778 2197 5849; x_wconf 77' lang='lat' dir='ltr'><strong>exponendi,</strong></span> <span class='ocrx_word' id='word_1_881' title='bbox 2240 5789 2359 5844; x_wconf 66' lang='lat' dir='ltr'><strong>qua:</strong></span> <span class='ocrx_word' id='word_1_882' title='bbox 2389 5782 2536 5829; x_wconf 85' lang='lat' dir='ltr'><strong>certe</strong></span> <span class='ocrx_word' id='word_1_883' title='bbox 2565 5771 2727 5825; x_wconf 88' lang='lat' dir='ltr'><strong>etiam</strong></span> <span class='ocrx_word' id='word_1_884' title='bbox 2759 5768 2828 5821; x_wconf 87' lang='lat' dir='ltr'><strong>ab</strong></span> <span class='ocrx_word' id='word_1_885' title='bbox 2866 5764 3100 5833; x_wconf 86' lang='lat' dir='ltr'><strong>antiquis</strong></span> <span class='ocrx_word' id='word_1_886' title='bbox 3132 5760 3366 5819; x_wconf 71' lang='lat' dir='ltr'><strong>historiae</strong></span> <span class='ocrx_word' id='word_1_887' title='bbox 3395 5756 3645 5813; x_wconf 83' lang='lat' dir='ltr'><strong>mandata</strong></span> <span class='ocrx_word' id='word_1_888' title='bbox 3676 5762 3818 5808; x_wconf 83' lang='lat' dir='ltr'><strong>sunt.</strong></span> 
     </span>
    </p>
   </div>
  </div>
