4196 6306
143 429 243 487 H3

1523 429 2059 488 PROLEGOMENA.

3261 426 3360 481 (14

209 542 320 611 Τὴν
351 546 523 595 τοίνυν
552 542 846 610 εὐγένειαν,
878 542 968 596 καὶ
993 542 1051 595 τὸ
1074 544 1130 597 ἐν
1157 542 1369 613 πλούτῳ
1413 544 1704 615 περιφανὲς
1732 546 1779 600 Α
1808 574 1815 577 τ

1732 546 1779 600 A
1808 574 1815 577 τ
1876 541 2223 596 Nobilitatem
2248 540 2434 611 igitur,
2467 547 2521 594 et
2552 538 2789 594 illustres
2814 537 3028 592 dixitias
3053 536 3169 607 eius
3196 534 3363 597 Athe-

142 632 303 686 αὑτοῦ
325 673 338 697 ,
380 634 441 687 τὸ
476 636 594 687 κατ’
641 633 950 705 Ἀθηναίους
986 635 1277 708 παρίστησι
1313 637 1702 706 βουλευτήριον.

154 726 236 787 Ὠς
269 725 377 796 γάρ
408 728 436 779 ὁ
466 726 607 790 θεῖος
640 730 855 790 Λουκᾶς
895 730 1095 799 ἱστορεῖ
1143 731 1199 781 ὲν
1243 732 1362 792 ταῖς
1415 729 1701 799 Πράξεσιν,

142 810 216 880 εἷς
254 818 350 869 καὶ
383 813 535 880 οὗτος
562 814 629 889 ἦν
657 819 765 871 τῶν
792 820 1183 889 άρεοπαγιτῶν.
1212 820 1317 873 Τοῦ
1344 820 1521 873 τοίνυν
1554 820 1702 892 ίεροῦ

140 907 437 958 ἀποστόλου
464 908 675 960 Παύλου
703 913 822 972 ταῖς
862 910 1107 979 Ἀθήναις
1134 910 1583 981 ἐπιδημήσαντος,
1612 909 1703 963 καί

139 1015 241 1050 τισι
274 997 383 1049 τῶν
416 998 473 1063 ἐξ
518 986 839 1071 Ἑπικούρου
869 1002 960 1053 καὶ
986 1002 1093 1055 τῶν
1122 1002 1227 1055 ἀπὸ
1251 1003 1352 1072 τῆς
1376 1004 1540 1066 Στοᾶς
1568 1020 1704 1073 συμ-

140 1088 412 1151 ϐαλόντος,
448 1091 539 1142 καὶ
570 1091 661 1144 τὸν
700 1090 854 1160 λόγον
892 1092 993 1161 τῆς
1031 1093 1283 1164 ἀληθείας
1315 1094 1700 1165 κηρύττοντος,

138 1181 279 1243 τινὲς
306 1182 416 1234 τῶν
446 1184 620 1234 ἐκεῖσε
656 1182 954 1252 φιλοσόφων
980 1184 1165 1238 τοῦτον
1192 1186 1477 1256 συσχόντες
1501 1188 1592 1239 ἐπὶ
1611 1173 1696 1241 rb»

145 1274 357 1343 Ἀρειον
399 1274 581 1340 Πάγον
616 1274 924 1345 ἀπήγαγον,
959 1275 1112 1339 δίκας
1203 1270 1278 1331 ὧν
1325 1278 1702 1353 ἐδημηγόρησε

139 1362 395 1414 δώσοντα.
440 1362 603 1415 Ἀλλά
634 1364 854 1415 κάκεῖσε
891 1364 1225 1438 δημηγορεῖν,
1267 1371 1360 1421 καὶ
1398 1372 1499 1442 τῆς
1540 1370 1701 1425 αὑτοῦ

142 1450 288 1513 θείας
319 1450 564 1523 γλώττης
595 1452 815 1525 θήραμα
843 1450 1105 1523 γίνονται,
1143 1460 1235 1511 καί
1274 1458 1418 1513 ἄλλοι
1468 1461 1565 1531 μὲν
1604 1463 1703 1514 οὐκ

140 1542 304 1611 ὀλίγοι
328 1582 341 1605 ,
374 1542 508 1595 ἀλλά
541 1544 634 1595 καὶ
667 1546 827 1609 αὐτὸς
855 1548 1125 1611 Διονύσιος
1146 1588 1159 1611 ,
1196 1551 1286 1603 καὶ
1320 1550 1452 1621 γυνὴ
1484 1552 1701 1622 ὀνόματι

143 1634 409 1705 Δάμαρις,
439 1635 534 1687 καὶ
558 1636 735 1707 ἓτεροι
766 1640 860 1692 σὺν
891 1640 1089 1703 αὐτοῖς.
1122 1640 1505 1712 Προστέθειται
1532 1641 1587 1694 δὲ
1611 1644 1703 1696 καὶ

139 1724 195 1776 τὸ
226 1726 327 1795 τῆς
355 1727 508 1791 ἀξίας
536 1729 715 1798 αὐτῷ·
751 1732 883 1801 φησι
916 1732 1042 1803 γὰρ,
1079 1736 1111 1787 ὀ
1147 1734 1580 1804 Ἀρεοπαγίτης,
1614 1736 1703 1791 διὰ

139 1818 196 1869 τὸ
248 1822 545 1889 περιφανὲς
594 1822 687 1875 τοῦ
733 1824 957 1894 ἀνδρὸς,
989 1821 1176 1897 οἶμαι,
1220 1828 1274 1880 ἐν
1318 1846 1377 1883 τε
1418 1830 1579 1901 σοφίᾳ
1609 1831 1701 1883 καὶ

1808 636 2076 690 niensium
2130 634 2233 694 iste
2291 642 2514 689 senatus
2565 631 2828 687 declarat.
2899 630 3359 697 Quemadmodum

1803 725 1947 780 enim
1975 724 2131 778 divus
2160 722 2336 779 Lucas
2363 723 2604 778 historia:
2637 722 2856 775 mandat
2885 722 2936 775 iu
2971 720 3191 777 Actibus
3215 719 3278 784 ’⁸,
3314 721 3362 777 is

1803 817 1966 871 etiam
1996 828 2269 880 unus'erat
2303 816 2762 885 areopagitarum.
2793 813 2925 869 Cum
2952 813 3115 883 igitur
3138 824 3361 867 sanctus

1804 908 2081 976 apostolus
2112 908 2312 963 Paulus
2350 903 2592 963 Athenas
2634 904 2909 975 profectus
2935 911 3110 971 esset,
3142 915 3197 958 et
3235 920 3356 958 cum

1804 1001 2131 1069 quibusdam
2159 1001 2437 1069 Epicureis
2462 1014 2525 1054 ac
2553 998 2755 1053 Stoicis
2776 1012 3117 1065 congressus,
3136 996 3356 1050 Verbum

1803 1092 2051 1147 veritatis
2117 1094 2475 1162 praedicaret;
2531 1090 2777 1147 nonnulli
2847 1090 3009 1144 isthic
3057 1088 3357 1157 philosophi

1803 1195 1924 1235 eum
1956 1182 2473 1251 comprehendentes
2504 1183 2571 1237 ad
2616 1183 2957 1251 Areopagum
3000 1181 3356 1246 abduxerunt,

1805 1287 1997 1341 pinnas
2027 1274 2279 1328 daturum
2312 1284 2534 1344 propter
2574 1287 2637 1328 ea
2680 1289 2800 1342 qua:
2838 1273 3188 1327 concinnatus
3214 1279 3355 1325 erat.

1807 1364 2004 1419 Verum
2055 1366 2221 1419 etiam
2266 1364 2377 1420 illic
2419 1366 2794 1429 conciouatur,
2846 1375 2899 1420 et
2947 1365 3140 1418 dirius:
3189 1361 3358 1432 ipsius

1804 1456 1996 1526 lingua:
2023 1457 2202 1526 praeda
2230 1456 2383 1524 ﬁunt,
2409 1468 2606 1527 praeter
2644 1458 2779 1511 alios
2809 1472 2918 1511 non
2943 1471 3160 1526 paucos,
3193 1455 3355 1508 etiam

1804 1549 1915 1618 ipse
1946 1549 2264 1619 Dionysius,
2290 1559 2345 1605 et
2378 1550 2572 1603 mulier
2611 1550 2829 1604 nomine
2869 1549 3133 1614 Damaris,
3172 1556 3225 1601 et
3262 1547 3353 1601 alii

1802 1658 1923 1697 cum
1956 1642 2055 1697 eis.
2088 1642 2231 1709 Quin
2266 1651 2322 1698 et
2354 1642 2640 1711 adjunctus
2671 1652 2753 1696 est
2792 1642 2865 1696 illi
2910 1641 3094 1696 titulus
3132 1641 3356 1710 dignita-

1805 1732 1905 1799 tis;
1942 1733 2018 1786 ait
2056 1734 2224 1799 enim,
2266 1730 2621 1804 AreOpagita,
2666 1730 2736 1786 ob
2780 1730 3063 1795 illustrem,
3107 1739 3164 1783 ut
3205 1730 3354 1783 arbi-

1805 1835 1939 1889 tror,
1972 1823 2073 1877 viri
2105 1823 2444 1892 sapientiam,
2501 1834 2555 1878 et
2604 1822 2842 1887 divitias,
2875 1836 2937 1875 ac
2962 1820 3120 1873 tertio
3138 1830 3356 1890 prepter

141 1908 373 1979 πλούτῳ,
423 1912 517 1965 καὶ
557 1914 724 1985 τρίτῳ
764 1916 842 1986 τῷ
888 1917 988 1987 τῆς
1030 1918 1299 1983 πολιτείας
1330 1897 1697 1992 ἀνεπιλήπτῳ.
1732 1897 1773 1950 Β

1732 1897 1773 1950 Β
1804 1912 2280 1981 irreprehcnsihile
2306 1912 2519 1965 vivendi
2555 1910 2891 1966 institutum.
2937 1909 3053 1964 Non
3093 1912 3235 1964 enim
3263 1925 3354 1962 cu-

138 1998 209 2051 Ού
254 2000 366 2070 γάρ
404 2003 599 2066 παντὸς
640 2000 706 2075 ἦν
743 2007 805 2057 τὸ
836 2008 914 2069 είς
946 2009 1311 2078 άρεοπαγίτας
1346 2012 1550 2077 τελεῖν,
1586 2013 1699 2065 ἀλλ’

136 2090 190 2141 ὃν
225 2091 293 2144 ἀν
325 2096 357 2163 ἡ
395 2095 558 2165 συχνὴ
592 2097 769 2165 σοφία,
797 2099 891 2152 καὶ
919 2102 946 2152 ὁ
972 2103 1203 2171 χρηστὸς
1224 2102 1370 2172 βίος,
1406 2104 1496 2156 καὶ
1528 2105 1587 2157 τὸ
1610 2106 1701 2157 ἐπὶ

138 2183 301 2234 πᾶσιν
338 2186 699 2258 ἀνεπίληπτον
730 2189 807 2250 είς
837 2190 899 2243 τὸ
930 2190 1167 2243 τοιοῦτον
1206 2194 1558 2264 προύκαλεῖτο
1589 2196 1701 2261 ἀξί-

134 2292 292 2345 ωμα·
341 2278 405 2329 ὲκ
458 2278 564 2350 γάρ
611 2280 718 2333 τῶν
766 2280 920 2333 ἐννέα
971 2282 1381 2354 καθισταμένων
1428 2287 1700 2358 ἀρχόντων

148 2366 430 2439 Ἀθήνῃσιν
463 2369 568 2422 ἔδει
594 2372 717 2434 τοὺς
748 2373 1110 2443 ἀρεοπαγίτας
1136 2371 1291 2439 εἶναι,
1321 2370 1393 2430 ὧν
1425 2380 1452 2431 ὁ
1475 2378 1701 2449 ἀριθμὸς

134 2459 212 2520 είς
238 2458 333 2511 ἕνα
363 2461 455 2512 καὶ
483 2463 818 2532 πεντήκοντα
846 2466 1123 2518 ὲποσοῦτο.

208 2546 444 2610 Ἕξωθεν
485 2550 539 2602 δὲ
572 2551 671 2621 τῆς
712 2554 917 2618 πόλεως
954 2552 1021 2627 ἦν
1068 2557 1127 2609 τὸ
1171 2558 1308 2612 κατὰ
1345 2558 1437 2613 τὸν
1486 2562 1701 2631 ’Ἀρειον

138 2639 314 2706 Πάγον
365 2640 727 2715 δικαστήριον,
763 2647 956 2718 κληθὲν
982 2649 1139 2712 οὕτω,
1171 2651 1257 2703 διὰ
1298 2652 1359 2706 τὸ
1404 2654 1494 2705 τὸν
1528 2656 1700 2726 Ἀρην

136 2731 309 2782 ἐκεῖσε
352 2729 576 2801 λαχόντα
624 2735 700 2805 τῷ
728 2736 1011 2790 Ποσειδῶνι
1053 2739 1225 2809 δίκην,
1262 2741 1427 2811 πῆξαι
1463 2745 1523 2797 τὸ
1568 2744 1701 2800 ἴδιον

138 2821 411 2894 σκῆπτρον
452 2825 534 2892 ἐφ’
568 2820 610 2893 ᾦ
658 2828 891 2901 κριθείη,
937 2832 1130 2884 ὃτιτὸν
1171 2833 1375 2887 ἐκείνου
1412 2837 1523 2890 υίὺν
1570 2838 1701 2892 ἀπέ-

136 2926 341 2964 κτεινεν
384 2914 725 2986 Ἀλιρρόθιον.
770 2918 1042 2983 Ἐδίκαζον
1071 2921 1126 2973 δὲ
1190 2927 1538 2994 ἀρεοπαγῖται
1574 2929 1701 2999 περὶ

133 3000 238 3052 τῶν
256 3001 515 3071 μειζόνων
535 3008 877 3077 σφαλμάτων,
907 3013 999 3064 καὶ
1021 3014 1052 3083 ή
1073 3011 1273 3068 τούτων
1296 3016 1474 3085 κρίσις
1489 3017 1587 3070 οὐκ
1604 3019 1701 3071 ὲδί-

130 3093 219 3147 δον
235 3096 316 3166 τῷ
333 3098 568 3167 κριθέντι
584 3102 679 3171 τὴν
701 3101 901 3170 ἔφεσιν·
921 3104 999 3156 διὸ
1015 3106 1105 3157 καὶ
1117 3106 1191 3169 ὡς
1206 3108 1403 3161 καινῶν
1415 3109 1699 3180 δαιμονίων

1799 2002 1972 2072 jusvis
2016 2013 2134 2056 erat
2178 2003 2323 2058 inter
2355 2002 2708 2073 Areopagitas
2750 2002 2997 2065 censeri,
3043 2001 3135 2055 sed
3196 2014 3354 2069 quem

1804 2096 1968 2150 multa
1993 2097 2282 2167 sapientia,
2311 2108 2366 2151 et
2391 2097 2556 2165 proba
2586 2098 2716 2163 vita,
2746 2107 2801 2150 et
2831 2098 2883 2151 in
2911 2098 3161 2151 omnibus
3186 2097 3354 2165 culpa!

1802 2187 2013 2241 vacatio
2049 2186 2114 2241 ad
2154 2197 2360 2242 tantam
2400 2197 2659 2241 evexerat
2691 2187 3007 2255 dignitatem
3040 2204 3054 2240 :
3088 2188 3352 2256 siquidem

1801 2279 2030 2334 Athenis
2054 2295 2119 2333 ex
2143 2294 2335 2333 novem
2360 2280 2691 2349 principibus
2716 2280 3045 2347 constitutis,
3075 2279 3356 2351 Oportebat

1803 2385 1922 2424 esse
1949 2371 2342 2440 Areopagitas,
2400 2386 2630 2441 quorum
2678 2361 2936 2426 numerus
2982 2372 3046 2425 ad
3092 2387 3261 2425 unum
3301 2378 3353 2426 et

1801 2461 2191 2531 quinquaginta
2226 2470 2484 2515 extensus
2512 2459 2634 2514 fuit.

1869 2552 2001 2607 Erat
2052 2563 2229 2607 autem
2274 2566 2425 2608 extra
2476 2568 2653 2609 arcem
2720 2554 2771 2607 in
2824 2553 2961 2609 colle
3007 2553 3197 2607 Martio
3257 2555 3352 2609 tri-

1801 2641 1984 2709 bunal,
2010 2644 2090 2699 sic
2136 2643 2490 2714 appellatum,
2534 2649 2677 2714 quod
2727 2646 2800 2723 ibi
2843 2645 2985 2701 Mars
3025 2648 3351 2701 sententiam

1802 2734 2098 2801 accepisset
2125 2734 2372 2805 Neptuno
2399 2742 2669 2805 sceptrum
2716 2738 2988 2806 proprium
3037 2736 3251 2807 ﬁgendi,
3288 2739 3353 2792 ad

1802 2824 1943 2890 quod
1974 2826 2367 2881 condemnatus
2410 2826 2531 2891 fuit,
2560 2828 2701 2897 quod
2724 2826 2889 2881 [ilium
2938 2827 3051 2895 ejus
3080 2827 3355 2882 Halirrho-

1801 2914 1951 2969 thion
1979 2917 2290 2973 occidisset.
2340 2917 2661 2974 Judicabant
2709 2933 2888 2974 autem
2942 2920 3260 2990 areopagitaz
3291 2921 3356 2974 de

1804 3005 2116 3075 majoribus,
2157 3018 2317 3077 atque
2358 3008 2548 3063 horum
2596 3010 2861 3065 sententia
2900 3025 3004 3063 non
3031 3010 3358 3064 concedebat

1803 3100 2159 3155 condemnato
2186 3100 2618 3170 appellationem.
2652 3099 3007 3163 Quamobrem
3057 3099 3355 3169 philosophi

133 3188 470 3279 καταγγελέα
493 3191 584 3243 τὸν
613 3191 884 3248 θειότατον
907 3196 1005 3265 τῆς
1036 3196 1290 3266 ἀληθείας
1316 3200 1528 3271 κήρυκα
1555 3200 1699 3254 Παῦ-
1726 3216 1774 3279 c

1697 3233 1699 3240 .
1726 3216 1774 3279 α
1806 3189 2049 3258 Paulum,
2072 3192 2465 3261 divinissimum
2508 3193 2753 3248 veritatis
2782 3192 3208 3263 praedicatorem,
3239 3201 3354 3245 tau-

131 3276 238 3339 λον,
270 3280 409 3349 πρὸς
434 3282 530 3351 τὴν
560 3282 619 3347 ἐξ
663 3284 869 3355 Ἀρείου
901 3288 1083 3356 Πάγου
1114 3288 1307 3363 βουλὴν
1345 3292 1394 3344 οί
1427 3291 1699 3363 φιλόσοφοι

130 3368 400 3424 ἕλκουσιν.
445 3372 603 3425 Ἀλλά
655 3376 717 3427 τὸ
767 3377 1068 3447 τηνικαῦτᾶ
1124 3381 1315 3451 χρόνου
1362 3382 1625 3452 βουλεύων
1672 3388 1701 3438 ό

132 3460 430 3530 πάμμεγας
455 3464 723 3529 Διονύσιος
741 3507 755 3530 ,
796 3468 1017 3541 ἐκφέρει
1058 3472 1157 3542 τὴν
1184 3474 1362 3542 κρίσιν
1388 3474 1697 3539 ἀδέκαστον,

129 3548 189 3598 οὐ
232 3550 433 3618 λόγοις,
488 3556 601 3608 ἀλλ’
651 3558 832 3623 αὐτοῖς
875 3562 1209 3632 πράγμασιν.
1255 3564 1551 3636 Ἐρῤὦσθαι
1593 3568 1700 3639 γὰρ

129 3640 289 3709 ἀφεὶς
318 3645 491 3712 πάγον
519 3649 724 3701 ἐκεῖνον
767 3650 861 3702 καὶ
903 3651 1182 3722 σέμνωμα,
1216 3656 1306 3707 καὶ
1326 3658 1502 3711 πᾶσαν
1536 3658 1704 3730 ἀλλην

131 3735 248 3784 κατ’
279 3733 445 3790 αὑτὸν
480 3742 850 3811 περιφάνειαν,
895 3744 1002 3797 τῶν
1056 3745 1212 3815 ίερῶν
1246 3747 1445 3815 ἰύγγων
1494 3751 1702 3819 γίνεται

131 3828 365 3893 Παύλου,
398 3832 491 3883 καὶ
535 3833 927 3903 προσκολλᾶται
959 3836 1176 3907 Χριστῷ
1199 3836 1261 3891 δι’
1306 3840 1487 3893 αὑτοῦ.
1528 3842 1570 3893 Τ
1574 3842 1701 3894 ελεῖ.

128 3933 211 3971 ται
257 3920 444 3989 μέντοι
489 3922 575 3975 διὰ
622 3924 813 3977 τούτου
861 3925 931 3979 τά
976 3927 1077 3997 τῆς
1124 3930 1395 3999 σωτηρίας
1438 3930 1695 4001 δόγματα,

128 4010 553 4079 παιδαγωγεῖται
578 4013 632 4067 δὲ
676 4015 1063 4081 διδασκαλικῶς
1089 4019 1180 4071 καὶ
1209 4019 1312 4072 ὑπὸ
1353 4020 1428 4091 τῷ
1464 4024 1698 4093 μεγίστῳ

139 4101 403 4173 Ἰεροθέῳ,
445 4105 520 4166 ὡς
560 4106 719 4169 αὐτὸς
760 4108 817 4160 ὲν
870 4109 1081 4173 πολλοῖς
1122 4112 1399 4182 μαρτυρεῖ.
1430 4112 1561 4165 Εἶτα
1607 4113 1698 4167 καὶ

128 4192 230 4246 ὑπὸ
271 4195 489 4248 Παύλου
538 4197 832 4263 ἐπίσκοπος
885 4201 993 4254 τῶν
1062 4202 1309 4273 Ἀθήνῃσι
1377 4202 1697 4257 πιστευσάν-

126 4298 230 4335 των
269 4286 610 4340 καθίσταται.

193 4377 583 4432 Συντάττονται
594 4380 767 4434 τοίνυν
782 4381 859 4452 τῷ
883 4390 1131 4455 μακαρίῳ
1143 4384 1419 4456 πολλάμὲν
1433 4386 1523 4439 καὶ
1535 4385 1695 4455 ἕτερα

128 4473 558 4541 συγγράμματα,
587 4466 659 4525 ὧν
691 4473 754 4546 δὴ
784 4476 877 4528 καὶ¹
908 4477 1091 4547 μνείαν
1132 4481 1361 4530 ποιεῖται
1408 4479 1500 4530 καὶ
1543 4473 1694 4540 οὗτος

1801 3296 1962 3351 quam
1996 3297 2256 3338 novorum
2305 3282 2687 3339 daemoniorum
2736 3298 3058 3354 praeconem,
3090 3283 3155 3336 ad
3185 3282 3355 3336 Areo-

1802 3375 1922 3445 pagi
1955 3374 2242 3437 cqncilium
2272 3375 2514 3429 trahunt.
2549 3376 2742 3431 Verum
2782 3386 2907 3429 tunc
2953 3373 3210 3443 temporis
3233 3387 3352 3426 cum

1802 3467 2031 3523 concilio
2058 3466 2343 3522 interesset
2372 3468 2639 3521 maximus
2668 3467 2973 3538 Dionysius,
3007 3466 3214 3534 profert
3239 3480 3355 3519 sen-

1805 3561 2023 3614 tentiam
2040 3562 2431 3631 incorruptam,
2444 3576 2550 3615 non
2566 3561 2765 3624 verbis,
2780 3560 2872 3614 sed
2895 3558 3054 3613 factis
3066 3557 3352 3629 ipsis.Nam

1804 3653 1983 3711 valere
2007 3653 2206 3724 iubens
2228 3654 2421 3709 collem
2450 3653 2618 3718 illum,
2649 3661 2705 3706 et
2733 3652 3069 3721 dignitatem,
3100 3663 3157 3706 et
3200 3650 3355 3719 quid-

1803 3734 1932 3814 quid
1963 3747 2017 3801 in
2047 3760 2114 3801 eo
2143 3744 2351 3801 illustre
2375 3754 2516 3808 erat,
2545 3744 2714 3799 sacris
2740 3743 2887 3797 Pauli
2918 3744 3134 3797 vocibus
3162 3755 3355 3797 conce-

1804 3838 1899 3902 dit,
1933 3846 1987 3891 et
2022 3852 2118 3906 per
2146 3836 2317 3907 ipsum
2344 3836 2559 3891 Christo
2617 3832 2995 3905 agglutinatur.
3042 3835 3118 3887 Ac
3164 3832 3353 3886 salutis

1803 3929 2017 3997 quidem
2042 3927 2309 3999 dogmatis
2342 3929 2409 3982 ab
2453 3928 2570 3996 ipso
2603 3927 2868 3992 initiatur,
2904 3924 2995 3980 sed
3043 3940 3073 3979 a
3118 3924 3353 3977 maximo

1804 4008 2096 4076 Hierotheo
2133 4020 2518 4091 magistraliter
2550 4018 2873 4078 instituitur.
2903 4016 3349 4087 quemadmodum

1804 4114 2032 4183 ipsemet
2072 4111 2321 4182 plurimis
2346 4112 2479 4167 locis
2524 4120 2771 4167 testatur.
2800 4108 3145 4164 Postmodqu
3190 4107 3349 4162 etiam

1802 4222 1830 4258 a
1866 4204 2030 4259 Paulo
2060 4203 2297 4259 ﬁdelium
2320 4204 2727 4259 Atheniensium
2758 4202 3041 4271 episcopus
3070 4201 3350 4255 constitui-

1800 4307 1907 4353 tur.

1869 4390 2131 4444 Caeterum
2160 4390 2457 4459 composita
2486 4388 2702 4442 fuerunt
2736 4386 2803 4454 ab
2835 4386 2934 4439 hoc
2966 4392 3155 4439 sancto
3185 4382 3348 4435 multa

1808 4480 1959 4533 etiam
1992 4481 2097 4534 alia
2134 4483 2357 4550 scripta,
2404 4494 2635 4549 quorum
2682 4490 2897 4548 quoque
2944 4476 3169 4543 ipsemet
3199 4488 3350 4526 meu-

127 4561 181 4611 ὲν
212 4564 335 4624 ταῖς
386 4564 801 4633 εὑρισκομέναις
858 4568 1254 4638 πραγματείαις
1301 4568 1483 4621 αὐτοῦ.
1538 4568 1695 4622 Ἀλλά
1726 4565 1775 4627 Ι)

1726 4565 1775 4627 Ι)
1806 4571 1999 4625 tionem
2031 4574 2158 4628 facit
2187 4574 2237 4626 in
2282 4574 2537 4645 operibus
2581 4586 2698 4639 qua:
2742 4578 2972 4625 exstant.
3013 4566 3151 4633 Quin
3198 4576 3252 4618 et
3275 4574 3352 4617 te-

126 4651 214 4701 mi.
244 4658 603 4723 μαρτυρεῖται
658 4655 920 4720 σώζεσθαι
952 4658 1137 4721 ταῦτα,
1171 4660 1273 4723 ἕως
1318 4658 1529 4722 πολλοῦ,
1556 4659 1695 4712 κατὰ

124 4742 219 4811 τὴν
244 4744 301 4794 ὲν
344 4744 535 4816 Ῥώμῃ
582 4746 925 4819 βιϐλιοθήκην
974 4750 1375 4820 ἀνατεθειμένα.
1409 4750 1607 4821 Γράφει
1636 4750 1692 4803 δὲ

125 4836 190 4885 τά
236 4835 469 4889 πλεῖστα
504 4838 652 4911 ,πρὸς
696 4840 785 4892 τὸν
824 4842 881 4893 ὲν
926 4842 1100 4910 ἁγίοις
1143 4841 1401 4912 Τιμόθεον
1450 4841 1540 4893 τὸν
1586 4841 1690 4894 τῶν

138 4926 399 4996 Ἐφεσίων
426 4930 741 4996 ἐπίσκοπον,
769 4933 873 4985 ὑπὸ
910 4934 1014 4986 τῶν
1042 4934 1181 4987 κατά
1199 4934 1294 5005 τὴν
1326 4936 1555 5003 Ἔφεσον
1594 4933 1699 5003 τῆς

136 5018 375 5090 Ἰωνικῆς
406 5022 718 5090 φιλοσοφίας
744 5023 1116 5095 προεστώτων,
1147 5024 1377 5087 ώςείκὸς
1422 5022 1697 5092 πάσχοντα

124 5110 444 5181 πράγματα,
475 5114 569 5166 καὶ
592 5115 987 5186 πυνθανόμενον
1010 5116 1084 5179 ὡς
1112 5117 1386 5187 εἰδήμονΟς
1414 5115 1509 5168 τοῦ
1536 5115 1696 5183 ἁγίου

121 5204 216 5273 τῆς
255 5204 596 5275 ἐξωτερικῆς
619 5208 951 5277 φιλοσοφίας,
988 5210 1072 5262 ἴνα
1126 5207 1245 5261 καῖ’
1266 5208 1461 5279 μᾶλλον
1498 5208 1697 5277 ἀγωνί-

124 5295 278 5355 ζοιτο.
308 5298 643 5364 Συνάγονται
686 5299 865 5369 μέντοι
910 5302 971 5355 ὲκ
1012 5301 1118 5353 τῶν
1164 5300 1571 5372 προειρημένων
1597 5295 1696 5352 τοῦ

125 5383 328 5455 [ἰατρὸς
359 5390 807 5458 συγγραμμάτων
833 5392 923 5444 καὶ
945 5393 1123 5462 ἕτερα,
1154 5392 1188 5445 ὃ.
1218 5392 1313 5463 οὐχ
1355 5394 1696 5463 εὑρίσκονται

124 5477 248 5544 παρ’
284 5479 420 5546 ἡμῖν
447 5477 595 5529 τάδε·
629 5480 769 5546 Περὶ
838 5480 1160 5549 (irrumth
1194 5480 1514 5547 ίδιοτήτων,
1548 5483 1692 5551 Περὶ

124 5566 347 5635 ψυχῆς,
380 5569 523 5637 Περὶ
553 5567 784 5624 δικαίου
800 5572 895 5625 καί
933 5573 1090 5627 θείου
1106 5572 1529 5641 δικαιωτηριόυ,
1548 5572 1689 5642 Περί

198 5795 239 5829 ιδ
272 5799 395 5851 Act.
447 5810 585 5860 xvii,
616 5796 709 5853 34.

1804 4665 2062 4719 stimouio
2088 4664 2493 4733 comprobatum
2522 4672 2623 4728 est,
2658 4662 2771 4715 haec
2823 4661 2981 4729 longo
3005 4667 3251 4726 tempere
3297 4656 3349 4709 in

1803 4754 2045 4809 Romana
2100 4755 2423 4815 bibliotheca
2476 4753 2764 4821 deposita,
2821 4750 2985 4804 fuisse
3054 4754 3347 4801 asservata.

1804 4828 2011 4902 Scribit
2066 4858 2242 4901 autem
2295 4846 2522 4915 plurima
2576 4846 2644 4899 ad
2707 4852 2954 4898 sanetum
3012 4838 3349 4893 Timotheum

1802 4937 2153 5007 Ephesiorum
2183 4939 2514 5007 episc0pum,
2544 4950 2571 4988 a
2615 4934 2885 5003 primariis
2932 4931 3129 4985 ionicae
3178 4926 3349 4997 philo-

1799 5029 2003 5097 sOphia:
2044 5029 2428 5091 sectatoribus,
2481 5024 2676 5093 Ephesi
2720 5022 3001 5095 plurimas,
3037 5020 3110 5073 uti
3141 5017 3348 5072 verosi-

1802 5119 1927 5172 mile
1954 5129 2055 5180 est,
2088 5117 2360 5173 molestias
2389 5117 2770 5189 sustinentem,
2812 5122 2867 5167 et
2894 5120 3138 5167 sanctum
3181 5110 3345 5171 hunc,

1804 5220 2057 5277 tanquam
2107 5219 2349 5262 externae
2382 5203 2734 5277 philosophia:
2776 5204 3028 5273 peritum,
3060 5198 3341 5255 consulen-

1800 5308 1929 5362 tem,
1978 5305 2036 5352 ut
2068 5298 2297 5353 validius
2354 5297 2651 5353 dimicaret.
2701 5294 3034 5362 Colliguntur
3075 5302 3236 5358 porro
3275 5300 3340 5341 ex

1798 5391 2070 5460 praedictis
2120 5389 2277 5457 hujus
2335 5388 2511 5443 Patris
2556 5387 2773 5456 scriptis
2830 5383 2988 5436 etiam
3042 5380 3169 5442 alia,
3224 5392 3342 5445 quae

1800 5482 1936 5550 apud
1968 5497 2065 5537 nos
2114 5483 2333 5536 minime
2375 5480 2737 5550 reperiuntur,
2785 5473 3030 5528 videlicet
3062 5470 3139 5523 De
3180 5482 3338 5535 auge-

1798 5574 1918 5627 licis
1959 5575 2379 5641 praprietalibus,
2429 5572 2499 5626 De
2541 5571 2736 5633 anima,
2772 5566 2845 5620 De
2881 5568 3023 5637 justo
3066 5578 3126 5613 ac
3166 5559 3339 5612 divino
