4198 6304
168 334 269 392 ΙΞ1

1232 334 1314 388 DE
1351 333 1673 389 C(ELESTI
1711 331 2155 398 HIERARCHIA,
2194 332 2343 388 CAP.
2382 332 2422 387 Ι.

3304 335 3406 390 123

161 469 323 522 τητα,
372 451 467 504 καὶ
507 447 750 504 Θεοποιὺν
791 447 1084 519 ἁπλότητα.
1140 449 1248 501 Καὶ
1297 447 1406 519 γάρ
1445 448 1512 513 ἐξ
1556 449 1739 504 αὑτοῦ
1769 457 1814 510 Α

1769 457 1814 510 Α
1844 447 2157 517 plicitatem.
2187 447 2547 514 Quoniamem
2574 448 2684 516 ipso
2728 458 2774 502 et
2819 449 2875 502 in
2907 465 3076 519 ipsum
3124 462 3241 504 sunt
3289 468 3402 503 om-

161 548 359 601 :uirta
389 549 434 577 “
467 547 564 599 καὶ
595 547 681 609 εἰς
711 543 916 608 αὐτὸν,
946 541 1021 606 ὡς
1046 545 1073 596 ὁ
1103 543 1243 613 ἱερὸς
1266 543 1367 612 ἔφη
1396 543 1568 608 λόγος.

228 860 442 914 Οὐκοῦν
482 861 688 931 Ἰησοῦν
724 860 1191 933 ἐπικαλεσάμενοι,
1220 862 1285 917 τὸ
1310 863 1569 936 πατρικὸν
1593 864 1738 933 φῶς,

149 951 214 1005 τὸ
250 952 311 1005 ὃν
339 953 406 1006 τὸ
438 953 728 1022 ἀληθινὸν
757 956 821 1020 ³⁸,
857 955 886 1008 ὂ
930 954 1156 1025 φωτίζει
1203 955 1399 1010 πάντα
1429 956 1739 1025 ἄνθρωπον

149 1043 485 1113 ἐρχόμενον
515 1049 600 1112 εὶς
636 1047 743 1101 τὸν
774 1049 1019 1118 κόσμον,
1043 1051 1108 1103 δι’
1135 1045 1193 1103 οὗ
1220 1051 1318 1122 τὴν
1348 1049 1483 1122 πρὸς
1507 1050 1596 1103 τὸν
1634 1051 1734 1122 ἀρ-

150 1133 393 1202 χίφωτον
441 1136 658 1207 Πατέρα
714 1140 1076 1209 προσαγωγὴν
1115 1141 1456 1210 ὲσχήκαμεν’,
1507 1140 1598 1191 ἐπὶ
1637 1139 1736 1204 τὰς

148 1222 261 1275 τῶν
317 1226 621 1295 ίερωτάτων
659 1228 855 1296 λογίων
903 1231 1414 1302 πατροπαραδότους
1442 1231 1733 1302 smallest;

149 1314 228 1376 ὼς
270 1317 490 1384 ἐφικτὸν
518 1320 919 1392 ἀνανεύσωμεν,
951 1322 1163 1384 καὶτὰς
1189 1323 1279 1376 ὑπ’
1315 1322 1492 1375 αὐτῶν
1534 1323 1734 1394 συμϐο-

148 1404 322 1471 λικῶς
347 1409 476 1479 ἡμῖν
505 1412 599 1464 καὶ
635 1412 990 1481 ἁναγωγικῶς
1036 1413 1395 1484 ὲκφανῦείσας
1439 1415 1545 1469 τῶν
1573 1419 1731 1489 οὐρα-

148 1495 278 1546 νίων
305 1497 442 1549 νοῶν
473 1500 774 1570 ίεραρχίας,
806 1503 879 1564 ὡς
915 1497 1024 1557 οἷόν
1064 1505 1124 1555 τέ
1155 1505 1340 1574 ἐσμεν,
1387 1505 1732 1562 ὲποπτεύσω-

150 1602 254 1654 μεν
279 1604 292 1616 ·
323 1590 417 1640 καὶ
439 1589 537 1660 τὴν
564 1592 798 1662 ἀρχικήν
839 1595 929 1646 καὶ
963 1594 1292 1666 ὑπεράρχιον
1318 1595 1363 1625 ²¹⁶
1387 1593 1480 1648 τοῦ
1519 1595 1731 1669 θεαρχι-

1846 543 1932 592 nia
1969 539 2020 602 δ,
2054 547 2112 590 ιιι
2145 554 2321 595 sermo
2354 555 2509 595 sacer
2539 541 2632 594 ait.

1749 697 1776 768 ς
1812 697 1871 751 ιι.

1915 861 2274 927 Quamobrem
2313 859 2497 916 Jesum
2541 858 2893 918 invocantes.
2946 858 2996 927 2
3047 859 3136 929 qui
3180 869 3398 929 paterna

1842 955 1934 1008 lux
1961 965 2045 1009 est
2073 970 2212 1018 vera,
2240 969 2355 1018 qua:
2383 951 2646 1004 illuminat
2672 957 2876 1003 omnem
2908 947 3166 1003 hominem
3191 953 3401 1005 venien-

1839 1055 1940 1100 tem
1977 1047 2030 1099 in
2057 1047 2194 1099 hunc
2217 1044 2466 1098 mundum
2494 1054 2543 1106 ο,
2569 1057 2667 1111 per
2691 1057 2847 1110 quem
2889 1042 2954 1095 ad
2981 1042 3239 1110 originem
3267 1043 3399 1097 lucis

1840 1139 2053 1194 Patrem
2086 1153 2363 1193 accessum
2396 1136 2745 1199 obtinuimus,
2792 1134 2860 1189 ad
2902 1134 3398 1188 sacratissimorum

1837 1243 1865 1281 a
1901 1228 2149 1283 Patribus
2184 1227 2408 1281 traditas
2463 1225 2800 1293 eloquiorum
2853 1223 3244 1277 illustrationes
3301 1237 3400 1292 pro

1837 1320 2040 1374 viribus
2092 1317 2483 1387 suspiciamus;
2536 1331 2744 1370 necnon
2808 1316 2875 1370 ab
2914 1317 3046 1384 ipsis
3098 1314 3398 1384 symbolice

1836 1413 1992 1466 nobis
2027 1420 2082 1465 et
2112 1407 2741 1480 anagogicepatel’actas-
2774 1407 3080 1462 caelestium
3133 1408 3397 1460 mentium

1837 1501 2213 1566 hierarchias,
2261 1509 2422 1569 prout
2470 1511 2794 1568 possumus,
2848 1497 3188 1562 intueamur;
3237 1506 3398 1565 atque

1831 1593 2205 1665 principialent
2235 1601 2290 1646 et
2346 1587 2882 1660 superprincipialem
2914 1588 3108 1651 Patris,
3135 1589 3224 1658 qui
3250 1588 3397 1656 prin-

146 1677 248 1729 κοῦ
295 1680 511 1750 Πατρὸς
538 1683 865 1751 φωτοδοσίαν
990 1685 1088 1747 τὰς
1115 1686 1220 1737 τῶν
1257 1686 1500 1753 ἀγγέλων
1529 1690 1656 1758 ἡμῖν
1678 1691 1733 1740 ὲν
1765 1702 1804 1760 Β

1765 1702 1807 1760 Β
1835 1687 2033 1755 cipium
2079 1685 2386 1739 Divinitatis
2433 1691 2534 1747 est,
2592 1681 3007 1736 illustrationem
3055 1682 3196 1750 (qua:
3242 1680 3395 1734 nobis

143 1776 481 1835 τυπωτικοῖς
506 1774 790 1844 συμϐόλοις
818 1776 1058 1844 ἐκφαίνει
1101 1779 1516 1848 μακαριωτάτας
1560 1781 1734 1852 ίεραρ-

145 1861 318 1932 χίας),
373 1863 555 1928 ἁῢλοις
601 1867 692 1918 καὶ
741 1867 1000 1937 άτρεμέσι
1025 1868 1141 1931 νοὸς
1177 1869 1473 1940 ὀφθαλμοῖς
1499 1871 1732 1936 εἰσδεξά-

148 1971 329 2023 μενοι,
363 1956 521 2009 πὰλιν
556 1957 812 2028 ἐξαυτῆς
849 1960 940 2015 ἐπὶ
973 1960 1070 2031 τὴν
1109 1960 1285 2030 ἁπλῆν
1322 1962 1492 2032 αὐτῆς
1531 1963 1729 2015 ἀνατα-

145 2048 332 2118 θῶμεν
375 2050 586 2102 ἀκτῖνα.
617 2050 725 2101 Kal
775 2049 881 2122 γὰρ
919 2050 1038 2103 οὐδὲ
1081 2051 1216 2124 αὑτὴ
1261 2051 1476 2105 πώποτε
1515 2054 1613 2124 τῆς
1654 2057 1730 2108 οἱ·

143 2142 306 2203 κειας
348 2141 533 2211 ὲνικῆς
567 2141 840 2211 ένδότητος
872 2143 918 2174 ’³
959 2143 1326 2209 ἀπολείπεται,
1354 2146 1488 2214 πρὸς
1518 2146 1730 2215 ἀναγω-

141 2231 310 2300 γικὴν
336 2231 392 2282 δὲ
414 2232 456 2260 ¹⁶
474 2233 562 2284 καὶ
584 2233 822 2286 ἑνοποιὸν
846 2234 953 2288 τῶν
977 2236 1385 2306 προνοουμένων
1409 2236 1725 2307 σύγκρασιν,

141 2321 547 2394 ἀγαθοπρεπῶς
595 2325 970 2397 πληθυνομένη
1023 2328 1118 2380 καὶ
1168 2327 1452 2398 προϊοῦσα,
1485 2329 1632 2399 μένει
1668 2347 1726 2381 τε

141 2413 294 2465 ἔνδον
325 2414 527 2482 ἑαυτῆς
570 2415 852 2486 ἀραρότως
876 2417 920 2448 ³⁷
948 2418 1005 2467 ὲν
1031 2418 1267 2488 ἀκινήτῳ
1296 2418 1580 2488 ταυτότητι
1633 2435 1727 2489 μο-

139 2503 319 2572 νίμως
348 2508 647 2574 πεπηγυῖα,
679 2506 772 2558 καὶ
795 2505 919 2571 τοὺς
943 2507 1028 2560 ἐπ’
1053 2507 1221 2576 αὐτὴν
1261 2507 1334 2570 ὡς
1359 2507 1573 2579 θεμιτὸν
1597 2510 1726 2562 ἁνα-

139 2594 399 2659 νεύοντας
422 2636 436 2660 ,
485 2597 758 2666 ἀναλόγως
796 2599 978 2661 αὐτοῖς
1018 2600 1317 2663 ἀνατείνει,
1359 2600 1451 2653 καὶ
1494 2601 1726 2654 ἐνοποιεῖ

139 2688 288 2739 κατὰ
316 2688 416 2758 τὴν
444 2689 754 2761 ἁπλωτικὴν
791 2689 960 2760 αὐτῆς
1001 2690 1190 2744 ἕνωσιν
1215 2691 1278 2744 ’⁸.
1309 2691 1418 2743 Καὶ
1455 2691 1562 2762 γὰρ
1604 2692 1722 2746 οὐδὲ

135 2779 363 2832 δυνατὸν
394 2780 597 2853 ἑτέρως
642 2783 770 2852 ἡμῖν
818 2781 1119 2852 ἐπιλάμψαι
1159 2784 1257 2854 τὴν
1303 2782 1594 2855 θεαρχικὴν
1625 2785 1723 2837 ἀκ-

134 2873 283 2936 τῖνα,
317 2872 395 2943 μὴ
427 2877 474 2907 "
503 2879 568 2948 τῇ
602 2878 838 2947 ποικιλίᾳ
870 2875 977 2928 τῶν
1020 2876 1176 2947 ἱερῶν
1213 2878 1722 2949 παραπετασμάτων

133 2964 502 3035 ἀναγωγικῶς
549 2966 1119 3040 περικεκαλυμμένην,
1163 2969 1256 3022 καὶ
1289 2973 1401 3032 τοῖς
1426 2968 1543 3022 καθ’
1575 2971 1719 3039 ἡμᾶς

1832 1778 2146 1848 angelorum
2181 1777 2230 1828 in
2279 1775 2524 1845 ﬁguratis
2573 1774 2739 1842 signis
2790 1773 3129 1826 beatissimus
3161 1771 3396 1825 elucidat

1832 1869 2188 1937 liierarcltias)
2239 1867 2683 1922 immaterialibus
2734 1874 2788 1919 et
2837 1864 3146 1919 i'ntremulis
3198 1866 3396 1918 mentis

1830 1962 2003 2017 oculis
2034 1962 2476 2025 intromittentes,
2509 1973 2574 2013 ex
2617 1951 2818 2014 callem
2861 1954 3047 2011 rursus
3088 1956 3140 2010 in
3185 1953 3392 2025 simpli-

1829 2071 1944 2110 cem
1996 2055 2114 2125 cjns
2163 2055 2371 2106 radium
2426 2054 2811 2107 intendamus:
2847 2067 3154 2122 quanquam
3219 2066 3395 2121 neque

1829 2147 2058 2214 ipsamet
2094 2154 2328 2214 unquam
2360 2143 2546 2196 intima
2576 2157 2670 2195 sua
2706 2141 2916 2194 unitate
2941 2141 3268 2204 destituitur,
3296 2140 3391 2194 sed

1827 2239 1894 2292 ad
1927 2237 2306 2292 sublimantem
2356 2246 2411 2289 et
2456 2232 2809 2298 uniﬁcantem
2860 2247 3042 2294 eorum
3069 2233 3160 2301 qui
3204 2233 3387 2301 provi-

1828 2327 2008 2382 dentia
2058 2327 2426 2396 gubernantur
2458 2325 3045 2394 contemperationem,
3099 2324 3262 2383 dum,
3316 2324 3390 2388 uti

1827 2419 2003 2485 decet,
2036 2417 2269 2485 benigne
2301 2416 2694 2485 multiplicatur
2739 2422 2909 2484 atque
2952 2426 3189 2478 emanat,
3224 2415 3390 2469 etiam

1826 2509 1972 2564 intus
1994 2510 2046 2563 itt
2079 2510 2369 2579 semetipsa
2403 2507 2669 2562 stabiliter
2709 2515 2910 2570 manet,
2945 2506 3199 2560 immobili
3236 2506 3386 2560 iden-

1827 2604 1986 2673 titate
2013 2602 2264 2656 unimode
2311 2603 2547 2668 ﬁrmata,
2579 2611 2633 2658 et
2663 2603 2729 2657 ad
2771 2618 2830 2657 se
2872 2611 2929 2654 ut
2971 2601 3051 2655 fas
3082 2611 3164 2656 est
3206 2610 3387 2655 atten-

1825 2695 2033 2758 dentes,
2066 2708 2164 2763 pro
2208 2691 2468 2762 cujusque
2492 2694 2816 2763 capacitate,
2843 2690 3248 2761 simpliﬁcativa
3291 2684 3386 2746 sua

1823 2789 2022 2842 unione
2069 2788 2330 2858 subrigit,
2383 2787 2728 2854 uniﬁcatqne.
2787 2787 2972 2856 Neque
3019 2787 3159 2840 enim
3215 2793 3390 2854 potest

1819 2878 1976 2933 aliter
2001 2877 2523 2949 divino-principalis
2550 2879 2636 2934 ille
2659 2879 2840 2932 radius
2867 2877 3023 2932 nobis
3055 2877 3384 2941 “lucescere,

1821 2971 1924 3025 nisi
1977 2985 2256 3026 sacrorum
2299 2971 2560 3026 varietate
2601 2971 3060 3041 operimentorum
3090 2969 3388 3040 anagogice

134 3061 374 3131 προνοίᾳ
403 3035 639 3131 πατρικῆ
680 3035 960 3130 συμφυῶς,
989 3035 1080 3114 καλ
1110 3061 1324 3125 οἰκείως
1338 3035 1723 3132 διεσκευασμέ-
1749 3035 1791 3092 C

1749 3035 1791 3092 Ο
1822 3061 2125 3126 obvelatus,
2170 3061 2325 3116 nobis
2372 3076 2590 3131 quoque
2623 3035 2854 3130 paterna
2888 3035 3227 3130 providentia
3260 3035 3387 3114 con-

134 3163 254 3218 νην.

1821 3154 2144 3209 naturaliter
2173 3167 2236 3208 ac
2265 3155 2480 3224 proprie
2517 3154 2588 3208 sit
2618 3152 3071 3208 accommodatus.

1668 3329 1695 3401 θ
1733 3327 1820 3384 ιιι.

203 3443 304 3497 Διὸ
347 3444 444 3496 καὶ
490 3441 588 3514 τὴν
618 3443 913 3515 ὀσιωτάτην
944 3442 1098 3516 ήμῶν
1129 3445 1431 3518 ίεραρχίαν,
1476 3448 1509 3517 ὴ
1543 3444 1720 3498 τελετ-

136 3537 306 3610 άρχις
339 3534 630 3606 ἱεροθεσία,
671 3536 768 3606 τῆς
805 3535 913 3590 τῶν
939 3537 1203 3610 οὐρανίων
1234 3538 1520 3610 ἱεραρχιῶν
1555 3541 1720 3612 ὑπερ-

133 3630 371 3702 κοσμίου
421 3631 704 3702 μιμήσεως
752 3630 1072 3697 ἀξιώσασα,
1125 3633 1218 3686 καὶ
1265 3633 1364 3696 τὰς
1425 3634 1719 3706 εἰρημένας

133 3725 338 3786 ἀῢλους
374 3723 648 3794 ίεραρχίας
692 3723 895 3788 ὑλαίοις
929 3725 1171 3796 σχήμασι
1215 3728 1307 3780 καὶ
1349 3732 1717 3798 μορφωτικαῖς

135 3815 423 3869 συνθέσεσι
473 3818 849 3873 διαποικῑλασα
879 3856 894 3882 ,
952 3817 1349 3887 παραδέδωκεν,
1393 3822 1540 3884 ὅπως
1579 3823 1712 3876 ἀνα-

134 3918 313 3986 λόγως
356 3919 487 3987 ἡμῖν
522 3919 722 3983 αὐτοῖς,
773 3918 881 3971 άπὸ
927 3917 1036 3971 τῶν
1088 3919 1392 3990 ἱερωτάτων
1437 3917 1706 3987 πλάσεων,

134 4011 232 4063 ἐπὶ
261 4008 358 4071 τάς
390 4007 564 4071 ἁπλᾶς
591 4009 685 4061 καὶ
721 4007 1036 4073 ἀτυπώτους
1064 4010 1383 4081 ἀναχθῶμεν
1422 4012 1711 4081 ἀναγωγὰς

90 4083 102 4090 ’
135 4104 231 4156 καὶ
250 4099 627 4171 ἀφομοιώσεις·
653 4101 771 4153 ἐπεὶ
795 4101 925 4171 μηδὲ
945 4102 1166 4156 δυνατόν
1195 4105 1310 4156 ἐστι
1334 4103 1411 4173 τῷ
1428 4103 1548 4157 καθ’
1565 4106 1710 4176 ἡμᾶς

133 4189 217 4243 νοτ
244 4191 308 4254 ³⁸,
351 4190 486 4260 πρὸς
516 4189 616 4260 τὴν
657 4188 815 4243 άῦλον
860 4191 1071 4262 ἐκείνην
1110 4192 1440 4265 ἀναταθῆναι
1479 4195 1586 4247 τῶν
1617 4197 1709 4248 οὺ-

136 4280 338 4352 ρανίων
389 4279 677 4351 ἱεραρχιῶν
728 4280 956 4352 μίμησίν
997 4298 1056 4335 τε
1107 4284 1200 4336 καὶ
1240 4282 1490 4355 Θεωρίαν,
1535 4288 1582 4339 εί
1634 4288 1709 4361 μὴ

1894 3444 2232 3517 Quapropter
2283 3449 2555 3517 primitiva
2603 3448 2694 3504 illa
2739 3449 2939 3505 rituum
2985 3463 3262 3504 sacrorum
3303 3449 3386 3505 in-

1823 3538 2053 3604 stitutio,
2079 3541 2474 3595 sanctissimam
2506 3551 2745 3596 nostram
2780 3542 3142 3598 hierarcliiam
3197 3557 3388 3612 super-

1819 3633 2092 3688 mundana
2123 3634 2426 3689 cmlestium
2478 3634 2908 3688 ltierarchiarum
2957 3634 3264 3689 imitatione
3304 3634 3388 3690 di-

1815 3741 1976 3797 gnam
2009 3740 2257 3790 censens,
2291 3726 2578 3796 praedictas
2609 3725 2994 3780 immateriales
3022 3726 3382 3792 hierarchias,

1819 3820 2192 3876 materialibus
2226 3821 2409 3891 ﬁguris
2455 3830 2509 3875 et
2558 3819 2864 3874 formativis
2906 3821 3386 3890 compositionibus

1819 3913 2147 3984 variegando
2197 3913 2561 3982 transcripsit,
2618 3921 2676 3966 ut
2731 3926 2832 3981 pro
2878 3921 3059 3966 nostra
3111 3929 3233 3969 cum
3277 3915 3383 3970 illis

1818 3993 2190 4074 proportione,
2225 4019 2254 4057 a
2289 4002 2678 4070 sacratissimis
2723 4000 3034 4056 ﬁctionibus
3071 4003 3137 4056 ad
3172 4003 3381 4072 simpli-

1818 4110 1906 4150 ces
1950 4097 2242 4165 ﬁgurarum
2291 4106 2539 4164 expertes
2583 4107 2856 4162 anagogas
2907 4101 2963 4146 et
3003 4092 3383 4149 similitudines

1817 4188 2140 4252 evehamur;
2171 4187 2603 4256 quandoquidem
2639 4186 2755 4240 ﬁeri
2791 4202 2895 4240 non
2926 4188 3116 4257 possit,
3147 4198 3204 4242 ut
3230 4203 3382 4243 mens

1816 4289 2003 4335 nostra
2050 4281 2118 4334 ad
2175 4279 2588 4353 inunaterialem
2633 4279 2778 4360 illam
2816 4274 3118 4334 caelestium
3167 4282 3380 4335 ltierar-

131 4377 198 4445 τῇ
239 4375 363 4425 κατ’
403 4373 563 4426 αὑτὸν
601 4373 759 4444 ὑλαίᾳ
799 4375 1134 4447 χειραγωγίᾳ
1172 4379 1468 4448 χρήσαιτο,
1503 4356 1711 4450 τὰμὲν
1747 4377 1789 4433 D

1747 4377 1790 4433 D
1817 4374 2060 4428 cbiarum
2096 4373 2445 4428 imitationem
2478 4389 2542 4427 ac
2586 4356 3100 4443 contemplationem
3132 4375 3379 4430 intenda-

134 4464 439 4535 cpatvdusva
473 4462 663 4534 κάλλη,
699 4465 799 4535 τῆς
845 4466 1084 4535 ἀφανοῦς
1125 4469 1459 4542 εὐπρεπείας
1491 4472 1712 4526 ἁπεικο-

132 4554 372 4622 νίσματα
434 4551 793 4622 λογιζόμενος·
855 4555 948 4607 καὶ
997 4554 1093 4620 τὰς
1141 4555 1401 4627 αἰσθητὰς
1464 4557 1708 4622 εὐωδίας,

132 4643 507 4714 ὲκτυπώματα
540 4645 634 4715 τῆς
666 4645 859 4716 νοητῆς
898 4646 1210 4712 διαδόσεως’
1262 4649 1358 4703 καῖ
1400 4652 1499 4722 τῆς
1547 4650 1708 4704 ἀΰλου

134 4735 470 4805 ςιωσοδοσίας
509 4736 691 4790 εἰκόνα
730 4777 744 4801 ,
783 4736 851 4790 τὰ
898 4738 1056 4792 ὑλικὰ
1089 4739 1274 4808 φῶτα·
1320 4742 1414 4794 καὶ
1446 4742 1542 4813 τῆς
1572 4743 1712 4796 κατὰ

131 4828 259 4883 νοῦν
305 4828 646 4900 θεωρητικῆς
672 4831 1146 4904 ἀποπληρώσεως,
1177 4835 1275 4898 τὰς
1315 4836 1607 4903 διεξοδικὰς
1639 4840 1712 4891 ἱε-

134 4913 236 4995 ρὰς
265 4921 566 4994 μαθητείας
589 4941 603 4953 ο
637 4924 733 4978 καὶ
757 4923 857 4994 τῆς
889 4925 1206 4996 ἐναρμονίου
1233 4928 1366 4999 πρὸς
1385 4929 1452 4982 τὰ
1476 4928 1593 4982 θεῖα
1621 4931 1713 4984 καὶ

212 5078 240 5119 ιο
273 5078 431 5132 Rom.
481 5093 559 5143 xu,
610 5079 700 5134 56.
781 5088 804 5117 ο
833 5076 986 5133 Joan.
1015 5097 1054 5145 ι,
1080 5079 1138 5136 9.

1815 4473 1920 4529 tur,
1953 4465 2057 4520 nisi
2089 4481 2120 4521 e
2164 4467 2497 4535 propinquo,
2533 4457 2802 4521 materiali
2840 4459 2934 4520 usa
2959 4467 3143 4522 luerit
3187 4483 3378 4522 manu-

1813 4560 2068 4634 ductione
2097 4582 2108 4616 :
2135 4561 2423 4631 cogitando
2467 4561 2700 4624 scilicet,
2746 4573 3073 4630 apparentes
3118 4562 3216 4615 llas
3259 4557 3379 4631 pul-

1812 4653 2168 4719 chritudines,
2203 4667 2529 4707 arcanorum
2578 4667 2700 4715 esse
2744 4654 3000 4707 decorum
3043 4651 3273 4722 elﬁgies;
3314 4670 3378 4708 ac

1815 4745 2040 4800 sensiles
2066 4747 2294 4800 odorum
2327 4746 2644 4810 suavitates,
2689 4758 2976 4812 expressas
3010 4760 3130 4798 esse
3175 4744 3377 4812 ﬁguras

1817 4837 2074 4907 spiritalis
2129 4831 2590 4906 dispensationis,
2621 4845 2675 4890 et
2733 4836 3108 4891 immaterialis
3140 4836 3375 4889 illustra-

1822 4930 1985 4984 tionis
2028 4931 2262 5000 speciem
2308 4944 2416 4999 pra:
2473 4943 2530 4984 se
2582 4928 2729 4982 ferre
2778 4927 2981 4983 lumina
3039 4928 3369 4982 materiata:

1409 5233 1636 5290 VARUE
1678 5232 2083 5298 LECTIONES,

207 5416 251 5445 ”
291 5412 393 5468 Ch.
430 5413 491 5485 ζ).
527 5413 588 5467 Ρ.
617 5415 685 5468 τὰ
719 5416 911 5479 πάντα,
958 5417 1139 5485 itaque
1172 5416 1224 5469 in
1259 5415 1446 5480 Paulo,
1484 5417 1638 5485 cujus
1670 5420 1782 5474 [nec
1829 5419 1990 5472 verba
2041 5430 2185 5481 sunt.
2243 5423 2515 5478 scribitur.
2593 5425 2637 5456 ”
2669 5425 2724 5479 In
2774 5423 2954 5480 Budtei
3006 5425 3193 5479 codice
3246 5437 3366 5480 erat

136 5486 359 5563 vitiose,
407 5483 468 5563 τί)
512 5484 642 5563 δντα
689 5483 1178 5563 ἀληθινόνλίιρψιε
1228 5483 1727 5552 ειιιειιιιιινὶιδντως
1786 5489 2056 5563 ἀληθινόν,
2089 5489 2444 5563 Pacltymeres
2499 5507 2648 5549 nctat
2698 5495 2802 5563 legi
2853 5495 2970 5547 sine
3020 5495 3366 5550 diStinctione

133 5555 199 5607 τὸ
222 5555 282 5607 ὃν
310 5553 371 5630 τὸ
400 5552 674 5630 ἀληθινόν,
705 5565 760 5609 et
780 5552 908 5610 'cum
929 5552 1296 5630 distinctione.
1324 5565 1613 5630 utrumque
1639 5552 1937 5627 expOnens.
2016 5560 2169 5630 “ita
2199 5552 2503 5629 legendum.
2577 5566 2623 5596 ”
2660 5552 2891 5617 Memmii
2939 5563 3073 5616 liber
3095 5565 3364 5630 ἐνότητος,

136 5639 298 5704 quam
324 5625 621 5704 lectipnem
665 5636 889 5704 secutus
923 5635 1013 5704 est
1049 5625 1243 5704 Scotus
1268 5635 1322 5680 et
1351 5625 1726 5704 SarracenusI
1786 5630 1957 5704 'ﬁCh.
2001 5630 2061 5682 Ι).
2099 5629 2158 5704 l’.
2212 5625 2332 5704 Sar,
2377 5633 2512 5704 πρὸς
2543 5632 2831 5704 ἀναγωγὴν
2869 5632 2946 5685 δέ.
3023 5634 3065 5664 ³⁷
3096 5635 3164 5687 Μ.

3257 5635 3365 5688 ένει

137 5694 285 5773 ενδοερ
318 5693 521 5763 ἑαυτῆς
549 5694 816 5816 ἀρξάτως,
843 5697 936 5748 sed
987 5697 1264 5774 mendose,
1307 5697 1524 5764 opinor,
1579 5714 1699 5751 cum
1732 5699 1874 5751 nulla
1921 5701 2244 5757 auctoritate
2283 5703 2386 5759 alia
2421 5693 2670 5760 'nitatur:
2738 5693 3037 5760 i"Budrcus
3081 5706 3362 5775 aspiravit,

137 5764 325 5816 αὐτῇς.
433 5764 477 5794 ”
508 5763 570 5816 Β.
649 5765 663 5816 ὶ
694 5765 791 5816 μή.
820 5765 1143 5816 interpretes
1174 5768 1278 5816 mai
1317 5776 1551 5816 vertunt.
1630 5767 1672 5800 ³ο
1704 5768 1804 5816 Ch.
1842 5769 1901 5816 ι)-
1937 5769 1994 5816 Ρ.
2027 5768 2098 5816 νῶ

137 5763 325 5834 αὐτῆς.
433 5764 477 5794 ”
508 5763 570 5824 Β.
601 5763 663 5816 Ei
693 5765 791 5836 μή.
820 5765 1143 5834 interpretes
1174 5767 1278 5819 nisi
1317 5763 1551 5822 vertunt.

1630 5767 1672 5800 ³ο
1704 5768 1804 5827 ca.
1842 5769 1902 5823 ι).
1936 5769 1994 5822 ι».
2027 5768 2098 5840 νῷ
