4196 6306
186 333 290 390 19.5
820 329 910 385 DE
941 327 1263 387 COELESTI
1295 328 1734 396 HIERARCHIA,
1768 331 1918 386 CAP.
1955 329 1994 386 Ι.
2030 359 2097 370 --
2129 327 2450 386 CORDERII
2481 325 2727 383 NOTAE:
3283 327 3388 384 136

181 461 364 501 rerum
401 444 588 514 prima!
615 443 837 499 Joannis
860 460 913 510 v,
947 443 1062 512 ΞΟ),
1098 446 1358 516 secundo.
1396 446 1535 516 quia
1568 461 1719 509 vera,
1763 455 1818 500 et
1852 445 2094 514 opposita
2155 445 2308 499 falsis
2345 445 2606 499 doctrinis
2653 443 2932 513 gentilium
2961 453 3014 498 et
3043 442 3386 516 philosopho-

191 526 338 570 rum.
373 516 577 584 Tertio,
610 519 732 582 quia
773 517 957 569 verius
989 515 1361 585 etgperfectius
1399 531 1496 570 nos
1527 515 1816 578 illuminat,
1849 531 2010 582 quam
2055 517 2228 569 omnis
2261 516 2349 567 lux
2376 529 2664 582 corporea,
2702 526 2759 570 ut
2808 516 2879 570 sit
2909 515 3221 585 metaphora
3256 515 3269 571 ἐ
3307 521 3385 573 sic

182 585 440 642 Christus
466 582 663 640 dicitur
710 599 838 638 vera
879 585 1005 639 vitis
1046 582 1063 623 ι
1093 601 1108 649 ;
1146 585 1224 639 sic
1249 586 1610 640 ‘Encharistia
1645 586 1844 639 dicitur
1865 601 2026 640 verus
2055 587 2212 653 panis
2242 597 2301 638 ω.
2520 585 2523 590 ”

264 655 370 721 Qui
400 657 673 726 illuminat
699 671 900 726 omnem
932 655 1212 726 hominem.
1239 658 1400 726 Quia.
1448 656 1621 722 inquit
1651 655 1902 726 Cygillus,
1960 656 2209 726 omnibus
2257 667 2381 710 actu
2426 657 2517 710 dat
2549 655 2725 726 lumen
2757 656 2999 710 rationis.
3018 655 3228 726 _Verum
3267 658 3382 712 hmc

189 729 388 782 melius
423 725 717 795 accipeﬂdeﬁ
749 725 951 778 lumine
982 724 1233 794 spiritali.
1277 725 1510 780 Verbum
1543 723 1707 780 enim'
1735 724 1914 778 Patris
1947 724 2215 795 illuminat
2256 740 2468 780 omnem
2497 724 2769 783 hominem
2800 734 2850 795 ιι,
2880 723 3066 795 supple
3122 738 3382 795 quantum

189 795 247 850 in
295 796 416 864 ipso
463 793 565 848 est;
605 793 756 849 Unde
803 795 898 863 qui
944 793 1049 848 non
1084 795 1477 857 illuminantur,
1517 796 1620 850 sibi
1647 798 1949 864 imputem;
1969 795 2091 863 quia
2125 794 2300 846 lumen
2336 796 2479 860 ﬁdei,
2515 796 2776 863 ctgratiaa
2818 794 3014 849 Christi
3051 793 3262 862 oblatae,
3299 814 3379 851 re-

180 863 372 936 cipere
404 864 598 918 nolunt
627 883 640 936 ς
668 864 742 936 ita
775 865 916 936 idem
955 863 1211 936 Cyrillus,
1245 880 1365 919 cum
1397 866 1784 936 Chrysostomo
1827 877 1880 919 et
1911 863 2332 933 Theophylacto.

257 933 368 988 Per
397 951 543 1006 quem
568 935 635 1006 ad
672 933 1011 1006 apxicpw-cov,
1034 934 1082 987 id
1114 944 1215 994 est.
1248 937 1497 1006 originem
1514 933 1662 989 lucis
1682 934 1917 1006 Patrem,
1942 950 2206 1006 accessum
2243 935 2569 1006 obtinuimus
2585 935 2753 1006 (unus,
2793 933 3236 1006 enim_mediator
3285 936 3381 989 Dei

181 1016 234 1058 et
265 1005 564 1067 hominum,
591 1002 741 1058 homo
775 1002 1014 1059 Christus
1048 1008 1204 1057 Jesus
1240 1004 1289 1074 ο)
1329 1002 1396 1058 ad
1423 1005 1897 1070 sacratissimorum
1946 1021 1977 1056 a
2017 1002 2262 1056 Patribus
2283 1005 2501 1074 traditas
2525 1002 2866 1072 Eloquiornm
2901 1003 3294 1068 illustrationes,
3328 1008 3380 1060 itl

183 1082 273 1126 est
303 1089 493 1128 sacras
525 1074 854 1143 Scripturas,
904 1090 996 1144 pro
1029 1075 1220 1128 viribus
1243 1073 1631 1142 suspiciamus;
1679 1090 1770 1144 nec
1822 1090 1923 1126 non
1955 1074 2016 1125 ab
2039 1073 2166 1144 ipsis
2206 1073 2482 1144 symbglice
2525 1075 2671 1127 nobis
2714 1085 2761 1126 et
2787 1076 3065 1144 anagogice
3092 1077 3381 1141 patefactus

182 1145 477 1196 caelestium
509 1141 761 1196 mentium
800 1141 1148 1210 hierarchias,
1176 1141 1339 1212 prout
1366 1161 1662 1212 possumus,
1692 1143 2013 1198 intueamur.
2055 1142 2211 1207 Nam,
2246 1151 2304 1212 ut
2342 1141 2780 1212 Chrysostomus,
2810 1143 2997 1198 ltoutil.
3037 1145 3107 1197 26
3137 1145 3191 1196 in
3220 1144 3383 1200 Joan-

182 1228 304 1264 nem
331 1215 408 1265 ait
447 1214 510 1245 ⁸¹⁶
543 1232 556 1270 :
586 1212 755 1267 Omne
795 1214 925 1268 illud
956 1217 1098 1282 quod
1127 1211 1225 1267 sol)
1249 1211 1463 1268 sensum
1491 1214 1659 1276 cadit,
1691 1212 2049 1282 substantiam
2102 1211 2412 1282 angelorum
2453 1211 2726 1268 declarare
2771 1230 2876 1267 non
2906 1225 3102 1281 potest,
3137 1216 3230 1268 sed
3260 1231 3379 1269 cor-

184 1297 288 1353 pus
316 1284 460 1348 quod
491 1283 653 1353 habet
680 1281 1091 1338 crassitudinem
1121 1285 1454 1351 ettriplicem
1484 1283 1897 1353 dimensiouem.
1922 1281 2072 1353 Unde
2100 1281 2259 1353 ﬁtput,
2293 1282 2416 1334 dum
2447 1282 2741 1353 Scriptura,
2774 1284 2840 1337 ad
2867 1294 3081 1352 captum
3111 1295 3376 1350 nostrum,

180 1352 481 1424 spiritibus
508 1352 845 1424 inco‘rporeis
891 1369 1182 1424 corporeas
1234 1353 1433 1420 ﬁguras
1462 1352 1695 1424 afﬁngit,
1750 1351 1817 1404 iis
1847 1352 2062 1418 quidem
2093 1351 2182 1419 qui
2210 1352 2352 1424 digni
2398 1362 2543 1424 sunt,
2571 1351 2639 1405 ‘ct
2682 1353 2747 1405 ad
2776 1351 3129 1424 anagogicuut
3161 1369 3376 1408 sensum

186 1422 606 1484 transcendunt,
630 1421 957 1483 innotescat,
986 1422 1207 1490 reliquis
1240 1438 1368 1476 vero
1391 1424 1640 1476 omnibus
1684 1422 1736 1474 in
1775 1435 1976 1476 arcano
2005 1429 2093 1490 get
2140 1421 2352 1476 occulto
2383 1421 2756 1490 relinquatur:
2813 1421 3090 1490 quod'illis
3113 1424 3246 1479 visis
3270 1425 3380 1478 alte

181 1492 552 1559 signiﬁcatur,
581 1491 755 1556 Atque
775 1488 1134 1561 principialent
1162 1502 1210 1546 et
1232 1509 1389 1561 supra
1428 1507 1583 1561 quam
1613 1491 1978 1561 principialem
1995 1488 2194 1555 Patris,
2243 1491 2332 1560 qui
2355 1488 2664 1557 principium
2699 1488 2996 1545 Divinitatis
3016 1503 3115 1557 est,
3142 1494 3379 1547 illustra-

177 1563 403 1632 tionem,
437 1561 489 1614 id
517 1571 601 1632 est
637 1559 972 1630 Scripturatn
1007 1563 1151 1630 (vide
1181 1559 1361 1628 supra,
1395 1559 1689 1616 Generales
1715 1560 2140 1632 observationes)
2180 1559 2296 1632 qua;
2324 1563 2472 1614 nobis
2521 1562 2822 1632 angelorum
2845 1562 2897 1614 in
2923 1562 3165 1630 ﬁguratis
3215 1565 3377 1632 signis

179 1630 518 1700 beatissimos
549 1629 774 1686 elucidat
830 1629 1172 1696 hierarchias,
1207 1633 1258 1686 id
1291 1639 1375 1686 est
1407 1632 1507 1685 sub
1531 1630 1788 1700 symbolis
1810 1642 1862 1682 et
1893 1629 2077 1700 ﬁguris
2111 1631 2406 1684 materiatis
2433 1629 2652 1700 angelos
2705 1629 2985 1692 describit,
3049 1629 3378 1686 immateria-

175 1698 321 1771 libus
344 1713 392 1752 et
421 1701 716 1771 intremulis
763 1705 948 1755 mentis
976 1702 1139 1756 oculis
1180 1698 1604 1763 intromittentes,
1633 1698 2004 1771 Aabstracte'a
2058 1702 2284 1753 materia
2341 1698 2611 1755 intellectu
2643 1702 3030 1770 concipientcs,
3066 1718 3131 1756 ex
3169 1704 3374 1771 eadem,

176 1768 394 1840 s_c.licet
424 1770 724 1840 Scriptura,
755 1781 1020 1838 quatenus
1055 1771 1349 1840 symbolice
1379 1781 1483 1837 est,
1514 1779 1569 1822 et
1621 1769 1808 1837 ﬁguris
1856 1769 2148 1840 variegata,
2181 1785 2365 1823 rursus
2407 1772 2475 1823 ad
2526 1768 2812 1838 simplicem
2829 1772 2946 1840 ejus
2972 1773 3181 1824 radium
3208 1768 3380 1826 inten-l

173 1837 393 1903 damus,
428 1839 476 1891 id
501 1837 580 1893 est
611 1837 904 1907 simplicem
929 1840 1048 1908 ejus
1079 1837 1292 1895 sensum
1346 1840 1652 1904 litteralcm,
1685 1841 1797 1892 sive
1845 1837 2120 1894 veritatem
2171 1841 2268 1892 sub
2299 1839 2480 1907 ﬁguris
2515 1837 2896 1896 illislatentein
2927 1843 3329 1898 consideremus
3357 1861 3372 1898 :

175 1925 486 1976 quanquam
519 1926 680 1978 neque
708 1913 926 1980 ipsumet
960 1910 1260 1979 Scriptura,
1299 1926 1400 1977 qua
1428 1922 1581 1980 parte
1604 1908 1904 1980 symbolica
1947 1920 2050 1980 est,
2079 1927 2308 1980 unquam
2330 1911 2516 1962 intima
2560 1928 2654 1963 sua
2684 1911 2886 1964 unitate
2927 1914 3270 1977 destituitur;
3323 1915 3375 1967 id

173 1986 265 2052 est
296 1993 570 2052 nunquam
608 1989 689 2034 est
729 1979 1061 2035 sineintitno
1093 1995 1191 2034 suo
1218 1995 1378 2052 sensu
1425 1979 1660 2044 litterali,
1715 1979 1826 2052 qui
1868 1979 2021 2052 omni
2050 1979 2264 2052 sensui,
2304 1980 2462 2033 etiam
2509 1980 2734 2046 ﬁgurato
2773 1990 2828 2034 et
2859 1983 3102 2052 mystico,
3166 1997 3376 2050 semper

175 2049 373 2118 subest
406 2066 419 2100 :
467 2050 556 2102 sed
589 2052 656 2101 atl
695 2053 1061 2104 sublimantem
1085 2061 1130 2104 et
1167 2051 1497 2118 uni/icantem
1523 2065 1700 2102 eorum
1736 2049 1826 2116 qui
1879 2049 2202 2118 providentia
2240 2059 2489 2117 reguntur
2517 2049 3071 2118 contemperatio—nem;
3104 2052 3155 2105 id
3185 2049 3293 2107 est,
3319 2064 3376 2106 ut

177 2116 434 2188 homines
464 2134 492 2171 a
524 2123 752 2174 terrenis
779 2130 832 2173 et
880 2122 1069 2173 divisis
1100 2116 1537 2188 cogitationibus,
1568 2119 1632 2172 ad
1691 2116 1925 2172 cmlestia
1958 2121 2138 2173 animo
2189 2116 2413 2173 collecto
2457 2116 2758 2174 meditanda
2819 2122 3172 2178 inducantur:
3226 2124 3371 2186 dum,

172 2186 260 2237 uti
290 2190 456 2252 decet,
487 2190 697 2258 benigne
746 2191 1122 2257 multiplicatur
1154 2186 1305 2258 atque
1329 2200 1535 2241 emanat
1563 2205 1580 2252 ;
1636 2187 1688 2240 id
1725 2196 1807 2241 est
1837 2189 1960 2242 dum
1986 2188 2198 2244 decenti
2228 2191 2386 2243 modo
2418 2189 2720 2258 Scriptura,
2782 2189 2890 2244 Deo
2937 2206 2998 2247 se
3044 2193 3274 2258 benigne
3304 2195 3371 2246 ad

173 2266 395 2324 captum
425 2270 664 2331 nostrqu
694 2260 1163 2323 accommodante,
1204 2263 1462 2328 liguratos
1489 2274 1565 2331 ac,
1590 2258 1835 2311 diversos
1871 2272 2083 2331 sensus,
2108 2275 2229 2311 cum
2261 2259 2576 2331 allegoricos
2603 2269 2712 2314 tum
2756 2262 2986 2316 murales
3031 2273 3085 2316 et
3114 2263 3372 2331 anagogi-

172 2342 273 2398 cos
312 2329 568 2392 continet,
619 2333 776 2382 etiam
833 2331 973 2381 intus
1010 2331 1063 2380 in
1099 2326 1372 2396 semetipsa
1392 2328 1649 2380 stabiliter
1681 2337 1887 2398 manet;
1928 2326 1978 2380 id
2013 2339 2114 2392 est,
2147 2326 2754 2398 semperiintrinsecum
2792 2345 2950 2385 suum
2987 2347 3206 2386 sensum
3223 2326 3375 2386 litie-

174 2395 350 2448 raleiu
382 2399 560 2459 habet,
598 2400 851 2452 immobili
879 2400 1152 2452 identitate
1175 2399 1418 2451 unimode
1449 2399 1680 2464 ﬁrmata,
1716 2396 1768 2449 id
1792 2406 1877 2449 est
1908 2399 1998 2466 qui
2049 2395 2318 2466 nunquam
2349 2401 2625 2464 variatur;
2659 2416 2850 2454 sensus
2875 2403 3017 2455 enim
3047 2401 3298 2456 litteralis
3341 2420 3369 2454 a

173 2466 389 2533 Spiritu
421 2478 610 2522 sancto
634 2470 892 2536 prunario
920 2473 1155 2522 intentus
1190 2484 1406 2537 semper
1432 2469 1569 2520 idem
1596 2476 1698 2531 est,
1725 2468 2073 2534 quantumvis
2106 2468 2527 2537 multiplicentur
2567 2484 2755 2524 sensus
2783 2472 3229 2526 accommodativi
3288 2473 3374 2526 vel

174 2537 354 2610 tropis
387 2554 449 2591 ac
486 2541 670 2610 iiguris
712 2542 1009 2593 vestiantur
1037 2558 1050 2592 :
1076 2549 1122 2592 et
1144 2608 1151 2610 _
1172 2542 1239 2592 ad
1267 2536 1341 2602 se,
1373 2550 1428 2589 ut
1463 2537 1542 2604 fas
1566 2547 1665 2610 est,
1706 2536 2050 2610 attendentes,
2083 2553 2181 2610 pro
2215 2536 2462 2608 cujusque
2519 2541 2829 2605 capacitate,
2859 2542 3248 2610 simpliﬁcativa
3273 2558 3371 2596 sua

173 2605 396 2671 unione,
431 2605 636 2677 scilicet
663 2610 889 2676 simplici
924 2626 1018 2664 sua
1045 2608 1290 2669 veritate,
1331 2623 1488 2677 quam
1513 2607 1771 2670 continet,
1801 2606 2018 2677 subrigit
2054 2605 2390 2677 uniﬁcatgue,
2424 2622 2618 2676 nempe
2655 2626 2685 2664 a
2741 2605 2970 2665 terrenis
2999 2605 3064 2665 ad
3091 2611 3370 2674 caelestia,

171 2686 246 2749 et_
273 2689 305 2727 a
339 2676 572 2749 dividuis
595 2675 1015 2748 cogitationibus
1041 2681 1104 2749 ad
1141 2677 1306 2749 animi
1335 2675 1709 2749 collectionem
1734 2675 1905 2749 et_Dei
1952 2675 2386 2746 coniunctionem
2420 2675 2762 2736 traducendo.
2815 2677 2995 2749 Neque
3024 2682 3161 2734 enim
3211 2692 3372 2749 potest

169 2743 335 2820 uliter
361 2746 455 2820 ρει
480 2749 565 2801 itte
603 2743 781 2820 radius
826 2748 1160 2820 principalis,
1193 2747 1246 2820 id
1277 2759 1359 2820 est
1390 2747 1612 2800 intimus
1657 2745 1749 2820 ille
1790 2743 2083 2820 Scriptura:
2107 2760 2318 2813 sensus,
2366 2763 2487 2802 cum
2521 2749 2589 2803 de
2621 2750 2818 2805 divinis
2849 2743 3074 2820 et'inere
3101 2743 3364 2820 spiritali—

169 2813 279 2888 bus
311 2817 475 2888 rebus
503 2820 631 2884 agit.
661 2818 804 2872 nobis
826 2813 1151 2880 illucescere,
1188 2818 1286 2871 nisi
1324 2832 1607 2888 sacrorum,
1629 2816 1878 2869 varietate
1911 2813 2346 2888 operimentorum
2372 2821 2653 2888 anagogice
2676 2820 2956 2874 obvelatus.
2990 2813 3148 2884 Nam,
3181 2830 3236 2873 ut
3273 2824 3374 2873 hoc

170 2884 295 2936 loco
318 2888 396 2938 ait
427 2887 582 2942 divus
619 2887 906 2959 Maximus,
936 2889 1055 2943 sine
1089 2889 1229 2958 typis
1280 2897 1335 2959 et
1385 2885 1647 2959 symbolis
1701 2889 1806 2940 'non
1847 2884 2149 2959 possmnus,
2183 2887 2307 2959 dum
2337 2887 2388 2940 in
2418 2884 2642 2958 corpore
2681 2904 2888 2954 sumus,
2915 2894 3163 2959 aspicere
3188 2892 3369 2944 incor-

171 2967 339 3020 porea
366 2966 420 3010 et
452 2958 690 3013 materiae
719 2959 983 3027 expertia.
1012 2956 1275 3022 Quoniam
1315 2958 1378 3027 in
1427 2963 1528 3027 hoc
1575 2956 1700 3027 vita:
1747 2965 1892 3027 statu
1945 2957 2126 3010 anima
2179 2957 2394 3024 quidem
2438 2956 2672 3026 corpore
2711 2962 2904 3013 vestita
2935 2956 3051 3025 est,
3077 2961 3213 3013 ratio
3242 2975 3372 3013 vero

171 3028 586 3099 imaginatione,
611 3044 761 3082 mens
791 3025 1024 3098 denique
1053 3029 1278 3099 ratione.
1309 3026 1446 3099 Hinc
1487 3025 1826 3099 imaginatio,
1891 3041 1998 3095 qua
2031 3029 2231 3099 utimur
2260 3025 2593 3099 vivimusque
2634 3031 3116 3099 quamplurimum,
3171 3030 3370 3083 intelli-

167 3096 370 3167 get-tiae
401 3100 649 3152 notiones
678 3099 898 3152 assidue
930 3095 1264 3152 sensibilium
1289 3095 1613 3167 imaginibus
1643 3097 1855 3167 induit;
1887 3095 2139 3167 quocirca
2165 3097 2460 3166 cognitioni
2491 3095 2710 3158 nostrae.
2737 3095 2842 3153 non
2881 3111 2987 3153 tattt
3018 3101 3184 3163 nuda,
3209 3115 3369 3167 quam

169 3165 368 3238 vestita
392 3170 632 3234 qtncdam
658 3170 1060 3223 accommodata
1117 3167 1384 3221 videntur.
1412 3165 1664 3238 ’lnduunt
1710 3166 1873 3238 igitur
1923 3166 2210 3238 sapientes
2239 3165 2458 3232 merito,
2504 3170 2650 3222 sicut
2701 3167 2958 3234 diximus,
3021 3165 3371 3223 sensibilibus

167 3234 393 3300 quidem
420 3239 812 3306 tntelligibtlia;
849 3239 931 3293 bis
967 3252 1091 3292 vero
1123 3238 1324 3291 divina.
1375 3237 1466 3290 Sic
1508 3237 1673 3288 etiam
1717 3234 1869 3307 Plato
1924 3234 2146 3305 provide
2194 3236 2365 3307 jubet,
2401 3240 2674 3291 hominem
2733 3240 2832 3293 sub
2879 3240 3164 3293 tenebroso
3210 3254 3370 3307 specu

168 3309 460 3372 nutritum,
493 3312 558 3360 ad
591 3305 900 3363 intuendam
950 3308 1301 3362 meridianam
1359 3307 1535 3360 lucem
1583 3321 1688 3359 non
1747 3306 1925 3360 subito
1957 3305 2413 3374 compellendum,
2450 3309 2545 3362 sed
2569 3311 2978 3362 monstrandum
3002 3309 3128 3364 huic
3159 3305 3328 3362 solent
3351 3347 3368 3374 ,

166 3373 352 3448 primo
374 3379 588 3446 quidem
613 3382 678 3433 ad
723 3379 958 3432 lucerna:
995 3379 1177 3431 lutneu
1210 3379 1262 3430 in
1297 3391 1503 3448 aqua
1531 3375 1814 3448 deindein
1841 3376 1990 3448 luna,
2024 3377 2123 3448 sub
2156 3387 2311 3430 nocte
2355 3373 2567 3445 serena,
2599 3378 2816 3431 demum
2870 3380 2920 3431 itt
2949 3380 3062 3446 ipsa
3095 3381 3238 3432 aeris
3286 3373 3370 3432 se-

170 3446 405 3567 renitate
464 3451 678 3504 diurna.
736 3448 1015 3504 Sitnilibus
1069 3461 1282 3517 quoque
1336 3446 1595 3518 gradibus
1655 3447 1790 3500 rude
1846 3447 1959 3500 vult
2028 3447 2303 3515 ingenium
2356 3448 2425 3503 ad
2489 3449 2959 3517 contemplandam
3023 3448 3368 3502 Divinitatetn

170 3527 262 3567 tier
301 3532 408 3567 υιξι.

164 3527 408 3580 perduci.

237 3583 538 3658 Symbolice
563 3590 709 3643 nobis
734 3599 781 3644 et
807 3589 1093 3658 anagogice
1124 3588 1440 3656 patefactus.
1470 3587 1520 3657 5
1550 3584 1684 3641 Hinc
1710 3596 1928 3643 sanctus
1952 3587 2187 3641 Thomas
2231 3601 2248 3639 ι
2292 3598 2465 3655 parte,
2499 3597 2686 3656 quaest.
2725 3588 2782 3654 l,
2812 3597 2913 3642 art.
2948 3588 2999 3652 9,
3037 3587 3090 3643 in
3118 3600 3365 3655 corpore,

165 3657 461 3727 concludit,
491 3660 542 3711 in
571 3675 726 3714 sacra
756 3657 1021 3725 doctrina,
1075 3672 1196 3712 cum
1221 3674 1284 3712 ea
1318 3670 1530 3713 cunctis
1565 3658 1873 3712 hominibus
1904 3660 2265 3727 comuntniter
2300 3669 2656 3726 proponatur,
2725 3658 3058 3727 metaphoris
3085 3668 3140 3713 et
3168 3672 3364 3723 corpo-

167 3726 375 3779 ralibus
395 3729 850 3784 similitudinibus
881 3731 1064 3782 divina
1112 3728 1309 3796 exponi
1363 3729 1594 3781 maxime
1643 3730 1969 3782 conveniens
1998 3742 2138 3780 esse.
2203 3726 2348 3781 Deus
2389 3733 2569 3793 enim,
2622 3728 2813 3795 inquit,
2841 3726 3089 3783 omnibus
3123 3729 3370 3796 providet

167 3799 468 3868 secundum
500 3800 643 3866 quod
679 3801 938 3868 competit
973 3814 1155 3852 eorum
1190 3808 1420 3868 naturze.
1465 3799 1558 3868 Est
1613 3808 1790 3851 autem
1822 3799 2067 3850 naturale
2098 3799 2323 3861 homini,
2356 3809 2413 3852 ut
2466 3814 2566 3866 per
2603 3798 2882 3853 sensibdia
2910 3801 2976 3852 ad
3010 3797 3366 3864 intelligibilia

167 3866 390 3937 veniat;
422 3869 546 3936 quia
584 3872 757 3923 oumis
785 3866 968 3923 nostra
999 3867 1235 3936 c0gnitio
1272 3883 1302 3920 a
1325 3883 1488 3922 sensu
1538 3867 1748 3920 initium
1782 3868 1960 3921 habet.
2025 3868 2175 3923 Unde
2223 3869 2609 3922 convenienter
2649 3870 2699 3920 in
2733 3885 2889 3924 sacra
2946 3869 3224 3937 Scriptura
3258 3877 3366 3920 tra-

162 3935 368 3988 duntur
421 3935 576 3992 nobis
599 3940 902 4008 Spiritualia
938 3940 1037 3993 sub
1068 3935 1401 4009 metaphoris
1431 3938 1816 4006 corporalium.
1843 3937 1910 3991 Et
1939 3939 2044 3992 hoc
2071 3947 2154 3991 est
2180 3939 2323 4006 quod
2355 3938 2495 3991 infra
2539 3939 2698 4007 paulo
2728 3951 2849 4009 post
2893 3939 3026 3992 dicit
3054 3935 3362 4009 Dionysius,

167 4019 269 4057 non
303 4023 460 4074 posse
510 4007 668 4062 aliter
717 4007 1282 4079 divino-principalem
1330 4009 1477 4062 illum
1520 4010 1730 4063 radium
1781 4009 1937 4063 nobis
1999 4009 2332 4072 illucescere,
2388 4009 2489 4062 nisi
2545 4007 2827 4066 sacrorum
2873 4009 3135 4079 varietate
3185 4008 3363 4075 operi-

169 4090 476 4155 mentorum
528 4082 823 4157 anagogice
870 4075 1204 4134 obvelatutu.
1249 4075 1478 4136 Badium
1513 4088 1694 4135 autem
1722 4079 2286 4149 divino-principalem
2335 4089 2487 4133 vocat
2510 4080 2684 4148 ipsam
2709 4095 2889 4137 rerum
2917 4078 3221 4132 divinarum
3269 4091 3361 4130 ve-

167 4161 402 4207 l'llalelll.

233 4221 408 4276 Porro
432 4227 940 4281 convenientissime
968 4223 1125 4280 nobis
1153 4223 1329 4280 divina
1363 4221 1810 4277 similitudinibus
1833 4217 2206 4286 corporalibus
2252 4217 2540 4290 designari,
2593 4234 2659 4274 ex
2709 4219 2960 4290 Dionysio
3005 4225 3237 4285 quatuor
3276 4231 3363 4268 ra-

167 4291 404 4348 tionibus
436 4298 625 4365 probat
659 4301 717 4350 D.
743 4297 979 4351 Thomas
1016 4298 1067 4347 in
1094 4297 1185 4351 lib.
1219 4311 1233 4348 ι
1291 4292 1548 4357 Sentent.,
1578 4293 1704 4346 dist.
1722 4290 1819 4365 54,
1847 4304 1903 4357 q.
1928 4290 1982 4354 5,
2015 4289 2243 4365 articuio
2274 4290 2324 4365 l_.
2379 4289 2558 4343 Prima
2605 4302 2659 4346 et
2707 4289 3016 4362 principalis
3037 4299 3118 4365 est
3149 4296 3364 4365 propter

163 4366 405 4417 materia:
428 4355 837 4434 sublimitatem,
874 4382 993 4436 qua:
1022 4367 1191 4419 nostri
1221 4355 1899 4436 intellectuslcapacitatent
1933 4359 2166 4436 excedit.
2196 4355 2346 4436 Unde
2385 4375 2493 4413 non
2525 4355 2809 4436 possumus
2836 4355 3016 4436 rerum
3055 4355 3359 4410 divinarum

167 4435 450 4488 veritatem
483 4441 774 4490 secundum
813 4427 1028 4491 tuo-dunt
1051 4450 1205 4488 suum
1234 4450 1446 4503 capere,
1479 4427 1641 4500 atque
1665 4434 1784 4504 ideo
1807 4427 2171 4504 oportet__iil_as
2221 4429 2374 4482 nobis
2402 4427 2938 4504 secundumtnodum
2969 4437 3215 4504 nostrum
3239 4441 3362 4504 pro-

163 4504 311 4569 poni.
372 4506 467 4558 Est
494 4518 671 4559 autem
700 4507 854 4561 nobis
880 4507 1249 4568 connaturale,
1284 4497 1315 4557 εἰ
1342 4497 1687 4574 sensibilibus
1719 4497 2252 4574 lll_dlilﬁliiglbllilitll,
2283 4510 2336 4552 et
2364 4515 2393 4550 a
2441 4503 2825 4568 posterioribus
2857 4501 2908 4574 lu
2955 4500 3204 4574 priorum
3221 4497 3363 4548 noti-

166 4568 288 4625 nam
319 4576 601 4642 devenire;
634 4587 688 4630 et
719 4576 922 4631 idcirco
950 4577 1051 4629 sub
1074 4575 1242 4644 ﬁgura
1265 4573 1623 4638 sensibilium,
1658 4570 1809 4626 intell
1831 4570 2013 4638 gibilta
2047 4568 2203 4622 nobis
2232 4581 2628 4636 proponuntur,
2664 4584 2722 4624 ut
2741 4586 2808 4624 ex
2836 4573 2919 4624 bis
2943 4583 3062 4637 qua:
3085 4568 3353 4629 novimus,

164 4644 716 4716 ad‘incognitatnens
750 4657 931 4701 nostra
954 4656 1160 4714 surgat.
1306 4713 1352 4716 __
1450 4715 1457 4716 ί
1557 4713 1567 4716 _
1652 4711 1661 4716 ,
2184 4709 2238 4716 ,,
2646 4713 2656 4716 ,
2761 4711 2790 4716 -_
2885 4711 2894 4716 -

229 4709 478 4770 Secunda
510 4716 646 4770 ratio
665 4726 768 4782 est,
791 4722 939 4786 quia,
970 4709 1091 4769 cum
1133 4717 1186 4769 in
1235 4713 1387 4769 nobis
1417 4715 1487 4768 sit
1537 4711 1756 4786 duplexn
1784 4724 1908 4786 pars
1950 4709 2348 4786 cognos’citivat
2389 4709 2595 4786 scilicet
2644 4711 2965 4786 intellectiva
3004 4719 3058 4763 et
3084 4709 3359 4786 sensitiva,

165 4788 396 4850 providit
423 4786 603 4840 divina
635 4778 935 4857 Sapientia,
973 4795 1031 4839 ut
1088 4799 1316 4853 utraque
1339 4800 1484 4851 pars,
1514 4778 1690 4849 quoad
1729 4778 1845 4857 ﬁeri
1875 4789 2112 4848 poterat,
2143 4783 2195 4857 in
2243 4779 2446 4857 divina_
2477 4783 2841 4857 reduceretur.
2878 4781 2944 4834 Et
2984 4789 3268 4857 propterea
3299 4778 3362 4825 li-

163 4869 318 4924 gor-as
353 4850 1013 4921 corporalium-adhibuit,
1047 4871 1165 4924 qua:
1191 4850 1444 4910 sensitiva
1475 4865 1627 4922 parte
1657 4853 1773 4920 capi
1803 4859 2049 4920 possunt,
2108 4850 2235 4917 quia
2289 4850 2402 4918 ipsa
2434 4850 2814 4906 intellectualia
2845 4865 3024 4905 rerum
3056 4850 3360 4902 divinarum

163 4923 423 4995 attingere
461 4943 566 4980 non
589 4936 817 4994 poterat.

230 4988 411 5049 'Ie'rtia
443 4988 714 5058 ratio'est,
753 5000 878 5065 quia
910 4999 962 5051 in
992 4997 1101 5051 Deo
1130 5001 1312 5053 verius
1341 4994 1717 5064 cognoscimus
1740 4990 1867 5059 quid
1900 4997 2142 5065 nonest,
2178 5003 2336 5056 quam
2365 4989 2490 5059 quid
2519 5001 2639 5065 Aest.
2665 4990 2817 5046 Unde
2845 4988 3243 5065 S._Dio_nysius
3273 4997 3364 5065 se-

162 5067 339 5139 quenti
374 5083 494 5135 cap.
514 5109 528 5131 ,
558 5067 586 5139 §
615 5068 649 5120 5
676 5077 724 5132 P,
755 5058 887 5122 dicit
920 5072 1235 5134 negationes
1263 5071 1313 5121 in
1345 5058 1542 5139 divinis
1570 5077 1693 5139 esse
1727 5058 1906 5139 veras,
1941 5058 2323 5139 allirntattoties
2357 5058 2484 5113 vero
2518 5062 2860 5139 incongruus.
2910 5061 2974 5114 Et
3003 5061 3121 5138 ideo
3153 5058 3364 5139 cutnde

163 5137 411 5189 omnibus
434 5129 648 5204 quam
679 5129 787 5190 Deo
815 5129 1184 5202 enuntiamus,
1214 5137 1618 5203 intelligendum
1651 5133 1742 5196 sit,
1770 5132 1859 5204 illa
1890 5147 1994 5204 non
2028 5143 2094 5204 eo
2115 5199 2123 5204 Δ
2148 5132 2308 5204 modo
2344 5134 2634 5204 convenire
2673 5135 2804 5194 Deo,
2837 5140 2998 5204 prout
3019 5129 3364 5181 inveniuntur

165 5217 214 5253 III
241 5199 530 5271 creaturis,
558 5211 650 5261 sed
674 5223 770 5276 per
800 5209 1032 5276 aliquem
1058 5199 1275 5263 modum
1325 5199 1643 5260 imitationis
1665 5211 1734 5276 et
1786 5199 2178 5264 similitudinis,
2219 5202 2536 5276 hujusmodi
2585 5204 2875 5255 eminentia
2908 5203 3364 5276 Dei__express_tus

164 5267 550 5330 ostendebatur
579 5267 765 5346 per-ea
798 5267 916 5347 quae
947 5283 1118 5348 magis
1150 5279 1431 5332 manifesta
1476 5281 1602 5348 sunt
1627 5273 1694 5324 ab
1723 5273 1872 5348 ipso”
1899 5285 2197 5348 removert.‘
2390 5280 2568 5348 autem
2615 5282 2744 5348 sunt
2774 5269 3096 5348 corporalia,
3128 5277 3182 5319 et
3243 5267 3363 5344 ideo

164 5339 698 5403 conveniendus-luit
741 5339 1444 5418 speciebus“corporalibus
1488 5345 1670 5399 divina
1699 5339 2019 5410 signiﬁcari,
2075 5349 2131 5392 ut
2185 5341 2270 5394 bis
2302 5342 2633 5398 assuefactus
2660 5343 2894 5396 disceret
2941 5342 3210 5394 humanus
3241 5339 3363 5388 ani~

265 5480 280 5518 ι
315 5479 478 5536 Joan.
532 5494 623 5544 xv,
652 5481 704 5534 l.
803 5490 840 5517 ω
883 5479 1037 5534 Joan.
1089 5494 1165 5543 vr,
1208 5479 1291 5533 56.
1376 5474 1583 5528 n.Ioan.
1609 5488 1648 5526 1.
1730 5469 1798 5523 οι
1829 5467 1972 5525 Tim.
2003 5483 2065 5532 ιι,
2103 5467 2157 5520 5.
2240 5476 2265 5515 ρ
2304 5463 2431 5519 Ctel.
2465 5465 2594 5519 hier.
2643 5481 2760 5537 cap.
2809 5466 2866 5533 2',
2902 5465 3004 5537 §5.

1428 5614 1658 5670 VARIIE
1694 5607 2088 5667 LECTIONES.

229 5740 286 5769 ³³·
337 5739 450 5798 Hoc
505 5757 611 5797 non
664 5751 840 5797 exstat
899 5741 950 5796 in
1000 5741 1152 5797 libris
1213 5739 1474 5810 vulgatis,
1526 5741 1618 5794 scd
1673 5738 1870 5794 citatur
1917 5755 1946 5794 a
1995 5737 2358 5808 Cyparissiota
2405 5736 2457 5792 in
2507 5731 2795 5802 Tlteologia
2842 5729 3146 5785 materiata.
