4196 6306
141 379 243 436 129

635 370 723 426 DE
757 370 1079 429 C(ELESTI
1115 373 1559 439 lIlERARCillA,
1615 374 1767 431 CAP.
1807 373 1846 426 Ι.
1888 404 1956 415 ——
1991 370 2335 428 PARAPHR.
2375 366 2846 424 PACHYMERIE.

3269 372 3371 428 150

211 491 240 563 ᾗ
274 493 318 545 1.
350 491 518 562 Φησὶν
541 492 570 544 6
606 492 777 562 μέγας
805 490 1080 553 Διονύσιος
1101 490 1238 562 πρὸς
1284 492 1378 545 τὸν
1408 491 1515 545 τῶν
1552 490 1708 561 Ἐφε-
1738 503 1782 558 Α

1738 503 1782 558 Α
1883 490 1908 550 Ξ
1952 490 1988 548 1.
2033 490 2260 559 Magnus
2281 487 2569 558 Dionysius
2620 456 2697 543 ad.
2737 487 3098 558 Ephesiorum
3156 489 3371 558 episco-

140 581 274 635 σίων
307 583 607 636 ἐπίσκοπον
648 581 931 652 Τιμόθεον,
966 581 1026 633 ὃν
1083 581 1176 634 καὶ
1232 582 1705 654 συμπρεσϐύτερον

135 674 318 738 καλεῖ,
352 675 514 727 οἱονεὶ
537 672 955 735 συνεπίσκοπον,
991 673 1068 736 ὡς
1099 673 1191 728 καὶ
1224 674 1413 726 ἑαυτὸν
1473 673 1706 745 πρεσϐύ-

135 782 319 836 τερον,
355 761 465 818 οἷον
499 765 795 817 ἐπίσκοπον
833 763 998 834 (οὕτω
1030 765 1137 836 γὰρ
1171 766 1266 819 καὶ
1297 769 1325 820 ὁ
1357 766 1568 831 Παῦλος
1592 769 1706 829 ταῖς

134 857 234 929 τῆς
291 858 476 919 Ἀσίας
537 850 964 926 συντασσόμενος
998 856 1359 927 Ἑκκλησίαις,
1417 859 1598 929 φησὶν,
1633 859 1710 922 ὡς

135 951 193 1001 έν
225 951 350 1010 ταῖς
382 947 622 1018 Πράξεσι
675 947 939 1022 φέρεται),
977 949 1107 1018 φησὶ
1140 949 1340 1014 τοίνυν,
1389 948 1709 1020 δανεισάμε-

136 1061 227 1106 v9;
255 1045 323 1095 ὲκ
345 1041 439 1095 τοῦ
489 1040 740 1094 Ἰακώϐου
775 1042 835 1096 τὸ
871 1043 1178 1114 προοίμιον,
1212 1044 1293 1098 ὅτι
1318 1045 1464 1098 πᾶσα
1497 1046 1709 1117 παροχὴ

137 1135 371 1204 ἀγαθοῦ,
435 1135 529 1188 καὶ
580 1137 687 1188 πᾶν
718 1137 964 1208 χάρισμα
1023 1136 1246 1200 τέλειον,
1283 1138 1384 1190 καῖ
1428 1137 1708 1200 ἀνελλιπὲς

136 1227 357 1288 πάντως
388 1225 510 1279 καθ’
529 1226 680 1289 αὐτὸ,
709 1227 831 1279 ἐπεὶ
864 1225 1015 1298 παρὰ
1045 1225 1144 1297 τὴν
1161 1227 1282 1303 τῶν
1305 1228 1712 1299 ὑποδεχομένων

136 1319 254 1386 ἕξιν
316 1319 577 1383 πολλάκις
637 1319 871 1372 ἐλλείπει
969 1320 1062 1375 καὶ
1118 1301 1179 1373 οῦ
1234 1321 1326 1374 τοῦ
1380 1320 1712 1392 χαρίσματος

135 1410 331 1476 τοῦτο,
406 1410 542 1465 ἀλλὰ
605 1413 704 1483 τῆς
761 1413 1036 1482 ἡμετέρας
1092 1411 1374 1483 δυνάμεως
1436 1397 1715 1484 χωρούσης

136 1507 428 1560 καθ’.ὃσον
481 1505 567 1561 οἷα
599 1506 658 1559 τέ
710 1509 876 1561 ἐστιν.
939 1507 1026 1570 Ὠς
1084 1505 1193 1578 γὰρ
1244 1499 1286 1561 ὁ⁴
1329 1496 1712 1577 αὑτὸςῆλιος,

135 1599 422 1669 διαφόροις
467 1598 848 1669 ὑποκειμένοις
901 1598 1263 1664 ἐπιπολάζων,
1316 1599 1500 1670 ἓτερον
1531 1599 1716 1670 ἐτέρου

1807 597 1931 650 pum.
1963 580 2330 644 Timetheum,
2372 596 2529 650 quem
2555 580 3155 651 etcompresbyterum,
3209 580 3261 634 id
3290 590 3374 635 est

1809 675 2208 743 coepiscOpum.
2245 690 2268 722 ν
2314 682 2418 736 cat,
2452 675 2592 727 sicut
2632 675 2744 741 ipse
2773 688 2833 726 se
2871 674 3242 744 presbyterum
3277 689 3372 726 seu

1810 768 2120 835 episcopum
2155 771 2302 834 (nam
2337 775 2391 819 et
2420 765 2608 821 eodem
2635 767 2794 820 modo
2819 764 3031 821 Paulus
3066 767 3207 821 Asia:
3228 782 3374 821 com-

1810 873 2016 926 ponens
2043 858 2314 913 Ecclesias
2344 858 2595 926 loquitur,
2633 868 2688 910 ut
2722 857 2774 911 in
2804 859 2981 912 Actis.
3013 860 3253 918 refertur
3288 861 3307 897 ι
3328 862 3370 927 ),

1809 965 1876 1005 ex
1925 949 2130 1006 Jacobo
2171 951 2491 1020 prommium
2541 953 2834 1006 mutuando
2863 952 2977 1005 ait:
3007 952 3373 1006 On'medatum

1812 1028 2026 1105 bonum,
2053 1055 2100 1096 et
2131 1060 2282 1098 omne
2333 1037 2542 1097 donum
2567 1044 2855 1112 perfectum
2884 1055 2936 1108 ιι,
2968 1054 3023 1099 et
3059 1045 3375 1100 indeliciens

1815 1136 1866 1188 in
1893 1136 2212 1205 semetipso,
2236 1139 2450 1191 tametsi
2475 1138 2999 1208 pro-suscipientiqu
3041 1122 3374 1201 habitudine,

1816 1242 2193 1295 saepenumero
2251 1228 2508 1283 deficiat:
2568 1232 2707 1299 quod
2743 1230 2931 1299 utique
2979 1245 3086 1284 non
3137 1246 3201 1284 ex
3235 1231 3376 1285 dono

1815 1318 2108 1387 provenit.
2173 1319 2268 1374 sed
2308 1334 2391 1374 .ex
2448 1320 2656 1374 viribus
2690 1323 2918 1385 nosu-ls,
2977 1338 3097 1390 quae
3156 1324 3379 1390 capiunt

1815 1418 2078 1478 quantum
2112 1418 2360 1478 possunt.
2382 1408 2848 1476 Quemadmodum
2876 1412 3168 1483 enim-ipse
3194 1413 3243 1482 7
3267 1410 3374 1476 sol,

1817 1498 2045 1558 diversis
2069 1500 2232 1553 rebus
2292 1499 2526 1554 subditis
2580 1516 2882 1569 apparens,
2942 1503 3379 1571 alterumaltero

1819 1590 1939 1664 plus
1968 1590 2239 1653 calefacit,
2272 1590 2432 1660 idque
2463 1606 2569 1645 non
2618 1591 2689 1646 ob
2720 1592 2876 1656 solis,
2904 1594 2999 1647 sed
3031 1608 3215 1646 eorum
3250 1610 3379 1663 qua;

138 1691 304 1743 πλέον
357 1690 665 1761 θερμαίνει,
728 1691 820 1744 καὶ
880 1692 940 1744 οὺ
988 1691 1080 1746 τοῦ
1135 1687 1283 1763 ἡλίου
1342 1679 1530 1755 τοῦτο,
1584 1687 1720 1743 ἀλλὰ

1717 1708 1720 1739 μ
1819 1680 1989 1760 solem
2023 1681 2305 1750 excipiunt
2332 1683 2704 1755 diversitatem
2736 1701 2749 1735 :
2806 1684 3096 1753 sicutique
3138 1686 3374 1756 divinum

135 1783 248 1835 τῶν
284 1783 694 1854 ὑποδεχομένων
747 1784 839 1837 τὸν
899 1784 1083 1855 ἥλιονο
1136 1783 1276 1837 οὕτω
1327 1783 1419 1836 καὶ
1467 1772 1526 1834 τὸ
1576 1782 1716 1834 θεῖον
1750 1853 1768 1855 _

1821 1774 2017 1827 donum
2050 1789 2171 1828 cum
2204 1774 2276 1842 sit
2331 1773 2659 1844 perfectum,
2709 1790 2805 1844 pro
2854 1777 3379 1846 suscipientiutnca-

135 1871 371 1944 δώρημα
402 1872 601 1927 τέλειον
632 1873 710 1938 ὃν,
737 1873 877 1927 κατὰ
904 1853 1029 1937 τοὺς
1056 1873 1478 1944 ὑποδεχομένους
1499 1873 1711 1942 ὑφίεται
1745 1853 1787 1908 Β

1745 1853 1787 1908 Β
1816 1865 2050 1932 pacitate
2081 1865 2168 1918 vel
2203 1857 2504 1920 retnittit‘ttr
2531 1867 2611 1920 vel
2650 1867 2972 1921 intenditur.
3029 1865 3195 1922 Omne
3221 1867 3380 1937 igitur

134 1984 195 2020 τε
245 1968 339 2020 καὶ
393 1966 734 2020 ἐπιτείνεται.
788 1966 918 2022 Πᾶν
973 1965 1152 2020 τοίνυν
1203 1966 1433 2020 τέλειον
1478 1964 1716 2034 δώρημα

135 2059 469 2127 οὐρανόθεν
497 2058 648 2122 ἐστι,
697 2060 1134 2128 κατεργόμενον
1162 2057 1277 2112 ἀπὸ
1324 2057 1430 2112 τοῦ
1459 2055 1575 2111 τῶν
1598 2056 1714 2125 φώ-

135 2160 256 2204 των
289 2150 538 2218 Πατρός.
575 2150 792 2222 Πατέρα
820 2151 876 2203 δὲ
904 2151 1014 2204 τῶν
1050 2150 1246 2221 φώτων
1299 2150 1448 2226 λέγει
1471 2144 1563 2203 τὸν
1583 2151 1714 2205 Θεὸν

133 2242 162 2292 6
200 2241 376 2313 μέγας
418 2242 687 2306 Ἰάκωϐος,
744 2243 820 2305 ὼς
878 2242 1095 2314 Πατέρα
1122 2242 1440 2312 οἰκτιρμῶν,
1493 2242 1586 2295 τὸν
1617 2241 1714 2295 αὑ-

133 2331 320 2399 τοφῶς
352 2333 500 2395 ὅντα,
535 2333 630 2386 καὶ
663 2330 991 2405 δημιουργὸν
1039 2333 1134 2385 καὶ
1192 2329 1582 2403 συντηρητικὸν
1607 2332 1715 2386 τῶν

137 2423 334 2494 φώτων
355 2442 370 2455 ’
408 2425 589 2497 πατὴρ
617 2426 725 2497 γάρ
763 2427 911 2478 ἐστιν
966 2427 994 2478 6
1027 2425 1289 2497 παράγων
1323 2425 1415 2477 καὶ
1435 2423 1616 2496 τηρῶν
1645 2423 1716 2477 τὰ

135 2515 194 2581 ἐξ
227 2515 433 2569 αὐτοῦ’
472 2516 614 2570 οὕτω
647 2518 740 2570 καὶ
768 2519 796 2570 6
846 2515 982 2580 Θεὸς
1032 2517 1222 2588 Πατὴρ
1253 2516 1361 2569 τῶν
1395 2515 1606 2584 φώτων,
1641 2516 1716 2580 ὡς

136 2610 231 2660 καὶ
267 2608 450 2679 πάσης
484 2598 724 2672 κτίσεώξ
747 2611 862 2662 ἐστι
923 2608 1268 2680 δημιουργός.
1332 2610 1443 2662 Οὔκ
1485 2604 1604 2662 εἷπε
1636 2605 1712 2673 δὲ,

138 2700 332 2771 Πατὴρ
386 2699 637 2770 οὐρανοῦ,
702 2699 823 2753 οὔτε
871 2697 996 2770 γῆς,
1062 2700 1197 2754 ἀλλὰ
1232 2700 1456 2770 φώτων,
1510 2700 1598 2757 διὰ
1653 2699 1716 2752 τὸ

137 2791 536 2862 προκείμενον,
601 2792 681 2844 ὅτι
734 2791 829 2844 καὶ
887 2791 978 2844 τὰΔ
1015 2791 1313 2864 δωρήματα
1372 2791 1716 2862 ὲκφωτιπμοῦ

136 2881 282 2934 θείου
321 2885 432 2944 τοῖς
466 2881 774 2953 ἀνθρώποις
807 2877 1129 2949 ἐγγίνονται.
1152 2879 1350 2934 Τοῦτον
1381 2882 1470 2936 τὸν
1504 2882 1718 2952 Πατέρα

135 2972 244 3024 τῶν
301 2971 516 3041 φώτων,
566 2973 920 3046 παρακατιὼν
953 2973 1048 3026 καὶ
1093 2973 1371 3036 ἀπολύτως
1424 2973 1579 3027 καλεῖ
1604 2973 1717 3027 Παν-

135 3065 271 3136 τέρα
333 3065 514 3135 μόνον,
565 3066 713 3133 πρὸς
760 3064 876 3135 τὴν
928 3065 1035 3119 τοῦ
1093 3066 1444 3135 συναγωτοῦ
1491 3066 1719 3133 Πατρός

138 3155 406 3221 ἑνότητα
440 3153 635 3221 λέγων,
664 3153 739 3216 ὡς
769 3152 1099 3225 δημιουργὸν
1144 3154 1238 3206 καὶ
1302 3154 1530 3223 συνοχέα
1563 3155 1717 3224 ἡμῶν

135 3264 193 3299 τε
223 3247 323 3300 καὶ
379 3247 558 3316 πάσης
607 3245 873 3309 κτίσεως⁴
925 3245 958 3316 ἢ
1004 3246 1095 3298 καὶ
1134 3242 1308 3307 ἄλλως
1357 3244 1574 3315 Πατέρα
1608 3243 1719 3314 φώ-

133 3351 266 3405 των,
304 3337 436 3391 Υἱοῦ
470 3354 528 3389 τε
585 3340 677 3390 καὶ
723 3337 1042 3408 Πνεύματος
1081 3333 1358 3406 δηλονότι.
1427 3334 1586 3389 ’Λλλὰ
1618 3336 1717 3389 καὶ

137 3432 288 3482 πᾶσα
342 3429 650 3498 θεοκινήτου
685 3427 1029 3498 φωτοχυσίας
1075 3425 1413 3501 προέλευσις,
1446 3425 1526 3487 είς
1564 3425 1713 3494 ἡμᾶς

134 3521 191 3587 ἐξ
256 3519 591 3589 ἀγαθότητος
644 3516 1085 3590 παραγινομένη,
1148 3515 1308 3568 πάλιν
1361 3514 1435 3576 ὡς
1481 3514 1717 3578 ὲνοποιὸς

134 3611 274 3683 αῦτη
344 3612 571 3680 δύναμις
614 3610 802 3679 ἀνάγει
861 3609 1027 3679 ἡμᾶς,
1059 3608 1151 3660 καὶ
1184 3606 1432 3672 ἀναπλοϊ,
1468 3605 1560 3658 καὶ
1604 3606 1718 3659 ἔνο-ι

136 3705 302 3767 ποιεῖ,
361 3703 455 3754 καὶ
509 3702 570 3754 τὸ
620 3703 922 3772 ένοφρονεϊν
973 3690 1397 3769 παρασκευάζει,
1467 3698 1560 3750 καὶ
1609 3695 1718 3751 άπὸ

132 3791 243 3845 τῶν
296 3794 474 3862 γηῖων
530 3790 848 3864 ἐπιστρέφει
916 3790 1050 3860 πρὸς
1111 3788 1207 3860 τὴν
1254 3787 1714 3866 τοῦ-συναγωγοῦ

134 3881 269 3934 Θεοῦ
303 3881 520 3952 Πατρὸς
553 3881 802 3951 ἑνότητα,
868 3880 964 3933 καὶ
997 3872 1241 3932 θεοποιὸν
1273 3875 1715 3946 ἁπλότητα.’Μέι

135 3973 362 4045 χριγὰρ
393 3974 584 4026 τούτου
631 3973 1018 4045 κεχωρισμένοι
1068 3973 1190 4033 ταῖς
1232 3967 1475 4040 γνώμαις
1528 3968 1712 4038 ὲσμὲν,

136 4067 238 4130 ἓως
268 4061 332 4120 οὗ
377 4067 518 4118 κατὰ
569 4066 774 4137 κόσμον
834 4063 1258 4136 περιπατῶμεν·
1319 4062 1446 4115 ὅταν
1476 4060 1532 4113 δὲ
1582 4061 1716 4130 πρὸς

135 4157 266 4212 Θεὸν
297 4159 692 4232 άνυψωθῶμεν,
727 4159 849 4211 τότε
909 4157 967 4209 ἓν
1027 4155 1292 4226 γινόμεθα
1349 4157 1406 4209 ἐν
1449 4154 1589 4225 Θεῷ,
1619 4154 1714 4208 καὶ

136 4253 317 4323 χάριτι
375 4252 520 4305 κατὰ
541 4252 637 4322 τὴν
671 4252 949 4324 ἁπλότητα
968 4249 1374 4321 θεοποιούμεθα,
1407 4245 1589 4310 καθὼς
1620 4245 1714 4299 καὶ

135 4346 162 4395 6
199 4337 409 4414 Κύριος
463 4340 602 4412 πρὸς
652 4341 744 4394 τὸν
800 4341 993 4394 ἑαυτοῦ
1056 4340 1279 4416 Πατέρα
1331 4340 1525 4410 φησὶν,
1582 4339 1714 4391 Ἵνα

136 4431 286 4487 ὦσιν
349 4433 446 4495 ἓν,
495 4433 688 4494 καθὼς
733 4432 832 4485 καὶ
883 4432 1053 4502 ἡμεῖς
1099 4432 1395 4499 ἓνέσμεν.
1457 4429 1529 4481 Τὸ
1559 4429 1708 4508 γοῦν,

1815 1959 2010 2010 donum
2039 1957 2328 2026 perfectum
2358 1960 2637 2022 desursum
2659 1971 2753 2024 est,
2805 1961 3117 2014 descendens
3158 1977 3189 2012 α
3222 1957 3382 2013 Patre

1814 2045 2071 2102 luminum
2104 2054 2150 2100 ν.
2170 2045 2383 2103 Patrem
2419 2058 2599 2116 autem
2639 2049 2903 2117 luminum
2939 2066 3167 2120 magnus
3190 2051 3278 2106 hic
3299 2049 3383 2104 Ja-

1815 2138 1983 2191 cobus
1997 2137 2162 2192 Deum
2194 2148 2371 2202 vocat,
2397 2148 2580 2209 utpote
2613 2125 2824 2195 Patrem
2860 2141 3380 2212 miselricordiat'utu,

1815 2230 1905 2299 qui
1937 2239 1992 2304 et
2031 2231 2255 2300 ipsemet
2300 2231 2388 2287 lux
2416 2242 2547 2296 est,
2574 2242 2631 2287 et
2669 2243 2891 2288 creator
2928 2250 2992 2289 ac
3023 2246 3382 2306 conservator

1815 2323 2075 2396 luminum
2107 2342 2122 2380 :
2160 2337 2315 2393 pater
2339 2326 2488 2379 enim
2528 2336 2613 2381 est
2642 2327 2732 2395 qui
2762 2329 3077 2396 producitet
3098 2341 3384 2392 conservat

1814 2429 1933 2485 qua:
1961 2429 2028 2484 ex
2077 2415 2194 2486 ipso
2225 2424 2389 2483 sunt;
2420 2417 2498 2474 sic
2530 2425 2585 2470 et
2618 2417 2756 2481 Deus
2783 2416 2946 2472 Pater
2975 2418 3266 2488 luminum,
3323 2433 3386 2476 ut

1817 2508 1906 2578 qui
1942 2508 2121 2578 omnis
2151 2517 2423 2563 creatura:
2442 2510 2694 2576 conditor
2717 2511 2970 2567 exsistat.
2995 2513 3112 2567 Non
3138 2515 3272 2568 dixit
3294 2530 3385 2570 au-

1820 2611 1946 2669 tem,
1997 2599 2159 2655 Pater
2199 2602 2346 2667 coeli,
2376 2618 2552 2672 neque
2582 2614 2762 2669 terrae,
2806 2605 2901 2659 sed
2944 2605 3226 2669 luminum,
3260 2624 3386 2678 pro-

1819 2694 2310 2762 pterpropositum
2337 2696 2632 2772 ;‘quoniam
2661 2697 2824 2763 etiam
2857 2701 3002 2759 dona.
3043 2714 3110 2753 ex
3144 2699 3384 2755 illustra-

1819 2785 1964 2838 tione
2003 2785 2185 2857 divina
2243 2786 2554 2842 heminibus
2609 2788 2918 2859 obtingunt.
2969 2790 3121 2845 Hunc
3166 2791 3381 2849 Patrem

1818 2875 2080 2930 luminum
2115 2878 2167 2932 in
2197 2878 2428 2947 decursu
2467 2879 2632 2933 etiam
2688 2881 2935 2937 absolute
2962 2881 3136 2955 solum
3166 2881 3380 2954 Patrem

1817 2972 2090 3040 nominat,
2171 2971 2397 3043 dicens:
2429 2971 2509 3027 Ad
2543 2977 2801 3032 unitatem
2844 2974 3024 3034 Patris
3066 2955 3384 3046 congregan—

1818 3061 1926 3120 tla.
1974 3071 2034 3116 ut
2085 3062 2176 3130 qui
2244 3071 2456 3117 creator
2522 3065 2591 3117 sit
2653 3079 2721 3118 ac
2773 3079 3127 3121 conservator
3196 3077 3383 3126 noster

1818 3154 2104 3222 omnisque
2136 3162 2437 3208 creaturae:
2467 3169 2774 3224 quanquam
2826 3158 2988 3211 etiam
3033 3160 3168 3215 alias
3219 3160 3383 3228 Pater

1822 3242 2083 3300 luminum
2121 3249 2215 3308 sit,
2269 3245 2480 3313 scilicet
2504 3245 2624 3301 Filii
2667 3261 2732 3301 ac
2781 3247 3017 3317 Spiritus
3043 3253 3239 3308 sancti.
3273 3251 3380 3307 Scal

1819 3343 1874 3400 et
1894 3336 2074 3390 omnis
2104 3349 2133 3389 a
2167 3330 2276 3394 Deo
2303 3337 2704 3405 proficiscentis
2734 3341 3116 3397 illustratiouis
3147 3359 3380 3412 proven-

1820 3436 1926 3492 tus,
1963 3427 2029 3480 ad
2062 3443 2162 3483 nos
2191 3442 2256 3482 ex
2285 3429 2528 3488 bonitate
2556 3433 2863 3498 ditnanans,
2891 3435 3087 3498 denuo,
3109 3451 3206 3492 ceu
3239 3438 3382 3505 ipsa-

1818 3528 1931 3589 met
1966 3520 2048 3584 vis
2081 3520 2309 3587 uniﬁca,
2346 3536 2558 3577 sursum
2583 3539 2680 3578 nos
2709 3523 2906 3594 elevat,
2939 3526 3374 3598 simpliﬁcatque,

1821 3619 1875 3664 et
1911 3611 2040 3679 quid
2088 3627 2254 3664 unum
2295 3611 2451 3676 facit,
2501 3622 2663 3682 atque
2723 3615 2790 3668 ad
2846 3631 3007 3670 unum
3057 3617 3376 3688 sapiendum

1820 3694 2083 3774 informat
2109 3705 2129 3767 ;‘
2158 3717 2260 3757 nec
2286 3693 2391 3774 non
2417 3718 2449 3787 a
2480 3695 2710 3758 terrenis
2756 3707 3028 3761 convertit
3057 3707 3124 3762 ad
3151 3724 3378 3782 congre-

1820 3793 2001 3863 gantis
2025 3792 2118 3846 Dei
2151 3791 2333 3847 Patris
2358 3794 2646 3872 unitatem,
2687 3808 2750 3848 ac
2780 3795 3028 3852 deificam
3058 3799 3378 3869 simplicita~

1816 3871 1946 3959 tem.
1984 3885 2057 3939 Eo
2081 3886 2224 3939 enim
2261 3902 2429 3956 usque
2453 3887 2738 3942 sententiis
2763 3887 3113 3956 dissidemus,
3138 3875 3372 3959 quandiu

1816 3957 2110 4030 secundum
2166 3979 2421 4031 mundum
2466 3978 2845 4033 ambulamus:
2889 3982 3117 4053 quando;
3155 3957 3287 4036 vero
3309 3985 3375 4037 ad

1816 4067 1985 4123 Deum
2004 4057 2277 4139 assumpti
2309 4069 2593 4136 fuerimus,
2611 4081 2737 4125 tunc
2761 4087 2926 4126 unum
2952 4087 3138 4129 sumus
3166 4075 3217 4128 in
3245 4075 3372 4140 Deo,

1815 4153 1975 4229 atque
1998 4153 2114 4231 ejus
2137 4163 2310 4232 gratia
2341 4158 2438 4232 per
2456 4148 2868 4232 simplicitatem
2885 4164 3230 4230 deificamur,
3259 4168 3369 4222 sic-

1815 4261 1873 4328 ut
1937 4253 2100 4307 etiam
2131 4254 2387 4313 Dominus
2432 4237 2500 4309 ad
2553 4255 2765 4310 Patrem
2797 4270 2954 4311 suum
3003 4257 3117 4312 ait:
3171 4250 3238 4312 Ut
3268 4260 3374 4313 sint

1815 4332 1998 4410 unum,
2028 4348 2163 4400 sicut
2192 4333 2240 4401 et
2280 4363 2372 4400 nos
2429 4362 2590 4401 unum
2641 4334 2821 4403 sumus
2866 4362 2916 4401 ι.
2975 4349 3112 4404 Illud
3167 4342 3370 4419 itaque,

1819 4433 1987 4490 Omne
2021 4436 2217 4490 donum
2245 4450 2309 4491 ex
2340 4419 2471 4522 Deo,
2504 4451 2569 4490 ex
2587 4431 2791 4523 Iacobo
2816 4438 3077 4509 sumpsit;
3105 4423 3250 4494 istud
3271 4454 3372 4494 au-

138 4517 261 4577 Πᾶν
282 4521 530 4590 δώρημα
554 4523 618 4574 ὲκ
665 4521 821 4585 Θεοῦ,
863 4523 927 4574 ὲκ
969 4520 1075 4598 τοῦ
1108 4518 1366 4573 Ἰακώϐου
1387 4509 1618 4588 ἐἴληφεν
1653 4516 1716 4569 τὸ
1743 4522 1789 4578 ι)

1715 4546 1716 4551 η
1743 4522 1789 4578 D
1818 4535 1948 4594 tem,
1993 4526 2255 4594 Quoniam
2278 4542 2440 4582 omne
2456 4514 2659 4582 bonum
2698 4509 2748 4582 in
2777 4512 2950 4600 ipsum
2983 4529 3252 4597 tendit,'et
3276 4547 3372 4585 nos

137 4615 211 4678 δὲ,
245 4616 371 4668 Ὀτι
409 4614 503 4666 καὶ
536 4615 642 4667 πᾶν
671 4613 875 4681 ἀγαθὸν
919 4614 997 4675 είς
1027 4611 1188 4666 αὑτὸν
1221 4611 1406 4674 τείνει,
1432 4611 1524 4662 καὶ
1565 4610 1711 4680 ἡμᾶς

138 4707 364 4773 ἅνάγει,
443 4705 501 4771 ἐξ
550 4705 742 4758 ἑαυτοῦ
805 4704 1036 4774 τίθησιν.
1129 4703 1436 4773 Ἀμφότερα
1495 4699 1553 4753 δὲ
1613 4718 1713 4753 καί

139 4793 471 4858 τασκευάξει
523 4795 588 4846 ὲκ
631 4793 726 4846 τοῦ
783 4791 1105 4846 ’Δποστόλου
1163 4791 1411 4860 λέγοντος
1462 4791 1590 4842 Ὅτι
1641 4789 1712 4854 ἐξ

141 4887 321 4941 αὑτοῦ
362 4887 439 4940 τὰ
467 4887 684 4949 πάντα,
714 4886 812 4938 καὶ
843 4889 928 4951 είς
963 4885 1171 4942 αὐτόν.

207 4978 320 5051 §ll.
368 4979 527 5032 Ἐπεὶ
566 4980 744 5032 τοίνυν
779 4980 842 5032 ὲκ
880 4977 973 5031 τοῦ
1006 4976 1140 5030 Θεοῦ
1173 4979 1308 5039 ἐστι,
1343 4976 1436 5030 καὶ
1467 4978 1545 5052 είς
1584 4976 1714 5031 Θεὸν

143 5069 296 5122 τείνει
346 5070 459 5120 πᾶν
505 5068 705 5136 ἀγαθὸν
728 5108 744 5135 ,
799 5065 931 5138 φέρε
976 5067 1422 5142 ἐπικαλεσάμενοι
1471 5066 1562 5120 τὸν
1605 5068 1716 5120 Σω-

144 5160 278 5232 τῆρα
314 5160 546 5230 Κύριον,
587 5160 648 5212 τὸ
690 5158 786 5211 τοῦ
833 5158 1043 5228 Πατρὸς
1075 5157 1190 5227 φῶς
1231 5159 1325 5212 καὶ
1353 5157 1713 5228 ἀπαύγασμα,

143 5252 198 5302 τὸ
225 5251 318 5315 ὸν,
375 5251 439 5303 τὸ
492 5249 761 5320 ἀληθινόν.
816 5251 888 5303 ’Ἡ
915 5249 1052 5320 ἅμα,
1097 5249 1180 5301 ὅτι
1219 5249 1312 5302 καὶ
1362 5247 1430 5300 τὰ
1471 5246 1714 5320 ἡμέτερα

143 5341 264 5395 ὄντα
309 5342 581 5411 λέγονται,
630 5342 766 5396 ἀλλὰ
791 5341 930 5396 κατὰ
971 5340 1219 5412 μετοχὴν,
1270 5340 1363 5392 καὶ
1384 5339 1444 5391 οὐ
1489 5338 1711 5408 κυρίως.

147 5433 214 5484 Ἤ
241 5433 385 5486 κατὰ
411 5433 665 5504 στιγμὴν,
696 5429 758 5485 τὸ
785 5432 919 5503 φῶς.
952 5433 1106 5485 Ποῖον
1140 5432 1254 5501 φῶς
1277 5447 1291 5496 ;
1318 5429 1390 5483 Τὸ
1413 5428 1491 5492 ὃν,
1517 5427 1577 5481 οὐ
1604 5428 1713 5498 γὰρ

145 5524 494 5597 ἀνύπαρκτόν
521 5528 686 5589 ἐστιν,
708 5522 783 5589 ὡς
805 5525 963 5579 τοῦτο
994 5525 1052 5578 τὸ
1096 5523 1229 5592 φῶς.
1277 5524 1436 5576 Ποῖον
1458 5521 1572 5590 φῶς
1597 5538 1610 5588 ;
1641 5521 1714 5575 Τὸ

145 5618 413 5689 ἀληθινὸν,
442 5618 585 5671 κατὰ
616 5618 715 5689 τὴν
754 5617 848 5672 τοῦ
892 5604 1269 5687 εὐαγγελιστοῦ
1313 5614 1557 5670 Ἰωάννου
1599 5631 1712 5683 φωλ-

223 5802 239 5833 ι
281 5798 405 5853 Act.
462 5812 560 5861 xx,
620 5794 710 5854 18.
782 5808 812 5837 ιι
853 5793 968 5852 Jac.
1001 5810 1042 5862 ι,
1093 5794 1177 5848 Π.
1251 5803 1278 5831 τ
1314 5789 1442 5847 Ibid.

1814 4630 2027 4671 sursum
2058 4616 2221 4681 levat,
2241 4631 2307 4672 ex
2337 4608 2510 4672 semet
2533 4614 2647 4687 ipse
2677 4618 2847 4687 ponit.
2879 4613 3183 4688 Utrumque
3209 4636 3370 4688 porro

1813 4706 2105 4764 conﬁrmat
2147 4721 2215 4763 ex
2249 4707 2504 4778 Apos‘tolo
2552 4708 2804 4764 dicente:
2846 4707 3112 4774 Quoniam
3155 4725 3220 4763 ex
3256 4711 3368 4778 ipso

1812 4797 2010 4866 omnia,
2039 4808 2088 4854 et
2114 4801 2170 4854 in
2200 4794 2389 4871 ipsum.

1885 4972 1914 5044 θ
1943 4971 2006 5027 Π.
2038 4971 2170 5026 Cum
2197 4971 2375 5040 itaque
2403 4984 2468 5025 ex
2501 4970 2612 5026 Deo
2640 4970 2740 5038 sit,
2785 4977 2846 5025 et
2879 4971 2932 5025 in
2969 4970 3151 5025 Deum‘
3174 4972 3360 5025 tendat

1815 5077 1976 5118 omne
1995 5064 2215 5130 bonum,
2240 5062 2462 5132 agedum
2488 5051 2798 5116 invocantes
2818 5051 3148 5115 Salvatorem
3179 5060 3364 5114 Domi-

1819 5171 1968 5221 num,
1997 5156 2087 5226 qui
2129 5144 2306 5210 Patris
2332 5155 2417 5209 lux
2473 5163 2556 5209 est
2598 5169 2662 5209 ac
2691 5154 2964 5222 splendor,
3015 5153 3103 5222 qui
3143 5161 3244 5214 est,
3273 5153 3362 5220 qui

1814 5261 1976 5301 verus
2002 5255 2103 5300 est.
2154 5243 2246 5300 Vel
2277 5243 2634 5313 coniunctim;
2682 5243 2806 5313 quia
2854 5244 3014 5297 etiam
3046 5257 3134 5297 res
3169 5252 3365 5297 nostra!

1816 5335 2073 5389 dicuntur
2119 5347 2275 5398 esse,
2325 5334 2421 5390 sed
2467 5343 2563 5402 per
2603 5333 3115 5403 participationem,
3167 5340 3361 5386 etnon

1813 5422 2051 5493 proprie.
2081 5421 2180 5478 Vel
2223 5435 2344 5476 cum
2375 5422 2827 5492 interpunctione,
2860 5421 2994 5476 Lux.
3028 5418 3210 5488 Qualis
3240 5421 3364 5476 lux?

1811 5514 1943 5582 Quae
1963 5524 2085 5580 est;
2117 5526 2292 5584 neque
2321 5514 2463 5568 enim
2495 5514 2838 5569 subsistentia
2865 5528 3036 5580 caret,
3067 5513 3142 5566 uti
3182 5512 3358 5567 lumen

1811 5610 1916 5666 hoc
1949 5617 2220 5664 nostrum.
2248 5607 2432 5674 Qualis
2458 5606 2587 5662 lux?
2616 5605 2786 5672 Vera,
2832 5605 2981 5677 juxta
3017 5603 3361 5674 evangelista

1735 5795 1763 5826 ι
1802 5787 1958 5843 Joan.
1984 5802 2118 5852 xm,
2174 5783 2264 5840 22.
