4196 6306
827 384 921 439 151

2008 394 2063 451 S.
2101 395 2397 453 DIONYSII
2430 398 2890 454 AREOPAGlT/E

3952 412 4053 465 15%

823 499 1042 553 Joannis
1068 516 1272 564 vocem,
1301 503 1429 557 Erat
1457 505 1548 560 lux
1571 524 1727 571 vera;
1758 523 1879 561 nam
1905 512 2181 580 subjungit
2212 530 2226 565 :
2256 516 2385 578 Quae
2414 521 2458 575 Α

2414 521 2458 575 Α
2488 516 2615 584 νὴν,
2661 510 2779 568 Ἦν
2804 515 2865 567 τὸ
2891 509 3013 583 φῶς
3054 517 3115 569 τὸ
3163 518 3479 584 ἀληθινόν*
3525 520 3769 590 ἐπιφέρει
3814 521 3951 593 γάρ’
3987 527 4052 576 'U

826 590 1091 643 illuminat
1132 610 1333 647 onmem
1372 597 1630 651 hominem
1666 598 1949 651 venientem
1973 602 2025 652 in
2056 604 2194 654 hunc
2223 621 2382 656 mun-

821 683 944 733 dum
978 692 1027 747 1,
1059 699 1152 750 per
1180 701 1339 752 quam
1374 690 1534 743 etiam
1577 690 1643 742 ad
1687 691 2009 761 principium
2044 693 2176 747 lucis
2200 696 2257 763 8
2284 695 2384 748 Pa-

825 783 960 826 trem
1009 790 1287 832 accessum
1337 782 1671 837 obtinuimus
1723 800 1737 836 :
1780 785 2382 855 principium,inquam,

822 865 992 932 lueis;
1028 870 1107 923 vel
1156 866 1280 939 quia
1320 875 1640 941 principium
1687 884 1743 929 et
1784 891 1945 930 causa
1986 878 2241 931 luminum
2274 889 2380 947 est,

821 959 943 1013 Filii
1006 962 1214 1016 scilicet
1262 979 1325 1018 ac
1360 965 1592 1031 Spiritus
1629 968 1835 1033 sancti;
1882 968 1964 1021 vel
1999 972 2140 1039 quod
2170 971 2237 1024 ab
2276 971 2382 1025 ini-

820 1051 897 1103 tio
927 1051 1014 1104 lux
1048 1055 1307 1117 exsistat;
1336 1054 1465 1107 nihil
1495 1066 1670 1109 autem
1699 1057 1966 1126 principio
1998 1064 2245 1127 superius
2273 1074 2377 1119 est.

818 1143 1055 1211 Agedum
1106 1160 1255 1213 ergo,
1305 1146 1618 1199 invocantes
1651 1148 1953 1214 Dominum,
2002 1152 2068 1204 ad
2108 1153 2381 1210 illumina-

819 1235 993 1289 tiones
1052 1235 1458 1304 Scripturarum
1508 1255 1537 1292 a
1593 1240 1847 1295 Patribus
1908 1244 2225 1300 traditarum
2280 1263 2377 1316 pro

817 1327 1021 1381 viribus
1048 1329 1369 1396 aspiremus,
1393 1342 1443 1381 et
1470 1346 1588 1399 qum
1617 1334 1687 1386 ab
1714 1334 1819 1388 illis
1843 1337 2139 1406 symbolice
2167 1346 2221 1392 et
2250 1355 2376 1393 ana-

815 1419 999 1487 gogice
1054 1426 1252 1489 (neque
1313 1422 1456 1475 enim
1514 1425 1870 1488 naturaliter,
1919 1429 2011 1482 sed
2075 1444 2171 1499 per
2224 1432 2376 1499 signa

814 1531 1055 1599 quaedam
1102 1548 1186 1587 res
1216 1535 1463 1589 ccelestes
1495 1536 1958 1610 demonstrarunt)
1987 1542 2209 1597 traditas
2238 1542 2376 1596 divi-

812 1638 1004 1675 narum
1056 1624 1317 1680 virtutum
1370 1627 1755 1684 Inierarchias:
1794 1646 1930 1700 quas
1980 1634 2141 1686 etiam
2173 1643 2369 1690 mentea

812 1716 1065 1784 appellat,
1097 1719 1162 1772 ad
1194 1719 1363 1773 nostri
1392 1718 1771 1787 dill‘erentiam,
1803 1724 1891 1791 qui
1926 1739 2086 1779 sensu
2110 1728 2370 1795 vivimus;

813 1822 935 1859 nam
961 1817 1015 1862 et
1045 1810 1124 1863 sic
1166 1809 1339 1877 lsaim,
1392 1827 1543 1866 utens
1586 1828 1778 1883 magna
1809 1815 2101 1885 Assyrius;
2156 1829 2209 1873 et
2242 1820 2367 1873 item

2486 606 2712 674 φωτίζει
2745 607 2939 660 πάντα
2977 608 3287 675 ἄνθρωπον
3309 610 3633 679 ἐρχόμενον
3673 614 3759 678 εἰς
3808 612 3913 667 τὸν
3958 617 4053 667 τιό·

2485 715 2661 765 σμον,
2680 699 2746 751 δι’
2766 694 2824 752 οὗ
2842 701 2932 753 καὶ
2950 700 3047 770 τὴν
3068 701 3200 771 πρὸς
3216 701 3305 753 τὸν
3326 702 3627 771 ἀρχίφωτον
3644 705 3857 776 Πατέρα
3880 724 4050 777 προσ-

2487 788 2698 842 έλευσιν
2751 789 3043 860 ἐλάϐομενο
3096 792 3402 859 ἀρχίφωτον
3449 794 3584 864 δέ,ἢ
3620 794 3694 858 ὠς
3745 797 3914 867 ἀρχὴν
3958 799 4052 851 καὶ

2484 880 2660 931 αἰτίαν
2692 879 2799 932 τῶν
2834 879 3046 949 φώτων,
3074 881 3166 932 τοῦ
3198 880 3328 933 Υίοῦ
3376 882 3468 933 καὶ
3499 883 3592 934 τοῦ
3635 883 3944 955 Πνεύματος
3966 903 3979 915 ·
4015 888 4049 956 ἢ

2482 972 2571 1023 τὸν
2600 970 2658 1035 ἐξ
2682 972 2852 1042 ἀρχῆς
2887 970 3001 1040 φῶς
3024 971 3150 1023 ὅντα
3170 988 3182 1001 ·
3222 972 3372 1025 οὐδὲν
3414 972 3470 1025 δὲ
3500 973 3600 1043 τῆς
3637 975 3809 1045 ἀρχῆς
3848 974 4053 1029 ἀνώτε-

2485 1079 2593 1132 ρον.
2628 1062 2763 1133 Φέρε
2808 1062 2938 1130 γοῦν
2971 1063 3424 1133 ἐπικαλεσάμενοι
3463 1064 3553 1117 τὸν
3584 1066 3800 1137 Κύριον,
3828 1068 3916 1119 ἐπὶ
3950 1068 4052 1130 τὰς

2481 1154 2770 1225 ἐλλάμψεις
2790 1155 2897 1208 τῶν
2918 1156 3410 1227 πατροπαραδότων
3435 1144 3684 1227 Γραφῶν,
3707 1158 3783 1221 ὡς
3801 1159 4044 1225 δυνατὸν,

2479 1245 2889 1315 ἀνανεύσωμεν,
2934 1246 3155 1310 καὶτὰς
3199 1248 3289 1299 ὑπ’
3338 1247 3515 1300 αὐτῶν
3571 1248 3905 1318 συμὸολικῶς
3951 1252 4048 1303 καὶ

2478 1336 2833 1405 ἀναγωγικῶς
2885 1336 2967 1408 (οὐ
3008 1338 3113 1410 γὰρ
3159 1337 3436 1407 φυσικῶς,
3486 1339 3621 1392 ἀλλά
3644 1340 3730 1393 διά
3764 1360 3919 1395 τινων
3945 1361 4047 1415 ση-

2481 1426 2758 1496 μείωνιτὰ
2800 1428 3023 1499 οὐράνια
3064 1429 3290 1501 ἔδειξαν)
3337 1430 3726 1500 παραδοθείσας
3768 1434 4049 1505 ἱεραρχίας

2476 1517 2584 1571 τῶν
2613 1518 2772 1571 θείων
2803 1518 3101 1589 δυνάμεων,
3126 1519 3192 1582 ἃς
3225 1523 3318 1573 καὶ
3348 1521 3493 1586 νόιις
3524 1519 3689 1587 λέγει,
3730 1525 3865 1593 πρὸς
3896 1527 4047 1580 ἀντι-

2474 1607 2759 1680 διαστολὴν
2789 1608 2896 1661 τῶν
2931 1608 3178 1681 αἰσθήσει
3206 1610 3420 1675 ζώντων
3446 1613 3599 1682 ἡμῶν
3618 1629 3631 1642 ’
3661 1612 3801 1666 οὕτω
3833 1614 3939 1686 γὰρ
3954 1618 4049 1670 καὶ

2488 1698 2706 1762 Ἡσαΐας
2729 1701 2818 1753 τὸν
2838 1700 2960 1755 νοῦν
2983 1701 3073 1755 τὸν
3100 1702 3269 1772 μέγαν
3289 1703 3378 1755 τὸν
3407 1704 3682 1775 Ἀσσύριον
3700 1721 3712 1734 δ
3741 1705 3833 1758 καὶ
3862 1707 4045 1771 πάλιν,

2474 1790 2596 1854 νοῦς
2634 1790 2827 1861 μέγας,
2861 1791 3043 1863 ἄρχων
3075 1792 3407 1858 Βαϐυλῶνος,
3432 1796 3703 1848 τουτέστιν
3726 1796 3753 1848 ὁ
3784 1794 4047 1860 διάϐολος.

811 1911 961 1950 mens
987 1915 1197 1969 magna,
1234 1903 1486 1970 princeps
1531 1882 1847 1974 Babylonis,
1888 1882 1939 1961 id
1978 1917 2061 1962 est
2090 1882 2367 1966 diabolus.
2402 1889 2443 1943 Β

2402 1889 2443 1943 Β
2474 1882 2584 1953 Τὴν
2624 1883 2751 1951 γοῦν
2785 1884 2941 1937 θείων
2975 1885 3109 1938 νοῶν
3149 1885 3449 1957 ίεραρχίαν,
3476 1886 3595 1939 καθ’
3628 1887 3747 1941 ὅσον
3776 1886 4046 1957 ἰσχύομεν,

810 1988 1140 2054 Divinarum,
1178 1991 1417 2061 inquam,
1465 1994 1722 2051 mentium
1767 1995 2161 2066 hierareliiam,
2196 2004 2371 2070 quoad

809 2094 1093 2149 possumus
1120 2082 1446 2147 intueamur,
1472 2094 1635 2155 atque
1685 2086 2106 2145 illustrationem
2154 2109 2274 2163 quae
2304 2109 2371 2149 ex

808 2173 919 2229 Deo
950 2186 1054 2237 est.
1100 2178 1215 2232 sine
1261 2194 1363 2247 qua
1410 2193 1583 2248 neque
1635 2180 1780 2249 ipsas
1819 2184 2071 2240 caelestes
2122 2187 2367 2257 virtutes,

808 2282 984 2335 neque
1016 2269 1179 2323 Deum
1205 2285 1362 2324 nosse
1387 2271 1649 2337 valemus,
1678 2283 1936 2343 quantum
1970 2276 2049 2331 fas
2069 2288 2173 2343 est,
2200 2281 2368 2350 inspi-

808 2360 1055 2424 ciamus;
1103 2362 1498 2431 principialem,
1548 2365 1791 2433 inquam,
1832 2366 2014 2432 illam,
2066 2379 2250 2439 utpote
2300 2372 2370 2427 ab

811 2451 966 2507 initio
995 2454 1368 2518 exsistentem,
1394 2466 1447 2508 et
1470 2454 2006 2525 superprincipialem
2040 2474 2056 2515 :
2085 2461 2207 2528 quia
2237 2461 2369 2517 nihil

806 2544 871 2599 de
901 2545 1011 2600 Deo
1041 2545 1171 2600 satis
1204 2548 1573 2616 signiﬁcanter
1597 2546 1775 2601 efferri
1806 2560 2003 2617 potest,
2024 2552 2265 2621 quinimo
2283 2553 2369 2608 hic

811 2636 989 2691 omnis
1024 2638 1197 2692 oratio
1235 2640 1521 2707 omnisque
1568 2638 1827 2708 cOgitatio
1858 2640 2063 2708 deﬁcit,
2101 2645 2179 2699 sic
2208 2654 2261 2700 et
2285 2660 2369 2700 es—

814 2729 985 2783 sentia
1035 2739 1088 2783 et
1135 2732 1623 2799 superessentialis,
1674 2749 1773 2789 nec
1803 2748 1907 2787 non
1946 2734 2090 2791 Deus
2122 2746 2178 2791 et
2204 2752 2366 2807 supra

809 2822 999 2876 Deum.
1044 2822 1193 2879 llanc
1222 2825 1400 2893 itaque
1426 2826 1857 2889 illustrationem,
1884 2843 2001 2897 quae
2027 2844 2091 2885 ex
2127 2832 2233 2884 Deo
2261 2841 2364 2895 est,

806 2915 1198 2983 suscipientes,
1240 2930 1359 2987 qua:
1401 2918 1714 2987 angelorum
1765 2920 2099 2976 hierarcliias
2136 2922 2185 2974 in
2228 2922 2365 2990 ﬁgu-

804 3010 940 3061 ratis
969 3007 1229 3077 symbolis
1262 3017 1313 3062 et
1345 3008 1666 3078 imaginibus
1698 3012 1991 3081 exprimit,
2031 3012 2365 3067 immateria-

804 3096 945 3151 libus
973 3109 1026 3152 et
1054 3098 1361 3152 intremulis
1392 3100 1591 3166 oculis,
1616 3101 1667 3154 id
1709 3112 1791 3157 est
1824 3101 1944 3156 lixis
1969 3118 2062 3157 seu
2106 3104 2367 3173 tranquil-

804 3190 872 3245 lis
898 3191 1067 3260 (amat
1113 3192 1257 3246 enim
1307 3192 1445 3245 Deus
1491 3193 1971 3262 tranquillitatem,
2006 3195 2147 3249 sicut
2189 3195 2367 3251 virtus

802 3282 1078 3335 contraria
1112 3282 1517 3349 turbationem),
1541 3297 1754 3337 rursum
1777 3298 1841 3337 ex
1871 3284 2100 3353 ipsamet
2130 3285 2369 3340 illustra-

806 3374 952 3429 tione
979 3374 1043 3427 ad
1081 3373 1321 3427 divinum
1364 3374 1571 3427 radium
1605 3374 1929 3441 intueamur,
1954 3376 2103 3445 juxta
2140 3378 2365 3447 primam

803 3466 1225 3534 propositionem
1276 3481 1436 3536 quam
1505 3466 1732 3521 fecimus
1777 3469 2081 3535 :Quoniam
2133 3486 2200 3524 ex
2254 3472 2367 3540 ipso

804 3556 1002 3611 bonum
1036 3566 1090 3611 et
1120 3559 1173 3612 in
1208 3558 1417 3627 ipsum;
1448 3568 1605 3628 atque
1629 3560 1704 3613 ita
1730 3560 1781 3614 in
1813 3560 1993 3615 divina
2023 3562 2367 3630 simplicitate

806 3671 1146 3726 uniﬂcemur.
1179 3670 1361 3740 Neque
1393 3672 1536 3725 enim
1584 3671 1721 3741 ipse,
1754 3673 1878 3727 dum
1931 3673 1984 3727 in
2027 3675 2367 3744 suscipienti-

804 3762 906 3819 bus
944 3763 1352 3834 multiplicatur,
1384 3778 1411 3816 a
1439 3764 1655 3832 pr0pria
1700 3762 1789 3817 illa
1820 3779 1914 3819 sua
1958 3764 2115 3819 unica
2154 3766 2364 3834 simpli-

805 3858 963 3927 cique
985 3857 1269 3911 intimitate
1291 3870 1451 3925 atque
1496 3856 1855 3911 occultatione
1875 3857 2051 3933 deﬁcit
2077 3858 2363 3928 (siquidem

804 3950 1054 4004 omnibus
1080 3948 1352 4003 extraneis
1380 3947 1680 4016 incognitus
1695 3947 1948 4017 exsistit),
1968 3949 2090 4003 dum
2114 3963 2241 4005 vero
2266 3964 2365 4018 pro

804 4056 991 4096 eorum
1018 4040 1107 4108 qui
1133 4040 1472 4107 providentia
1516 4050 1777 4109 reguntur
1822 4050 1982 4107 captu
2028 4055 2122 4107 per
2151 4041 2365 4095 bonita—

805 4144 912 4188 tem
944 4131 1332 4199 multiplicatur
1364 4146 1427 4185 ac
1455 4133 1779 4200 variegatur,
1800 4133 1971 4185 denuo
2000 4132 2138 4185 intra
2171 4140 2367 4187 semet-

808 4227 979 4296 ipsum
1023 4224 1248 4277 lirmiter
1287 4222 1339 4275 in
1381 4222 1641 4277 immobili
1671 4222 1949 4276 identitate
1979 4231 2180 4285 manet,
2207 4231 2365 4291 atque

806 4316 860 4373 in
913 4319 1091 4386 ipsum
1142 4317 1417 4371 intuentes
1468 4316 1731 4381 unilicat,
1777 4317 1914 4371 idem
1957 4318 2008 4370 in
2058 4332 2116 4371 se
2152 4332 2365 4385 perma-

807 4430 975 4479 nens;
1008 4429 1111 4469 non
1139 4428 1295 4467 secus
1325 4427 1387 4466 ac
1417 4412 1594 4467 lumen
1619 4451 1634 4476 ,
1680 4412 1805 4465 dum
1844 4411 2143 4465 luculenter
2174 4411 2365 4464 illumi-

2475 1974 2804 2043 κατίδωμεν,
2832 1975 2926 2027 καὶ
2956 1975 3054 2046 τὴν
3084 1977 3410 2045 φωτοδοσίαν
3439 1978 3536 2049 τὴν
3569 1980 3630 2030 ἐκ
3654 1979 3806 2043 Θεοῦ,
3833 1974 3899 2052 ἦς
3926 1979 4051 2050 δίχα

2471 2063 2580 2117 οὐδ’
2630 2063 2798 2127 αὐτὰς
2839 2064 2937 2127 τὰς
2982 2065 3265 2136 οὐρανίους
3296 2066 3581 2138 δυνάμεις,
3620 2068 3692 2139 μὴ
3744 2070 3887 2139 ὄτιγε
3917 2072 4049 2126 Θεὸν

2473 2154 2736 2225 γνωρίσαι
2792 2155 2958 2219 ἐστὶν,
3005 2155 3079 2217 ὡς
3119 2156 3369 2224 ἐφικτὸν,
3418 2159 3898 2232 κατοπτεύσωμενο
3951 2164 4050 2233 τὴν

2474 2245 2727 2314 ἀρχικὴν,
2747 2243 2821 2307 ὼς
2847 2244 3100 2315 ἀπαρχῆς
3120 2242 3281 2299 οὖσαν
3302 2247 3394 2299 καὶ
3416 2249 3740 2320 ὑπεράρχιον
3760 2268 3772 2281 ’
3794 2251 3872 2304 ὅτι
3895 2253 4051 2305 οὐδὲν

2471 2334 2563 2386 ἐπὶ
2612 2333 2745 2385 Θεοῦ
2803 2334 3001 2397 ἱκανῶς
3042 2334 3152 2405 ἔχει
3196 2336 3293 2406 τῆς
3321 2336 3611 2406 σημασίας,
3645 2338 3778 2392 ἀλλά
3821 2340 3913 2392 καὶ
3941 2343 4050 2405 πᾶς

2470 2426 2645 2493 λόγος,
2682 2426 2775 2479 καὶ
2807 2428 2952 2479 πᾶσα
2975 2424 3148 2479 ἔννοια
3174 2427 3458 2497 ἡττῶνται,
3481 2428 3623 2482 οὓτω
3653 2429 3745 2483 καὶ
3772 2431 3926 2485 οὐσία
3957 2434 4050 2485 καὶ

2472 2518 2812 2587 ὑπερούσιος,
2849 2520 2942 2572 καὶ
2974 2518 3104 2581 Θεὸς
3136 2520 3228 2572 καὶ
3267 2520 3548 2592 ὑπέρθεος.
3580 2522 3792 2593 Ταύτην
3819 2519 3910 2577 οὗν
3950 2526 4049 2595 τὴν

2470 2610 2534 2684 ἐκ
2567 2608 2702 2661 Θεοῦ
2730 2610 3064 2677 φωτοχυσίαν
3090 2607 3389 2675 δεξάμενοι,
3430 2610 3462 2680 ἢ
3504 2609 3603 2671 τὰς
3632 2612 3907 2682 ἰεραρχίας
3938 2612 4049 2664 τῶν

2470 2701 2716 2769 ἀγγέλων
2768 2702 2824 2754 ἐν
2861 2703 3187 2763 τυπωτικοῖς
3214 2700 3500 2770 συμϐόλοις
3540 2704 3633 2755 καὶ
3675 2703 4049 2775 εἰκονισμασιν

2470 2795 2751 2865 ἐκφαίνει,
2784 2794 2966 2858 ἀΰλοις
3003 2796 3096 2848 καὶ
3140 2795 3430 2867 ἀτρεμέσιν
3462 2794 3773 2866 ὀφθαλμοῖς,
3817 2794 3850 2865 ἢ
3883 2796 4050 2847 οἱονεὶ

2470 2888 2714 2956 στερροῖς
2740 2886 2771 2956 ἢ
2806 2886 2899 2939 καὶ
2935 2886 3155 2958 ήσύχοις
3189 2885 3385 2958 (χαίρει
3419 2886 3523 2957 γὰρ
3551 2885 3613 2939 τὸ
3635 2886 3785 2938 Θεῖον
3816 2887 3882 2955 τῇ
3909 2886 4048 2955 ﬂau-

2468 2977 2588 3048 χίᾳ,
2624 2977 2697 3040 ὡς
2725 2976 2803 3046 τῷ
2834 2976 2975 3048 ὄχλῳ
3003 2978 3035 3048 ἡ
3070 2978 3283 3030 ἐναντία
3316 2976 3562 3048 δύναμις)
3594 2976 3754 3030 πάλιν
3785 2975 3843 3042 ἐξ
3875 2976 4050 3046 αὐτῆς

2468 3069 2571 3137 τῆς
2605 3069 2952 3138 φωτοδοσίας,
2995 3069 3085 3121 ἐπὶ
3108 3070 3205 3141 τὴν
3236 3068 3383 3122 θείαν
3428 3068 3795 3139 ἀνυψωθῶμεν
3828 3070 4046 3130 ἀκτῖνα,

2467 3159 2610 3214 κατὰ
2643 3162 2743 3230 τὴν
2788 3160 2847 3225 ἐξ
2897 3162 3069 3232 ἀρχῆς
3109 3160 3382 3223 ὑπόθεσιν,
3431 3161 3495 3232 ἢν
3521 3160 3814 3230 ἐλέγομεν,
3863 3160 3946 3213 ὅτι
3990 3161 4052 3225 ἐξ

2394 3235 2441 3297 c
2471 3250 2635 3305 αὐτοῦ
2667 3251 2727 3304 τὸ
2753 3252 2975 3319 ἀγαθὸν,
3026 3254 3119 3306 καὶ
3163 3253 3243 3315 είς
3267 3251 3448 3315 αὐτὸν,
3496 3251 3587 3304 καὶ
3640 3249 4050 3321 ἐνοποιηθῶμεν

2469 3340 2527 3393 ἐν
2559 3342 2625 3411 τῇ
2674 3339 2792 3411 θείᾳ
2832 3339 3110 3412 ἁπλότητι.
3163 3340 3282 3394 Ὅτι
3328 3341 3435 3393 οὐδ’
3480 3341 3634 3411 αὑτὴ’
3664 3340 4049 3411 ποικιλλομένη

2468 3429 2603 3502 πρὸς
2639 3429 2707 3483 τά
2740 3429 3110 3501 ὑποδεχόμενα
3149 3431 3423 3497 ἐξίσταται
3448 3432 3547 3500 τῆς
3574 3431 3706 3494 ἰδίας
3740 3431 3926 3501 ἐνικῆς
3950 3432 4048 3484 καὶ

2467 3520 2645 3590 ἁπλῆς
2669 3522 2947 3591 ἐνδότητος
2969 3523 3061 3576 καὶ
3093 3523 3450 3593 κρυφιότητος
3473 3522 3625 3592 (πᾶσι
3649 3522 3756 3592 γὰρ
3781 3525 3892 3586 τοῖς
3916 3523 4049 3588 ἔξω-

2467 3610 2556 3663 θεν
2586 3612 2754 3682 αὐτῆς
2787 3611 3060 3680 ἄγνωστός
3102 3613 3260 3683 ἐστι),
3299 3613 3670 3684 πληθύνομένη
3702 3614 3757 3667 δέ
3798 3614 3894 3667 καὶ
3928 3630 4050 3665 ποι-

2466 3702 2753 3773 κιλλομένη
2788 3703 2924 3773 πρὸς
2950 3705 3048 3773 τὴν
3076 3704 3183 3757 τῶν
3211 3705 3617 3776 προνοουμένων
3652 3704 3945 3775 συνάφειαν
3976 3705 4049 3758 δι’

2465 3796 2794 3869 ἀγαθὸτητα,
2827 3796 2975 3868 μένει
3010 3798 3168 3850 πάλιν
3202 3799 3345 3851 ἔνδον
3380 3799 3576 3867 ἑαυτῆς
3607 3798 3816 3866 παγίως
3839 3800 3895 3851 ἐν
3925 3799 4048 3851 ἀκι-

2464 3890 2609 3959 νήτῳ
2656 3890 2980 3960 ταυτότητι,
3045 3891 3138 3944 καὶ
3191 3888 3315 3953 τοὺς
3355 3892 3439 3941 ἐπ’
3478 3890 3642 3959 αὐτὴν
3688 3889 4048 3953 ἀνανεύοντας

2465 3982 2713 4044 ένοποιεί,
2746 3981 2915 4051 ταυτὴ
2936 3985 2948 4003 ¹
2992 3981 3255 4053 μένουσα·
3289 3982 3479 4053 ὥσπερ
3520 3982 3580 4033 τὸ
3631 3980 3777 4051 φῶς,
3811 3979 4048 4049 φωτίζον

2465 4072 2707 4142 ἀθρόως,
2766 4071 2880 4140 φῶς
2908 4050 3002 4123 γτὸί
3024 4050 3155 4123 αὐτὸ
3192 4074 3372 4141 μένει,
3408 4050 3548 4126 κατὰ
3583 4050 3681 4142 τῆν
3730 4071 4047 4141 ἀπλωτικὴν

2464 4163 2634 4231 αὐτῆς
2667 4162 2758 4214 καὶ
2782 4162 3020 4214 ἑνοποιὸν
3054 4162 3244 4215 ἐνωσιν
3280 4164 3371 4215 καὶ
3390 4164 3706 4232 ταυτότητα,
3728 4162 3820 4214 καὶ
3852 4161 4048 4226 ἀνάγει

2462 4255 2587 4317 τοὺς
2622 4254 3044 4324 ὑποδεχομένους
3076 4254 3351 4329 ἀναλόγως
3370 4253 3691 4317 αύτοῖς,καθ’
3724 4254 3845 4306 ὅσον
3878 4254 4051 4306 σπεύι-

2462 4345 2642 4409 δουσι,
2678 4345 2923 4398 τοσοῦτον
2957 4347 3049 4397 καὶ
3095 4346 3508 4415 φωτιζομένους.
3544 4346 3693 4406 Τέως
3726 4344 3781 4396 δέ
3830 4344 4047 4409 σκᾶπει,

2462 4438 2543 4490 ὅτι
2591 4440 2621 4508 ή
2670 4439 2766 4509 μὲν
2817 4437 3103 4499 ἀνάνευσις
3145 4437 3420 4507 ἡμετέρα·
3468 4438 3500 4506 ἠ
3547 4437 3589 4488 δ’
3637 4437 3897 4500 ἀνάτασις
3949 4439 4051 4490 καὶ

808 4516 923 4572 nat,
940 4504 1077 4561 idem
1096 4505 1260 4559 etiam
1282 4504 1337 4559 in
1359 4518 1418 4558 se
1440 4513 1679 4558 remanet
1700 4504 1993 4558 secundum
2024 4503 2361 4572 sintpliliCarn
2397 4578 2436 4598 ᾗ

2397 4578 2436 4598 η
2467 4503 2739 4598 ἀνύψωσις
2785 4532 2848 4582 ἐκ
2892 4527 3047 4581 Θεοῦ.
3091 4503 3264 4598 Εἱήμὴ
3295 4503 3402 4597 γὰρ
3436 4503 3595 4597 ἡμεῖς
3625 4526 3731 4582 τῶν
3765 4528 4050 4598 κοσμικῶν

804 4614 953 4654 suam
1001 4609 1057 4653 et
1096 4597 1348 4650 unillcam
1393 4596 1642 4649 unionem
1680 4595 2162 4665 identitatemque,
2209 4604 2264 4648 et
2305 4609 2364 4647 se
2397 4578 2438 4631 Ῑ)

2397 4578 2438 4631 D
2870 4660 2883 4682 ,
2904 4578 2921 4581 ν
3092 4578 3129 4689 ᾗ
3188 4578 3488 4686 ἀνῦῴωισιςη
3525 4578 3618 4669 καὶ
3680 4619 3707 4669 ὁ
3766 4578 4047 4688 φωτισμὸς

805 4689 1161 4759 excipientes,
1191 4704 1286 4757 pro
1318 4688 1575 4757 cujusque
1608 4697 1789 4757 captu,
1825 4687 1876 4741 in
1919 4698 2177 4755 quantum
2207 4704 2361 4743 acce—

2467 4687 2874 4780 ἐπιγενήσεται;
2918 4707 3058 4762 κατά
3078 4687 3138 4760 τύ
3160 4724 3171 4737 ·
3207 4704 3358 4774 τΗρα
3394 4708 3533 4771 τοὺς
3554 4707 3897 4774 ὀφθαλμούς
3926 4687 4045 4777 μου

805 4781 961 4842 dunt,
1013 4777 1253 4831 illustres
1304 4778 1496 4832 reddit.
1556 4777 1659 4833 Ubi
1703 4777 1951 4843 observa,
1996 4787 2053 4831 ut
2088 4781 2361 4848 suspicere

2469 4805 2554 4867 εἷς
2573 4802 2642 4854 τὰ
2662 4777 2789 4869 δρη,
2812 4802 2947 4855 ὅθεν
2964 4800 3093 4866 ἣξει
3119 4802 3155 4867 ἡ
3173 4799 3419 4864 ,ϐοήθειά
3440 4798 3691 4867 μου.Κα“ι
3711 4801 3842 4870 γὰρ,
3861 4802 4043 4869 φησιν,

746 4876 747 4879 “
806 4873 1023 4940 quidem
1058 4881 1325 4933 nostrum,
1372 4872 1464 4924 sed
1516 4870 1805 4925 illustratio
1850 4882 1902 4925 et
1952 4872 2179 4928 elevatio
2224 4876 2295 4929 sit
2333 4890 2362 4927 a

2468 4891 2591 4943 οὐδὲ
2636 4891 2857 4944 δυνατὸν
2896 4890 3068 4951 ἄλλως
3102 4888 3401 4958 ἐπιλάμψαι
3438 4887 3534 4958 τὴν
3568 4886 3718 4939 θείαν
3756 4890 3965 4949 ἀκτῖνα,
3998 4891 4046 4941 εἰ

812 4966 939 5021 Deo.
966 4963 1077 5018 Nisi
1120 4962 1262 5017 enim
1303 4976 1333 5015 e
1379 4962 1539 5016 rebus
1594 4963 1942 5017 saecularibus
1987 4968 2365 5022 emerserimus

807 5055 1340 5125 suspexerimusque,
1366 5053 1635 5120 quomodo
1662 5052 1717 5123 9
1737 5055 1966 5108 elevatio
1996 5064 2048 5108 et
2080 5056 2362 5109 illustratio

808 5150 962 5202 nobis
988 5145 1268 5213 obtingat?
1297 5144 1450 5212 juxta
1484 5144 1645 5210 illud,
1698 5146 1881 5198 Levavi
1927 5148 2103 5201 oculos
2139 5164 2275 5201 meos
2310 5150 2362 5202 in

806 5250 1029 5303 montes,
1059 5238 1193 5291 unde
1231 5237 1393 5291 veniet
1426 5238 1681 5289 auxilium
1720 5239 1847 5291 mihi
1900 5249 1944 5293 ι.
1980 5239 2163 5308 Neque
2194 5245 2360 5305 enim,

808 5332 1007 5400 inquit,
1034 5328 1146 5384 ﬁeri
1175 5338 1353 5396 potest
1386 5340 1442 5381 ut
1472 5330 1687 5385 divinus
1726 5332 1815 5385 ille
1840 5333 2018 5387 radius
2062 5336 2215 5388 nobis
2243 5334 2363 5387 illu-

808 5435 949 5495 ceat,
982 5425 1081 5477 nisi
1121 5423 1437 5491 quibusdam
1465 5438 1643 5475 rerum
1674 5423 1830 5477 nobis
1855 5424 2197 5479 familiarium
2225 5426 2365 5481 vela-

811 5520 1005 5572 mentis
1056 5516 1217 5569 luerit
1266 5515 1542 5570 obvelatus
1596 5518 1742 5581 (nam
1796 5516 2131 5571 intolerabile
2185 5518 2363 5573 lumen

812 5611 926 5677 ejus
956 5623 1019 5661 ac
1049 5608 1303 5660 virtutem
1344 5608 1463 5674 quis
1487 5608 1857 5677 snstinebit?),
1892 5617 1945 5661 et
1976 5623 2041 5662 ex
2078 5609 2234 5664 rebus
2265 5626 2361 5663 no-

812 5701 1093 5764 stratibus,
1128 5698 1219 5754 Dei
1254 5700 1561 5769 prudentia,
1591 5702 2018 5757 connaturaliter
2055 5719 2116 5759 ac
2149 5704 2366 5774 proprie

916 5885 944 5928 ι
978 5874 1133 5933 Joan.
1183 5892 1220 5942 ι,
1251 5879 1301 5932 9.
1382 5888 1403 5915 ι
1446 5877 1582 5932 Psal.
1630 5895 1756 5943 cxx,
1792 5881 1841 5937 l.

2477 4985 2549 5054 μὴ
2584 4982 2642 5047 ἐξ
2684 4976 2756 5036 ὧν
2792 4981 3188 5051 συνειθίσμεθα,
3224 4982 3317 5033 καὶ
3358 4980 3429 5049 μὴ
3475 4978 3562 5031 διά
3589 4996 3754 5033 τινων
3794 4996 4049 5051 παραπε-

2463 5076 2753 5144 τασμάτων
2783 5071 3327 5142 περικεκαλυμμένην
3355 5070 3434 5139 (τὸ
3458 5069 3565 5139 γὰρ
3587 5069 3847 5122 ἄστεκτον
3880 5070 4049 5138 αὐτῆς

2462 5166 2555 5219 τοῦ
2590 5167 2764 5235 φωτὸς
2798 5168 2891 5218 καὶ
2922 5166 3019 5235 τῆς
3051 5164 3331 5233 δυνάμεως
3354 5202 3367 5223 ,
3393 5161 3476 5224 τίς
3503 5162 3868 5232 ὑποστήσεται
3889 5161 3925 5229 ;)
3954 5164 4044 5215 καὶ

2464 5257 2527 5307 ἐκ
2550 5254 2656 5306 τῶν
2686 5254 2989 5325 ἡμετέρων,
3026 5254 3250 5323 προνοίᾳ
3266 5249 3397 5304 Θεοῦ
3435 5250 3703 5319 συμφυῶς
3724 5252 3815 5304 καὶ
3834 5250 4043 5314 οἰκείως

2463 5348 2581 5407 ταῖς
2598 5345 2887 5415 ἡμετέραις
2920 5343 3197 5414 αἰσθήσεσι
3224 5344 3684 5412 διεσκευασμένην
3707 5359 3721 5371 ·
3757 5341 3845 5393 ὅτε
3863 5340 4040 5410 δηλον-

2462 5437 2544 5489 ότι
2594 5433 2917 5505 σωματικῶς
2972 5434 3040 5485 τὰ
3096 5433 3359 5503 ἀσώματα
3423 5430 3691 5501 λέγομεν,
3744 5424 3853 5482 οἷον
3912 5430 4037 5499 μέλτ

2473 5528 2785 5599 ἀνθρώπινα
2812 5527 2902 5578 ἐπὶ
2931 5524 3063 5577 Θεοῦ
3086 5566 3098 5588 ,
3143 5526 3236 5576 καὶ
3284 5512 3518 5594 θυμοὺς,
3555 5523 3654 5574 καί
3701 5520 3919 5583 ὕπνους,
3953 5522 4035 5575 και

2471 5618 2539 5669 τὰ
2566 5617 2945 5687 παραπλήσια·
2976 5615 3145 5667 ταῦτα
3176 5614 3282 5686 γάρ
3307 5604 3420 5666 ἔστι
3452 5612 3521 5665 τὰ
3546 5608 4044 5681 τάαραπετάσματα.

2485 5708 2635 5763 Ἐπεὶ
2667 5704 2757 5763 οῦν
2784 5709 2893 5769 τοῖς
2928 5704 3200 5775 αἰσθητοῖς
3230 5704 3297 5756 τὰ
3331 5704 3468 5770 ὑπὲρ
3498 5696 3751 5769 αἴσθησιν
3786 5696 4043 5751 ἐντυποῦα
