4196 6306
216 398 320 458 I33

741 394 828 451 DE
863 391 1187 450 C(ELESTI
1225 388 1666 454 HIERARCIHA,
1703 388 1855 444 CAP.
1898 387 1937 442 1.
1979 418 2047 427 -
2079 386 2424 443 PARAPHR.
2462 386 2932 444 PACHYMERIE.

3361 393 3466 447 154

215 530 335 583 μεν,
373 511 574 582 ὁμοίως
604 510 717 582 ἔχει
745 511 840 564 καὶ
866 511 899 580 ἡ
929 508 1051 562 καθ’
1077 508 1223 579 ἡμᾶς
1256 507 1505 579 ἱεραρχία
1537 506 1673 578 πρὸς
1697 504 1795 576 τὴν
1824 510 1866 566 Α

1824 510 1866 566 Α
1895 503 2099 558 nostris
2131 504 2381 556 sensibus
2420 503 2494 556 sit
2523 505 2965 570 accommodatus
3000 521 3014 558 :
3050 507 3264 573 quando
3309 509 3464 561 nimi-

209 605 470 676 οὐρανίαν
519 604 734 673 ἐκείνην
775 601 890 656 καὶ.
932 601 1151 671 ἀφανῆ·
1187 599 1327 652 οὕτω
1363 600 1469 670 γὰρ
1510 599 1798 668 εὐδόκησεν

208 697 242 767 ἡ
271 695 588 766 τελετάρχις
640 692 930 763 ἰεροθεσία,
960 692 1116 762 ήτῆς
1139 691 1248 744 τῶν
1281 691 1441 763 ἱερῶν
1487 689 1797 761 μυστηρίων

206 790 370 860 ἡμῶν
401 789 814 859 διακοσμήσεως
837 785 991 849 τάξις
1018 802 1079 836 τε
1117 784 1210 836 καὶ
1239 783 1535 854 παράδοσις
1554 797 1566 809 ·
1603 777 1794 850 τελετὴ

206 881 318 953 γάρ
362 881 579 949 λέγεται
624 881 657 950 ἡ
695 878 806 930 τῶν
849 875 1161 946 μυστηρίων
1213 872 1529 944 μετάδοσις,
1571 870 1666 924 ἆτε
1702 869 1793 922 τὸν

211 971 517 1041 μυούμενον
539 968 819 1022 τελειοῦσα
837 984 850 996 ·
883 965 1119 1027 καὶτοὺς
1150 963 1529 1034 μεμυημένους
1553 960 1791 1023 τελείους

206 1061 369 1114 καλεῖ
398 1060 427 1111 6
463 1057 800 1121 Ἀπόστολος,
822 1057 992 1124 λέγων
1016 1071 1029 1083 ·
1070 1055 1238 1106 Ὅσοι
1268 1051 1380 1105 οὗν
1399 1053 1629 1117 τέλειοι,
1655 1050 1792 1103 τοῦ-

205 1165 277 1202 το
304 1147 634 1217 φρονῶμεν.

206 1242 369 1306 tioni,
400 1256 519 1310 qua:
547 1254 825 1295 sacrorum
857 1240 1389 1296 rituum.nostrorum
1449 1238 1584 1291 ordo
1630 1246 1684 1290 et
1735 1237 1952 1292 traditio
1996 1249 2078 1293 est

1907 611 2022 648 rum
2053 594 2411 664 corporaliter
2438 610 2500 647 ea
2532 610 2649 662 quae
2675 595 2987 664 incorporea
3015 605 3139 650 sunt
3165 595 3460 663 efferimus,

1904 693 1965 736 ut
1995 699 2118 738 cum
2151 685 2217 738 de
2257 686 2363 738 Deo
2414 684 2656 738 membra
2709 685 2963 748 humana,
3012 686 3353 756 furoresque,
3399 705 3467 745 ac

1901 792 2120 832 somnos
2146 777 2358 846 aliaque
2388 776 2588 832 similia
2627 778 3010 844 enuntiamus;
3048 781 3314 849 siquidem
3352 782 3465 836 lucc

1908 867 2209 921 velamenta
2242 876 2391 921 sunt.
2418 866 2642 933 Quando
2690 868 2850 938 igitur
2880 884 2940 922 ea
2975 885 3092 936 qua:
3128 885 3343 925 sensum
3373 888 3466 925 su—

1898 969 2087 1026 perant
2116 974 2215 1028 per
2242 974 2328 1013 res
2363 959 2587 1014 sensiles
2618 959 2975 1027 explicamus,
2994 971 3105 1016 tum
3131 974 3316 1018 nostra
3347 965 3462 1020 haec

1901 1050 2205 1105 hierarcliia
2233 1051 2428 1105 similis
2459 1062 2541 1109 est
2583 1052 2787 1109 ctelesti
2813 1062 2867 1107 et
2897 1057 3123 1110 occultae
3166 1073 3180 1108 :
3214 1056 3291 1110 sic
3319 1057 3462 1110 enim

1907 1144 2110 1212 placuit
2148 1145 2526 1215 mysteriorum
2581 1159 2862 1200 sacrorum
2920 1145 3151 1215 principi
3201 1149 3464 1202 constitu-

2145 1257 2159 1292 :
2205 1240 2471 1309 siquidem
2512 1239 2745 1294 initiatio
2785 1255 2878 1294 seu
2926 1239 3223 1308 perfectio,
3280 1257 3463 1296 sacri-

204 1348 332 1388 rum
389 1333 772 1404 mysteriorum
831 1328 1254 1386 communicatio
1305 1336 1665 1397 nuncupatur,
1722 1338 1780 1382 ut
1830 1344 1950 1398 quae
1993 1330 2235 1387 initiatos
2282 1332 2563 1400 perﬁciat;
2607 1344 2768 1402 atque
2809 1333 2886 1386 ita
2931 1343 3291 1396 consecratos.
3336 1349 3461 1403 per-

208 1417 393 1475 fectos
447 1430 609 1476 vocat
664 1419 970 1488 Apostolus,
1020 1419 1205 1473 dicens
1244 1434 1259 1473 :
1307 1415 1615 1484 Quicunque
1656 1432 1776 1485 ergo
1809 1417 2027 1487 perfecti
2055 1437 2256 1482 sumus.
2289 1423 2384 1474 hoc
2415 1423 2698 1476 sentiamus
2739 1436 2788 1477 ι.

277 1534 306 1604 §
347 1534 427 1587 ΙΙΙ.
477 1533 779 1604 Εὐδόκησεν
817 1528 907 1587 οῦν
949 1532 982 1602 ἡ
1023 1529 1336 1601 τελετάρχις
1377 1525 1662 1598 ἱεροθεσία,
1697 1525 1784 1578 ἵνα

200 1625 304 1689 τὰς
349 1627 544 1689 ἀύλους
573 1628 664 1678 καὶ
692 1625 971 1696 οὐρανίους
1013 1622 1288 1695 ίεραρχίας
1312 1620 1515 1682 ὐλικοῖς
1547 1618 1786 1689 σχήμασι

203 1717 300 1768 καὶ
335 1718 564 1785 μορφαῖς
595 1713 911 1788 παραδώσῃ,
954 1715 1100 1777 ὅπως
1135 1711 1411 1779 ἀναλόγως
1451 1709 1557 1762 ἀπὸ
1583 1707 1786 1760 τούτων

1964 1527 1990 1599 §
2022 1529 2107 1584 IIl.
2137 1530 2476 1601 Complacuit
2523 1531 2704 1601 itaque
2735 1533 3114 1602 mysteriorum
3176 1548 3456 1588 sacrorqu

1893 1623 2116 1692 principi
2190 1624 2598 1689 constitutioni,
2666 1626 3048 1685 immateriales
3106 1628 3459 1697 ccelestesqne

1893 1714 2227 1769 hierarchias
2257 1713 2629 1769 materialibus
2653 1714 2842 1784 ﬁguris
2865 1731 2927 1770 ac
2957 1716 3146 1771 formis
3164 1733 3452 1786 exponere,

199 1806 314 1858 τῶν
348 1806 506 1875 ἱερῶν
529 1806 822 1860 τυπώσεων
840 1807 930 1858 ἐπὶ
955 1806 1053 1869 τὰς
1070 1803 1387 1866 ἀτυπὼτους
1417 1802 1511 1854 καὶ
1533 1801 1672 1870 ἀσχη
1684 1815 1787 1868 μα·
1825 1839 1856 1896 Ε

1825 1839 1868 1896 Β
1895 1815 1951 1859 ιιι
1982 1820 2078 1873 pro
2103 1814 2259 1874 captu
2284 1815 2466 1860 nostro
2495 1808 2561 1859 ab
2589 1806 2737 1860 hisce
2764 1805 2936 1860 sacris
2966 1805 3453 1876 cﬁ'ormationibns,

199 1897 423 1960 τίστούς
461 1897 780 1967 ἀναχθῶμεν
823 1895 1128 1964 ἀναγωγάς.
1164 1895 1306 1965 Ὅρα
1331 1892 1437 1962 γὰρ
1457 1931 1470 1955 ,
1502 1887 1792 1971 ποιήσεις,

201 1993 362 2062 φησι,
392 1991 540 2045 κατὰ
575 1991 681 2045 τὸν
711 1992 898 2044 τύπον
923 1989 1028 2043 τὸν
1049 1987 1358 2056 δειχθέντα
1384 2001 1484 2040 σοι
1506 2001 1520 2015 ο
1566 1983 1688 2036 ἐπεὶ
1721 1983 1794 2054 μὴ

199 2083 428 2138 δυνατόν
463 2086 577 2136 ἐστι
606 2083 683 2154 τῷ
710 2081 960 2153 ἡμετέρῳ
994 2080 1074 2134 νοῒ
1107 2079 1242 2150 πρὸς
1268 2079 1366 2149 τὴν
1395 2077 1554 2132 ἀῦλον
1581 2075 1794 2144 ἐκείνην

198 2174 554 2245 ἀνυψωθῆναι
597 2175 928 2228 κατάστασιν
973 2171 1225 2242 ἀμέσως,
1258 2170 1331 2241 μὴ
1356 2169 1444 2222 διά
1468 2184 1626 2221 τινων
1662 2185 1793 2239 μορ-

199 2266 324 2336 φῶν
352 2267 444 2318 καί
466 2266 765 2336 Ἑτχημάτων
795 2262 1303 2336 χειραγωγουμένῳ,
1333 2260 1426 2313 καὶ
1462 2260 1792 2329 λογιζομένῳ

198 2358 266 2408 ἐκ
303 2356 506 2409 τούτων
545 2357 726 2408 ἐκεῖνα
749 2371 762 2385 ·
793 2355 860 2407 τά
883 2354 978 2425 μὲν
1019 2353 1311 2422 φαινόμενα
1338 2349 1527 2419 κάλλη,
1565 2349 1662 2420 τὴν
1696 2346 1790 2399 τοῦ

197 2444 336 2498 ναοῦ
359 2486 373 2508 ,
399 2445 558 2513 λέγω,
589 2445 848 2516 καλλονὴν
868 2444 960 2496 καὶ
984 2442 1332 2511 εὐπρέπειαν,
1362 2438 1790 2508 ἀπεικονίσματα

196 2538 304 2606 τῆς
332 2537 570 2605 ἀφανοῦς
593 2537 892 2608 εὐμορφίας
915 2535 1089 2605 ἔχοντι
1109 2551 1121 2564 ·
1156 2532 1255 2596 τὰς
1283 2532 1339 2585 δὲ
1362 2531 1449 2586 διὰ
1467 2531 1573 2583 τῶν
1594 2529 1790 2600 θυμια-

201 2627 394 2700 μάτων
435 2628 679 2691 εὐωδίας,
722 2628 820 2698 τῆς
847 2627 1044 2697 νοητῆς
1069 2626 1355 2689 διαδόσεως
1387 2622 1752 2693 ἐκτυπώματα
1770 2640 1783 2654 ’

195 2720 486 2773 διαδίδοται
525 2719 634 2790 γάρ
687 2720 714 2772 6
758 2717 1032 2788 φωτισμὸς
1081 2719 1290 2779 ἐκεῖσε,
1355 2714 1429 2778 ὡς
1482 2713 1708 2767 ἐνταῦθα
1752 2716 1784 2784 ἡ

197 2811 434 2864 εὐωδία·
468 2811 536 2863 τὰ
569 2811 625 2863 δὲ
653 2809 760 2862 τῶν
799 2809 984 2879 κηρῶν
1013 2809 1104 2861 καὶ
1139 2805 1232 2860 τοῦ
1273 2805 1452 2859 ἐλαίου
1482 2805 1654 2874 φῶτα,
1686 2804 1786 2873 τῆς

199 2901 546 2973 φωτοχυσίας
575 2901 787 2973 ἐκείνης
813 2900 1013 2963 εἰκόνα,
1038 2899 1133 2952 καὶ
1161 2897 1260 2967 τῆς
1284 2896 1424 2950 κατά
1463 2895 1586 2950 νοῦν
1623 2896 1784 2949 πάλιν

199 2991 546 3063 θεωρητικῆς
572 2992 889 3063 πλησμονῆς
916 3007 927 3020 ⁸
959 2989 1020 3042 τὸ
1046 2989 1154 3060 γὰρ
1176 2988 1241 3040 ἐκ
1270 2987 1464 3058 μέρους
1494 2986 1637 3038 ἔστιν
1693 2987 1782 3038 ὅτε

199 3086 301 3140 καὶ
331 3086 460 3155 ἡμῖν
486 3082 974 3154 καταργηθήσεται,
1012 3079 1153 3134 κατά
1189 3078 1278 3145 τὸν
1317 3077 1628 3132 Ἀπόστολον
1646 3093 1659 3106 ·
1684 3076 1782 3140 τὰς

1899 1896 1963 1947 ad
1991 1895 2282 1949 formarum
2303 1896 2469 1964 ﬁgura
2479 1912 2700 1965 rumque
2716 1907 2969 1965 expertes
2985 1912 3256 1967 anagogas
3275 1900 3455 1953 tradu-

1896 2003 2102 2042 Camur.
2131 1986 2290 2050 Ecce,
2321 1987 2488 2052 enim,
2525 1989 2714 2056 inquit,
2763 1988 2925 2056 [acies
2961 1986 3248 2043 secundum
3272 2008 3452 2046 exem-

1894 2079 2012 2150 plar
2032 2078 2169 2148 quod
2195 2079 2286 2131 tibi
2309 2087 2654 2131 monstratum
2681 2089 2754 2132 est
2779 2080 2808 2118 ι)
2837 2097 2850 2132 :
2880 2080 3317 2148 quandoquidem
3337 2083 3450 2140 ﬁeri

1895 2184 1998 2224 non
2033 2168 2206 2236 possit
2236 2177 2293 2221 ut
2329 2182 2483 2221 mens
2513 2176 2696 2223 nostra
2728 2169 2792 2220 ad
2832 2169 3249 2224 immateriatam
3293 2173 3449 2228 istam

1893 2259 2334 2314 constitutionem
2383 2258 2692 2312 immediate
2739 2258 3074 2327 subrigatur.
3115 2262 3215 2316 nisi
3263 2262 3450 2320 formis

1892 2349 2210 2416 quibusdam
2249 2363 2313 2402 ac
2354 2347 2538 2417 ﬁguris
2585 2349 2739 2418 quasi
2789 2365 2947 2403 manu
2978 2350 3134 2405 ducta
3183 2353 3367 2416 fuerit.
3394 2365 3448 2410 et

1892 2453 1956 2492 ex
1990 2439 2074 2492 his
2118 2438 2205 2491 illa
2256 2439 2570 2506 coniecerit.
2627 2440 2804 2509 Atque
2856 2451 3175 2510 apparentes
3233 2445 3446 2512 quidem

1891 2527 2341 2596 pulchritudines,
2379 2529 2583 2598 templi,
2627 2531 2770 2596 dico,
2802 2540 3142 2587 venustatem
3187 2547 3252 2586 ac
3290 2536 3447 2588 deco-

1891 2634 2026 2684 rem,
2046 2618 2274 2674 occulta:
2292 2618 2436 2672 illius
2456 2621 2757 2674 venustatis
2781 2622 3041 2693 imagines
3064 2640 3171 2694 pra:
3192 2641 3248 2679 se
3269 2625 3442 2692 ferre;

1888 2725 2084 2764 suaves
2140 2725 2269 2766 vero
2313 2712 2716 2782 thymiamatum
2770 2715 2982 2778 odores,
3034 2717 3290 2786 Spiritalis
3326 2733 3447 2774 esse

1888 2802 2193 2859 traditionis
2222 2801 2609 2873 eﬂigiationes:
2635 2805 2871 2859 traditur
2901 2807 3042 2860 enim
3069 2808 3176 2863 illic
3205 2809 3443 2864 illustra-

1887 2892 1984 2957 tio,
2007 2893 2459 2962 quemadmodum
2485 2895 2572 2950 hic
2602 2896 2785 2950 odoris
2812 2898 3127 2966 fragrantia.
3155 2899 3443 2956 Cereorum

1884 2995 2061 3040 autem
2091 2983 2627 3055 oleique‘luminaria
2673 2996 2797 3041 sunt
2842 2988 2984 3042 illius
3041 2991 3444 3049 illuminatiouis

1885 3077 2175 3147 imagines,
2224 3077 2301 3130 uti
2333 3078 2496 3131 etiam
2536 3077 2679 3131 illius
2723 3081 3172 3149 contemplativa,
3207 3099 3324 3152 qua:
3358 3102 3441 3140 se-

197 3174 502 3242 διεξοδικὰς
545 3174 861 3244 μαθητείας,
900 3172 999 3235 τὰς
1038 3171 1125 3224 διὰ
1156 3172 1263 3224 τῶν
1290 3170 1577 3241 ὁρωμένων
1632 3189 1780 3242 πρα-
1809 3175 1852 3234 C

1809 3175 1852 3234 C
1887 3168 2122 3223 cundum
2153 3177 2390 3221 mentem
2420 3177 2524 3233 est,
2550 3169 2849 3222 saturitatis
2875 3184 2890 3221 :
2923 3173 3175 3238 quoniam
3217 3175 3267 3227 id
3298 3179 3440 3243 quod

182 3267 413 3338 γμάτων
427 3266 698 3333 καὶλόγων
722 3263 1062 3333 πλατυτέρας
1088 3261 1403 3324 ἀποδείξεις.
1439 3257 1532 3321 Τίς
1557 3257 1614 3310 δέ
1640 3260 1784 3310 ἐστιν

199 3364 237 3432 ἡ
268 3349 575 3431 θεωρητικὴ
601 3357 695 3411 τοῦ
718 3358 838 3420 νοὸς
865 3356 1148 3425 πλησμονή
1173 3371 1187 3419 ;
1228 3354 1310 3406 ὅτι
1349 3351 1525 3422 δῆλον,
1557 3351 1731 3421 ζητῶν
1757 3352 1785 3403 6

198 3451 328 3514 νοῦς
358 3449 485 3521 περὶ
526 3448 636 3501 τῶν
681 3447 860 3511 θείων,
897 3445 993 3499 καὶ
1044 3444 1259 3514 θεωρῶν
1302 3437 1503 3505 οὗτινος
1540 3438 1785 3494 ὁπωσοῦν

200 3539 596 3612 ἐπιδράξεται,
641 3537 942 3610 πληροῦται
989 3538 1046 3591 ἐν
1094 3534 1286 3604 ἐκείνῳ
1309 3534 1401 3587 καὶ
1453 3532 1780 3602 κορέννυται.

200 3635 270 3686 Τί
302 3635 412 3704 γάρ
433 3637 551 3688 ἐστι
580 3632 688 3686 τῶν
721 3630 897 3693 θείων,
928 3629 1064 3700 ὅπερ
1089 3629 1186 3697 οὐχ
1210 3624 1493 3697 ὑπεραίρει
1513 3623 1601 3675 τὸν
1640 3622 1780 3688 νοῦν,

198 3726 298 3779 καὶ
326 3727 425 3798 τὴν
447 3726 628 3794 ἔφεσιν
651 3721 834 3786 αὐτοῦ,
857 3720 1040 3790 λίχνην
1064 3714 1245 3780 οὖσαν,
1277 3717 1456 3786 ἵστησι
1481 3716 1572 3767 καὶ
1595 3713 1783 3785 κορέν-

198 3833 358 3880 νυσι;
395 3816 643 3884 καθάπερ
669 3811 915 3883 εῖρηται”
961 3806 1299 3876 Ἐμνήσθην
1339 3805 1444 3858 τοῦ
1476 3805 1640 3869 Θεοῦ,
1687 3804 1785 3858 καί

197 3905 573 3976 εὐφράνθην·
608 3902 701 3956 καὶ
737 3900 895 3956 πάλιν
917 3916 930 3930 ·
977 3895 1266 3965 Ἐδίψιησέ
1295 3913 1367 3950 σε
1396 3897 1435 3964 ἡ
1457 3896 1625 3963 ψυχή
1641 3915 1780 3965 μου,

197 4003 534 4070 ποσαπλῶς
553 4004 620 4057 δὲ
654 4004 690 4071 ἠ
722 4000 877 4069 σάρξ
894 4016 1030 4069 μου.
1063 3997 1200 4067 Διψᾷ
1230 3996 1263 4066 ἡ
1293 3995 1457 4066 ψυχὴ,
1486 3997 1579 4047 καὶ
1617 3997 1780 4066 ἐμπι-

200 4098 430 4161 πλᾶται,
477 4097 551 4158 ὡς
579 4095 778 4165 ἔχουσα
817 4090 1092 4160 ἐπιτήδεια
1126 4087 1305 4158 δοχεῖα
1343 4085 1450 4138 τῶν
1501 4085 1657 4138 θείων
1699 4088 1781 4138 ἐν-

197 4187 361 4241 νοιῶν
380 4204 392 4215 ·
418 4183 550 4254 διψᾷ
577 4185 610 4253 ἡ
633 4181 787 4252 σὰρξ,
814 4178 948 4232 ἀλλὰ
975 4174 1266 4237 ποσαπλῶς
1292 4173 1426 4244 πρὸς
1450 4172 1547 4242 τὴν
1568 4170 1743 4243 ψυχήν
1763 4188 1776 4202 ο

197 4277 327 4330 οὐδέ
364 4275 472 4345 γὰρ
500 4275 610 4343 ἔχει
636 4270 902 4340 ὑποδοχῆς
951 4266 1378 4337 ἐπιτηδειότητα,
1420 4263 1544 4333 ξένη
1579 4262 1779 4316 παντά-

199 4385 368 4420 πασιν
412 4362 547 4419 οὖσα
589 4364 722 4435 πρὸς
754 4363 852 4425 τὰς
892 4361 1040 4424 θείας
1090 4360 1183 4413 καὶ
1237 4356 1431 4428 νοητὰς
1475 4355 1773 4426 ἐμφάσεις·

199 4455 325 4508 ὅθεν
348 4456 459 4518 καί,
487 4454 561 4516 ὡς
589 4450 909 4523 ὑστεροῦσα,
937 4449 1023 4502 ἀεὶ
1047 4447 1436 4518 ἐπιτεταμένην
1461 4446 1558 4516 τὴν
1596 4444 1776 4512 ἔφεσιν

1886 3274 1948 3314 ex
1977 3270 2128 3328 parte
2157 3271 2260 3322 est,
2291 3261 2580 3330 aliquando
2603 3271 2657 3316 et
2681 3262 2860 3328 nobis,
2885 3267 3175 3319 secundum
3207 3267 3440 3336 Aposto-

1887 3351 2016 3416 lum,
2056 3352 2407 3406 evacuabitur
2446 3362 2492 3404 ο.
2527 3350 2737 3407 Diﬂ‘usa:
2780 3367 2939 3421 porro
2977 3353 3271 3424 disciplinae
3317 3369 3442 3412 sunt

1885 3443 2118 3500 fusiores
2155 3444 2391 3499 visarum
2427 3459 2608 3507 rerum
2651 3459 2714 3498 ac
2757 3461 3063 3500 sermonum
3103 3451 3440 3504 demonstra-

1885 3537 2083 3592 tiones.
2122 3535 2379 3602 Qutenam
2426 3545 2604 3590 autem
2652 3547 2736 3591 est
2770 3538 3192 3608 contemplativa
3239 3543 3437 3597 amentis

1889 3629 2142 3684 satietas?
2195 3631 2411 3698 quando
2462 3628 2710 3682 nimirum
2753 3645 2841 3684 res
2871 3629 3082 3683 divinas
3107 3647 3255 3686 mens
3293 3633 3437 3688 inve-

1884 3718 2071 3787 stigat,
2111 3726 2164 3772 et
2206 3731 2303 3785 per
2344 3717 2848 3787 contemplationem
2895 3719 3166 3789 quidpiam
3196 3736 3434 3790 compre-

1885 3810 2096 3876 hendit,
2147 3811 2378 3880 repletur
2430 3813 2612 3882 utique
2673 3813 2776 3882 ιο
2828 3827 2893 3866 ac
2943 3823 3239 3869 saturatur.
3293 3813 3430 3881 Quid

1881 3905 2023 3959 enim
2048 3914 2130 3958 est
2160 3919 2338 3958 rerum
2383 3905 2709 3969 divinarum,
2753 3905 2894 3970 quod
2924 3919 3031 3959 non
3063 3900 3294 3960 mentem
3322 3909 3431 3960 ele-

1881 4003 1992 4060 vet,
2026 4003 2187 4066 atque
2233 3995 2480 4049 affectum
2521 3995 2660 4064 ejus,
2702 3996 2791 4064 qui
2829 3997 3070 4065 quadam
3117 3997 3283 4053 fames
3320 4012 3427 4066 est,

1882 4088 2039 4142 sistat
2079 4096 2134 4141 et
2182 4088 2451 4141 exsatiet?
2481 4088 2940 4164 [quemadmodum
2988 4089 3245 4156 scriptum
3297 4102 3424 4148 est:

1881 4177 2083 4232 Memor
2128 4179 2207 4248 fui
2248 4179 2377 4242 Dei,
2434 4189 2480 4233 et
2524 4177 2804 4232 delectatus
2851 4195 2966 4231 sum
3011 4178 3160 4245 d;et
3185 4181 3424 4236 iterum:

1881 4269 2053 4323 Sitivit
2085 4271 2140 4322 in
2173 4282 2220 4323 te
2247 4271 2422 4324 anima
2451 4286 2585 4334 mea,
2621 4286 2775 4338 quam
2807 4269 3156 4339 multipliciter
3179 4272 3269 4324 tibi
3300 4290 3426 4327 caro

1877 4376 1991 4414 mea
2019 4371 2062 4414 ο.
2090 4359 2214 4414 Sitit
2244 4362 2416 4415 anima
2459 4375 2520 4414 ac
2551 4361 2804 4429 repletur,
2854 4370 3036 4430 utpote
3071 4361 3274 4415 habens
3300 4373 3422 4432 apta

1880 4452 2217 4520 receptacula
2265 4453 2565 4506 divinarum
2610 4453 2994 4523 cogitationqu
3043 4469 3057 4505 :
3107 4452 3221 4506 sitit
3268 4469 3418 4517 caro,

201 4549 336 4619 ἔχει,
363 4549 392 4600 6
414 4513 469 4599 δέ
497 4513 619 4608 νοῦς
646 4513 751 4614 πλὴ
762 4561 857 4615 ρης
875 4543 1099 4611 γίνεται,
1123 4513 1324 4602 οὗτινος
1344 4513 1409 4592 ἂν
1430 4513 1527 4590 καὶ.
1553 4536 1773 4606 ἅψηται.
1804 4513 1854 4572 D

1761 4575 1773 4589 -
1804 4513 1970 4597 l)sed
2025 4557 2184 4612 quam
2235 4541 2602 4611 multipliciter
2658 4552 2905 4612 respectu
2953 4544 3177 4608 animae;
3245 4559 3418 4613 neque

201 4637 419 4706 Ταύτης
455 4631 546 4688 οὖν
576 4634 675 4703 τῆς
716 4633 1034 4703 πλησμονῆς
1070 4631 1275 4693 εἰκόνες
1301 4630 1435 4681 εἰσὶν
1459 4629 1514 4681 αἰ
1550 4627 1638 4679 διὰ
1668 4626 1775 4679 τῶν

198 4716 375 4796 λόγων
411 4725 741 4789 ἀποδείξεις,
782 4725 893 4786 τοῖς
939 4723 1319 4792 ἐπιχειρήμασι
1359 4717 1770 4787 πλατυνόμεναι.

200 4814 318 4886 Τῆς
358 4817 414 4870 δὲ
459 4816 547 4869 ἀεὶ
601 4817 693 4868 καὶ
732 4813 993 4876 ὡσαύτως
1046 4812 1273 4881 ἐχούσης
1317 4810 1411 4864 καὶ
1437 4807 1771 4877 τεταγμένης

198 4906 338 4978 πρὸς
359 4905 427 4957 τὰ
458 4905 574 4957 θεῖα
601 4904 764 4970 ἕξεως
783 4944 797 4966 ,
841 4901 922 4973 (οὐ
950 4901 1056 4970 γὰρ
1078 4902 1272 4966 ἀταξία
1294 4917 1375 4962 τις
1413 4900 1608 4960 ἐκεῖσε,
1653 4897 1767 4948 ἀλλ’

197 4997 514 5068 ἐναρμόνιος
542 4995 673 5062 ἐξις,
714 4994 789 5056 ὡς
812 4994 899 5046 ἀεὶ
942 4993 1071 5063 περὶ
1101 4992 1231 5044 αὐτὸ
1254 4990 1360 5042 τῶν
1397 4988 1552 5041 θείων
1583 4986 1766 5057 μενόν-

195 5109 306 5144 των
331 5130 346 5154 ,
386 5087 492 5140 τῶν
535 5088 818 5158 ἡμετέρων
856 5087 914 5137 ἐν
954 5086 1192 5155 διηνεκεῖ
1231 5085 1326 5153 ῥοῇ
1373 5077 1762 5149 φαινομένων·)

195 5182 401 5235 τούτων
427 5176 519 5234 οῦν
546 5180 654 5232 τῶν
680 5178 1024 5247 τεταγμένων
1042 5175 1204 5240 ἕξεων
1229 5174 1438 5233 εἰκόνας
1462 5171 1558 5232 τὰς
1578 5167 1763 5220 ἐνθάδε

196 5275 392 5345 ἔχομεν
426 5271 623 5338 τάξεις,
646 5271 771 5332 τοὺς
799 5267 1100 5340 ἱερατικοὺς
1123 5265 1378 5335 βαθμοὺς,
1401 5261 1496 5323 τὰς
1527 5261 1757 5322 στάσεις,

194 5365 294 5426 τὰς
335 5360 757 5433 καθέδρας,ζτὰς
801 5357 1008 5422 στολὰς,
1047 5358 1138 5410 καὶ
1177 5355 1228 5407 εἴ
1255 5373 1308 5408 τι
1335 5350 1755 5420 τοιουτότροπον,

193 5455 357 5526 αἴπερ
386 5455 484 5524 τὴν
508 5452 660 5516 τάξιν
690 5451 1100 5522 ἀπαράλλακτον
1131 5447 1332 5516 έχουσι,
1359 5446 1452 5496 καὶ
1483 5441 1632 5501 τέλος
1658 5440 1758 5508 τῆς

204 5546 378 5617 Ἰησοῦ
414 5543 703 5618 μετουσίας
730 5543 825 5612 τὴν
855 5542 1000 5594 θείαν
1028 5537 1320 5611 μετάληψιν
1339 5577 1352 5598 ,
1390 5536 1454 5605 ἡν
1481 5533 1572 5585 καὶ
1594 5531 1754 5599 εὐχα-

192 5641 399 5711 ριστίαν
444 5636 614 5704 λέγει,
639 5635 712 5697 ὡς
738 5634 829 5687 τοῦ
860 5633 1060 5704 Κυρίου
1083 5631 1256 5701 ἡμῶν,
1285 5629 1444 5699 ἡνίκα
1473 5622 1752 5694 παρεδίδου

1870 4633 2015 4688 enim
2048 4635 2205 4688 habet
2226 4634 2579 4701 aptitudinem
2612 4635 2925 4702 recipiendi,
2955 4649 3074 4688 cum
3101 4638 3174 4688 sit
3198 4637 3418 4691 omnino

1870 4734 2128 4778 extranea
2183 4725 2381 4778 divinis
2433 4735 2486 4778 et
2540 4725 2868 4792 spiritalibus
2915 4725 3414 4779 insinuationilms:

1868 4825 2192 4886 quapropter
2223 4825 2476 4884 tanquam
2505 4830 2693 4884 egena,
2728 4815 2989 4868 intentum
3015 4829 3225 4883 semper
3253 4817 3416 4872 habet

1863 4912 2188 4978 appetitum,
2237 4923 2385 4961 mens
2442 4918 2617 4960 autem
2668 4923 2877 4976 semper
2927 4908 3080 4976 plena
3149 4917 3230 4961 est
3295 4909 3412 4976 ejus

1868 5001 2009 5070 quod
2069 4998 2440 5067 apprehendit.
2515 4997 2684 5068 liujus
2747 5013 2876 5068 ergo
2942 4999 3205 5053 satietatis
3275 5000 3413 5054 ima-

1867 5093 2017 5161 gines
2071 5100 2224 5155 sunt,
2281 5105 2583 5142 sermonum
2641 5091 3121 5153 demonstrationes
3187 5091 3410 5145 rationi-

1866 5184 1964 5236 bus
1991 5179 2426 5234 dilatatal.Porro
2444 5180 2560 5248 ejus
2581 5195 2696 5247 quae
2724 5195 2931 5247 semper
2951 5190 3003 5233 et
3030 5183 3213 5234 eodem
3249 5184 3406 5235 modo

1864 5287 1920 5326 se
1951 5273 2110 5325 habet
2138 5281 2280 5325 recte
2324 5272 2388 5324 ad
2415 5271 2622 5324 divinas
2668 5286 2751 5323 res
2797 5271 3053 5323 ordinatae
3082 5271 3408 5324 habitudiois

1864 5364 2026 5433 (nulla
2058 5365 2198 5417 enim
2230 5363 2297 5416 ibi
2331 5361 2688 5426 inordinatio,
2735 5363 2828 5413 sed
2875 5363 3094 5413 omnino
3137 5362 3404 5415 Concinna

1862 5456 2200 5515 constitutio.
2231 5456 2428 5523 quippe
2457 5455 2598 5506 circa
2625 5453 2760 5507 idem
2791 5468 3000 5521 semper
3022 5453 3213 5506 divinis
3245 5453 3404 5507 rebus

1862 5547 2225 5606 manentibus,
2262 5546 2522 5612 nobisque
2560 5546 2778 5611 perenni
2802 5543 2944 5596 ﬂuxu
2974 5544 3400 5611 apparentibus),

1861 5642 2070 5705 harum,
2100 5641 2336 5708 inquam,
2364 5640 2728 5692 ordinataer
2751 5636 3114 5689 habitudiimm
3142 5635 3400 5704 imagines

268 5827 292 5853 ι
337 5810 480 5863 Phil.
524 5825 607 5867 In,
646 5807 731 5862 15.
809 5807 834 5846 1³
875 5805 1041 5861 Exod.
1079 5820 1198 5859 xxv.
1233 5803 1317 5857 60.
1362 5814 1380 5835 ο
1415 5801 1430 5853 l
1464 5800 1574 5854 Cor.
1623 5814 1736 5852 xm.
1771 5795 1851 5849 l0.

1307 5844 1317 5857 .
1362 5814 1380 5835 θ
1415 5801 1430 5853 l
1464 5800 1574 5854 Cor.
1623 5814 1736 5852 xui.
1771 5795 1851 5849 l0.
1930 5793 1954 5832 ἀ
1991 5793 2129 5847 l‘sal.
2162 5808 2342 5847 Lxxvi.
2377 5792 2424 5843 4.
2507 5803 2526 5830 ε
2563 5789 2695 5843 l’sul.
2747 5805 2878 5841 un.
2907 5791 2957 5844 2.
