4196 6306
782 378 884 434 155

1949 375 2004 431 S.
2044 374 2337 431 DlO‘NYSlI
2374 376 2833 434 AREOPAGITA?

3914 390 4017 446 136

781 504 907 549 sunt
934 495 1031 560 illi,
1062 510 1201 565 quos
1228 496 1314 550 hic
1340 494 1603 549 habemus
1626 533 1639 557 ,
1667 494 1904 556 ordines,
1938 495 2078 547 sacri
2118 497 2340 563 gradus,
2377 500 2419 555 Α

2377 500 2419 555 Α
2448 495 2509 547 τὸ
2539 496 2776 549 τοιοῦτον
2818 497 2958 550 θεῖον
3002 497 3294 569 μυστήριον
3314 540 3327 562 ,
3371 500 3888 573 εὐχαριστήσαντος,
3922 508 4016 561 καὶ

777 588 1057 650 stationes,
1089 588 1394 653 cathedras,
1424 587 1594 646 stolae,
1636 596 1691 638 et
1732 586 1773 639 si
1818 600 1937 653 qua:
1988 595 2111 638 sunt
2137 586 2343 652 cjusre-

778 680 956 742 modi,
983 693 1102 745 qua:
1145 680 1388 732 ordinem
1429 680 1629 733 habent
1663 676 2070 737 immutabilem,
2104 693 2163 731 ac
2191 680 2341 730 deni-

776 784 881 838 que
925 769 1047 824 Jesu
1112 772 1545 841 participationis
1593 770 1827 822 divinam
1878 770 2338 832 communionem,

776 876 938 929 quam
998 870 1052 915 et
1098 863 1481 916 eucharistiam
1535 870 1693 915 vocat
1733 878 1745 913 :
1779 875 1844 913 eo
1890 861 2029 929 quod
2081 861 2343 914 Dominus

779 966 987 1017 noster,
1031 954 1247 1022 quando
1290 954 1526 1006 divinum
1576 951 1702 1005 illud
1750 953 2061 1022 mysterium
2098 953 2340 1015 tradidit,

2446 584 2600 654 ἡμῶν
2643 588 2959 654 ὀφειλόντων
2995 588 3351 657 εὐχαριστεῖν,
3392 591 3471 645 ὅτι
3515 594 3765 648 τοιούτων
3798 595 4016 665 ἀγαθῶν

2445 679 2853 747 τετυχήκαμεν·
2906 682 2998 732 καὶ
3040 680 3138 733 ὅσα
3180 681 3333 745 ἄλλα,
3371 684 3599 749 ἐκείνοις
3644 687 3741 757 μὲν
3782 693 4015 766 ὑπερκο-

2447 769 2620 837 σμίως
2650 770 2740 821 καὶ
2762 770 2900 840 ὑπὲρ
2926 770 3226 841 ἄνθρωπον,
3252 774 3381 843 ἡμῖν
3396 774 3450 825 δὲ
3476 778 3814 845 συμϐολικῶς
3839 800 4014 854 παρα-

2443 861 2667 924 δέδοται,
2692 864 2784 915 καὶ
2803 862 2889 915 διὰ
2908 864 3145 933 σημείων
3170 881 3182 892 ·
3213 865 3455 937 οὐδὲγὰρ
3480 868 3651 932 ἄλλως
3670 873 3812 927 ἐστὶν
3835 876 4013 931 ἐκεῖνα

2447 953 2655 1022 μαθεῖν,
2692 954 2751 1005 τὸ
2791 955 2934 1022 παχὺ
2960 955 3115 1007 τοῦτο
3144 956 3364 1026 σαρκίον
3393 959 3801 1029 περιφέροντας.

779 1046 979 1114 gratias
1011 1045 1209 1115 egerit;
1256 1046 1515 1113 nobisque
1560 1044 1669 1096 sint
1699 1046 1919 1112 agenda:
1960 1044 2177 1113 gratim,
2219 1044 2357 1111 quod
2403 1046 2561 1097 tantis
2607 1046 2763 1101 bonis
2813 1047 2967 1114 ροιὶιί
3016 1048 3218 1112 Simus,
3262 1057 3316 1101 ει
3358 1065 3689 1121 (ιιιωουηίιυθ
3741 1056 3844 1109 alia
3888 1058 4013 1111 ams

778 1140 991 1207 quidem
1040 1140 1552 1207 supermundialiter
1595 1154 1865 1208 supraque
1909 1140 2212 1201 hominem,
2263 1140 2415 1193 nobis
2458 1151 2636 1193 autem
2682 1142 2972 1212 symbolice
3016 1144 3209 1196 tradita
3258 1154 3403 1208 sunt,
3452 1154 3505 1198 et
3556 1161 3650 1215 per
3692 1148 3875 1217 signa;
3919 1165 4017 1206 ne-

781 1244 886 1299 que
916 1232 1054 1283 enim
1082 1231 1239 1284 aliter
1268 1242 1350 1285 est
1376 1232 1478 1285 ista
1527 1248 1624 1286 nos
1658 1249 1705 1293 e,
1754 1234 1876 1285 dum
1920 1246 2155 1285 crassam
2207 1235 2341 1287 hanc
2370 1248 2586 1289 carnem
2619 1235 3080 1289 circumferimus.

847 1321 1076 1389 Propter
1110 1324 1246 1376 lianc
1280 1323 1460 1393 itaque
1488 1334 1725 1378 nostram
1759 1338 1855 1391 pro
1893 1325 2152 1393 cujusque
2183 1337 2340 1392 captu

778 1417 1178 1471 deiﬁcationem
1207 1418 1294 1486 (eo
1325 1420 1469 1470 enim
1510 1434 1615 1486 quo
1657 1433 1941 1486 possumus
1970 1421 2124 1473 modo
2158 1420 2341 1471 initia-

778 1524 929 1573 tnnr;
962 1510 1294 1564 sensibililer
1325 1512 1543 1578 quidem
1568 1551 1582 1577 ,
1616 1513 1668 1564 in
1709 1522 1972 1581 quantum
2010 1526 2169 1565 sensu
2210 1511 2343 1565 vivi-

777 1616 915 1665 mus,
964 1604 1175 1659 ratione
1200 1604 1352 1657 nobis
1400 1606 1741 1660 convenienti
1784 1620 1879 1673 per
1910 1605 2186 1672 symhola;
2232 1605 2343 1671 spi-

777 1696 1007 1750 ritaliter
1030 1712 1177 1761 vero,
1209 1698 1257 1750 in
1288 1708 1542 1766 quantum
1571 1708 1748 1751 mente
1772 1699 2157 1766 gubernantur,
2183 1698 2341 1753 tuoth

776 1789 931 1841 nobis
968 1793 1376 1844 accommodato
1424 1807 1515 1857 per
1556 1802 1903 1858 apparentem
1953 1788 2337 1856 mystagogiam

774 1888 829 1933 ct
882 1881 1298 1936 illustratinnem
1353 1896 1367 1933 :
1422 1882 1682 1947 siquidem
1726 1880 1871 1933 illam
1922 1880 2337 1933 illustrationem

774 1978 1175 2035 dcilicaliouent
1227 1982 1408 2037 vocat,
1453 1973 1595 2041 quod
1651 1973 1833 2038 utique
1886 1982 1968 2024 est
2012 1970 2339 2039 perfectissi-

775 2086 917 2123 mum
978 2087 991 2121 :
1047 2083 1142 2134 per
1210 2064 1466 2117 inferiora
1533 2077 1765 2129 namque
1826 2062 2104 2129 superiora
2173 2063 2339 2115 disci-

774 2176 927 2223 mus;
992 2174 1085 2227 per
1160 2156 1245 2209 illa
1289 2172 1414 2209 vero
1465 2157 1667 2209 unitive
1716 2154 2073 2217 dcilicauaurl;
2120 2163 2341 2221 propter

774 2254 887 2306 Itasc
912 2252 1096 2322 igitur,
1128 2252 1367 2318 inquam,
1392 2248 1653 2316 benignus
1687 2246 1771 2299 ille
1802 2245 2156 2299 sacerdotalis
2184 2246 2337 2307 ordo,

775 2344 1113 2398 hierarcliias
1148 2344 1281 2395 istas
1311 2343 1537 2409 ﬁgurate
1580 2338 1954 2401 manifestans,
1986 2348 2338 2404 nostramque

774 2437 916 2489 hanc
970 2434 1330 2488 liierarcltiam
1382 2432 1452 2483 illi
1493 2432 1543 2483 in
1597 2430 1770 2483 sacris
1806 2430 2104 2486 associans.
2134 2442 2333 2480 secun-

772 2526 902 2578 dum
929 2540 1047 2578 eam
1080 2540 1198 2593 qua:
1228 2525 1344 2577 dari
1363 2533 1574 2593 poterat
1605 2520 2337 2582 similitudinem,sensilibus

775 2616 1105 2682 imaginibus
1138 2630 1224 2668 res
1258 2613 1552 2666 invisibiles
1582 2613 1901 2681 quibusdam
1942 2626 2107 2665 sacrm
2140 2626 2202 2665 ac
2236 2611 2332 2679 ιι

775 2707 970 2761 divina:
1000 2721 1219 2776 prorsus
1250 2706 1540 2773 Scriptura:
1578 2704 1710 2758 locis
1738 2704 2060 2772 descripsit;
2103 2717 2207 2770 quo
2241 2718 2335 2756 no;

774 2810 873 2864 per
902 2797 1175 2851 sensibilia
1209 2798 1273 2850 ad
1311 2796 1578 2864 spiritalia
1618 2795 1944 2859 traduceret,
1978 2808 2074 2847 nec
2102 2809 2209 2847 non
2243 2808 2338 2861 per

772 2890 922 2959 signa
958 2891 1068 2943 [nec
1113 2890 1178 2943 ad
1224 2890 1472 2943 cwlestes
1526 2886 1641 2940 illas
1673 2885 1947 2953 simplii-es
1986 2886 2335 2953 compositio-

773 2986 963 3051 nisque
1014 2992 1266 3050 expertes
1316 2981 1624 3035 altitudines
1674 2994 1736 3034 ac
1780 2980 2170 3033 summitates:
2208 2994 2330 3031 nam

773 3072 1117 3127 summitates
1171 3073 1404 3126 solemus
1449 3071 1758 3141 appellare,
1823 3072 1963 3141 quod
2027 3073 2079 3124 in
2146 3073 2333 3139 quavis

770 3164 1003 3215 essentia
1038 3162 1539 3232 prazstantissimum
1576 3172 1688 3226 est,
1735 3162 1895 3225 sicut,
1944 3163 2093 3217 verbi
2137 3164 2329 3231 gratia,

2523 1327 2722 1379 ’Ἕνεκα
2780 1328 2908 1393 γοῦν
2973 1327 3174 1397 ταύτης
3237 1328 3337 1398 τῆς
3606 1329 3663 1395 ἐξ
3726 1333 4016 1403 ἀναλογίας

2448 1417 2724 1481 θεώσεως,
2778 1418 2855 1488 (ὃν
2915 1418 3021 1490 γὰρ
3075 1420 3616 1490 τρόπονδυνάμεθα,
3676 1423 3858 1477 τοῦτον
3918 1427 4017 1479 καὶ⁵

2445 1508 2773 1578 κλούμεθγ
2811 1510 3080 1578 αἰσθητῶς
3122 1510 3237 1579 μὲν,
3268 1510 3388 1585 καθ’
3424 1512 3452 1563 ὃ
3501 1513 3745 1584 αἰσθήσει
3776 1514 4009 1579 ζῶντες,

2445 1602 2718 1671 ἀναλόγως
2774 1601 2862 1655 διὰ
2917 1603 3227 1673 συμϐόλων⁸
3292 1604 3497 1674 νοητῶς
3544 1606 3620 1669 δὲ,
3685 1606 3802 1659 καθ’
3857 1607 3883 1658 ὃ
3932 1608 4013 1661 νοῒ

2444 1693 2795 1763 διοικούμενοι
2847 1694 3122 1762 ἀναλόγως
3175 1694 3260 1747 διὰ
3310 1695 3408 1765 τῆς
3453 1697 3849 1768 ἐμφαινομένης
3912 1719 4013 1771 μυ-

2448 1782 2752 1849 σταγωγίας
2789 1800 2845 1835 τε
2905 1784 2996 1835 καὶ
3050 1782 3396 1852 ἐλλάμψεως·
3453 1787 3549 1857 τὴν
3605 1787 3711 1859 γὰρ
3749 1789 4015 1859 ἕλλαμψιν

2444 1874 2635 1927 θέωσιν
2668 1876 2833 1942 λέγει,
2862 1874 3018 1927 τοῦτο
3043 1875 3099 1927 δέ
3128 1877 3241 1927 ἐστι
3280 1877 3339 1928 τὸ
3367 1877 3697 1932 τελειότατον
3717 1898 3728 1909 ·
3775 1881 3863 1934 διὰ
3904 1883 4011 1955 γὰρ

2440 1966 2547 2018 τῶν
2573 1968 2721 2019 κάτω
2748 1967 2814 2021 τὰ
2836 1968 2945 2021 ἄνω
2969 1969 3306 2039 μανθάνομεν
3327 2008 3339 2031 ,
3382 1969 3446 2022 δι’
3483 1971 3698 2023 ἐκείνων
3728 1973 3781 2025 δὲ
3811 1974 4012 2027 ἀνατα-

2441 2060 2606 2123 τικῶς
2631 2059 2897 2129 θεούμεθα
2974 2061 3173 2114 τούτων
3197 2062 3357 2114 ἕνεκα
3383 2062 3606 2134 τοίνυνή
3636 2064 4014 2136 φιλάνθρωπος

2444 2154 2687 2225 ἱερατικὴ
2732 2154 2901 2219 τάξις,
2938 2155 3273 2224 ἐμφαίνουσα
3314 2157 3555 2220 τυπικῶς
3605 2158 3703 2220 τὰς
3732 2161 4011 2231 ἱεραρχίας

2440 2246 2672 2309 ὲκείνας,
2712 2249 2803 2300 καὶ
2833 2248 3039 2317 ταύτην
3069 2248 3167 2318 τὴν
3216 2246 3336 2299 καθ’
3383 2248 3527 2318 ἡμᾶς
3563 2249 3839 2321 ἱεραρχίαν
3884 2252 4011 2303 συλ-

2440 2337 2742 2408 λειτουργον
2779 2340 2992 2411 ἐκείνης
3038 2341 3263 2393 ποιοῦσα
3311 2340 3451 2393 κατά
3480 2340 3577 2412 τὴν
3617 2344 3751 2413 πρὸς
3780 2343 4009 2413 δύναμιν

2440 2430 2787 2499 ἀφομοίωσιν,
2816 2433 2871 2482 ἐν
2897 2430 3177 2502 αἰσθηταῖς
3226 2432 3394 2483 εἰκόσι
3444 2431 3511 2483 τὰ
3552 2431 3751 2483 ἀθέατα
3776 2433 4000 2503 ἀνεγρά-

2438 2519 2594 2587 ψατο,
2633 2520 2733 2573 ποῦ
2767 2521 2821 2573 δὲ
2853 2523 2908 2573 ὲν
2938 2524 3057 2583 ταῖς
3102 2522 3273 2593 ἱεραῖς
3307 2523 3399 2573 καὶ
3424 2522 3593 2584 θείαις
3626 2524 3840 2585 παντως
3868 2526 3995 2595 Γρα-

2443 2616 2572 2681 φαῖς
2634 2613 2780 2675 ὅπως
2836 2612 2899 2665 ἂν
2954 2616 3099 2685 ἡμᾶς
3156 2615 3416 2682 ἀναγάγοι
3464 2614 3550 2667 διὰ
3590 2614 3696 2667 τῶν
3734 2616 4003 2687 αἰσθητῶν

2438 2705 2527 2756 ἐπὶ
2560 2702 2627 2756 τὰ
2661 2703 2843 2773 νοητὰ,
2880 2705 2972 2756 καὶ
3006 2704 3095 2756 διὰ
3138 2704 3244 2757 τῶν
3287 2704 3523 2773 σημείων
3554 2703 3754 2757 τούτων
3786 2706 3874 2758 ἐπὶ
3908 2706 4006 2769 τὰς

2436 2796 2542 2848 τῶν
2574 2796 2835 2865 οὐρανίων
2874 2797 3049 2861 ἁπλᾶς
3074 2798 3163 2850 καὶ
3195 2796 3515 2859 ἀσυνθέτους
3557 2796 3787 2867 ὑψώσεις
3813 2816 3870 2850 τε
3911 2800 4005 2851 καὶ

2437 2887 2767 2957 ἀκρότητας’
2808 2890 3111 2959 ἀκρότητας
3144 2888 3249 2961 γὰρ
3279 2888 3543 2959 εἰώθαμεν
3578 2889 3758 2941 καλεῖν
3788 2889 3846 2941 τὸ
3870 2890 4005 2961 κρά-

2434 2994 2613 3030 τιστον
2658 2978 2871 3046 ἁπάσης
2922 2979 3138 3041 οὐσίας’
3181 2978 3287 3043 ὡς,
3340 2978 3469 3051 φέρε
3508 2979 3717 3043 εἰπεῖν,
3767 2979 4004 3049 ἀκρότης

2433 3068 2609 3140 ψυχῆς
2634 3072 2661 3122 ὁ
2690 3071 2812 3132 νοῦς
2833 3087 2843 3097 ’
2872 3072 2964 3123 καὶ
2986 3071 3185 3142 ἔρωτος
3206 3073 3441 3143 ἀκρότης
3464 3075 3490 3126 ὁ
3516 3073 3771 3143 διάπυρος
3803 3072 3963 3135 πόθος
3983 3089 3997 3101 ·

2436 3162 2528 3214 καὶ
2558 3162 2656 3231 τῆς
2689 3162 2809 3214 καθ’
2842 3165 2985 3233 ἡμᾶς
3020 3164 3298 3235 ἱεραρχίας
3338 3167 3370 3237 ἡ
3402 3165 3625 3237 οὐρανία
3656 3165 3753 3216 οὐκ
3775 3162 4001 3217 ἀπεικό-

771 3267 941 3317 mens,
960 3255 1152 3308 anima:
1170 3253 1450 3308 summitas
1470 3254 1799 3323 appellatur;
1826 3263 1876 3308 et
1898 3254 2097 3308 amoris
2114 3254 2335 3307 sunnni-
2363 3243 2405 3301 C

1321 3253 1450 3308 nitas
1470 3254 1799 3323 appellatur;
1826 3263 1876 3308 et
1898 3254 2335 3308 amorissummi-
2363 3243 2405 3301 C
2434 3269 2544 3314 τως
2577 3252 2811 3322 ἀκρότης
2845 3254 2978 3305 ἐστί.

770 3358 874 3409 tas,
924 3347 1134 3401 fervens
1180 3346 1529 3412 desiderium,
1585 3349 1825 3420 adeoque
1852 3359 2051 3405 nostra:
2082 3348 2401 3403 ltierarcltize
2437 3347 2740 3410 summitas,
2782 3347 2870 3400 Illa
2902 3347 3139 3402 caelestis
3180 3362 3287 3403 non
3328 3348 3595 3404 immerito
3637 3357 3995 3419 nuncupatur-

1245 3692 1620 3782 CAPUT
1712 3693 1845 3778 Il.

772 3825 926 3895 Quod
973 3835 1089 3896 apte
1127 3844 1207 3881 res
1259 3829 1449 3881 divina
1503 3837 1656 3897 atque
1694 3830 1920 3881 calestes
1974 3830 2316 3884 dissimilibus

1180 3900 1334 3951 etiam
1369 3899 1529 3966 signis
1562 3900 1906 3966 explicentur.

2792 3692 3431 3778 ΚΕΦΑΛΑΙΟΝ
3504 3694 3565 3776 Β
3600 3757 3620 3777 .

2431 3830 2548 3882 Ὅτι
2579 3831 2916 3897 πρεπόντως
2950 3831 3019 3883 τὰ
3049 3832 3172 3885 θεῖα
3206 3830 3301 3883 καὶ
3335 3829 3579 3897 οὐράνια
3621 3829 3719 3882 καὶ
3747 3830 3842 3883 διὰ
3872 3831 3992 3885 τῶν

2703 3902 2995 3969 ἀνομοίων
3017 3903 3335 3971 συμϐόλων
3354 3901 3691 3971 ἐκφαίνεται

2070 4057 2399 4113 SYNOPSIS
2434 4056 2726 4115 CAPITIS.

771 4221 809 4270 l.
839 4218 977 4282 Facit
990 4216 1150 4282 operis
1171 4216 1315 4282 hujus
1333 4214 1732 4282 distributionem
1764 4228 1819 4263 ιι.
1851 4220 2023 4282 monet,
2058 4214 2239 4282 ﬁguras
2262 4212 2389 4272 illas,
2409 4213 2583 4282 quibus
2608 4228 2685 4264 res
2713 4220 2921 4282 eteteslcs
2944 4228 3000 4282 at;
3023 4213 3264 4282 spiritales
3298 4212 3647 4282 descripunlur,
3680 4215 3818 4282 rebus
3864 4216 3988 4282 ipsis

828 4295 929 4329 esse
947 4274 1205 4341 dissimiles
1221 4274 1301 4341 {et
1320 4277 1462 4341 simul
1483 4276 1987 4341 objectioniorcurril,
2008 4274 2065 4341 de
2082 4274 2311 4341 fulionem
2332 4274 2511 4341 reddit,
2537 4289 2623 4324 cur
2650 4276 2805 4339 magis
2824 4274 3105 4341 expedieﬁal
3128 4290 3205 4341 res
3228 4275 3357 4341 istas.
3381 4276 3589 4325 caelestes
3616 4290 3775 4341 rerum
3801 4274 3987 4341 ignobi-

828 4341 1001 4404 liorum
1020 4340 1186 4402 formis
1207 4336 1459 4404 delinenri,
1485 4336 1626 4404 quam
1646 4338 1947 4404 nobiliarum.
1977 4339 2056 4404 l_ll.
2076 4336 2558 4404 Ostenditdupliccin
2578 4351 2681 4387 esse
2699 4336 2852 4404 signa)
2878 4336 3211 4404 descriptionis
3248 4336 3440 4404 modum
3468 4376 3477 4385 .
3504 4351 3647 4385 unum
3667 4336 3859 4404 scilice't,
3892 4356 3986 4402 per

826 4396 1037 4465 similes}
1062 4403 1281 4465 alterum.
1304 4415 1387 4461 per
1406 4396 1665 4465 dissimiles
1687 4399 1867 4465 ﬁguras
1894 4412 1909 4447 :
1930 4396 1996 4446 uti
2023 4396 2165 4446 etiam
2185 4398 2243 4446 de
2269 4398 2367 4465 Deo
2387 4396 2618 4465 quadam
2630 4412 2723 4465 per.
2739 4396 3099 4465 afﬁrmationes,
3129 4407 3171 4449 et
3193 4400 3415 4463 quwdam
3437 4413 3522 4465 per
3548 4398 3819 4465 negationes
3850 4396 3986 4465 pia:-

829 4461 985 4511 αἰθυνὶ
1012 4458 1029 4512 ξ
1047 4470 1091 4512 et
1111 4458 1379 4524 negationes
1404 4469 1471 4511 att
1491 4458 2447 4524 afﬁrmn'tibnibusprwstoreLetobsoniu
2470 4458 2809 4524 sitnilitudines
2831 4458 2892 4508 ad
2918 4469 3115 4509 mentem
3140 4458 3349 4524 nostram
3387 4458 3665 4524 erigenda'm
3687 4474 3788 4524 esse
3821 4458 3985 4524 aptio-

830 4538 925 4574 res.
953 4524 1039 4593 ιν..
1059 4518 1247 4593 Tradit.
1268 4537 1328 4574 ex
1344 4524 1491 4592 rebus
1513 4518 1729 4590 unguibus
1747 4518 1930 4630 uiguit!
1956 4520 2061 4588 boni
2080 4518 2243 4588 colligi
2266 4534 2420 4583 posse.
2444 4528 2487 4571 et
2510 4520 2652 4570 simul
2669 4521 2894 4591 explicat,
2920 4524 3154 4593 quamodp
3174 4520 3419 4591 passiones
3440 4518 3545 4580 ifw,
3570 4518 3982 4593 concupiscentiis,

832 4594 875 4630 el
897 4600 975 4630 res
999 4587 1178 4630 similes
1204 4584 1522 4630 sntelhaenda:
1542 4590 1652 4630 sint.
1673 4597 1797 4630 mum
1835 4596 1863 4630 ο
1885 4582 2065 4630 anaelts
2098 4580 2434 4630 attribuuntur.
2472 4582 2529 4630 V.
2555 4583 2770 4630 Ostendit
2793 4585 3030 4630 quomodo
3071 4592 3214 4630 etmm
3238 4592 3434 4630 msemet
3479 4586 3605 4630 Deus
3631 4597 3681 4630 in
3708 4586 3982 4630 Scriptura:

1835 4596 1863 4631 ο

832 4594 975 4653 etres
999 4584 1178 4653 similes
1204 4584 1522 4653 intelligenda:
1542 4582 1652 4653 sint,
1673 4597 1797 4646 quan

1885 4579 2065 4647 angelis
2098 4579 2434 4647 attribuuntur.
2472 4582 2529 4647 Υ.
2555 4579 2770 4647 Ostendit
2793 4579 3030 4647 quomodo
3071 4579 3214 4634 etiam
3238 4582 3434 4645 ipsemet
3478 4586 3605 4635 Deus
3631 4582 3681 4633 in
3708 4579 3983 4647 Scripluris

826 4646 1083 4710 aliquando
1101 4661 1131 4695 α
1154 4642 1377 4707 summis,
1395 4643 1659 4709 aliquando
1680 4642 1709 4694 is
1733 4642 1927 4703 mediis,
1947 4642 2207 4707 aliquando
2226 4644 2371 4694 etiam
2385 4658 2415 4693 a
2436 4644 2576 4695 rebus
2594 4642 2777 4708 inﬁmis
2803 4642 3150 4695 denominetur.

840 4976 957 5031 Mea
984 4991 1171 5046 utique
1199 4978 1488 5043 sententia,
1523 4978 1755 5047 primum
1796 4978 2009 5045 quidem
2052 4990 2315 5045 exponen-
2350 4993 2394 5047 ι)
2492 4977 2497 5028 Ι

2350 4993 2394 5047 ι)
2492 4976 2609 5048 Χρὴ
2640 4976 2942 5045 τοιγαροῦν,
2972 4976 3045 5039 ὡς
3085 4978 3255 5047 οἶμαι,
3302 4977 3511 5048 πρῶτον
3554 4977 3819 5039 ἐκθέσθαι,
3852 4977 3979 5031 τίνα

767 5070 915 5133 dum,
963 5085 1123 5137 quem
1168 5071 1345 5124 omnis
1378 5070 1697 5123 bierarcltise
1741 5083 1963 5137 scopum
2019 5082 2139 5121 esse
2185 5081 2313 5122 ceu-

766 5176 1003 5223 seamus,
1036 5162 1274 5231 quidque
1301 5163 1413 5214 suis
1447 5162 1701 5230 qua-libet
1744 5160 1943 5215 divinis
1982 5158 2312 5226 contempla-

764 5251 977 5305 toribus
1009 5252 1182 5317 prosit
1229 5269 1243 5304 :
1292 5253 1482 5304 deinde
1523 5266 1650 5304 vero
1682 5250 1940 5305 cwlestes
1993 5250 2313 5305 hierarcltiae

761 5342 1120 5405 celebrandas,
1143 5344 1437 5397 secundum
1456 5344 1769 5396 earumdem
1789 5343 2076 5412 mysticam
2104 5342 2156 5395 in
2178 5341 2326 5396 Ora-.

764 5434 900 5487 culis
946 5436 1377 5504 explanationem
1424 5451 1437 5487 ε
1486 5443 1671 5503 postea
1723 5434 1953 5501 denique
1998 5432 2307 5488 dicendum.

2419 5067 2514 5137 μὲν
2549 5064 2685 5120 εἶναι
2728 5069 2924 5121 σκοπὸν
2962 5070 3173 5138 ἀπάσης
3208 5068 3479 5138 ίεραρχίας
3530 5066 3767 5138 υίόμεθα,
3799 5067 3889 5120 καὶ
3919 5068 3978 5119 τί

2414 5160 2537 5222 τοὺς
2568 5160 2737 5228 αὐτῆς
2770 5161 2970 5231 ἑκάστη
3019 5160 3283 5222 θιασώτας
3312 5161 3566 5229 ὀνίνησιν·
3613 5159 3737 5227 ἑξῆς
3769 5159 3845 5220 δὲ,
3872 5156 3977 5220 τὰς

2412 5250 2664 5319 οὐρανίας
2701 5250 2978 5319 ίεραρχίας
3001 5251 3043 5280 ³³
3073 5251 3324 5320 ὑμνῆσαι,
3361 5248 3500 5301 κατὰ
3548 5249 3646 5319 τὴν
3689 5246 3863 5299 αὐτῶν
3910 5247 3975 5298 ὲν

2412 5342 2523 5401 τοῖς
2582 5339 2779 5406 λογίοις
2824 5340 3163 5408 ὲκφαντείανν
3224 5342 3500 5409 ἑπομένως
3561 5340 3616 5393 δὲ
3673 5329 3717 5360 ³⁵
3748 5329 3965 5394 τούτοις

2414 5431 2605 5491 εἰπεῖν,
2635 5432 2843 5493 ὁποίαις
2876 5432 3043 5503 ἱεραῖς
3076 5430 3381 5501 μορφώσεσι
3420 5431 3515 5493 τὰς
3546 5428 3795 5501 οὐρανίας
3828 5443 3971 5497 σχη-

2051 5584 2273 5638 νΑῐιιΑε
2311 5583 2699 5640 LECTIONES.

833 5723 875 5752 ³³
930 5723 992 5792 υ.
1035 5724 1349 5792 οὐρανίους.
1397 5722 1450 5775 1η
1501 5724 1602 5776 hoc
1647 5723 1863 5775 nomine
1931 5722 2142 5775 variant
2200 5721 2315 5777 fere
2370 5723 2703 5792 exemplaria

844 5793 885 5845 υ
928 5791 987 5846 Ρ.
1031 5791 1318 5857 Ἐπομένος
1342 5810 1420 5854 τε,
1450 5796 1589 5862 quod
1637 5794 1725 5847 Sc.
1759 5792 2012 5859 sequitur.

2816 5726 2957 5792 quod
3031 5725 3194 5779 semel
3260 5725 3602 5779 admonuisse
3670 5722 3740 5777 sit
3806 5721 3965 5779 satis.
