4196 6306
148 430 248 487 157

1089 420 1175 475 DE
1209 418 1534 476 C(ELESTI
1574 411 2024 476 HIERARCIIIA.
2067 413 2222 469 CAP.
2260 410 2324 468 11.

3297 411 3392 465 £33

143 519 428 618 ματίζουσι
458 543 845 615 διακοσμήσεις
873 543 929 595 αί
971 542 1078 594 τῶν
1109 542 1304 610 λογίων
1354 538 1719 610 ίερογραφίαι,
1753 543 1797 602 Α

1753 543 1797 602 Α
1827 533 2025 606 quibus
2076 533 2268 589 formis
2313 532 2487 588 sacris
2521 531 2775 588 caelestes
2829 532 2964 587 istos
3010 529 3232 585 ordines
3278 528 3393 582 elo-

141 639 235 692 καὶ
263 638 400 708 πρὸς
447 638 606 690 ποίαν
639 633 937 704 ἀναχθῆναι
971 633 1076 705 χρὴ
1109 632 1199 686 διά
1242 631 1351 684 τῶν
1385 629 1720 700 πλασμάτων

141 727 417 800 ἁπλότητα
442 728 509 793 ⁸⁸,
538 727 686 788 ὅπως
717 726 791 797 μὴ
823 725 916 777 καὶ
955 725 1118 795 ἡμεῖς
1139 722 1397 785 ὡσαύτως
1424 724 1542 785 τοῖς
1594 720 1723 772 πολ-

141 816 254 882 λοῖς
280 818 518 888 ἀνιέρως
566 812 831 886 οίώμεθα,
862 815 991 876 τοὺς
1022 811 1306 884 οὐρανίους
1346 812 1439 866 καὶ
1471 810 1723 874 θεοειδεῖς

141 912 186 942 ³⁸
213 910 334 972 νόας
360 908 666 970 πολύποδας
710 903 847 960 εἶναί
897 922 1049 969 τινας
1101 905 1195 958 καὶ
1243 901 1721 974 πολυπροσώπους,

144 1003 238 1056 καὶ
274 1001 412 1070 πρὸς
456 998 594 1070 βοῶν
639 998 988 1067 κτηνωδείαν,
1024 995 1056 1068 ἢ
1103 997 1239 1068 πρὸς
1285 994 1510 1048 λεόντων
1563 992 1726 1064 θηρο-

147 1092 384 1164 μορφίαν
429 1093 472 1134 ’1
508 1090 944 1162 τετυπωμένους,
992 1088 1084 1144 καὶ
1138 1088 1275 1161 πρὸς
1326 1089 1497 1143 ἀετῶν
1551 1089 1724 1163 ἀγκυ-

145 1181 446 1252 λὸχειλον⁸³
474 1178 632 1248 εἶδος,
662 1181 696 1254 ἢ
726 1182 862 1253 πρὸς
881 1181 1095 1252 πτηνῶν
1119 1179 1356 1254 τριχώδη
1389 1181 1725 1251 πτεροφυῖαν

144 1275 667 1345 διαπεπλασμένους,
705 1275 798 1329 καὶ
824 1274 1049 1345 τροχούς
1088 1290 1242 1337 τινας
1276 1272 1540 1346 πυρώδεις
1585 1273 1725 1344 ὑπὲρ

146 1366 236 1418 τὸν
269 1365 498 1437 οὐρανὸν
539 1363 957 1436 φανταζώμεθα,
1006 1364 1102 1418 καὶ
1142 1363 1362 1434 θρόνους
1402 1361 1619 1425 ὐλαίους
1656 1364 1724 1433 τῇ

148 1456 379 1528 θεαρχία
441 1456 578 1529 πρὸς
627 1457 923 1527 ἀνάκλησιν
977 1455 1330 1527 ἐπιτηδείους,
1385 1453 1480 1509 καὶ
1527 1453 1729 1517 ἵππους

149 1549 304 1612 τινὰς
341 1549 819 1621 πολυχρωμάτους,
849 1549 946 1604 καὶ
986 1548 1316 1621 δορυφόρους
1354 1548 1726 1620 ἀρχιστρατήη

149 1658 300 1708 γους,
335 1642 429 1694 καὶ
459 1643 558 1694 ὅσα
581 1641 716 1697 ἄλλα
748 1641 886 1713 πρὸς
928 1640 1035 1694 τῶν
1055 1641 1246 1709 λογίων
1308 1642 1440 1711 ἡμῖν
1479 1640 1730 1711 ίεροπλά-

151 1745 293 1794 στως
318 1734 376 1784 ἐν
402 1733 641 1804 ποικιλίᾳ
671 1732 778 1786 τῶν
809 1732 1213 1805 ὲκφαντορικῶν
1244 1731 1522 1802 συμϐόλων
1551 1748 1729 1803 παρα-

150 1822 378 1876 δέδοται.
402 1825 512 1878 Καὶ
542 1825 651 1898 γάρ
668 1824 909 1895 ἀτεχνῶς
939 1827 970 1895 ἡ
996 1823 1244 1893 θεολογία
1274 1825 1395 1886 ταῖς
1420 1823 1731 1894 ποιητικαῖς

1824 627 2078 696 quiorum
2135 644 2308 685 sacrae
2360 628 2636 684 delineent
2687 627 3106 696 descriptiones,
3147 639 3247 678 nec
3283 637 3391 676 mm

1823 721 1889 773 ad
1917 719 2133 788 qualem
2169 719 2358 779 adduci
2393 718 2587 774 deceat
2617 734 2714 789 per
2767 720 2971 774 formas
3014 719 3148 772 istas
3185 715 3390 785 simpli-

1825 814 2067 876 citatem,
2102 827 2173 867 ne
2221 822 2276 867 et
2327 829 2446 879 nos,
2482 827 2631 867 more
2679 813 2846 882 vulgi,
2886 812 3150 880 sacrilege
3201 811 3391 878 opine-

1825 921 1967 971 mur,
1992 904 2249 960 caalestes
2282 907 2407 960 illas
2431 921 2493 960 ac
2511 905 2800 960 deiformes
2832 903 3238 973 intelligentias.
3259 903 3396 955 mul-

1828 996 2037 1065 tipedes
2069 980 2331 1067 quasdam
2360 1011 2482 1052 esse
2509 1011 2572 1052 ac
2624 994 3003 1056 multiformes,
3055 1010 3152 1049 nec
3187 1010 3296 1048 non
3329 993 3395 1046 ad

1827 1092 1988 1145 boum
2060 1092 2340 1162 pecuinam
2400 1092 2445 1156 ε,
2497 1091 2796 1146 ferinamve
2844 1090 3059 1143 leonum
3145 1099 3393 1142 naturam

1826 1181 2160 1247 eﬂ'ormatas,
2193 1191 2248 1237 et
2280 1183 2346 1237 ad
2394 1184 2696 1253 aquilarum
2740 1183 2892 1238 curvi
2941 1181 3100 1235 rostri
3131 1179 3392 1249 speciem,

1826 1273 1912 1327 vel
1944 1273 2007 1328 ad
2037 1274 2322 1329 volucrum
2359 1275 2627 1330 hirsutam
2679 1275 3130 1345 plumescentiam
3162 1271 3389 1331 efﬁctas.

1827 1374 2084 1434 rotasque
2103 1367 2316 1437 aliquas
2339 1368 2539 1438 ignitas
2559 1382 2718 1437 supra
2737 1366 2935 1421 cmlum
2964 1365 3328 1435 imaginentur
3345 1365 3392 1426 ε,

1829 1472 1891 1512 ac
1914 1458 2070 1513 sedes
2093 1462 2424 1526 materiatas,
2457 1459 2563 1513 Deo
2587 1460 2807 1514 deorum
2845 1460 2910 1511 ad
2942 1458 3393 1512 discmnhendum

1830 1552 2290 1612 accommodatas.
2337 1560 2395 1606 et
2429 1552 2687 1620 quosdam
2732 1565 2905 1620 equos
2938 1549 3308 1604 nmlticolores
3340 1549 3393 1609 ιι.

1831 1642 2184 1711 hastatosque
2220 1645 2384 1698 duces
2425 1645 2700 1699 exercitus
2738 1645 2780 1706 ί,
2812 1654 2866 1696 et
2921 1657 3258 1710 qua‘cnnqne
3291 1643 3394 1694 alia

1832 1732 1988 1788 nobis
2017 1736 2085 1787 ab
2131 1735 2359 1804 eloquiis
2391 1737 2608 1790 fictione
2651 1736 2888 1801 quadam
2934 1750 3111 1798 sacra,
3138 1733 3394 1802 explana-

1846 1825 2113 1879 toriorum
2185 1826 2448 1882 varietate
2505 1827 2782 1895 signorum
2857 1834 2987 1880 sunt
3050 1826 3392 1893 transcripta.

157 1889 565 1986 ιεροπλαστίαις
606 1889 698 1970 ἐπὶ
725 1889 834 1970 τῶν
868 1889 1288 1988 ἀσχηματίστων
1324 1915 1459 1967 νοῶν
1501 1889 1545 1946 δέ
1571 1915 1736 1987 ὲχρή-
1768 1889 1809 1945 Β

1734 1889 1809 1952 νΒ
1847 1915 2141 1971 Enimvero
2186 1915 2369 1986 palam
2434 1889 2703 1986 theologia
2767 1917 2994 1984 poeticis
3049 1916 3152 1985 12
3203 1889 3391 1969 sancte

154 2023 305 2071 σατο,
337 2010 427 2063 τὸν
457 2008 575 2062 καθ’
604 2011 770 2081 ἡμᾶς,
786 2009 860 2072 ὡς
875 2010 1106 2080 εἴρηται,
1131 2008 1258 2062 νοῦν
1283 2006 1726 2078 ἀνασκεψαμένη,

155 2098 374 2169 καὶτῆς
399 2099 604 2162 οἰκείας
634 2099 783 2170 αὐτῷ
822 2101 917 2154 καὶ
950 2098 1229 2170 συμφυοῦς
1268 2099 1556 2169 ἀναγωγῆς
1598 2115 1730 2171 προ-

153 2192 420 2261 νοήσασα,
468 2194 562 2246 καὶ
593 2192 730 2266 πρὸς
752 2192 913 2248 αὐτὸν
941 2193 1297 2248 ἀναπλάσασα
1330 2192 1430 2256 τὰς
1458 2195 1731 2265 ἀναγωγι-

157 2279 260 2344 κάς
284 2281 662 2353 ίερογραφίας.

1832 2006 2170 2072 ﬁctionibus,
2215 2009 2266 2062 in
2293 2010 2606 2065 carentibus
2655 2009 2824 2078 figura
2859 2007 3126 2062 mentibus
3150 2023 3244 2061 usa
3290 2019 3392 2070 est,

1836 2099 1902 2154 ad
1929 2108 2196 2166 nostrum,
2218 2099 2296 2154 uti
2322 2102 2519 2156 dictum
2548 2111 2652 2164 est,
2689 2100 3019 2172 intellectum
3043 2099 3400 2161 attendendn,

1843 2205 1947 2245 nec
1969 2205 2072 2246 non
2098 2192 2370 2264 propriam
2400 2192 2500 2262 ipsi
2544 2204 2598 2247 et
2630 2191 3038 2247 connaturalem
3073 2192 3138 2245 ad
3161 2203 3390 2260 superna

1835 2282 2120 2336 transitum
2147 2282 2499 2351 providendo.
2531 2294 2587 2338 et
2614 2283 2680 2338 ad
2713 2283 2964 2337 eumdem
2989 2283 3395 2337 accommodate

1833 2386 2025 2430 sacras
2053 2372 2367 2442 Scripturas
2384 2376 2714 2446 anagogicas
2735 2374 3047 2446 eﬂigiando.

231 2689 295 2745 El
325 2687 384 2742 δέ
408 2705 486 2760 τῳ
507 2688 654 2742 δοκεῖ
706 2687 807 2754 τάς
835 2687 932 2761 μὲν
963 2688 1116 2760 ἱερὰς
1146 2689 1506 2762 ἀποδέχεσθαι
1539 2691 1729 2745 συνθέ-

160 2799 296 2844 οεις,
343 2782 418 2844 ώς
453 2781 562 2833 τῶν
606 2780 794 2834 ἀπλῶν
823 2783 907 2851 ἐφ’
962 2782 1171 2836 ἑαυτῶν
1214 2781 1504 2852 ἀγνώστων
1544 2799 1603 2835 τε
1638 2782 1732 2836 καὶ

160 2873 485 2944 ἀθεωρήτων
519 2874 650 2943 ἡμῖν
671 2874 1041 2944 ὑπαρχόντωνο
1073 2874 1177 2926 ἀπε
1187 2873 1523 2944 μφακνούσας
1545 2873 1601 2927 δὲ
1625 2873 1731 2927 οἴε-

159 2977 249 3016 ται
267 2962 362 3024 τάς
378 2961 484 3015 τῶν
500 2962 668 3030 ἁγίων
683 2963 816 3016 νόων
833 2965 888 3016 ὲν
904 2966 1015 3026 τοῖς
1029 2963 1226 3033 λογίοις
1242 2964 1651 3034 είκονογραφίας
1662 2965 1729 3028 ⁸⁸,

160 3063 258 3110 xui.
306 3057 503 3117 πᾶσαν,
548 3055 623 3118 ὡς
659 3057 850 3118 εἰπεῖν,
899 3057 997 3127 τὴν
1052 3055 1323 3126 ἀπότομον
1379 3054 1581 3126 ταύτην
1623 3056 1730 3110 τῶν

163 3147 466 3216 ἀγγελικῶν
498 3147 775 3218 ὀνομάτων
804 3151 1038 3220 σκηνήν·
1082 3151 1172 3202 καῖ
1205 3148 1402 3222 χρῆναί
1438 3168 1570 3222 φησι
1609 3152 1734 3215 τούς

166 3237 444 3305 θεολόγους
491 3239 582 3291 ἐπὶ
631 3241 1034 3310 σωματοωιῖαν
1076 3242 1212 3305 ὅλως
1256 3242 1364 3296 τῶν
1427 3241 1732 3313 ἀσωμάτων

165 3329 505 3400 ἐληλυθότας,
548 3331 768 3393 οἰκείοις
798 3331 930 3385 αὐτό
984 3330 1027 3362 δ¹
1062 3332 1155 3385 καὶ
1179 3330 1254 3395 ὡς
1282 3333 1499 3386 δυνατὸν
1537 3350 1732 3402 συγγε-

165 3422 308 3474 νέσιν
345 3421 704 3475 ἀναπλάττειν
751 3439 812 3474 τε
864 3423 956 3475 καὶ
995 3421 1269 3492 ἐκφαίνειν
1312 3427 1728 3495 σχηματισμοῖς,

166 3513 228 3563 ὲκ
259 3511 366 3563 τῶν
399 3513 525 3583 παρ’
559 3497 690 3583 ἡμῖν
735 3512 1076 3582 τιμιωτάτων
1119 3512 1212 3565 καὶ
1253 3512 1428 3566 ἀΰ).ων
1478 3513 1658 3576 ποσῶς
1685 3514 1732 3547 ⁸¹

167 3603 257 3655 καὶ
293 3605 698 3676 ὑπερκειμένων
725 3603 942 3668 οὐσιῶν,
971 3603 1063 3658 καὶ
1095 3605 1169 3676 μὴ
1197 3608 1316 3670 ταῖς
1341 3606 1619 3677 οὐρανίαις
1639 3607 1732 3659 καὶ

167 3694 449 3747 θεοειδέσιν
477 3695 740 3765 ἀπλότησι
773 3695 871 3757 τὰς
902 3695 993 3748 ἐπὶ
1024 3695 1129 3766 γῆς
1157 3696 1390 3766 ἐσχάτας
1423 3695 1732 3769 περιτεθέν-

164 3803 258 3848 se;
292 3785 337 3816 “
374 3785 764 3857 πολυμορφίας.
796 3786 869 3840 Τὸ
896 3787 992 3857 μὲν
1021 3786 1128 3859 γὰρ
1175 3788 1331 3859 ἡμῶν
1370 3805 1428 3841 τε
1463 3789 1732 3858 ἀναγωγι-

167 3878 399 3947 κώτερσν
430 3877 654 3948 ἔμελλεν
684 3873 844 3942 εἶναι,
865 3878 960 3932 καὶ.
991 3878 1090 3942 τὰς
1105 3880 1505 3952 ὐπερκοσμίους
1535 3882 1733 3950 ἐκφαν-

164 3969 344 4038 τορίας
376 3971 436 4021 οὐ
468 3970 703 4040 κατῆγεν
721 3970 800 4033 είς
826 3969 924 4032 τάξ
955 3970 1403 4042 ἀπεμφαινούσας
1426 3972 1734 4044 ἀνομοιότη-

165 4077 286 4124 τας·
321 4060 383 4114 τὸ
412 4052 493 4123 δὲ,
531 4062 625 4114 καὶ
666 4063 746 4126 είς
790 4061 887 4125 τὰς
919 4062 1067 4127 θείας
1095 4063 1346 4135 ἀθέσμως
1370 4063 1668 4137 ἐξυϐρίζειν
1688 4066 1734 4098 ⁵⁸

169 4151 442 4221 δυνάμεις,
491 4153 586 4206 καὶ
620 4151 709 4206 τὸν
740 4153 1006 4225 ἡμέτερον
1055 4155 1185 4218 ἴσως
1215 4156 1529 4227 ἀποπλανᾷν
1561 4157 1731 4223 νοῦν,

164 4245 242 4306 εἰς
268 4243 368 4307 τὰς
396 4244 644 4317 ἀνιέρους
665 4245 843 4300 αὐτῶν
874 4246 1115 4311 ὲνιζάνον
1149 4248 1441 4313 συνθέσεις*
1470 4252 1563 4304 καὶ
1593 4253 1734 4323 τάχα

163 4336 254 4389 καὶ
292 4338 556 4407 οἰήσεται,
587 4337 659 4392 τὰ
701 4339 1066 4412 ὐπερουράνια
1109 4339 1387 4395 λεοντείων
1433 4343 1596 4397 τινῶν
1640 4347 1734 4399 καὶ

165 4425 398 4477 ἱππείων
443 4426 628 4498 ἐσμῶν
679 4428 1200 4501 ἀποπεπληρῶσθαι,
1249 4429 1344 4483 καὶ
1421 4431 1733 4502 μυκητικῆς

164 4517 503 4586 ὐμνολογίας,
537 4521 631 4574 καὶ
665 4519 934 4593 ὀρνιθείας
977 4520 1308 4593 ἀγελαρχίας
1339 4522 1406 4586 ⁸⁸,
1441 4523 1534 4576 καὶ
1578 4523 1732 4589 ζώων

161 4606 337 4660 ἄλλων
369 4609 462 4661 καὶ
498 4608 640 4662 ὑλῶν
665 4610 1025 4682 ἀτιμοτέρων,
1042 4611 1143 4666 ὅσα
1167 4612 1303 4683 πρὸς
1331 4611 1393 4666 τὸ
1417 4614 1616 4668 ἄτοπον
1640 4616 1733 4668 καὶ

159 4697 314 4750 νόθον
362 4701 454 4752 καί
489 4699 732 4770 ἐμπαθὲς
766 4700 1140 4755 ἀποκλιθεῖσαι
1184 4701 1230 4734 ⁸⁸
1261 4703 1648 4775 διαγράφουσιν
1676 4706 1732 4758 αἱ

159 4789 305 4844 κατά
338 4793 444 4844 πᾶν
487 4791 726 4862 ἀνόμοιοι
757 4793 866 4847 τῶν
907 4793 1066 4866 δῆθεν
1105 4795 1510 4866 ἐκφαντορικῶν
1536 4797 1731 4865 λογίων

256 4959 276 4999 ί
305 4968 494 5026 Ezech.
530 4986 567 5039 ι,
592 4971 645 5024 7.
726 4973 750 5012 κ
781 4972 917 5027 Dan.
948 4987 1049 5037 vn,
1076 4974 1131 5028 9.
1209 4976 1236 5015 ιι
1270 4974 1435 5030 Zach.
1470 4989 1508 5037 ι,
1534 4973 1590 5029 8.

1906 2691 2063 2760 Quod
2092 2695 2139 2749 si
2165 2693 2251 2750 cui
2279 2695 2562 2752 videantur
2587 2711 2756 2752 sacra:
2780 2687 2995 2766 quidem
3037 2696 3396 2766 approbande

1836 2786 2282 2854 compositiones,
2303 2788 2458 2856 quod
2509 2803 2598 2843 res
2623 2789 2899 2858 simplices
2927 2789 3121 2859 seipsis
3175 2791 3396 2859 ignotae.

1839 2877 1995 2932 nobis
2039 2887 2090 2933 et
2131 2877 2424 2934 invisibiles
2473 2880 2775 2946 exsistant;
2813 2881 3107 2936 dissimiles
3152 2881 3396 2951 profecto

1837 2979 1958 3020 esse
1985 2965 2124 3020 sciat
2155 2977 2466 3022 sanctarum
2499 2969 2759 3024 mentium
2805 2969 2857 3024 in
2887 2969 3116 3038 eloquiis
3155 2972 3394 3026 delinea-

1843 3055 2038 3120 tiones,
2060 3070 2162 3108 nec
2189 3070 2295 3109 non
2328 3069 2540 3108 onmem
2570 3055 2710 3110 hanc
2737 3056 2918 3111 rudem
2942 3056 3226 3125 quamdam
3251 3073 3396 3115 esse.

1838 3153 1897 3201 ut
1928 3147 2002 3200 ita
2049 3145 2255 3210 dicam,
2290 3147 2568 3201 nominum
2613 3147 2983 3218 angelicorum
3034 3149 3392 3203 inumbratio-

1836 3255 1982 3297 nem.
2010 3240 2150 3295 Sunt
2192 3249 2248 3294 et
2271 3241 2359 3308 qui
2388 3240 2595 3305 dicunt,
2631 3240 2916 3311 theologos
2968 3252 3236 3309 oportere,
3270 3243 3395 3295 dum

1833 3331 1900 3385 ad
1946 3333 2170 3386 omnino
2219 3332 2666 3401 incorporearum
2727 3348 2905 3386 rerum
2953 3336 3388 3402 corporationem

1830 3421 2076 3483 veniunt,
2127 3421 2363 3489 propriis
2395 3421 2538 3487 illas,
2570 3430 2627 3475 et
2681 3423 2859 3489 quoad
2907 3423 3020 3475 lieri
3068 3433 3265 3490 potest,
3297 3437 3397 3476 co-

1833 3511 2014 3583 gnatis
2063 3511 2352 3567 eﬂ'ormarc
2377 3522 2540 3583 atque
2568 3513 2844 3584 explicare
2883 3515 3168 3584 speciebus
3207 3529 3390 3573 earum

1833 3618 1952 3672 qua:
1986 3603 2125 3673 apud
2158 3619 2256 3658 nos
2286 3614 2409 3658 sunt
2434 3606 3029 3675 praestantissimarum,
3063 3617 3115 3660 et
3146 3621 3210 3660 ex
3244 3618 3395 3674 parte

1835 3692 2274 3749 immaterialium
2301 3710 2363 3750 ac
2392 3697 2894 3751 lranscendentium
2927 3697 3349 3752 snbstantiarum
3377 3716 3390 3762 ;

1835 3795 1890 3839 et
1921 3801 2260 3855 nequaquam
2286 3789 2600 3843 cmlestibns
2630 3804 2693 3844 ac
2721 3788 3081 3844 deil'ormihus
3128 3791 3390 3860 simplici-

1836 3876 2060 3942 tatibt:s,
2095 3887 2342 3933 terrenas
2375 3878 2493 3933 illas
2546 3880 2760 3934 intimas
2815 3882 3159 3935 circumdare
3207 3882 3393 3935 multi-

1834 3966 2161 4024 formitates.
2197 3969 2479 4042 Siquidem
2511 3970 2563 4026 id
2616 3979 2820 4027 nostra:
2870 3973 3040 4042 magis
3065 3973 3227 4026 etiam
3265 3988 3395 4026 con-

1833 4061 2079 4116 duxisset
2112 4063 2499 4129 sublimationi,
2550 4079 2727 4134 neque
2788 4063 3255 4132 supermundialcs
3299 4079 3396 4117 ex-

1833 4155 2179 4225 planationes
2223 4157 2288 4209 ad
2319 4156 2647 4225 incongruas
2688 4155 3155 4210 dissimilitudines
3185 4157 3394 4226 coegis-

1833 4255 1957 4302 set:
1988 4249 2094 4303 hoc
2131 4257 2308 4302 autem
2341 4256 2398 4301 et
2431 4247 2640 4302 divinas
2667 4246 2896 4301 nefande
2941 4248 3168 4300 virtutes
3196 4248 3392 4312 elevat,

1834 4348 1999 4409 atque
2018 4350 2265 4394 nostrum
2286 4339 2492 4408 pariter
2513 4353 2700 4392 errare
2725 4338 2858 4392 facit
2881 4338 3235 4402 intellectum,
3263 4339 3386 4391 dum

1839 4430 2130 4486 immundis
2161 4431 2280 4485 istis
2309 4430 2530 4484 inhaeret
2555 4431 3040 4499 compositionibus
3065 4448 3078 4459 ο
3116 4441 3168 4484 et
3191 4432 3390 4484 fortas-

1834 4524 1911 4578 sis
1939 4522 2100 4577 etiam
2152 4522 2387 4591 putabit,
2439 4521 2845 4590 supercualestia
2875 4521 3108 4577 leoninis
3160 4522 3380 4592 quibus-

1837 4615 1960 4670 dam
1989 4626 2044 4669 «ιι
2076 4616 2297 4684 equinis
2340 4613 2682 4669 examinibus
2725 4613 2922 4668 referta
2981 4628 3128 4679 esse,
3163 4628 3263 4668 nec
3288 4629 3392 4666 non

1833 4706 2048 4776 mugitu
2099 4694 2452 4761 reboantibus
2499 4703 2717 4759 laudum
2757 4705 3012 4766 canticis.
3057 4713 3113 4760 et
3156 4705 3394 4760 avicula-

1834 4798 1977 4853 rium
2025 4812 2250 4870 gregum
2302 4798 2668 4870 praefecturis.
2712 4795 2944 4866 aliisque
2980 4796 3305 4851 animalibus
3332 4811 3395 4850 ac

1672 4976 1687 5014 ί
1722 4975 1762 5030 ll
1787 4975 1960 5031 Mach.
1989 4990 2072 5040 ut,
2098 4974 2170 5033 26
2198 4990 2212 5040 ;
2243 4972 2409 5030 Iosue
2438 4991 2492 5038 ν,
2522 4975 2606 5030 l5.

1428 5129 1664 5188 VARIA‘J
1699 5130 2107 5191 LECTIONES.

233 5282 280 5315 ³⁸
310 5280 378 5336 ll.
410 5283 811 5358 ἀπλαστότητα.
842 5287 1045 5344 Scotns
1078 5292 1234 5344 vertit
1267 5287 1581 5346 Veritatem.

155 5366 384 5426 pretesu
414 5353 526 5426 Duo
568 5353 798 5412 reddunt
858 5361 952 5414 καὶ
984 5359 1257 5426 θεοειδεῖς.

1668 5291 1714 5323 ³⁸
1769 5293 2203 5362 coniunctionem
2237 5294 2333 5362 καί
2371 5305 2476 5344 non
2508 5289 2670 5362 habet
2697 5287 2798 5362 Ch.
2839 5296 3184 5362 nec_vetercs
3229 5288 3396 5362 inter-

1354 5360 1395 5392 ³⁷
1435 5363 1496 5416 D.
1537 5363 1596 5435 If.
1633 5360 2050 5435 θηριομορφίαν.

2151 5361 2194 5393 ³⁸
2238 5361 2291 5413 in
2321 5361 2692 5414 vetustissimo
2731 5358 2965 5414 Memmii
3016 5359 3394 5426 corrigebatur

150 5412 579 5496 ἀγκυλοχείλων.
607 5496 617 5502 _
655 5427 704 5502 "_
734 5412 949 5502 variant
976 5412 1096 5484 libri
1133 5412 1893 5502 iti'é'cceniu'iolai,$365.}
2106 5442 2162 5486 ut
2184 5412 2293 5502 μὴ.
2325 5412 2407 5486 θεὴ
2427 5412 2515 5497 ῠζ,
2544 5412 2680 5483 νόων
2707 5412 2967 5502 scriptum
3001 5412 3394 5502 habetrtallud.

150 5512 252 5548 sua
300 5511 464 5567 ntanu
512 5496 732 5564 scripsit
769 5500 924 5554 νοῶν.
987 5503 1166 5556 Semel
1211 5504 1312 5557 hoc
1359 5506 1634 5560 momnisse
1676 5496 1945 5567 sufficiat;
1999 5520 2123 5560 nam
2173 5500 2430 5564 frequens
2471 5496 2571 5553 hoc
2614 5496 2839 5555 verbum
2884 5500 3142 5553 occurrit.

1671 5574 1717 5608 δι
1750 5575 1968 5639 αὐτούς,
2003 5575 2064 5630 D.
2107 5582 2168 5628 ut
2222 5573 2288 5624 ad
2353 5569 2633 5639 θεολόγους
2689 5569 2974 5623 referatur.

151 5565 517 5641 ξξρογραφίας
540 5605 554 5630 ,
591 5570 674 5620 cui
709 5568 922 5641 lectioni
963 5571 1157 5627 Scelus
1184 5573 1548 5641 ,astipnlatur.

3234 5498 3280 5530 “
3320 5499 3390 5551 M.

3075 5567 3119 5599 δ’
3148 5567 3217 5621 Μ.
3251 5567 3392 5630 πῶς.

148 5635 197 5718 ξ³
221 5635 327 5718 (ita.
356 5645 412 5689 et
444 5635 504 5688 Ι).
536 5637 887 5718 περιτιθέναι.
914 5713 926 5718 _
962 5643 1024 5718 “_
1049 5643 1120 5718 D._
1140 5635 1434 5718 §§Q6piCsL
1472 5644 1544 5718 Μ,
1579 5645 1680 5718 οὐκ
1714 5635 2014 5718 ἐξυβρίζειν
2066 5685 2083 5712 ,
2127 5652 2180 5718 et
2217 5642 2318 5693 οὐκ
2349 5635 2685 5718 ἀποπλανᾷν.
2710 5639 2901 5718 -Bu_da:i
2935 5638 3105 5718 codex
3137 5640 3242 5718 οὐκ
3271 5637 3393 5718 ego.

144 5704 382 5787 ϐρίζειν,
419 5704 688 5787 Quodj'lle
715 5713 954 5767 correxit
968 5714 1072 5787 οὐκ
1104 5704 1374 5787 ὲξῦερὶζε,
1408 5725 1462 5769 et
1483 5715 1586 5770 οὐκ
1618 5704 1927 5770 «insinvat:
1961 5717 2037 5773 Ita
2066 5704 2231 5787 habet
2266 5712 2412 5787 etAS.
2463 5711 2525 5787 ξ.
2558 5704 2811 5787 in'priori
2827 5779 2838 5787 _
2863 5717 3017 5776 parte
3052 5723 3175 5787 non
3231 5709 3391 5787 habet

143 5775 523 5853 afﬁnitatem.
575 5775 772 5834 Scotus
805 5786 1115 5853 negationes
1137 5775 1320 5852 vertit,
1349 5775 1684 5841 Sarracenos
1715 5789 1938 5842 omittit.
2018 5787 2062 5818 “
2096 5784 2162 5839 Μ.
2191 5775 2926 5852 ὀρνιθητικῆςβξόρνίθίας.

140 5846 422 5916 κλιθῆναι.

477 5937 751 5996 Parant.
800 5937 915 5995 Gn.
955 5938 1062 5998 Ill.

3047 5779 3094 5810 “
3126 5794 3217 5850 γρ.
3253 5779 3375 5830 ἀπο.

3033 5945 3073 6006 ὗ
