4196 6306
851 452 949 508 159

845 657 1050 721 citiam,
1082 673 1145 712 ac
1178 662 1482 728 passionem
1512 661 1884 728 provocando,
1929 675 2026 728 per
2063 662 2249 714 omnia
2298 661 2408 714 dis—

845 749 1050 802 similes
1085 749 1413 817 ejuscemodi
1455 751 1846 804 elucidantium
1876 751 2223 821 eloquiorum
2254 752 2408 806 simio

843 839 1102 893 litudines
1125 841 1460 894 describunt.
1495 840 1756 895 Veritatis
1789 851 1994 905 tamen,
2025 843 2100 896 uti
2146 859 2287 906 reor,
2320 845 2406 896 in-

844 927 1062 995 dagatio
1136 931 1475 984 demonstrat
1565 932 1997 985 sacratissimam
2061 933 2403 1002 eloquiorum

844 1019 1190 1085 Sapientiam,
1226 1022 1275 1072 in
1323 1022 1623 1077 cmlestium
1689 1023 2059 1079 eilictinnibus
2101 1027 2405 1097 intelligcn-

840 1110 1061 1176 tiaruin,
1093 1121 1378 1182 utrumque
1426 1115 1730 1170 luculenter
1780 1118 2100 1183 providisse,
2136 1128 2192 1171 ut
2218 1135 2394 1186 neque

838 1203 1069 1257 virtutes
1095 1205 1290 1259 divina:
1328 1207 1405 1269 (ιιι
1440 1208 1508 1259 ita
1536 1209 1656 1276 quis
1697 1209 1918 1278 dixerit)
1947 1211 2404 1264 centtuneliosins

837 1302 1298 1359 extenuarentur;
1361 1314 1532 1367 neque
1586 1315 1681 1352 uos
1730 1301 1878 1353 bumi
1930 1303 2240 1369 repentilms
2272 1303 2405 1355 ima-

837 1387 1018 1450 ginum
1072 1387 1374 1442 vilitatibus
1423 1392 1662 1444 tenacius
1715 1391 2075 1460 alligeremur.
2111 1391 2400 1459 Cmterum,

836 1494 934 1531 cur
974 1481 1167 1532 merito
1231 1481 1398 1550 ﬁgura
1467 1485 1773 1539 carentibus
1843 1486 2049 1554 ﬁgurae,
2107 1496 2162 1541 et
2203 1486 2403 1556 efﬁgies

835 1568 1135 1637 iueﬂigiatis
1169 1571 1329 1626 rebus
1365 1574 1613 1630 obductae
1665 1576 1882 1642 fuerint,
1915 1594 2018 1632 non
2056 1581 2230 1633 solum
2276 1595 2402 1633 cau-

834 1676 946 1713 sam
975 1662 1172 1715 dixerit
1209 1664 1331 1732 quis
1355 1680 1473 1719 esse
1506 1679 1742 1721 nostram
1774 1670 2198 1726 imbecillitatem
2242 1712 2257 1736 ,
2284 1687 2402 1740 quae

834 1753 1018 1820 nequit
1051 1755 1357 1810 iuunediate
1393 1759 1724 1825 spiritalibus
1751 1762 2035 1816 intendere
2062 1766 2399 1834 contempla-

832 1845 1091 1907 tionibus,
1151 1847 1461 1918 iudigetque
1524 1854 1760 1920 propriis
1812 1871 1875 1908 ac
1925 1858 2397 1919 conuaturalibus.

2015 453 2065 507 S.
2105 452 2399 509 DIONYSII
2435 454 2894 511 ΑΒΕΟΡΑΩΙΉΕ

848 565 1127 620 vilioribus
1161 566 1423 631 materiis,
1449 581 1585 630 quas
1634 568 1700 623 ad
1732 569 2121 622 absurditatcm
2162 577 2211 622 et
2245 583 2409 638 spur-
2437 585 2480 637 Α

1449 581 1585 630 quas
1634 568 1700 623 ad
1732 569 2121 622 absurditatcm
2162 577 2211 622 et
2245 583 2409 638 Spnr-
2437 585 2480 637 Α
2510 571 2841 640 ὁμοιότητες.
2892 571 3026 623 Ἀλλ’
3063 573 3093 641 ἡ

3975 460 4074 515 ιιι

3152 575 3188 602 ⁵⁷
3226 575 3319 642 τῆς
3348 570 3598 644 ἀληθείας
3648 573 3725 633 ὡς
3766 571 3935 645 οἶμαι,
3979 575 4073 646 ςή-

2507 677 2663 730 τησις
2720 662 3062 716 ἀποδείκνυσι
3115 665 3212 734 τὴν
3255 662 3364 715 τῶν
3407 663 3598 730 λογίων
3648 665 3943 735 ἱερωτάτην
3989 682 4074 717 σο-

2510 752 2654 820 φίαν,
2691 756 2746 805 ὲν
2788 757 2906 817 ταῖς
2937 755 3046 807 τῶν
3077 754 3340 825 οὐρανίων
3371 755 3504 808 νόων
3549 755 3908 825 μορφώσεσιν,
3943 757 4073 808 ἐκα-

2507 849 2662 918 τέρου
2693 848 2883 918 κομιδῇ
2921 850 3312 918 προνοήσασαν,
3345 848 3420 907 ὡς
3470 851 3602 919 μήτε
3648 850 3727 910 είς
3766 849 3863 910 τὰς
3904 847 4072 911 θείας,

2507 939 2581 1000 ὡς
2614 939 2679 991 ἂν
2708 938 2838 1008 φαίη
2868 955 2970 1001 τις,
2998 939 3272 1008 ἐξυϐρίσαι
3300 938 3574 1008 δυνάμεις,
3621 941 3753 1009 μήτε
3788 941 3890 1009 μὴν
3927 939 4075 1008 ἡμᾶς

2507 1032 2586 1092 εἰς
2614 1030 2710 1093 τὰς
2732 1031 3097 1102 χαμαιζήλους
3114 1029 3371 1100 ἐμπαθῶς
3389 1031 3698 1100 ἐμπαγῆναι
3720 1029 3826 1081 τῶν
3855 1029 4074 1081 εἰκόνων

2504 1119 2912 1188 ταπεινότητας.
2946 1120 3068 1172 Ὅτι
3123 1119 3221 1187 μὲν
3256 1117 3363 1189 γὰρ
3410 1118 3634 1182 εἰκότως
3677 1119 4073 1190 προϐέϐληνται

2505 1208 2613 1260 τῶν
2680 1207 2975 1261 ἀτυπὼτων
3025 1210 3074 1260 οἱ
3132 1209 3314 1271 τύποι,
3381 1210 3487 1272 καὶ,
3533 1208 3601 1260 τά
3662 1210 3911 1278 σχήματα
3965 1208 4073 1260 τῶν

2509 1304 2951 1373 ἀσχηματίστων,
3013 1302 3073 1353 οὗ
3121 1301 3286 1372 μόνην
3331 1301 3508 1354 αἰτίαν
3555 1300 3688 1369 φαίη
3743 1315 3826 1360 τις
3874 1300 3938 1352 ἂν
3993 1297 4071 1352 εί-

2505 1415 2590 1448 ναι
2643 1397 2740 1466 τὴν
2794 1395 2914 1448 καθ’
2965 1397 3112 1464 ἡμᾶς
3173 1394 3460 1462 ἀναλογίαν
3509 1393 3872 1446 ἀδυνατοῦσαν
3933 1396 4069 1464 ἀμέ-

2507 1503 2612 1547 σως
2662 1486 2754 1537 ἐπὶ
2781 1484 2879 1546 τὰς
2910 1482 3106 1553 νοητὰς
3133 1484 3504 1541 ἀνατείνεσθαι
3549 1483 3800 1553 Θεωρίας,
3837 1483 3930 1536 καὶ
3956 1484 4068 1535 δεο-

2507 1578 2670 1646 μένην
2700 1577 2914 1627 οἰκείων
2961 1576 3054 1628 καὶ
3104 1574 3366 1644 συμφυῶν
3409 1575 3730 1642 ἀναγωγιῶν
3776 1575 3839 1631 ⁸⁸.
3891 1576 3947 1628 αἳ
3975 1576 4071 1636 τὰς

2507 1670 2735 1738 ἐφικτάς
2799 1673 2928 1740 ἡμῖν
2992 1669 3298 1740 μορφώσεις
3362 1669 3698 1738 προτείνουσι
3746 1667 3854 1719 τῶν
3902 1670 4071 1738 ἀμορ-

2502 1762 2692 1831 φώτων
2721 1761 3118 1834 καὶὺπερξρυῶν
3145 1761 3430 1830 Θεαμάτων
3454 1758 3496 1791 ⁸9
3515 1777 3528 1789 ·
3553 1759 3665 1811 ἀλλ’
3697 1761 3777 1812 ὅτι
3800 1761 3890 1812 καὶ
3915 1760 4070 1812 τοῦτο

2498 1859 2630 1917 τοῖς·
2657 1858 2933 1925 μυστικοῖς
2983 1855 3180 1922 λογίοις
3223 1854 3338 1905 ἐστὶ
3389 1851 3854 1922 πρεπωδέστατον,
3900 1850 3963 1903 τὸ
4007 1851 4066 1902 δι’

831 1937 1029 2002 quibus
1080 1939 1350 2006 erigatur,
1399 1942 1742 1998 adminiculis
1795 1960 1887 1998 seu
1937 1949 2239 2017 anagogiis,
2274 1965 2392 2018 quae
2425 1964 2464 2017 Β

2425 1964 2464 2017 Β
2494 1948 2822 2019 ἀπορρήτων
2879 1946 2971 1998 καὶ⁸
3017 1945 3175 2014 ἱερῶν
3227 1944 3559 2012 αίνιγμὰτων
3604 1942 4065 2010 ἀποκρύπτεσθαι,

830 2039 1109 2098 perceptas
1139 2047 1166 2086 a
1204 2034 1361 2087 nobis
1390 2035 1591 2106 effigies
1621 2037 1948 2107 'ineﬂigiatis
1976 2056 2038 2095 ac
2067 2039 2393 2108 superna'tu-

828 2118 1038 2174 ralibus
1084 2125 1410 2190 spectaculis
1439 2129 1810 2194 praetendant;
1851 2133 1942 2187 sed
1971 2133 2112 2201 quod
2146 2134 2245 2188 hoc
2281 2150 2395 2205 my-

827 2211 982 2266 sticis
1036 2214 1201 2268 etiam
1265 2218 1500 2272 oraculis
1556 2221 1638 2272 vel
1694 2225 1927 2277 maxime
1973 2226 2278 2290 conveniat,
2335 2235 2393 2277 ut

830 2301 931 2370 13
954 2301 1311 2358 ineﬂ'abilibus
1335 2318 1386 2359 et
1414 2309 1584 2362 sacris
1606 2310 1981 2380 aznigmatibus
2007 2313 2311 2370 recondam.
2339 2324 2396 2367 et

826 2395 1162 2449 inaccessam
1218 2407 1374 2469 vulgo
1425 2403 1760 2455 constituant
1794 2418 2005 2456 sacram
2038 2404 2181 2456 illam
2213 2415 2268 2458 et
2303 2419 2389 2458 ar-

825 2502 1012 2540 mnam
1042 2493 1608 2556 Supm'uuuulauarum
1641 2495 1903 2547 mentium
1929 2497 2239 2550 veritatem.
2269 2496 2393 2562 Qui-

823 2575 956 2631 libet
978 2583 1119 2632 enim
1153 2597 1256 2637 non
1292 2593 1372 2637 est
1402 2595 1644 2649 sanctus,
1680 2601 1855 2654 neque
1881 2589 2144 2650 omnium,
2173 2599 2227 2641 ut
2252 2585 2388 2641 Ora-

821 2667 944 2721 cule
995 2680 1283 2737 testantur,
1313 2675 1541 2729 scientia
1575 2685 1660 2730 est
1690 2676 1737 2729 ι.
1774 2677 1943 2731 Porro
1971 2678 2016 2731 si
2069 2681 2192 2748 quis
2227 2682 2386 2734 absu—

2497 2037 2588 2089 καὶ
2652 2034 2850 2088 ἄϐατον
2881 2036 2990 2095 τοῖς
3059 2033 3274 2095 πολλοῖς
3331 2031 3534 2084 τιθέναι
3598 2030 3694 2101 τὴν
3763 2031 3912 2100 ἱερὰν
3975 2031 4067 2084 καὶ

2497 2127 2732 2198 κρυφίαν
2764 2124 2871 2177 τῶν
2895 2125 3278 2195 ὑπερκοσμίων
3308 2124 3440 2176 νόων
3463 2122 3734 2192 ἀλήθειαν.
3779 2123 3934 2174 Ἔστι
3961 2121 4068 2192 γὰρ

2495 2220 2553 2272 οὐ
2586 2219 2692 2270 πᾶς
2738 2217 2899 2287 ἱερὸς,
2926 2217 3046 2269 οὐδὲ
3087 2217 3323 2277 πάντων,
3369 2215 3443 2277 ὡς
3488 2214 3556 2267 τά
3604 2213 3763 2281 λόγιά
3813 2230 3996 2283 φησιν,
4035 2215 4066 2281 ἡ

2494 2312 2711 2380 γνῶσις.
2770 2311 2832 2363 Ei
2887 2311 2943 2363 δὲ
3000 2309 3099 2372 τὰς
3145 2308 3592 2379 ἀπεμφαινοόσας
3652 2307 4068 2378 είκονογραφίας

2494 2403 2789 2456 αίτιάσοιτό
2816 2419 2918 2465 τις,
2956 2401 3218 2454 αἰδεῖσθαι
3255 2399 3425 2467 λέγων
3460 2397 3762 2450 ἀνατιθέναι
3801 2397 3871 2449 τὰ
3897 2395 4068 2458 οὕτως

2497 2490 2696 2562 αἰσχρά
2741 2491 3080 2562 μορφώματα
3123 2492 3244 2550 ταῖς
3303 2487 3556 2540 θεοειδέσι
3607 2487 3700 2538 καὶ
3741 2487 4069 2554 ἁγιωτάταις

2493 2585 2929 2654 διακοσμήσεσιψ
2961 2582 3172 2652 ἀπόχρη
3209 2582 3344 2651 πρὸς
3386 2579 3545 2633 αὑτὸν
3571 2581 3763 2642 εἰπεῖν,
3794 2579 3868 2641 ὡς
3893 2578 4068 2639 διττός

2495 2680 2607 2729 ἐστι
2636 2677 2732 2747 τῆς
2767 2677 2918 2746 ἱερᾶς
2946 2675 3306 2743 ὲκφαντορίας
3338 2673 3365 2724 ὁ
3387 2673 3606 2742 τρόπος.

824 2773 926 2812 uas
982 2760 1337 2832 elIigiationes
1392 2765 1706 2834 improbarit
1743 2806 1758 2830 ,
1803 2767 2107 2835 pudendum
2160 2783 2446 2830 asserens,
2475 2779 2581 2821 tam
2629 2767 2802 2835 turpia
2857 2764 3208 2818 deiformibus
3247 2763 3709 2832 sanctissimisque
3754 2762 4065 2815 adornatio-

821 2853 981 2907 uibus
1009 2853 1261 2926 alliugere
1319 2857 1603 2913 simulacra
1635 2899 1650 2924 ,
1691 2859 1828 2913 satis
1871 2859 1940 2913 sit
1967 2859 2041 2914 illi
2089 2861 2430 2931 reposuisse,
2461 2862 2723 2928 duplicem
2771 2876 2891 2914 esse
2944 2875 3112 2915 sacra!
3145 2858 3286 2911 illius
3332 2856 3565 2923 mystica:
3615 2855 4068 2910 manifestatiuns

819 2946 1060 3000 Inodunn

2341 3071 2368 3142 ς
2408 3067 2511 3127 ιιι.

893 3208 1064 3265 Unum
1106 3212 1348 3279 quidem,
1393 3215 1506 3283 qui,
1541 3223 1597 3267 ut
1643 3230 1738 3284 par
1770 3226 1870 3282 est,
1913 3231 2007 3286 per
2049 3217 2250 3271 similes
2292 3230 2445 3286 εει-ρ

816 3321 1029 3359 erarum
1059 3305 1354 3373 figurarum
1391 3307 1650 3376 imagines
1677 3310 1954 3376 procedit;
1979 3311 2204 3364 alterum
2232 3324 2378 3373 vero,

816 3399 909 3467 qui
960 3414 1053 3468 per
1111 3399 1401 3454 dissimiles
1452 3401 1858 3458 eiiormatioues
1913 3405 1977 3456 ad
2014 3403 2380 3457 omnimodam

815 3487 1309 3543 dissimilitudinem
1351 3502 1406 3544 et
1437 3493 1856 3561 discrepantiam
1903 3495 2190 3564 eﬂingitur.
2223 3495 2380 3547 Deni—

814 3595 919 3646 que
951 3581 1313 3634 venerandam
1350 3587 1828 3652 supercssentialis
1871 3586 2098 3641 Deitatis
2151 3588 2380 3641 beatitu-

815 3671 1015 3733 dinem,
1050 3671 1437 3727 elucidantium
1483 3676 1818 3742 eloquiorum
1854 3679 2094 3747 mysticae
2127 3678 2376 3731 traditio-

815 3777 908 3816 nes
948 3763 1235 3830 aliquando
1282 3767 1497 3833 quidem
1555 3776 1611 3821 ut
1662 3768 1896 3823 Verbqu
1934 3780 1988 3823 et
2038 3781 2296 3835 mentem,
2325 3782 2377 3825 et

810 3855 1169 3910 substantiam
1211 3856 1456 3923 laudant,
1505 3861 1916 3914 convenientem
1951 3861 2059 3915 Deo
2094 3861 2374 3915 rationab-

812 3957 973 4002 tatetn
1007 3958 1167 4017 atque
1205 3952 1525 4019 sapientiam
1567 3953 1685 4021 ejus
1723 3954 2096 4019 ileclarautes;
2129 3969 2226 4007 nec
2272 3971 2373 4008 non

810 4040 1173 4094 essentialiter
1200 4053 1465 4096 essentem
1498 4044 1901 4108 exsistentiam,
1932 4055 1982 4097 et
2017 4060 2194 4098 rerum
2225 4047 2372 4100 exsi-

809 4135 1022 4188 stentim
1073 4151 1293 4189 causam
1335 4153 1544 4203 veram,
1600 4150 1760 4208 atque
1798 4141 1974 4193 instar
2015 4139 2149 4194 lucis
2201 4139 2372 4207 ipsam

809 4223 1090 4295 elliugunt,
1140 4237 1194 4282 et
1228 4230 1392 4283 vitam
1438 4231 1712 4300 appellant
1742 4249 1754 4283 :
1787 4232 2089 4299 cujusmodi
2121 4233 2370 4300 ﬁgmenta

807 4329 958 4369 sacra
987 4332 1001 4377 ;
1031 4332 1152 4370 cum
1200 4321 1417 4387 quidem
1468 4324 1636 4393 magis
1674 4339 1908 4393 congrua
1950 4324 2079 4390 sint,
2115 4327 2369 4379 materia-

806 4406 1053 4475 libusque
1109 4409 1298 4479 ﬁguris
1343 4417 1665 4470 autecellere
1709 4420 2112 4486 quodammodo
2148 4419 2368 4473 videan-

806 4507 916 4558 tur,
950 4509 1185 4555 attamen
1221 4503 1366 4557 velut
1394 4507 1470 4560 sic
1506 4508 1667 4562 etiam
1696 4524 1723 4561 a
1755 4509 1949 4564 divina:
2001 4511 2369 4566 similitudinis

2563 3216 2618 3269 Ὀ
2653 3215 2768 3286 μὲν,
2803 3215 2877 3276 ὡς
2917 3214 3080 3276 εἰκὸς,
3119 3212 3204 3265 διὰ
3241 3212 3348 3264 τῶν
3380 3214 3580 3284 ὁμοίων
3612 3214 3812 3287 προῖὼν
3857 3213 4065 3282 ίεροτύ-

2486 3326 2601 3361 πων
2633 3308 2871 3360 εἰκόνωνο
2897 3308 2924 3358 ό
2950 3305 3004 3356 δὲ
3047 3303 3133 3358 διὰ
3160 3304 3267 3356 τῶν
3309 3305 3573 3375 ἀνομοίων
3608 3305 3950 3377 μορφοποιῶν
3980 3307 4065 3368 είς

2482 3398 2544 3456 τὸ
2571 3397 2845 3459 παντελῶς
2874 3396 2919 3427 ⁸ο
2967 3395 3217 3457 ἀπεοικὸς
3245 3395 3334 3448 καὶ
3374 3396 3708 3466 ἀπεμφαῖνον
3757 3395 4061 3464 πλαττόμε-

2484 3510 2590 3555 νος.
2631 3489 2843 3560 Ἀμέλει
2867 3490 2958 3540 ua".
2982 3488 3080 3556 τὴν
3114 3488 3410 3559 σεϐασμίαν
3435 3489 3531 3558 τῆς
3555 3489 3880 3559 ὁπερουσίου
3909 3487 4064 3560 Θεαρ-

2480 3585 2604 3654 χίας
2636 3580 3004 3653 μακαριότητα
3030 3577 3555 3649 τῶνὲκφαντορικῶν
3584 3579 3777 3646 λογίων
3797 3581 3850 3630 αἱ
3878 3596 4064 3646 μυστιο

2479 3677 2572 3729 καὶ
2626 3675 2945 3745 παραδόσεις
2998 3672 3127 3724 ποτε
3171 3672 3270 3741 μὲν
3316 3671 3388 3733 ὡς
3415 3670 3588 3737 Λόγον
3629 3671 3721 3722 καὶ
3764 3671 3886 3723 νοῦν
3961 3670 4061 3723 καὶ

2478 3769 2662 3821 οὐσίαν
2693 3765 2939 3836 ὑμνοῦσι,
2985 3766 3083 3836 τὴν
3113 3764 3388 3834 Θεοπρεπῆ
3415 3763 3699 3832 λογιότητα
3729 3762 3818 3814 καὶ
3860 3763 4057 3829 σοφίαν

2476 3861 2643 3928 αὐτῆς
2676 3857 2945 3931 δηλοῦσαι,
2993 3858 3082 3909 καὶ
3112 3857 3279 3918 ὅντως
3318 3853 3481 3908 οὖσαν
3526 3853 3773 3926 ὓπαρξιν,
3814 3855 3904 3907 καὶ
3951 3855 4057 3923 τῆς

2476 3951 2581 4002 τῶν
2613 3950 2777 4001 ὄντων
2805 3947 3089 4017 ὑπάρξεως
3115 3946 3292 3998 αἰτίαν
3319 3944 3598 4015 ἀληθινὴν,
3633 3945 3724 3996 καὶ
3745 3945 3789 3976 ⁵⁰
3809 3947 3903 4006 ’ὼς
3933 3943 4057 4010 φῶς

2475 4040 2642 4111 αὐτὴν
2673 4039 3089 4099 ἀναπλάττουσι,
3123 4037 3217 4088 καὶ
3253 4035 3394 4105 ζωὴν
3425 4034 3776 4088 ἀποκαλοῦσι·
3808 4033 3915 4088 τῶν
3936 4050 4056 4087 τοι-

2474 4129 2643 4180 ούτων
2683 4128 2841 4198 ἱερῶν
2887 4126 3320 4196 ἀναπλασμάτων
3352 4125 3685 4196 σεμνοτέρων
3729 4125 3826 4194 μὲν
3861 4125 4057 4188 ὄντων,

2474 4222 2568 4275 καὶ
2596 4222 2704 4274 τῶν
2736 4221 3015 4292 προσύλων
3051 4219 3379 4292 μορφώσεων
3422 4218 3773 4289 ὑπερκεῖσθαι
3819 4233 3933 4278 πως
3966 4218 4060 4269 δο-

2475 4313 2730 4375 κούντων,
2756 4311 3084 4365 ἀποδεόντων
3106 4311 3160 4363 δὲ
3189 4313 3280 4364 καὶ
3306 4311 3445 4363 οὕτω
3476 4312 3571 4381 τῆς
3597 4307 3884 4378 θεαρχικῆς
3910 4306 4060 4379 πρὸς

2474 4407 2724 4477 ἀλήθειαν
2751 4406 3065 4477 ὲμφερείας·
3098 4405 3212 4458 ἐστι
3242 4404 3347 4476 γὰρ
3379 4405 3518 4476 ὑπὲρ
3549 4406 3723 4457 πᾶσαν
3745 4402 3924 4456 οὐσίαν
3954 4405 4058 4457 καὶ

2474 4501 2634 4573 ζωὴν,
2695 4501 2903 4563 οὐδενὸς
2968 4503 3062 4571 μὲν
3104 4501 3270 4572 αὐτὴν
3320 4503 3494 4570 φωτὸς
3537 4500 4054 4572 χαρακτηρίζοντος,

804 4591 1036 4646 veritate
1070 4595 1357 4666 deﬁciunt;
1390 4600 1652 4667 siquidem
1693 4601 1905 4653 excedit
1934 4617 2144 4655 omnem
2178 4616 2366 4655 essen-
2401 4617 2442 4672 D

2401 4617 2442 4672 D
2472 4595 2668 4657 παντὸς
2689 4594 2743 4647 δὲ
2774 4593 2931 4660 λόγου
2962 4595 3055 4646 καὶ
3097 4593 3188 4646 νοῦ
3217 4594 3314 4664 τῆς
3337 4593 3650 4665 ὁμοιότητος
3684 4591 3849 4663 αὐτῆς
3885 4593 4056 4660 ἀσυγ-

806 4682 933 4734 tiam
972 4693 1026 4736 et
1058 4685 1240 4749 vitam,
1281 4704 1452 4758 neque
1485 4691 1650 4758 Ipsam
1686 4693 1789 4745 ulla
1821 4691 1910 4745 lux
1947 4693 2222 4762 exprimit,
2247 4697 2363 4745 omv'

804 4772 996 4839 nisque
1032 4776 1175 4830 ratio
1199 4793 1262 4832 ac
1291 4779 1400 4832 vita
1429 4786 1494 4832 ab
1530 4782 1646 4850 ejus
1691 4785 2043 4837 similitudine
2085 4787 2362 4850 incompa-

804 4863 1045 4919 rabiliter
1075 4865 1348 4922 desciscit.
1382 4869 1781 4941 Nonnunquam
1836 4889 1962 4927 vero
2011 4873 2363 4928 dissimilibus

801 4952 1255 5013 elucidatiouibus
1282 4962 1348 5013 ab
1374 4962 1563 5015 iisdem
1592 4965 1823 5033 eloquiis
1852 4966 2363 5034 supernmndialiter

800 5047 1127 5111 celebratur,
1169 5052 1292 5104 dum
1329 5054 1472 5108 illam
1512 5057 1833 5113 invisibilem
1873 5061 1913 5121 ι,
1947 5068 2002 5112 et.
2029 5059 2292 5113 inﬁnitam
2324 5067 2360 5088 "

798 5148 853 5190 et
902 5140 1499 5207 incomprehensibilem
1550 5157 1575 5183 ιι
1605 5149 1896 5217 appellant,
1946 5161 1999 5202 et
2047 5165 2112 5201 ex
2167 5150 2362 5217 quibus

800 5240 904 5278 non
936 5230 1063 5295 quid
1092 5240 1194 5293 est,
1225 5233 1320 5286 sed
1369 5235 1496 5302 quid
1544 5253 1647 5290 non
1694 5249 1778 5292 est
1813 5239 2162 5307 significatur.
2190 5241 2365 5307 Atque

872 5369 896 5405 ι
929 5367 945 5419 Ι
973 5369 1098 5422 Cor.
1137 5385 1253 5435 vui,
1277 5373 1332 5426 7.
1417 5375 1429 5411 ι
1470 5376 1653 5431 ΙΤίιιι.
1686 5395 1758 5442 vi,
1794 5380 1879 5433 16.

1959 5392 1995 5417 ιιι
2029 5380 2171 5434 P5al.
2197 5397 2379 5447 cxuv,
2418 5383 2504 5435 15.

2471 4686 2670 4756 κρίτως
2725 4684 3185 4754 ἀπολειπομένων.
3221 4685 3354 4736 Ποτὲ
3411 4684 3464 4736 δὲ
3515 4688 3632 4748 ταῖς
3693 4683 3962 4753 ἀνομοίοις
4003 4684 4053 4714 ³⁸

2471 4778 2848 4847 ὲκφαντορίαις
2892 4777 2995 4828 ὑπὸ
3037 4776 3143 4827 τῶν
3196 4775 3372 4828 αὐτῶν
3419 4775 3614 4843 λογίων
3662 4775 4054 4845 ὑπερκοσμίως

2472 4873 2735 4940 ὑμνεῖται,
2771 4871 2994 4941 ἀόρατον
3020 4869 3186 4938 αὐτὴν
3207 4909 3220 4932 ,
3253 4869 3345 4920 καὶ
3374 4869 3615 4938 ἄπειρον,
3643 4868 3732 4920 καὶ
3761 4866 4053 4936 ἀχὼρητον

2471 4960 2913 5022 ἀποκαλούντων,
2951 4961 3042 5011 καὶ
3090 4959 3158 5010 τὰ
3187 4957 3244 5022 ἐξ
3274 4952 3367 5021 ὧν,
3417 4960 3478 5010 οὐ
3507 4958 3558 5009 τί
3597 4959 3761 5022 ἐστιν,
3801 4957 3936 5010 ἀλλά
3991 4963 4050 5011 τί

2469 5061 2566 5112 οὑκ
2599 5059 2733 5121 ἔστι,
2768 5059 3103 5130 σημαίνεται.
3141 5058 3309 5110 Τοῦτο
3338 5058 3464 5127 γὰρ,
3499 5057 3573 5121 ὡς
3605 5054 3774 5127 οἶμαι,
3811 5058 3903 5109 καὶ
3940 5075 4048 5110 κυ-

2473 5151 2726 5222 ριώτερόν
2771 5154 2914 5204 ἐστιν
2970 5153 3055 5204 ἐπ’
3101 5151 3286 5219 αὐτῆς·
3339 5151 3586 5220 ἐπείπερ,
3635 5150 3708 5212 ὡς
3752 5152 3782 5220 ή
3833 5151 4048 5220 κρυφία

2472 5242 2566 5294 καὶ
2605 5244 2637 5311 ἡ
2674 5243 2921 5312 ίερατικὴ
2980 5241 3273 5313 παράδοσις
3315 5242 3650 5309 ὑφηγήσατο,
3691 5242 3749 5294 τὸ
3790 5243 3884 5311 μὲν
3936 5243 4046 5298 οὐκ

2584 5393 2608 5419 η
2643 5385 2988 5444 Rem.x1.55

2069 5551 2294 5605 \‘ARle
2334 5550 2730 5607 LECTIONES.

866 5702 908 5732 δτ
946 5703 1061 5782 lege
1099 5705 1492 5782 in__no_minandi
1525 5725 1682 5782 casu,
1715 5726 1983 5782 consensu
2015 5714 2405 5779 exemplarium
2439 5715 2492 5782 ἡ.
2570 5714 2614 5742 ⁸⁸
2640 5713 2737 5766 Ch.
2774 5722 2825 5765 et
2859 5712 3267 5782 0.νάναγωγὼν.

3348 5711 3392 5740 δ’
3425 5709 3531 5761 τῶν
3559 5707 3800 5760 εἰκόνων.
3875 5705 3924 5739 ⁸⁸
3969 5710 4044 5763 ιιι

796 5772 1071 5852 παντελές».
1105 5844 1115 5852 Ι
1148 5775 1214 5852 ⁸ος
1248 5775 1514 5852 l’ra~pnii_i_t
1571 5779 1794 5834 Budares
1850 5781 1975 5834 ποτὲ
2009 5782 2087 5845 δέ,
2126 5772 2268 5851 quod
2321 5772 2712 5852 nulli'_codices
2765 5791 2859 5835 aut
2900 5781 2989 5833 alii
3031 5772 3357 5850 interpretes
3390 5781 3605 5835 habent.
3681 5778 3725 5808 "
3761 5779 3821 5831 Β.
3849 5789 3902 5831 et
3927 5779 4038 5838 Cb.

797 5843 993 5896 addunt
1027 5844 1137 5906 καί,
1170 5846 1268 5908 sic,
1296 5848 1419 5898 ποτὲ
1454 5848 1508 5900 δὲ
1543 5851 1635 5900 καὶ
1663 5853 1776 5913 ταῖς
1806 5853 1889 5903 ἀν.
