4198 6304
165 409 262 463 Ml

1160 409 1244 464 DE
1274 407 1596 465 C(ELESTI
1642 405 2088 470 HIERARCHIA,
2131 405 2283 460 CAP.
2329 403 2391 459 ll.

3312 404 3412 460 ΗΞ

161 521 305 579 ιῐναι
338 527 476 579 κατὰ
503 543 556 578 τι
586 527 694 581 τῶν
728 528 897 585 ὄντων
935 529 1101 601 αὐτὴν
1134 529 1491 602 ἀληθεύομεν,
1521 528 1742 597 ἀγνοοῦ-
1771 533 1812 586 Α

1771 533 1812 586 Α
1845 526 1968 587 hoc,
2009 534 2065 576 ut
2117 524 2374 584 arbitror,
2415 519 2589 587 magis
2628 519 2726 588 ipsi
2771 519 3047 588 proprium
3095 529 3216 580 est;
3264 535 3406 581 nam.

163 634 266 688 μεν
301 618 356 671 δὲ
385 619 485 690 τὴν
520 620 842 691 ὑπερούσιον
866 622 1031 692 αὐτῆς
1081 621 1176 673 καὶ
1206 620 1430 690 ἀνόητον
1450 622 1541 673 καὶ
1570 619 1744 691 ἀρρη-

159 729 256 768 τον
291 710 588 785 ἀοριστίαν.
634 713 697 765 Εἰ
729 714 906 765 τοίνυν
939 708 1024 764 αί⁵
1041 713 1137 782 μὲν
1179 712 1479 781 ἀποφάσεις
1510 711 1601 764 ἐπὶ
1633 709 1742 762 τῶν

159 802 325 858 θείων
357 804 597 875 ἀληθεῖς,
623 807 677 858 αί
699 805 755 859 δὲ
777 804 1108 874 καταφάσεις
1131 805 1478 877 ἀνάρμοστοι,
1513 806 1578 874 τῇ
1607 820 1742 875 κρυ-

160 897 380 968 φιότητι
410 895 519 950 τῶν
552 897 875 968 ἀπορρήτων
903 897 1201 969 οἰκειοτέρα
1243 895 1437 968 μᾶλλόν
1470 897 1614 949 ἐστιν
1651 897 1743 948 ἐπὶ

159 988 271 1041 τῶν
300 989 600 1061 ἀοράτωνή
629 989 718 1042 διὰ
733 989 841 1041 τῶν
865 989 1132 1059 ἀνομοίων
1161 989 1511 1042 ἁναπλάσεων
1540 990 1742 1058 ἐκφαν-

160 1081 342 1152 τορία·
401 1080 599 1151 τιμῶσι
650 1081 936 1152 τοιγαροῦν
966 1082 1032 1145 ⁸³,
1070 1081 1169 1133 οὐκ
1218 1082 1436 1150 αἴσχους
1491 1079 1739 1150 ἀποπλη-

164 1172 342 1242 ροῦσι,
373 1172 474 1236 τὰς
510 1172 790 1243 οὐρανίους
835 1172 1219 1243 διακοσμήσεις
1273 1172 1365 1225 καὶ
1409 1166 1465 1225 αἱ
1510 1173 1619 1225 τῶν
1652 1171 1742 1225 λο-

159 1266 296 1334 γίων
329 1265 694 1337 ἱερογραφίαι,
722 1268 840 1328 ταῖς
865 1265 1137 1336 ἀνομοίοις
1165 1265 1330 1328 αὐτὰς
1366 1263 1742 1336 μορφοποιῖαις

160 1358 536 1427 ὶκφαίνουσαι,
582 1356 671 1410 διά
713 1357 916 1413 τούτων
959 1357 1488 1434 ἀποδεικνῦσαιτῶν
1540 1358 1740 1413 ὑλικῶν

161 1448 420 1502 ἁπάντων
467 1448 848 1519 ὑπερκοσμίως
893 1447 1251 1520 ὲκὸεὸηκυίας
1295 1449 1360 1501 ⁵³.
1400 1450 1520 1502 Ὅτι
1560 1449 1616 1502 δὲ
1647 1451 1740 1502 καὶ

159 1539 251 1591 τὸν
286 1541 554 1612 ἡμέτερον
593 1542 640 1575 ⁸⁸
662 1538 784 1592 νοῦν
828 1540 1085 1609 ἀνάγουσι
1122 1540 1318 1612 μᾶλλον
1364 1543 1419 1596 αἱ
1459 1541 1738 1612 ἀπεμφαί-

159 1650 350 1687 νουσαι
381 1635 489 1687 τῶν
524 1636 854 1706 ὁμοιοτήτων
875 1675 890 1700 ,
919 1639 1019 1691 οὐκ
1049 1633 1199 1708 οἶμαί
1240 1654 1360 1691 τινα
1403 1639 1512 1692 τῶν
1545 1640 1740 1708 εὐφρο-

159 1726 398 1778 νούντων
447 1726 717 1797 ἀντερεῖνοι
759 1728 840 1791 είς
888 1728 985 1798 μὲν
1034 1732 1080 1764 ⁸⁸
1108 1731 1214 1798 γὰρ
1257 1729 1356 1793 τάς
1411 1731 1738 1803 τιμιωτέρας

162 1817 544 1889 ίεροπλαστίας
569 1818 716 1882 εἰκός
757 1819 871 1872 ἐστι
903 1818 996 1873 καὶ
1033 1820 1363 1891 πλανηθῆναι
1394 1821 1458 1886 ⁵⁸,
1489 1840 1736 1894 χρυσοει-

157 1910 268 1975 δείς
301 1912 347 1943 ⁸⁷
380 1927 530 1975 τινας
568 1912 847 1983 οἰομένους
890 1909 1028 1966 εἶναι
1078 1913 1177 1977 τὰς
1226 1915 1482 1986 οὐρανίας
1529 1915 1734 1980 οὐσίας,

161 2005 252 2057 καὶ
307 2005 612 2073 φωτοειδεῖς
655 2023 804 2068 τινας
846 2005 1063 2077 ἄνδρας,
1112 2006 1201 2058 καὶ
1248 2006 1733 2078 ὲξαστράπτοντας,

157 2087 476 2168 εὐπρεπεῖς,
524 2098 930 2170 ἠμφιεσμένους
983 2098 1187 2167 ἐσθῆτα
1243 2099 1413 2170 φανὴν
1442 2108 1507 2163 πο,
1535 2101 1625 2154 καὶ
1674 2102 1735 2155 τὸ

157 2190 408 2261 πυρῶδες
455 2189 704 2254 ἀϐλαϐῶς
736 2191 1170 2256 ἀποστίλϐοντας,
1227 2194 1319 2247 καὶ
1365 2193 1508 2257 ὅσοις
1557 2195 1734 2259 ἄλλοις

156 2282 582 2352 όμοιοτυπώτοις
613 2287 847 2356 μορφαῖς
876 2285 920 2318 ³³
949 2286 982 2355 ἡ
1014 2284 1256 2353 θεολογία
1301 2286 1425 2349 τοὺς
1454 2287 1734 2358 οὐρανίους

155 2374 495 2445 ἐσχημάτισε
525 2375 667 2439 νόας.
699 2378 875 2447 Ὅπερ
897 2377 983 2429 ἵνα
1013 2376 1085 2448 μὴ
1113 2377 1329 2430 πάθοιεν
1361 2379 1411 2430 oi
1441 2378 1605 2448 μηδὲν
1626 2378 1734 2431 τῶν

155 2467 498 2536 φαινομένων
542 2468 722 2521 καλῶν
757 2467 1085 2540 ὑψηλότερον
1126 2469 1520 2540 ὲννενοηκότες,
1558 2472 1591 2541 ἡ
1624 2473 1733 2524 τῶν

153 2560 315 2612 ὁσίων
337 2560 601 2628 θεολόγων
643 2557 938 2630 ἀνατατικὴ
979 2559 1133 2629 σοφία
1156 2560 1400 2633 καὶπρὸς
1427 2561 1526 2624 τὰς
1551 2563 1655 2616 ἀπε
1664 2580 1730 2633 μ-

155 2655 449 2722 φαινούσας
484 2655 872 2726 ἀνομοιότητας
929 2653 1088 2725 ίερῶς
1133 2656 1449 2723 κατάγεται,
1478 2655 1552 2726 μὴ
1598 2672 1730 2724 συγ-

154 2746 406 2818 χωροῦσα
433 2749 494 2800 τὺ
521 2747 783 2820 πρόσυλον
803 2745 979 2817 ἡμῶν,
1010 2749 1088 2810 εἰς
1124 2747 1222 2810 τὰς
1258 2748 1488 2820 αἰσχρὰς
1519 2749 1730 2812 εἰκόνας

153 2836 424 2907 ἀπομένον
462 2837 927 2891 ὲπαναπαύεσθαι·
977 2838 1298 2892 διανιστῶσα
1330 2841 1384 2892 δὲ
1432 2839 1492 2894 τὸ
1523 2839 1730 2908 ἀνωφε-

158 2926 246 2997 ρὲς
283 2928 386 2997 τῆς
415 2929 613 3000 ψυχῆς,
653 2933 744 2985 καὶ
777 2932 1144 2986 ὐπονύττουσα
1176 2934 1242 3001 τῇ
1285 2932 1592 3003 δυσμορφίᾳ
1620 2932 1728 2985 τῶν

157 3017 532 3088 συνθημάτων,
555 3021 629 3082 ὡς
650 3020 720 3091 μὴ
746 3020 962 3092 θεμιτοῦ
993 3021 1123 3092 μηδὲ
1143 3021 1373 3092 ἀληθοῦς
1389 3021 1432 3051 ⁴⁸⁰
1449 3020 1729 3086 δοκοῦντος

155 3104 314 3172 εἶναι,
370 3111 503 3180 μηδὲ
556 3115 667 3174 τοῖς
714 3114 848 3180 ἄγαν
907 3113 1213 3183 προσύλοις,
1272 3113 1353 3165 ὅτι
1401 3116 1512 3176 τοῖς
1557 3113 1727 3178 οὕτως

1850 621 1924 673 ιιιί
1955 634 2154 675 arcana
2201 618 2289 673 illa
2332 615 2788 685 sacerdotalisque
2831 616 3050 671 traditio
3098 616 3410 675 insinuavit.

1850 729 1977 768 vere
2022 714 2284 777 dicimus,
2312 725 2431 767 eam
2476 725 2582 765 non
2622 723 2741 764 esse
2786 711 3080 765 secundum
3116 711 3409 782 quidquam

1848 821 2036 859 eorum
2066 821 2184 875 qua:
2207 813 2359 868 sunt,
2390 803 2516 858 licet
2550 803 2671 873 ejus
2701 805 3210 874 supercssentialem
3238 813 3293 858 et
3323 805 3410 858 in-

1847 898 2112 952 visibilem
2135 908 2191 951 et
2215 895 2540 952 ineﬂ'abilem
2572 896 2892 968 inﬁnitatem
2923 898 3248 966 ignoremus.
3277 897 3408 953 Cum

1847 1005 1975 1058 ergo
2005 989 2321 1060 negationes
2357 991 2408 1042 in
2445 989 2642 1045 divinis
2672 1006 2832 1055 verae,
2864 988 3247 1045 aﬂirmationes
3281 1005 3411 1045 vero

1848 1084 2336 1148 incongruasunt,
2372 1099 2696 1138 arcanorum
2741 1083 3058 1138 obscuritati
3090 1084 3257 1151 magis
3287 1099 3410 1154 pro—

1846 1177 1959 1248 pria
1992 1186 2074 1231 est
2099 1192 2277 1232 rerum
2304 1177 2653 1232 invisibilium
2679 1191 2774 1246 per
2801 1177 3088 1232 dissimiles
3111 1173 3409 1230 edictiones

1843 1264 2151 1335 explanatio
2184 1283 2197 1317 :
2223 1265 2487 1334 siquidem
2512 1268 2897 1332 condecorant,
2928 1281 3031 1320 non
3060 1265 3405 1336 dedecorant,

1844 1359 2093 1416 caelestes
2143 1362 2520 1418 adornationes
2559 1377 2725 1416 sacra:
2752 1361 3121 1431 hujuscemodi
3171 1360 3408 1434 eloquio-

1845 1468 1962 1506 rum
2004 1453 2421 1524 descriptiones,
2453 1455 2579 1508 dum
2605 1454 2957 1527 dissimilibus
2985 1468 3077 1508 eas
3109 1453 3405 1508 formarum

1844 1543 2152 1600 fictionibus
2177 1546 2505 1615 explanant;
2549 1547 2635 1599 his
2681 1545 2812 1614 ipsis
2844 1544 3200 1611 declarantes,
3234 1555 3290 1601 ut
3323 1558 3408 1598 re-

1842 1636 1942 1690 bus
1976 1635 2230 1690 omnibus
2273 1635 2642 1690 materialibus
2686 1634 3199 1703 supermuudialiter
3252 1643 3402 1689 ante-

1841 1730 2060 1786 cellant.
2079 1729 2231 1797 Quod
2261 1746 2387 1786 vero
2409 1731 2622 1785 absona:
2647 1729 3032 1794 similitudines
3063 1727 3233 1799 magis
3257 1743 3404 1782 men-

1843 1830 1951 1876 tem
2006 1833 2244 1877 nostram
2295 1823 2526 1892 erigant,
2574 1838 2749 1881 nemo.
2783 1831 2840 1875 ut
2887 1822 3101 1891 Opinor,
3149 1821 3402 1876 cordatus

1841 1916 2214 1978 contradicet;
2251 1913 2356 1986 15
2388 1916 2439 1968 in
2477 1915 2829 1969 nobilioribus
2859 1915 3002 1968 enim
3045 1914 3231 1968 formis
3252 1910 3402 1969 efﬁn—

1839 2009 2028 2077 grndis
2065 2009 2324 2063 credibile
2355 2017 2436 2062 est
2477 2023 2664 2074 errare
2713 2008 2942 2077 aliquos,
2975 2008 3062 2077 qui
3092 2008 3404 2063 existiment

1837 2113 1959 2155 esse
1994 2111 2214 2154 naturas
2250 2100 2499 2155 rmlestes
2539 2100 2724 2167 specie
2755 2101 2986 2168 quadam
3031 2114 3218 2163 aurea,
3259 2099 3402 2154 viros

1837 2193 2096 2262 quosdam
2141 2194 2423 2256 micantes.
2462 2193 2668 2263 fulgore
2701 2195 2954 2257 decoros,
2987 2192 3183 2248 vestitu
3224 2191 3402 2260 splen-

1837 2285 1960 2338 dido
2004 2285 2252 2351 amictos,
2288 2287 2501 2351 igneum
2551 2286 2799 2350 quiddam
2836 2285 3052 2339 iunoer
3100 2283 3398 2348 vibrantes,

1835 2386 1890 2429 et
1931 2390 2265 2444 quzecunque
2314 2375 2430 2429 aliae
2485 2376 2743 2445 ejusmodi
2781 2375 2966 2430 forma:
3010 2384 3155 2438 sunt,
3204 2374 3400 2444 quibus

1838 2467 2103 2536 theologia
2144 2472 2397 2522 caelestes
2425 2481 2630 2522 mentes
2682 2467 2956 2536 ﬁguravit.
2988 2467 3140 2532 Quod
3181 2467 3404 2535 quidem

1837 2575 1905 2615 ne
1942 2561 2008 2614 iis
2047 2561 2277 2623 eveniat,
2312 2561 2404 2628 qui
2460 2560 2594 2616 nihil
2635 2559 2816 2621 altius,
2844 2575 3002 2629 quam
3034 2559 3120 2612 illa
3173 2560 3395 2629 pulchra

1833 2661 1887 2706 et
1929 2651 2170 2720 spei-iosa
2218 2666 2338 2720 quae
2387 2661 2668 2720 apparent,
2721 2658 2897 2705 mente
2933 2649 3194 2718 complexi
3227 2659 3392 2719 sunt,

1833 2753 2138 2795 sanctorum
2191 2741 2558 2811 theologorum
2585 2741 2865 2809 sapientia,
2906 2755 3023 2807 qum
3063 2755 3273 2793 sursum
3301 2738 3396 2794 du-

1832 2834 1983 2889 cendi
2017 2833 2122 2887 \im
2147 2833 2332 2897 habet,
2368 2835 2435 2887 ad
2467 2833 2934 2889 dissimilitmliues
2957 2829 3183 2886 absonas
3209 2839 3396 2886 sancto

1831 2939 1890 2977 se
1917 2923 2123 2991 dejicil,
2159 2938 2263 2976 non
2300 2923 2619 2993 permittens
2654 2924 2724 2988 id,
2760 2923 2900 2992 quod
2947 2923 2996 2975 in
3031 2922 3185 2976 nobis
3217 2932 3394 2975 malev-

1833 3021 1963 3076 riale
2017 3032 2134 3082 est,
2194 3021 2300 3074 illis
2359 3021 2629 3074 indecoris
2691 3019 3016 3091 imaginibus
3081 3019 3394 3073 inhrerendo

1829 3114 2215 3184 acquiescere;
2249 3113 2342 3168 sed
2391 3112 2504 3183 ipsa
2555 3113 2893 3168 deformitate
2928 3112 3215 3182 figurarum
3246 3111 3395 3165 exci-

152 3201 399 3270 αίτχροίς
433 3202 645 3273 ἐμφερῆ
678 3204 812 3274 πρὸς
834 3203 1088 3274 ἀλήθειάν
1122 3204 1331 3257 ἐστιτὰ
1363 3204 1727 3276 ὑπερουράνια
1754 3245 1795 3302 C

1754 3245 1795 3302 Ο
1833 3217 1950 3260 tans
1977 3215 2028 3262 et
2052 3206 2338 3260 stimulans
2359 3207 2690 3275 superiorem
2718 3205 2910 3259 animae
2932 3191 3250 3274 portionem,
3283 3213 3393 3255 tan-

153 3294 248 3346 καὶ
274 3293 395 3345 θεῖα
419 3292 683 3363 θεάματα.
719 3294 925 3357 ’Ἄλλως
941 3313 1000 3348 τε
1031 3297 1123 3350 καὶ
1144 3296 1299 3349 τοῦτο
1319 3297 1565 3367 ἐννοῆσαι
1598 3299 1722 3370 χρὴ,

152 3381 210 3433 τὸ
244 3382 381 3452 μηδὲ
412 3382 469 3437 ἒν
511 3383 617 3436 τῶν
649 3384 816 3439 ὄντων
854 3383 989 3439 εἶναι
1025 3386 1252 3440 καθόλου
1289 3387 1389 3457 τῆς
1432 3387 1525 3441 τοῦ
1561 3389 1724 3443 καλοῦ

157 3475 444 3543 μετουσίας
498 3477 875 3548 ἐστερημένον,
926 3478 1104 3548 εἴπερ,
1154 3479 1228 3542 ὡς
1276 3481 1308 3549 ἡ
1369 3480 1476 3532 τῶν
1531 3479 1724 3548 λογίων

153 3564 378 3636 ἀλήθειά
404 3583 556 3637 φησι,
587 3567 782 3620 πάντα
813 3567 968 3620 καλὰ
997 3569 1157 3622 λίαν.

1831 3313 1991 3366 quam
2019 3296 2171 3350 nefas
2204 3301 2297 3362 sit,
2324 3308 2378 3351 et
2405 3312 2471 3351 ne
2500 3298 2564 3350 iis
2595 3297 2831 3366 quidem,
2851 3296 2940 3364 qui
2977 3295 3134 3348 rebus
3159 3296 3393 3350 terrenis

1831 3390 1987 3444 valde
2019 3388 2156 3442 aliixi
2198 3399 2341 3451 sunt,
2369 3389 2664 3443 verisimile
2707 3389 2973 3449 videatur,
3006 3396 3110 3438 tam
3143 3385 3394 3440 absurdis

1827 3481 2016 3535 formis
2039 3479 2236 3534 similia
2277 3494 2460 3533 revera
2493 3492 2616 3534 esse
2648 3478 2732 3532 illa
2780 3475 3180 3545 supracmlestia
3232 3484 3285 3530 et
3311 3477 3392 3530 di-

1827 3569 1976 3631 vina,
2009 3583 2128 3636 qua:
2156 3572 2207 3620 in
2236 3567 2495 3638 symbolis
2523 3583 2644 3621 cum
2676 3567 3030 3620 admiratione
3057 3576 3385 3636 spectantur.

154 3657 289 3723 Quin
330 3667 385 3712 et
421 3658 522 3713 hoc
567 3660 875 3722 sciendum,
919 3659 1052 3712 nihil
1083 3675 1269 3713 eorum
1307 3675 1429 3730 qua}
1458 3661 1731 3716 exsistunt
1791 3661 2006 3730 penitus
2053 3673 2176 3714 esse
2229 3657 2354 3712 boni
2411 3659 2828 3727 participatione
2876 3657 3182 3722 privatum;
3235 3671 3385 3720 cum,

152 3760 201 3802 ul
233 3751 311 3802 ait
352 3746 566 3808 veritas,
595 3744 892 3818 loquiorum
915 3751 1091 3806 omnia
1117 3748 1248 3806 bona
1277 3751 1424 3804 valde
1448 3759 1492 3804 ο.

1666 3867 1694 3938 5
1758 3863 1860 3925 ιν.

220 4046 407 4098 Ἐστιν
428 4039 520 4099 οὗν
561 4059 624 4101 εκ
656 4049 870 4103 πάντων
906 4052 946 4083 ⁶¹
979 4052 1261 4124 ἐπινοῆσαι
1295 4053 1339 4084 ⁸⁸
1370 4053 1538 4117 καλὰς
1583 4053 1718 4107 θεω-

154 4137 286 4207 ρίας,
321 4139 414 4192 καὶ
445 4144 558 4204 τοῖς
589 4145 798 4211 νοητοῖς
826 4161 887 4196 τε
917 4146 1010 4199 καὶ
1043 4149 1243 4218 νοεροίς
1283 4148 1346 4200 ἐκ
1379 4147 1490 4200 τῶν
1523 4146 1718 4201 ὑλαίων

151 4230 452 4285 ἀναπλάσαι
481 4233 580 4297 τὰς
610 4232 904 4304 λεγομένας
932 4238 1214 4308 ἀνομοίους
1241 4239 1578 4309 ὁμοιότητας,
1603 4238 1719 4291 ἐτέ-

153 4338 224 4392 pq)
248 4323 436 4395 τρόπῳ
463 4325 572 4378 τῶν
593 4328 793 4400 νοερῶν
819 4330 1071 4398 ἑχόντων,
1102 4329 1137 4384 ἃ
1162 4333 1274 4394 τοῖς
1303 4330 1578 4400 αἰσθητοῖς
1602 4333 1716 4383 ὲτε-

151 4417 303 4486 ροίως
336 4419 755 4492 ἀπονενέμηται.
790 4423 900 4475 Καὶ
932 4422 1039 4494 γάρ
1069 4423 1097 4474 ὁ
1120 4423 1288 4495 θυμὸς
1320 4427 1432 4487 τοῖς
1461 4425 1560 4494 μὲν
1588 4425 1713 4476 ἀλό-

148 4523 255 4572 τοις
279 4507 338 4573 ἐξ
363 4509 641 4578 ἐμπαθοῦς
660 4513 840 4584 ὁρμῆς
859 4513 1147 4582 ἐγγίνεται,
1174 4516 1268 4568 καὶ
1297 4514 1477 4586 πάσης
1499 4515 1716 4584 ἀλογίας

146 4599 287 4652 ἐστὶν
317 4602 599 4666 ἀνάπλεως
627 4605 659 4675 ἡ
692 4605 979 4677 θυμοειδὴς
1004 4606 1182 4660 αὐτῶν
1211 4607 1440 4677 κίνησιςο
1474 4609 1586 4662 ἀλλ’
1618 4609 1710 4661 ἐπὶ

147 4688 244 4743 τῶν
283 4693 486 4764 νοερῶν
517 4694 686 4766 ἑτέρῳ
725 4696 911 4766 τρόπῳ
942 4696 1046 4768 χρὴ
1085 4699 1145 4749 τὸ
1177 4696 1403 4768 θυμικὸν
1439 4699 1706 4770 ἐννοῆσαι,

147 4779 352 4851 δηλοῦν,
384 4783 459 4846 ὡς
490 4779 662 4855 οἶμαι,
708 4785 805 4856 τὴν
840 4788 1152 4858 ἀρρενωπὸν
1193 4788 1368 4841 αὐτῶν
1401 4787 1704 4860 λογιότητα,

148 4875 231 4924 καὶ
251 4873 352 4943 τὴν
380 4875 688 4944 ἀμείλικτον
722 4877 833 4944 ἕξιν
857 4881 915 4933 ὲν
944 4884 1065 4944 ταῖς
1098 4880 1351 4933 θεοειδέσι
1385 4882 1477 4934 καὶ
1505 4882 1707 4950 ἀμετα-

147 4964 316 5026 ϐόλοις
345 4965 631 5035 ἱδρύσεσιν.
683 4969 954 5035 Ὡσαύτως
976 4972 1265 5044 ἐπιθυμίαν
1301 4973 1397 5042 μὲν
1422 4968 1556 5025 εἷναί
1603 4991 1704 5041 φα-

148 5073 258 5125 μεν,
297 5058 389 5109 ἐπὶ
418 5059 526 5111 τῶν
569 5061 775 5130 ἀλόγων
805 5065 1205 5134 ἀπερίσκεπτόν
1224 5084 1343 5119 τινα
1377 5065 1470 5117 καὶ
1508 5067 1707 5136 πρόσυ-

211 5222 236 5251 ο
262 5215 396 5272 Gen.
424 5232 464 5281 ι,
490 5218 578 5272 5|.

1903 4055 1996 4108 Est
2029 4054 2193 4124 igitur
2231 4067 2296 4106 ex
2327 4051 2577 4106 omnibus
2627 4067 2820 4119 capere
2849 4052 3016 4108 bonas
3055 4059 3387 4124 conteiup'a-

1824 4147 2033 4210 tiones;
2066 4145 2189 4214 quia
2221 4154 2275 4198 et
2303 4145 2434 4198 viris
2479 4144 2901 4213 intelligentibus
2942 4161 3007 4200 ac
3052 4147 3385 4214 Spiritalibus

1821 4238 1946 4293 licet
1971 4237 2082 4308 jam
2109 4239 2280 4293 dictas
2309 4236 2778 4303 dissimilitudines
2807 4252 2873 4290 ex
2903 4238 3062 4293 rebus
3095 4240 3386 4294 materiali-

1820 4330 2261 4394 husell‘ormare;
2308 4345 2430 4382 cum
2482 4343 2566 4381 res
2591 4329 2864 4396 spiritales
2905 4329 3012 4384 alio
3043 4330 3186 4399 ipsas
3225 4332 3382 4387 modo

1821 4422 2076 4488 habeant,
2122 4437 2282 4490 quam
2332 4421 2494 4475 rebus
2544 4421 2893 4476 sensibilibus
2935 4424 3206 4478 attributa:
3252 4425 3377 4478 sint.

1820 4512 2092 4582 Siquidem
2145 4513 2368 4567 affectus
2403 4513 2498 4569 irae
2545 4513 2810 4567 creaturis
2867 4515 3269 4570 irrationalibus
3311 4531 3376 4569 ex

1817 4608 2017 4674 impetu
2048 4608 2316 4676 passionis
2362 4607 2730 4674 ingeneratur,
2764 4615 2922 4675 atque
2969 4607 3114 4660 omni
3163 4597 3380 4662 irratio-

1820 4698 2045 4752 nalitate
2083 4699 2270 4767 plenus
2295 4708 2377 4752 est
2416 4699 2708 4753 iraseibilis
2739 4714 2926 4755 eorum
2956 4709 3133 4753 motus
3159 4717 3171 4753 :
3200 4701 3295 4754 Sed
3325 4701 3377 4755 in

1818 4790 1977 4843 rebus
1994 4790 2327 4860 spiritalibus
2351 4791 2507 4844 aliter
2529 4800 2741 4859 oportet
2759 4792 2864 4843 vim
2897 4791 3222 4847 irascibilem
3249 4807 3376 4847 con-

1815 4883 2080 4946 siderare,
2136 4883 2464 4936 utvidelicet
2511 4882 2776 4951 signiﬁcet
2837 4883 3130 4936 masculam
3185 4898 3372 4939 earum

1818 4975 2105 5036 rationem,
2142 4974 2636 5041 immutabilemque
2675 4982 2873 5027 statum
2930 4975 2982 5028 in
3023 4974 3377 5031 deiformibus

1817 5067 1940 5121 istis
1990 5067 2462 5135 immobilibusque
2507 5067 2722 5120 sedibus
2774 5067 3066 5123 firmatum.
3113 5067 3376 5125 Similiter

1424 5336 1507 5392 VA
1520 5339 1652 5393 [{le
1706 5339 1994 5398 LECTION
2000 5343 2103 5400 ES.

205 5430 252 5506 ’ξ
309 5427 378 5482 Μ.
425 5428 833 5506 antiquissimus
871 5430 1051 5506 liber.
1091 5430 1273 5506 et_S_c.
1304 5431 1519 5506 xa‘cyi’av
1551 5434 1857 5506 τοιγαροῦν.

1960 5436 2126 5509 ⁵³Αγρ.
2165 5437 2581 5508 ἀναϐεϐηκυίας.
2639 5436 2740 5509 7”:
2754 5435 2817 5509 Β..
2842 5434 2922 5489 ἔτι
2955 5434 3012 5488 δὲ
3045 5437 3138 5488 καὶ
3170 5435 3245 5509 ὠς
3276 5436 3368 5509 τὸν

144 5499 436 5584 τιδέ-τερον..
459 5497 592 5552 Cum
631 5514 734 5584 pro
756 5498 1124 5584 ambiri-liber
1147 5501 1374 5584 haberet
1403 5502 1511 5584 ἔτι,
1539 5517 1598 5556 ea
1649 5497 1963 5573 depravatio
2002 5497 2254 5584 fecittut
2292 5497 2687 5584 «1);:addiderit
2710 5505 2968 5584 Budaeus,
3002 5516 3060 5584 ut
3107 5507 3368 5584 orationis

145 5569 540 5649 καταλληλότης
583 5578 878 5622 οοιιειιιτει.
953 5571 998 5601 ³⁸
1029 5569 1094 5692 μέ

145 5638 498 5692 πλανηθτιναι.
534 5637 634 5692 Ch.
709 5639 756 5669 ⁸⁷
781 5640 905 5692 illaec
937 5655 1030 5692 ver
1070 5656 1094 5692 a

144 5637 504 5708 πλανηθῆναι,
534 5637 634 5692 Ch.
709 5639 756 5669 ⁸⁷
781 5640 905 5693 εΙιαιε
937 5637 1096 5692 verba

147 5709 298 5761 Vertit
346 5709 562 5762 Scottis.

147 5794 336 5840 πωτοις
367 5779 618 5832 κάλλεσιν
649 5781 682 5848 ἡ

741 5780 802 5850 Ι).
850 5779 1006 5837 Ρζθι
1043 5786 1092 5832 in
1121 5779 1363 5850 margine
1395 5783 1464 5835 Μ.

147 5848 382 5920 ἀληθοῦς.

1099 5587 1126 5621 ν
1267 5587 1400 5646 nou_
1431 5575 1620 5646 habet,
1675 5572 1774 5628 nec
1831 5586 1980 5646 certe
2016 5577 2219 5646 aliquid
2258 5579 2502 5644 sequitur
2546 5576 2688 5645 quod
2733 5577 3077 5640 respondeat.
3152 5575 3198 5606 ⁸⁸
3229 5575 3365 5627 ἀπο-

1148 5642 1342 5715 glesunt
1379 5643 1445 5715 in
1472 5643 1585 5715 Ch._
1621 5643 1846 5715 utquod
1893 5642 2156 5714 sequitur.
2187 5647 2249 5701 C.
2302 5642 2414 5701 sive
2445 5648 2535 5700 καὶ
2566 5642 2894 5715 ὶρωτοειδεῖς,
2928 5661 3024 5698 nec
3064 5648 3365 5714 posteriora

667 5709 711 5740 ⁸⁸
747 5717 989 5781 φαεινήν,
1032 5711 1091 5762 D.
1129 5710 1184 5764 Ρ.
1211 5711 1390 5780 ἐσθῆτ’
1426 5713 1624 5779 ἀφανῆ.
1662 5709 1732 5765 Mi

1832 5715 1876 5745 ⁸³
1905 5716 2003 5795 ςίι.
2037 5717 2128 5795 καί
2161 5718 2311 5780 ὅσαις
2347 5719 2555 5795 ἕιὶλλαις3
2594 5718 2686 5795 καὶ
2718 5718 2861 5777 ὅσοις
2908 5715 3087 5795 ἀλλοις
3118 5719 3365 5795 eumeni-

482 5782 623 5878 ξεσιν,
649 5782 702 5878 ᾖ.
741 5782 818 5878 Pi
850 5782 921 5878 Ρ..
953 5789 1006 5878 ξι
1043 5786 1092 5832 in
1117 5783 1363 5878 margine
1395 5783 1464 5835 Μ.
1523 5854 1543 5878 ι
1565 5783 1608 5812 ⁶⁰
1747 5785 1881 5853 μήτε
1912 5786 2154 5856 θεμιτοῦ,
2191 5792 2326 5856 μήτε
2358 5787 2608 5857 ἀληθοῦς.
2649 5787 2707 5842 Ρ.
2749 5788 2884 5856 μήτε
2925 5782 3167 5852 θειιιτοῦ,
3226 5786 3362 5858 μηδὲ

512 5851 524 5880 ¹
560 5852 709 5902 addit
743 5848 840 5905 Cb.
870 5859 924 5906 et
955 5850 1013 5904 P.
1040 5848 1264 5904 τούτων.
1297 5850 1341 5882 ⁶¹
1374 5868 1464 5924 γρ.
1523 5848 1786 5923 ἐννοῆσαὶ.
