4196 6306
822 348 925 403 “3

1989 354 2046 413 S.
2087 354 2384 411 DlONYSll
2417 356 2885 412 AREOPAGITA‘I

3980 361 4075 415 ΙΜ

817 467 1305 539 c0ncupiscentiam
1347 469 1399 523 in
1445 469 1618 522 brutis
1647 482 1768 523 esse
1797 467 2027 525 dicimus
2070 472 2380 528 inconside-

2499 482 2596 535 ιον,
2630 473 2691 539 ἐξ
2720 474 2965 544 ἐμφύτου
3018 476 3305 545 κινήσεως,
3339 474 3371 545 ἢ
3418 474 3702 546 συνηθείας
3748 476 3806 527 ὲν
3838 479 3951 539 τοῖς
3983 478 4078 531 ἀλ-

818 570 1011 624 ratam,
1040 568 1093 613 et
1139 562 1204 613 ad
1239 560 1442 628 aliquid
1494 558 1780 613 materiale
1812 573 1990 613 rerum
2022 562 2384 626 mutabilium,

813 667 877 706 ex
906 652 1067 706 insita
1104 653 1491 722 propensione,
1515 651 1595 707 vel
1624 652 2024 707 consnetutﬁne
2060 654 2387 725 impotenter

814 745 1113 812 ingenitam
1166 744 1555 809 adactionem,
1603 753 1657 799 et
1714 744 2088 802 irrationalem
2143 749 2387 817 corporis

811 840 1084 906 appetitus
1126 838 1686 906 prredominationem,
1716 837 1805 905 qui
1844 848 2012 892 totum
2057 839 2259 893 animal
2288 842 2389 894 im-

811 928 963 1000 pellit
979 930 1041 982 ad
1069 928 1120 981 id
1144 928 1282 997 quod
1300 944 1460 981 sensu
1482 927 2145 999 concupiscibileexsistit.
2164 929 2389 996 Quando

814 1025 1001 1093 itaque
1027 1021 1323 1075 dissimiles
1353 1021 1738 1076 similitudines
1764 1020 1924 1075 rebus
1949 1023 2282 1092 Spiritalibus
2307 1033 2389 1077 at-

813 1118 1137 1180 tribuentes,
1171 1115 1665 1183 concupiscentiam
1700 1114 1832 1184 ipsis
1862 1112 2179 1185 aflingemus
2202 1157 2219 1181 ,
2248 1116 2387 1168 divi-

812 1228 915 1267 nus
941 1227 1092 1266 amor
1143 1208 1548 1279 intelligendus,
1600 1207 1692 1278 qui
1744 1206 2020 1261 intellectu
2070 1206 2389 1276 rationeque

812 1304 1148 1374 superiorem
1204 1307 1349 1354 amet
1388 1297 1932 1363 immaterialitatem,
1988 1296 2291 1366 stabileqne
2320 1296 2391 1350 sit

813 1413 879 1452 ac
906 1404 1162 1450 constans
1193 1391 1524 1446 desiderium
1574 1389 2107 1459 superessentialiter
2148 1404 2299 1459 pura
2324 1403 2389 1444 ac

816 1486 1166 1557 impassibilis
1196 1481 1669 1552 contemplationis
1718 1489 1773 1535 et
1804 1481 2207 1536 communionis
2246 1494 2390 1536 verte

813 1579 1161 1650 sempiterna:
1206 1591 1270 1631 ac
1297 1574 1581 1644 spiritalis,
1624 1573 2026 1629 sublimissima:
2057 1573 2392 1645 purissimae-

814 1686 922 1743 que
949 1671 1231 1734 claritatis,
1248 1679 1301 1723 et
1322 1666 1621 1724 infallibilis
1644 1665 2079 1737 pulchriﬂcaaque
2098 1663 2201 1737 ιδ
2219 1679 2390 1722 venu-

816 1765 992 1821 statis.
1028 1763 1093 1818 Et
1129 1761 1499 1831 impotentiam
1528 1760 1860 1829 accipiamus
1910 1760 2199 1815 infractam
2222 1758 2385 1814 animi

816 1857 1241 1919 contentionem,
1273 1870 1393 1925 quae
1438 1869 1467 1908 a
1523 1856 1739 1908 nemine
1787 1854 1965 1907 valeat
2016 1855 2391 1919 conquassari,

817 1957 1041 2021 propter
1072 1949 1467 2019 lmpcrmistum
1514 1958 1570 2001 et
1617 1946 2011 2001 immutabilem
2045 1947 2242 2002 divina:
2272 1948 2392 2017 pul-

817 2042 1142 2097 cltritudints
1172 2054 1430 2101 amorem,
1465 2046 1629 2109 atque
1668 2040 1891 2093 totalem
1921 2037 1976 2091 in
2004 2038 2059 2093 id
2098 2037 2239 2107 quod
2270 2053 2396 2093 vere

818 2134 1177 2204 appetendum
1212 2142 1316 2194 est,
1352 2131 1786 2201 propensionem.
1835 2131 1978 2197 Quin
2012 2140 2066 2184 et
2115 2130 2397 2199 ipsammet

820 2226 1288 2281 irrationalitatem
1308 2234 1362 2277 et
1391 2222 1862 2277 insensibilitatem
1891 2224 1942 2275 in
1970 2221 2144 2277 brutis
2171 2223 2394 2291 quidem

824 2318 1217 2382 animantibus,
1263 2317 1344 2369 vel
1399 2314 1644 2368 materiis
1693 2314 2031 2379 inanimatis,
2070 2316 2295 2371 rationis
2336 2329 2398 2369 ac

818 2425 1013 2464 sensus
1045 2410 1262 2479 prOprie
1291 2407 1644 2476 privationem
1678 2422 2092 2475 nuncupamus;
2125 2408 2174 2461 in
2206 2408 2399 2462 immao

820 2500 1100 2554 teriallbus
1139 2514 1265 2554 vero
1304 2513 1369 2554 ac
1399 2497 1738 2569 spiritalibus
1785 2498 2398 2562 naturis,eminentiam

822 2596 1060 2663 ipsarum
1110 2594 1321 2663 (utpote
1370 2590 1918 2661 supermuudialiutn)
1961 2604 2267 2646 sermonem
2305 2606 2402 2646 no-

822 2700 996 2744 strum
1014 2697 1411 2754 transeuntem,
1426 2702 1490 2742 ac
1513 2685 1872 2757 corporalem,
1888 2696 1942 2739 et
1958 2686 2317 2751 materialem,
2335 2687 2403 2741 ab

823 2781 1264 2852 incorporearum
1323 2780 1544 2834 istarum
1600 2779 1862 2833 mentium
1927 2793 2093 2833 sensu
2141 2778 2401 2843 alienum,

822 2888 981 2928 sacro
1009 2888 1229 2943 prorsus
1259 2873 1418 2926 modo
1453 2870 1842 2925 transcendere
1878 2868 2218 2938 proﬁtemur.
2252 2868 2405 2924 Licet

824 2968 1012 3036 itaque
1062 2980 1166 3019 non
1221 2965 1547 3034 iucongruas
1584 2963 1744 3017 rebus
1770 2960 2108 3024 cmlestibus,
2142 2962 2306 3016 etiam
2338 2974 2405 3016 cx

827 3058 1106 3114 vilissimis
1147 3057 1386 3113 materia:
1424 3058 1669 3127 partibus
1717 3055 1922 3112 formas
1963 3054 2251 3124 efﬁngere;
2280 3071 2403 3110 cum

2490 569 2732 628 λοιωτοῖς
2752 565 3008 636 ἀκρατῶς
3038 568 3393 638 ὲγγινομένην
3421 567 3813 638 προσπάθειανς
3843 569 3940 621 καί⁵
3983 571 4083 643 τὴ)

2495 660 2690 729 ἄλογον
2719 661 2820 729 τῆς
2854 661 3171 731 σωματικῆς
3211 660 3441 732 ὀρέξεως
3481 661 3836 732 ἐπικράτειαν
3862 701 3877 727 ,
3933 662 4081 716 ἅπαν

2489 752 2551 804 τὸ
2565 750 2700 816 ζῶον
2712 751 2959 823 ὠθοὺσης
2974 754 3065 806 ἐπὶ
3079 752 3137 805 τὸ
3154 753 3272 805 κατ’
3285 752 3534 826 αἴσθησιν
3546 753 3895 825 ἐπιθυμητὸν.
3913 756 4086 809 Ὅταν

2489 840 2564 903 δὲ,
2583 842 2681 905 τὰς
2698 844 2981 913 ἀνομοίους
3002 843 3322 913 ὁμοιότητας
3336 843 3447 906 τοῖς
3468 847 3672 915 νοεροῖς
3696 846 4083 917 περιτιθέντες,

2490 931 2787 1001 ἐπιθυμίαν
2814 932 2997 994 αὐτοῖς
3040 931 3485 1002 περιπλάσωμεν,
3515 931 3693 1003 ἔρωτα
3742 931 3881 985 θεῖον
3914 932 4086 1003 αὑτὴν

2492 1021 2743 1092 ἐννοῆσαι
2777 1022 2823 1052 ⁸³
2854 1021 2959 1092 χρὴ
2994 1020 3095 1091 τῆς
3124 1021 3263 1092 ὑπὲρ
3290 1020 3445 1089 λόγον
3472 1022 3566 1073 καὶ
3590 1018 3714 1074 νοῦν
3749 1021 3961 1085 ἀῦλίας,
3987 1023 4085 1076 καὶ

2489 1113 2588 1183 τὴν
2637 1112 2829 1183 ἀκλινῆ
2876 1113 2972 1165 καί
3022 1112 3298 1165 ἀνένδατον
3352 1112 3540 1180 ἔφεσιν
3591 1111 3692 1183 τῆς
3741 1110 4087 1183 ὑπερουσίως

2491 1211 2664 1281 ἁγνῆς
2704 1212 2800 1265 καί
2835 1209 3082 1273 ἀπαθοῦς
3114 1208 3367 1280 θεωρίας,
3410 1208 3505 1262 καὶ
3549 1209 3649 1279 τῆς
3690 1207 3826 1280 πρὸς
3865 1209 4086 1279 ἐκείνην

2490 1304 2590 1376 τὴν
2651 1303 2898 1376 καθαρὰν
2956 1304 3050 1357 καὶ
3105 1301 3415 1372 ἀκροτάτην
3468 1299 3781 1369 διαύγειαν,
3830 1300 3927 1353 καὶ
3982 1300 4086 1370 τὴν

2490 1397 2705 1467 ἀπλανῆ
2741 1398 2790 1432 ⁸⁸
2810 1401 2905 1451 καὶ
2919 1395 3245 1456 καλλόποιὸν
3297 1392 3632 1466 εὐπρέπειαν
3658 1392 3880 1456 αἰωνίας
3912 1392 4085 1456 ὅντως

2491 1486 2588 1540 καὶ
2635 1487 2831 1558 νοητῆς
2865 1486 3170 1549 κοινωνίας.
3216 1480 3329 1537 Καὶ
3369 1484 3431 1537 τὸ
3474 1480 3711 1555 ἀκρατὲς
3760 1482 4087 1553 ὲκλάϐοιμεν

2490 1582 2584 1636 ἐπὶ
2629 1580 2724 1635 τοῦ
2777 1579 3027 1634 συντόνου
3078 1577 3172 1632 καὶ
3222 1575 3760 1649 ἀνεπιστρόφουικαί
3798 1575 3938 1646 πρὸς
3978 1591 4087 1645 μη-

2490 1675 2641 1739 δενὸς
2686 1671 3051 1727 ὲκκόπτεσθαι
3079 1671 3128 1703 ⁸³
3157 1670 3479 1741 δυναμένου,
3514 1668 3602 1723 διὰ
3644 1667 3736 1721 τὸν
3782 1667 3957 1738 ἀμιγῆ
3992 1676 4089 1727 και

2492 1766 2849 1823 ἀναλλοίωτον
2895 1765 2998 1835 τῆς
3042 1762 3195 1827 θείας
3257 1760 3525 1833 καλλονῆς
3576 1761 3775 1834 ἔρωτα,
3841 1761 3937 1814 καὶ
3986 1762 4089 1833 τὴν

2496 1859 2683 1931 ὁλικὴν
2736 1857 3021 1912 ἀπόκλισιν
3063 1856 3159 1910 ἐπὶ
3200 1856 3263 1909 τὸ
3311 1854 3480 1919 ὅντως
3530 1854 3739 1924 ὲφετόν.
3782 1852 3946 1907 Ἀλλὰ
3992 1853 4087 1907 καὶ

2497 1954 2666 2027 αὐτὴν
2698 1953 2797 2024 τὴν
2855 1952 3081 2021 ἀλογίαν
3114 1969 3174 2005 τε
3205 1952 3299 2005 καί
3336 1947 3689 2022 ἀναισθησίαν
3723 1950 3817 2002 ἐπὶ
3850 1948 3951 2020 μὲν
3978 1948 4088 2001 τῶν

2496 2048 2707 2116 ἀλόγων
2724 2044 2898 2111 ζώων,
2922 2045 2956 2116 ἢ
2976 2043 3087 2097 τῶν
3106 2042 3329 2114 ἀψύχων
3350 2040 3513 2107 ὑλῶν,
3532 2038 3784 2114 στέρησιν
3805 2039 3966 2110 λόγου
3995 2036 4089 2091 καὶ

2497 2138 2803 2210 αἰσθήσεως
2832 2137 3048 2200 οἰκείως
3077 2134 3479 2205 ἀποκαλοῦμεν·
3523 2134 3614 2188 ἐπὶ
3664 2133 3722 2188 δὲ
3767 2132 3875 2187 τῶν
3910 2131 4089 2186 ἀΰλων

2500 2230 2595 2283 καί
2630 2228 2833 2302 νοερῶν
2863 2226 3082 2292 οὐσιῶν,
3113 2224 3465 2296 ἀγιοπρεπῶς
3500 2220 3562 2277 τδ
3585 2223 3852 2296 ὑπερέχον
3885 2220 4087 2283 αὑτῶν,

2498 2324 2573 2387 ὡς
2606 2322 3010 2394 ὑπερκοσμίων,
3039 2318 3410 2391 ὁμολογοῦμεν
3453 2317 3548 2371 τοῦ
3582 2316 3703 2370 καθ’
3736 2317 3883 2386 ἡμᾶς
3927 2330 4091 2385 μετα-

2502 2416 2726 2471 ϐατικοῦ
2773 2416 2868 2469 καὶ
2911 2411 3223 2485 σωματικοῦ
3266 2411 3449 2481 λόγου,
3480 2410 3576 2464 καί.
3621 2408 3722 2478 τῆς
3774 2408 3964 2470 ὑλαίας
3993 2408 4092 2460 καὶ

2500 2509 2785 2580 ἀλλοτρίας
2809 2507 2919 2560 τῶν
2945 2505 3249 2577 ἀσωμάτων
3281 2503 3416 2558 νόων
3445 2501 3769 2571 αἰσθήσεως.
3802 2501 3957 2553 Ἔστι
3979 2516 4092 2552 τοι·

2502 2599 2707 2674 γαροῦν
2738 2600 2837 2653 οὑκ
2871 2596 3183 2670 ἀπᾳδοὺσας
3203 2594 3508 2651 ἀναπλάσαι
3535 2596 3649 2655 τοῖς
3667 2592 3939 2662 οὐρανίοις
3971 2607 4096 2662 μορ.

2505 2694 2630 2765 φὰς,
2656 2693 2765 2747 κάκ
2791 2690 2901 2744 τῶν
2932 2690 3273 2762 ἀτιμοτάτων
3302 2687 3407 2758 τῆς
3432 2686 3565 2758 ὕλης
3601 2685 3802 2759 μερῶν,
3832 2684 3957 2737 ἐπεὶ
3993 2684 4095 2736 καὶ

2504 2782 2665 2855 αὑτὴ,
2697 2781 2833 2854 πρὸς
2857 2781 2952 2835 τοῦ
2985 2781 3155 2843 ὅντως
3198 2777 3365 2833 καλοῦ
3395 2778 3495 2850 τὴν
3533 2775 3768 2848 ὕπαρξιν
3802 2774 4091 2845 ἐσχηκυῖα,

2505 2874 2648 2929 κατά
2678 2876 2856 2928 πᾶσαν
2900 2871 3071 2942 αὑτῆς
3098 2874 3199 2941 τὴν
3248 2868 3439 2923 ὑλαίαν
3464 2868 3823 2938 διακόσμησιν
3872 2865 4092 2935 ἀπηχή-

2510 2967 2657 3037 ματά
2685 2983 2804 3019 τινα
2850 2963 2952 3035 τῆς
2989 2964 3182 3036 νοερᾶς
3210 2960 3543 3035 εὐπρεπείας
3572 2959 3704 3030 ἔχει’
3734 2957 3829 3011 καὶ
3870 2954 4093 3010 δυνατόν

2508 3059 2625 3110 ἐστι
2652 3056 2720 3109 δι’
2752 3055 2929 3111 αὐτῶν
2965 3050 3264 3121 ἀνάγεσθαι
3308 3050 3446 3123 πρὸς
3484 3048 3584 3114 τὰς
3619 3046 3815 3108 ἀθλους
3862 3044 4095 3116 ἀρχετυα

824 3161 877 3207 et
905 3154 1041 3223 ipsa,
1069 3154 1230 3207 etiam
1261 3152 1327 3205 ab
1353 3165 1418 3205 eo
1442 3149 1532 3218 qui
1565 3163 1694 3204 vere
1723 3149 1951 3219 pulcher
1995 3160 2080 3203 est
2108 3149 2397 3211 exsistens.

2508 3148 2659 3211 πίας,
2692 3146 2980 3217 ἀνομοίως,
3017 3144 3093 3207 ὡς
3128 3142 3365 3216 εἴρηται,
3393 3140 3504 3195 τῶν
3529 3139 3861 3212 ὁμοιοτήτων
3890 3135 4092 3207 ἐκλαμ-

826 3260 923 3316 per
948 3260 1163 3299 onmem
1212 3243 1293 3296 sui
1352 3240 1683 3295 materialem
1727 3239 2138 3309 dispositionem
2172 3240 2399 3311 vestigia

828 3339 1073 3407 quaedam
1119 3335 1505 3390 ititclhctualis
1549 3333 1746 3387 habeat
1798 3333 2127 3397 venustatis;
2184 3331 2405 3399 fierique

829 3430 1021 3500 possit,
1070 3439 1129 3483 ut
1161 3444 1258 3499 per
1283 3442 1344 3483 ea
1379 3427 1446 3481 ad
1502 3424 1892 3481 immateriales
1929 3422 2135 3479 formas
2168 3421 2403 3491 primiti-

2509 3240 2842 3311 ϐανομένων,
2881 3236 2977 3291 καί.
3017 3236 3127 3290 τῶν
3173 3236 3353 3290 αὐτῶν
3387 3235 3449 3288 οὑ
3484 3230 3714 3296 ταὺτῶς,
3759 3228 4094 3301 ὲναρμονίως

2507 3336 2566 3389 δὲ
2600 3334 2694 3387 καὶ
2720 3332 2934 3393 οἰκείως
2963 3327 3186 3383 ἐπὶτῶν
3218 3325 3421 3399 νοερῶν
3439 3342 3507 3379 τε
3530 3324 3625 3378 καί.
3658 3319 3934 3392 αἰσθητῶν
3966 3321 4089 3375 ἰδιο-

2507 3423 2689 3496 τήτων
2718 3418 3069 3495 ὁριζομένων.

835 3540 931 3579 vas
966 3522 1320 3590 adducamur,
1354 3520 1722 3585 dissimiliter,
1774 3528 1834 3573 ut
1892 3518 2099 3574 dictum
2139 3525 2244 3582 est,
2306 3515 2692 3573 similitudines
2744 3516 3081 3585 accipiendo,
3132 3524 3187 3567 et
3245 3512 3463 3568 easdem
3499 3525 3605 3565 non
3664 3509 3858 3567 eodem
3909 3508 4071 3565 modo

828 3617 926 3674 sed
961 3631 1195 3681 congrue
1227 3629 1292 3670 ac
1317 3613 1537 3685 proprie
1562 3611 1834 3684 spiritales
1867 3626 1933 3667 ac
1966 3610 2253 3667 sensibiles
2277 3612 2643 3681 proprietates
2675 3607 3075 3677 distinguendo.

2385 3766 2530 3839 5v.

906 3915 1032 3971 Hanc
1066 3916 1323 3988 mysticos
1359 3912 1641 3984 theologos
1671 3928 1777 3968 non
1826 3911 1956 3967 solis
1977 3910 2278 3966 ctelcstium
2302 3909 2415 3964 dis-

834 4010 1162 4082 positinnmu
1214 4006 1725 4077 expllanationibus,
1785 4020 1973 4059 verum
2026 4004 2194 4057 etiam
2246 4002 2413 4072 ipsis-

2586 3906 2770 3961 Ταῦτα
2831 3908 2957 3971 τοὺς
2993 3905 3289 3978 μυπικοὺς
3344 3905 3627 3974 θεολόγους
3676 3905 3982 3976 εὑρήσομεν
4031 3902 4091 3955 οὗ

2518 3999 2706 4070 μόναις
2750 4002 2872 4064 ταῖς
2917 4000 3026 4054 τῶν
3086 3998 3353 4073 οὐρανίων
3410 3998 3717 4069 διακόσμων
3770 3995 4094 4064 ὲκφάνσεσιν

836 4099 1484 4171 metDei-principalibus
1526 4097 1981 4152 elucidatiouibus
2037 4097 2140 4151 rite
2194 4110 2397 4150 accom-

2516 4088 2679 4161 ἱερῶς
2708 4090 3185 4162 περιπλάττοντας,
3213 4090 3347 4145 ἀλλά
3372 4088 3468 4143 καὶ
3495 4088 3685 4149 αὑταῖς
3720 4084 3828 4139 ἐσθ’
3858 4085 3947 4138 ὅτε
3977 4086 4094 4146 ταῖς

837 4196 1085 4251 tnodasse
1142 4193 1499 4263 reperiemus.
1551 4189 1617 4245 Et
1669 4188 1955 4259 aliquando
1987 4190 2203 4259 quidem
2262 4186 2412 4244 Divi-

837 4289 1060 4343 nitatcm
1096 4287 1268 4355 ipsam
1302 4300 1330 4337 a
1367 4283 1663 4337 luminibus
1710 4281 1975 4351 speciosis
2000 4278 2411 4344 concelebrant,

836 4381 990 4452 quasi
1033 4378 1215 4434 Solem
1266 4376 1490 4445 iustitiae
1518 4385 1565 4439 ιι,
1612 4374 1767 4445 quasi
1816 4371 2028 4427 stellam
2084 4372 2408 4427 matutiuam

2515 4179 2835 4253 θεαρχικαῑς
2876 4183 3275 4256 ὲκφαντορίαις.
3324 4181 3433 4237 Καὶ
3481 4179 3611 4234 ποτὲ
3644 4177 3744 4249 μὲν
3791 4176 3959 4248 αὐτὴν
3988 4174 4095 4229 ἀπὸ

2513 4272 2623 4326 τῶν
2651 4275 2989 4347 φαινομένων
3026 4276 3223 4346 τιμίων
3257 4272 3537 4344 ὑμνοῦσιν,
3582 4271 3659 4333 ὼς
3700 4269 3848 4341 ἥλιον
3888 4269 4092 4322 δικαιο-

2516 4361 2702 4437 σύνης,
2730 4366 2809 4428 ὡς
2836 4366 3041 4437 ἀστέρα
3072 4365 3163 4419 τὸν
3191 4364 3327 4435 ἑῷον
3354 4364 3435 4426 εἰς
3463 4363 3509 4396 ⁸⁸
3537 4361 3662 4415 νοῦν
3693 4359 3854 4432 ἰερῶς
3879 4358 4095 4412 ἀνατέλρ

838 4449 1005 4528 nteuti
1041 4470 1311 4526 sacratius
1336 4468 1701 4530 oborieutem,
1737 4465 1891 4536 quasi
1922 4465 2094 4519 lucem
2126 4473 2320 4533 aperte
2350 4472 2397 4519 el

2507 4455 2683 4523 λοντα,
2718 4458 2810 4511 καὶ
2840 4458 2916 4521 ὼς
2955 4456 3071 4526 φῶς
3110 4452 3568 4525 ἀπερικαλύπτως
3601 4451 3695 4506 καί⁵
3724 4449 3928 4520 νοητῶς
3959 4464 4094 4502 κατ-

839 4561 1245 4633 intelligibiliter
1297 4559 1597 4612 radiantem
1628 4566 1688 4624 τις
1726 4558 2049 4626 quandoque
2101 4570 2231 4610 vero
2263 4571 2292 4610 a
2330 4570 2397 4608 re-

2529 4550 2781 4620 αυγάζονο
2825 4548 3050 4603 musas
3090 4548 3201 4603 ἀπὸ
3219 4547 3329 4601 τῶν
3364 4546 3563 4617 μέσων,
3598 4543 3674 4607 ὠς
3706 4541 3817 4614 πῦρ
3844 4540 4095 4605 ἀσλαδῶς

840 4659 939 4712 bus
972 4655 1184 4719 mediis,
1218 4667 1367 4723 quast
1397 4653 1574 4722 ignem
1610 4649 1828 4705 innoxie
1855 4651 2144 4705 micantem
2174 4658 2220 4715 ι’,
2254 4648 2414 4717 quasi

840 4763 1033 4819 aquam
1082 4745 1263 4803 vitalis
1294 4741 1647 4813 plenitudinis
1696 4741 2048 4807 collatricem,
2089 4749 2144 4795 et
2195 4738 2411 4810 symbo-

842 4841 942 4896 lice
974 4838 1260 4909 loquendo,
1284 4846 1529 4891 ventrem
1566 4834 1964 4889 subintrantem
1990 4843 2038 4899 ι,
2074 4830 2413 4898 ﬂuminaque

842 4934 1106 5007 perpetim
1130 4930 1351 4987 ﬂuentia
1377 4931 1764 4986 scaturientem
1788 4943 1806 4984 :
1834 4940 2220 4995 nonnunquam
2246 4924 2413 4977 etiam

843 5026 913 5080 ab
949 5025 1166 5090 inlimis,
1204 5021 1362 5093 quasi
1405 5018 1661 5091 fragrans
1701 5026 2032 5089 unguentum
2066 5017 2112 5069 ⁸.
2147 5015 2300 5085 quasi
2333 5015 2413 5068 Ia-

845 5120 1022 5183 pidem
1063 5115 1378 5185 angularem
1413 5120 1464 5167 '.
1507 5112 1648 5181 Quin
1684 5112 1846 5168 etiam
1884 5109 2058 5163 ferina
2093 5122 2211 5161 eam
2241 5106 2414 5161 forma

847 5210 1205 5271 circumdant,
1241 5218 1297 5263 et
1353 5206 1525 5261 leonis
1578 5219 1642 5260 ac
1694 5201 1970 5274 panthera:
2026 5197 2415 5270 proprietatem

921 5381 1209 5512 rgalacb.
1237 5395 1313 5449 Iv,
1348 5378 1403 5434 2.
1478 5387 1507 5427 ς
1531 5376 1701 5446 Apoc.
1739 5387 1871 5440 nn,
1906 5374 2005 5429 16.

2102 5380 2124 5411 ι’
2166 5370 2336 5427 Exod.
2392 5383 2474 5434 III,
2526 5367 2582 5419 2.

2523 4640 2776 4711 φωτίζον,
2813 4640 2889 4703 ὡς
2928 4637 3071 4709 ὕδωρ
3106 4637 3342 4707 ζωτικῆς
3369 4633 3810 4705 ἀποπληρώσεως
3839 4631 4091 4703 χορηγὸν,

2522 4735 2617 4787 καί
2645 4730 2987 4803 συμϐολικῶς
3016 4732 3211 4794 εἰπεῖν,
3242 4729 3321 4791 εἰς
3342 4727 3584 4799 γαστέρα
3611 4724 3977 4795 διαδυόμενον,
4006 4724 4093 4777 καί

2522 4827 2797 4896 ποταμοὺς
2832 4822 3127 4887 ἀνασλὺζον
3170 4822 3412 4892 ἀσχέτως
3451 4817 3837 4889 ἀπορῤέονταςο
3869 4814 4003 4867 ποτὲ
4043 4814 4092 4867 δὲ

2522 4919 2630 4973 ἀπὸ
2670 4918 2779 4971 τῶν
2808 4918 3071 4987 ἐσχάτων,
3095 4917 3170 4979 ὡς
3202 4915 3369 4986 μύρον
3406 4912 3624 4975 εὑῶδες,
3648 4910 3725 4972 ὡς
3756 4907 3899 4962 λίθον
3931 4907 4095 4979 ἀκρο-

2517 5012 2786 5081 γωνιαίον.
2827 5007 2985 5063 Ἀλλά
3025 5008 3118 5062 καί
3145 5003 3539 5079 θηριομορφίαν
3565 5001 3701 5070 αὐτῇ
3734 4996 4090 5069 περιτιθέασι,

2514 5103 2609 5155 καὶ
2639 5102 2850 5163 λέοντος
2868 5100 3004 5171 αὐτῇ
3027 5100 3121 5152 καὶ
3144 5096 3419 5167 πάνθηρος
3442 5093 3676 5165 ἰδιότητα
3707 5089 4089 5163 περιάπτουσι,

2517 5196 2610 5248 καὶ
2629 5194 2891 5264 πάρδαλιν
2909 5192 3078 5261 αὐτὴν
3101 5187 3315 5244 ἔσεσθαί
3341 5203 3492 5257 φασι,
3515 5185 3610 5240 καὶ
3631 5182 3830 5254 ἀρκτον
3857 5182 4091 5251 ἀπορου-

2689 5366 2897 5423 'Joan.
2956 5379 3050 5435 vn,
3105 5362 3195 5421 '58.
3302 5361 3507 5417 ‘Cant.
3559 5359 3681 5427 ..9.

3813 5368 3840 5397 ιι
3892 5353 4089 5425 εριιες.

2230 5575 2464 5633 “BHE
2503 5569 2902 5631 LECTIONES.

934 5746 979 5777 ”
1004 5746 1073 5809 Μ.
1126 5760 1228 5821 non
1265 5744 1426 5821 habet
1451 5743 1639 5821 αὑτήν,
1672 5738 1965 5821 _nec.quod‘»‘
1998 5736 2267 5821 sequ-itur,
2298 5733 2455 5821 λόγον
2505 5731 2619 5785 καί.
2708 5730 2753 5763 ⁸⁸
2794 5728 2866 5785 Il.
2910 5735 2964 5783 et
3006 5725 3099 5783 Sc.
3148 5724 3348 5796 ἀφανῆ.
3386 5728 3439 5777 at
3466 5722 3568 5778 Cb.
3593 5719 3805 5791 ἀπλανῆ
3829 5720 3923 5773 καί
3949 5718 4093 5772 θείαν

870 5818 1111 5883 elapsa.
1174 5814 1220 5847 “
1259 5816 1358 5870 Cll.
1396 5817 1455 5867 ι).
1488 5816 1544 5867 S.

1622 5852 1635 5865 .
1668 5806 2048 5881 ἐγκόπτεσθαι.
2125 5806 2169 5838 ⁸⁸
2202 5822 2293 5877 γρ.
2329 5806 2423 5867 ὡς.
