4198 6304
727 272 821 324 ﬁt

1907 271 1946 327 S
2007 273 2305 327 DlONYSll
2346 272 2808 330 AREOPAGITIE

3874 271 3984 325 152

726 396 832 445 ter.
860 385 1083 438 verlum
1116 379 1270 453 οἶμαι
1300 385 1597 438 secundum
1648 389 1880 458 veteres)
1922 388 2155 453 primum
2197 404 2287 439 ea-

2420 388 2709 457 ταλαιοὺς),
2736 386 2949 457 πρῶτον
2971 383 3245 449 ὲκθέσθαι,
3268 384 3386 438 τίνα
3416 387 3511 455 μὲν
3536 386 3625 437 τὸν
3641 386 3739 456 τῆς
3767 387 3986 455 ἀπάσης

728 489 951 541 ponere,
976 490 1133 542 quem
1158 476 1422 528 universm
1444 484 1552 528 tam
1576 477 1855 531 terrestris
1876 492 2039 546 quam
2059 478 2301 532 caelestis

729 566 1051 621 hierarehia:
1113 582 1335 635 scopum
1386 564 1721 620 arbitremur
1783 568 2144 636 (arbitremur
2194 571 2304 640 2ο

729 668 909 709 autem
955 659 1107 713 dixit,
1148 674 1248 725 pro
1276 675 1372 711 sua
1411 660 1791 728 philosOpltiea
1832 662 1915 716 vel
1963 664 2143 730 potius
2194 662 2303 717 Deo

728 746 899 797 amica
932 747 1243 815 modesna);
1268 750 1464 817 quidve
1484 753 1657 819 prosit
1682 750 1936 820 qumlibet
1962 752 2109 805 hiera
2122 754 2301 806 rcltia-

732 852 849 887 rum
883 839 1020 903 (sive
1046 839 1327 892 caelestem
1367 840 1596 904 dixeris,
1630 842 1746 895 sive
1776 844 2044 912 nostram)
2080 845 2160 898 sui
2199 844 2302 897 ini-

734 929 1021 982 tiatoribus
1074 929 1370 983 initiatiwe
1414 948 1426 981 :
1479 933 1676 985 deinde
1721 946 1851 984 vero
1896 932 2191 988 dicendum
2239 937 2305 991 de

732 1021 1050 1076 caelestibus
1086 1023 1439 1084 hierarcltiis.
1480 1024 1633 1091 juxta
1668 1024 1837 1089 illam,
1860 1041 2025 1093 quam
2057 1026 2123 1079 de
2152 1026 2217 1080 iis
2250 1026 2303 1079 in

730 1114 904 1166 sacris
938 1114 1136 1166 litteris
1183 1114 1447 1170 habemus
1481 1116 1974 1170 manil'estationem
2007 1128 2171 1187 atque
2212 1133 2307 1172 ox-

732 1204 1121 1272 planationcut.
1162 1204 1233 1257 De
1267 1204 1374 1260 illis
1409 1218 1588 1260 autem
1636 1208 1885 1276 loquens,
1918 1211 2093 1262 utitur
2137 1209 2305 1262 verbo

732 1297 1011 1366 ὑμνῆσαις
1047 1299 1170 1365 quia
1204 1298 1268 1351 de
1303 1315 1358 1352 re
1394 1300 1532 1353 bona
1567 1300 1735 1369 loqui,
1780 1302 2013 1371 hymnus
2045 1301 2159 1354 sive
2190 1298 2307 1353 laus

733 1389 859 1440 boni
902 1399 985 1441 est
1016 1407 1030 1453 ;
1066 1393 1209 1445 sicut
1243 1392 1309 1442 de
1347 1406 1403 1443 re
1437 1406 1598 1459 prava
1631 1393 1789 1445 verba
1840 1392 2045 1456 facere,
2088 1393 2306 1459 vitupe-

736 1481 877 1532 riuni
909 1492 991 1534 est
1030 1483 1177 1535 mali.
1217 1482 1290 1535 De
1319 1483 1580 1551 angelicis
1624 1486 1811 1551 itaque
1850 1485 2159 1550 divinisque
2197 1486 2309 1537 vir-

734 1573 938 1625 tutibus
969 1574 1129 1625 verba
1166 1572 1368 1634 facere,
1390 1575 1528 1626 idem
1552 1584 1636 1627 cst
1657 1585 1817 1642 atque
1842 1590 1933 1629 eas
1956 1574 2201 1628 laudare.
2229 1576 2307 1627 Ad

737 1666 850 1717 haec
899 1664 1186 1717 dicendum
1220 1704 1232 1728 ,
1284 1668 1483 1733 quibus
1536 1665 1731 1719 formis
1783 1680 1951 1719 sacrae
2007 1664 2308 1733 Scriptura:

2406 482 2499 533 xui
2525 482 2721 549 γηῖνης
2751 482 2843 532 xui
2880 478 3129 549 οὐρανίου
3176 477 3452 548 ίεραρχίας
3492 477 3690 529 σκοπὸν
3718 476 3981 547 οἰόμεθα·

2408 571 2672 640 (οἰόμεθα
2704 571 2759 623 δὲ
2784 567 2927 633 εἶπε,
2957 569 3096 623 κατὰ
3135 569 3421 638 φιλόσοφον
3450 570 3482 639 ἢ
3510 568 3754 638 φιλόθεον
3782 570 3986 639 μᾶλλον

2408 662 2780 732 μετριασμόν)ο
2810 662 2903 714 xui
2946 660 2997 712 τί
3042 659 3242 729 ὠφελεῖ
3268 658 3475 728 ἑκάστη
3518 658 3625 711 τῶν
3670 658 3985 730 ίεραρχιῶν,

2406 753 2506 805 κᾶν
2551 752 2646 823 τὴν
2674 752 2932 824 οὐρανίαν
2975 751 3155 825 εἴπῃς,
3199 751 3301 805 κᾶν
3334 751 3433 821 τὴν
3480 751 3602 804 καθ’
3645 752 3811 821 ἡμᾶς,
3856 750 3990 811 τοὺς

2403 845 2658 908 τελεστὰς
2686 846 2881 915 αὐτῆς·
2925 844 3154 915 καθεξῆς
3192 845 3249 897 δὲ
3291 846 3463 897 εἰπεῖν
3508 844 3635 915 περῖ
3672 844 3781 897 τῶν
3821 844 3993 914 οὐρα-

2407 937 2533 990 νίων
2583 938 2893 1008 ἱεραρχιῶν,
2943 937 3083 991 κατᾶ
3129 937 3233 1007 τὴν
3262 936 3439 989 αὐτῶν
3486 936 3841 1006 ὲκφαντορίαν
3885 935 3984 988 xui

2406 1026 2636 1099 δήλωσιν
2664 1029 2762 1100 τὴν
2792 1031 2848 1081 ὲν
2875 1032 2994 1091 ταῖς
3021 1028 3205 1098 ἁγίαις
3237 1028 3498 1098 Γραφαίς.
3542 1026 3615 1078 Τὸ
3654 1026 3782 1095 γοῦν
3809 1026 3991 1078 εἰπεῖν

2410 1121 2537 1191 περὶ
2585 1120 2787 1173 τούτων
2842 1120 3080 1189 ὑμνῆσαι
3118 1120 3285 1187 λέγει,
3329 1119 3498 1172 ὅτιτὸ
3537 1119 3664 1189 περὶ
3708 1117 3865 1170 καλοῦ
3906 1118 3995 1169 εἰσ

2410 1216 2530 1263 πεῖν
2556 1212 2722 1283 ῦμνος
2747 1211 2913 1265 καλοῦ
2939 1214 3083 1264 ἐστιν
3106 1228 3118 1240 ’
3144 1211 3333 1281 ὥσπερ
3353 1211 3412 1262 τὸ
3437 1212 3563 1280 περὶ
3588 1208 3757 1262 κακοῦ
3783 1208 3989 1275 λέγειν,

2408 1305 2574 1373 ψόγος
2607 1305 2779 1359 κακοῦ
2810 1305 2945 1356 ἐστι.
2987 1303 3165 1356 Ταύτὸ
3188 1303 3316 1372 γοῦν
3341 1302 3401 1355 τὸ
3428 1306 3597 1355 εἰπεῖν
3629 1303 3721 1355 καὶ
3748 1302 3994 1372 ὑμνῆσαι

2412 1398 2538 1469 περ)⁵
2564 1397 2672 1449 τῶν
2711 1396 3014 1465 ἁγγελικῶν
3043 1396 3135 1448 xui
3163 1395 3320 1447 θείων
3346 1393 3644 1463 δυνάμεων.
3675 1392 3887 1445 Μετέπε
3900 1408 3994 1443 ιτα

2410 1491 2465 1543 δὲ
2501 1490 2604 1560 χρὴ
2635 1491 2827 1552 εἰπεῖν,
2873 1489 3084 1550 ὁποίαις
3126 1488 3328 1541 εἰκόσιν
3374 1485 3429 1537 ul.
3476 1486 3615 1554 ἱεραὶ
3648 1482 3861 1554 Γραφαὶ
3886 1480 3994 1543 τὰς

2411 1584 2664 1653 οὐρανίας
2692 1584 3078 1653 διακοσμῆσεις
3108 1578 3522 1651 σχηματίζουσι,
3555 1576 3647 1629 xui
3669 1576 3801 1646 πρὸς
3827 1574 3996 1626 ποίαν

2412 1669 2691 1737 ἁπλότητα
2712 1668 2799 1720 διά
2823 1668 2930 1719 τῶν
2960 1665 3292 1736 πλασμάτων
3317 1663 3519 1715 τούτων
3560 1662 3623 1731 δὴ
3662 1661 3770 1712 τῶν
3797 1658 3995 1711 συνθέ-

735 1754 988 1809 caelestes
1031 1756 1253 1808 ordines
1294 1755 1563 1821 ﬁgurant;
1595 1765 1648 1808 et
1680 1754 1745 1809 ad
1793 1754 2010 1823 qualem
2045 1754 2308 1824 simplici-

2420 1782 2517 1815 των
2544 1762 2855 1832 ἁναγόμεθα
2874 1778 2886 1789 ·
2916 1756 3046 1824 οἷον,
3090 1759 3319 1828 λέγομεν
3348 1756 3505 1825 τυχὸν
3535 1754 3710 1817 ἀετὸν,
3739 1753 3999 1805 σύνθετόν

737 1857 898 1900 tatem
932 1863 1027 1915 per
1057 1863 1150 1901 eas
1189 1848 1399 1901 fortnas
1423 1864 1544 1916 qua:
1575 1847 1925 1915 effinguntur,
1956 1863 2303 1903 revocemur:

736 1940 888 1993 verbi
925 1942 1120 2007 gratia,
1175 1940 1525 1993 nominamus
1559 1940 1699 1993 forte
1743 1940 2000 2009 aquilam.
2035 1942 2308 2009 composi-

739 2044 851 2084 tum
880 2032 1095 2099 aliquod
1124 2034 1374 2093 dicimus,
1404 2042 1585 2087 mente
1617 2046 1746 2086 vero
1780 2048 1875 2101 per
1905 2034 2053 2087 viSus
2078 2047 2309 2086 acumen

736 2135 792 2177 et
814 2124 1185 2177 excellentiam
1206 2124 1273 2177 ad
1293 2124 1696 2193 simplicitatem
1719 2125 2062 2179 adducimur.
2084 2124 2310 2189 Quando

736 2217 879 2269 enim
908 2219 1029 2285 quis
1060 2218 1318 2284 loquitur,
1343 2217 1806 2287 utintelligamus.
1838 2219 2060 2271 omnino
2104 2232 2313 2272 sermo-

739 2326 834 2363 nes
871 2310 1095 2363 adhibet
1138 2328 1149 2361 :
1188 2326 1309 2362 cum
1347 2321 1527 2363 autem
1584 2311 1632 2362 id
1671 2310 1815 2375 quod
1852 2309 2055 2361 dieitur
2105 2308 2311 2362 intelleo

736 2409 887 2454 ctum
929 2400 1111 2457 luerit.
1165 2398 1391 2467 simplex
1449 2399 1501 2451 in
1556 2409 1737 2452 tuente
1782 2396 2019 2465 cognitio
2064 2399 2311 2463 exsistit;

742 2492 973 2543 maxime
1012 2493 1054 2542 si
1105 2490 1371 2557 simplicia
1426 2490 1723 2557 formaeque
1771 2490 2014 2557 expertia
2065 2490 2194 2553 sint,
2249 2492 2316 2544 de

741 2586 939 2652 quibus
970 2584 1263 2658 loquimur.
1299 2580 1354 2635 Si
1394 2583 1538 2635 enim
1576 2596 1662 2633 res
1691 2582 1921 2634 sensiles
1954 2582 2026 2633 ita
2057 2596 2152 2650 per
2181 2582 2313 2634 siut-

745 2678 940 2745 plicem
1000 2678 1236 2745 aliquem
1288 2686 1614 2745 conceptum
1670 2674 2060 2743 intelligimus,
2111 2685 2316 2741 quanto

744 2770 917 2837 magis
951 2784 1036 2822 res
1064 2768 1380 2837 spiritales?
1414 2770 1592 2834 Quare
1627 2782 1788 2835 porro
1816 2766 2133 2835 quaerimus,
2166 2776 2222 2818 ut
2247 2765 2314 2818 ad

743 2856 1157 2922 simplicitatem
1196 2856 1573 2936 adducantur?
1618 2864 1677 2908 ut
1711 2871 1815 2911 neu
1870 2855 2085 2911 accidat
2136 2856 2313 2918 nobis,

741 2948 883 3014 quod
922 2950 1080 3017 vulgo
1132 2962 1219 3003 res
1250 2964 1438 3004 sneras
1469 2952 1697 3021 profano
1748 2951 1911 3004 modo
1948 2948 2311 3020 intelligenti;

744 3055 844 3093 nec
872 3034 1136 3108 putemus
1180 3042 1432 3095 ccelestes
1466 3042 1583 3097 illas
1624 3045 1860 3097 virtutes
1906 3042 2107 3097 multos
2152 3042 2316 3109 pedes

2409 1870 2462 1905 τι
2496 1852 2727 1921 λέγομεν
2746 1868 2758 1881 ·
2788 1850 3013 1920 νοοῦμεν
3041 1850 3105 1902 τὸ
3132 1848 3417 1918 ὀξυδερκὲς
3459 1846 3552 1898 xui
3584 1844 3994 1915 ὑπερηρμένον,

2412 1944 2549 2015 πρὸς
2581 1944 2859 2011 ἁπλότητα
2906 1938 3232 2010 ἁναγόμεθα.
3275 1940 3400 1991 Ὅτε
3437 1936 3544 2006 γάρ
3585 1936 3730 2002 λέγοι
3765 1951 3865 1995 τις,
3901 1933 4001 1985 ἵνα

2412 2039 2714 2106 νοήσωμεν,
2751 2034 2965 2096 πάντως
2997 2033 3187 2101 λόγους
3220 2029 3528 2100 συντίθησιν
3549 2045 3561 2057 ·
3599 2029 3687 2101 ὅτε
3713 2026 3767 2078 δὲ
3798 2026 3859 2078 τὸ
3888 2029 3997 2097 ρη-

2412 2128 2501 2181 θὲν
2530 2127 2767 2198 νοηθείη,
2792 2124 3025 2193 ἁπλοϊκὴ
3054 2123 3196 2177 κατὰ
3225 2124 3314 2174 τὸν
3334 2120 3457 2174 νοῦν
3485 2123 3517 2190 ἡ
3548 2119 3722 2171 ἔννοια
3748 2120 3960 2185 γίνεται
3979 2132 3995 2145 ⁸

2413 2221 2505 2274 xui
2541 2219 2754 2289 μᾶλλον,
2790 2220 2876 2271 ὅτε
2916 2218 3062 2269 ἁπλᾶ
3094 2218 3199 2268 εἰσι
3231 2216 3324 2266 xui
3357 2214 3737 2284 ἀσχημάτιστα
3767 2210 3833 2263 τὰ
3864 2207 4004 2279 περὶ⁵

2412 2312 2487 2368 ὧν
2518 2315 2764 2383 λέγομεν.
2794 2312 2857 2363 El
2885 2309 2991 2381 γὰρ
3020 2310 3219 2361 καὶέπὶ
3243 2307 3351 2361 τῶν
3378 2304 3652 2374 αἰσθητῶν
3675 2304 3815 2355 οὓτω
3844 2301 4004 2354 νοοῦ-

2419 2424 2515 2477 μεν
2546 2404 2685 2457 κατὰ
2710 2402 2887 2470 ἁπλῆν
2916 2418 3036 2453 τινα
3066 2399 3341 2469 ὲπιόολὴν,
3376 2397 3525 2466 πόσῳ
3556 2412 3617 2463 γε
3657 2394 3853 2464 μᾶλλον
3897 2394 4004 2445 ὲπὶ

2414 2495 2521 2546 τῶν
2566 2490 2804 2561 ventum;
2836 2490 2938 2541 Διὰ
2968 2489 3021 2541 τί
3053 2489 3109 2541 δὲ
3148 2487 3437 2557 ζητοῦμεν,
3468 2488 3611 2547 ὅπως
3658 2484 3794 2555 πρὸς
3830 2481 4005 2535 unld—

2414 2603 2551 2654 τητα
2578 2582 2941 2653 ἁναχθείημεν
2964 2598 2977 2645 ;
3002 2582 3089 2634 ἴνα
3117 2580 3189 2650 μὴ
3214 2579 3474 2648 πάθωμεν
3498 2588 3591 2629 και
3617 2578 3775 2646 ἡμεῖς
3797 2575 4005 2629 ταύτὸν

2415 2680 2525 2739 τοῖς
2558 2676 2769 2737 πολλοῖς
2800 2674 3025 2739 ἀνιέρως
3047 2670 3225 2725 νοοῦσι
3251 2669 3319 2721 τὰ
3344 2668 3483 2739 ἱερὰ,
3514 2668 3651 2724 ὥστε
3690 2668 4008 2730 πολύποδας

2416 2768 2511 2823 καὶ
2542 2764 3003 2835 πολυπροσώπους
3038 2760 3458 2831 ὑπολαμϐάνειν,
3493 2760 3586 2813 xui
3634 2757 3774 2811 κατὰ
3818 2759 4006 2829 κτήνη

2417 2865 2508 2916 xui
2561 2863 2725 2933 θηρία
2770 2860 3155 2930 τετυπωμένας
3203 2858 3301 2921 τὰς
3346 2857 3601 2929 οὐρανίας
3648 2855 3925 2926 δυνάμεις,
3966 2855 4006 2925 ἢ

2417 2959 2509 3013 καὶ
2534 2955 2709 3011 ἀετῶν
2742 2951 2881 3017 εἶδος
2906 2955 3157 3024 ἐχούσας,
3190 2952 3223 3023 ἢ
3254 2952 3346 3005 xui
3384 2950 3601 3019 πτηνῶν
3636 2949 4004 3020 πτεροφυῖαν,

2418 3045 2599 3109 καθὼς
2630 3048 2687 3097 ὲν
2717 3044 2793 3113 τῷ
2842 3042 3100 3112 Ἱεζεκιὴλ
3138 3041 3365 3111 εὕρηται
3385 3054 3397 3067 ·
3434 3037 3529 3089 xui
3555 3036 3780 3106 τροχοὺς

742 3138 799 3184 et
823 3133 1021 3186 multas
1050 3133 1219 3189 facies
1250 3136 1474 3198 habere,
1521 3144 1574 3189 et
1606 3136 1674 3189 ad
1708 3134 1975 3205 pecudum
2007 3133 2313 3188 ferarumve

2420 3143 2528 3205 δεις
2565 3140 2992 3213 ὐπερουρανίους
3036 3134 3423 3206 φαντάζεσθαι,
3466 3133 3559 3188 xui
3596 3132 3820 3202 θρόνους
3860 3128 4012 3199 πρὸς

746 3225 950 3275 turmas
986 3221 1321 3290 elIormatas,
1368 3224 1450 3278 vel
1500 3225 1806 3295 aquilarum
1837 3224 2078 3294 speciem
2110 3239 2223 3294 pra:
2259 3239 2319 3279 se

746 3317 914 3376 ferre,
937 3326 1029 3368 aut
1054 3317 1332 3370 volucrum
1359 3316 1836 3386 plutnescentiam.
1861 3316 2319 3388 quemadmodum

748 3408 801 3456 in
861 3402 1143 3460 Ezechiele
1200 3408 1498 3475 reperitur;
1591 3416 1647 3461 et
1696 3423 1763 3462 ne
1812 3409 2113 3477 cogitemus
2174 3417 2319 3462 rotas

748 3498 1013 3564 quasdam
1050 3500 1235 3568 igneas
1266 3516 1432 3569 supra
1464 3502 1689 3565 caelum,
1736 3511 1791 3555 et
1832 3500 1995 3556 sellas
2029 3502 2094 3553 ad
2127 3502 2321 3554 seden-

749 3588 876 3638 dum
914 3590 1371 3652 accuunnodatas,
1423 3601 1584 3659 atque
1632 3606 1805 3659 equos
1855 3606 1918 3645 ac
1958 3590 2223 3645 satellites
2268 3600 2325 3645 et

750 3694 1087 3747 quzecuuque
1123 3682 1224 3732 alia
1257 3697 1284 3733 a
1320 3682 1602 3751 pr0plietis
1646 3682 1823 3735 sacris
1854 3682 2021 3736 variis
2056 3682 2323 3753 symbolis

750 3781 877 3821 sunt
910 3772 1130 3823 tradita.
1174 3772 1388 3826 Etenim
1430 3774 1641 3826 utiliter
1691 3773 1965 3842 theologia
1999 3773 2207 3827 similes
2238 3788 2326 3827 sa-

752 3877 875 3914 cras
930 3864 1131 3917 fUi'lllaS
1194 3867 1357 3920 rebus
1421 3866 1605 3933 ligone
1664 3867 1982 3935 expertibus
2037 3867 2321 3929 adhibuit;

754 3956 951 4021 partim
983 3956 1223 4021 quidem,
1271 3967 1329 4009 ut
1378 3956 1716 4023 intelligendi
1769 3958 1967 4010 virium
2010 3967 2321 4011 nostrarum

755 4048 979 4100 haberet
1019 4061 1281 4101 rationem
1310 4066 1321 4109 ;
1361 4050 1559 4116 partim
1593 4064 1740 4107 vero.
1773 4060 1827 4101 ut
1857 4050 2136 4118 propriam
2164 4050 2321 4105 nobis

755 4149 809 4191 et
846 4140 1254 4193 connaturalem
1287 4141 1352 4193 ad
1383 4156 1619 4209 superna
1654 4142 1981 4209 penetrandi
2013 4142 2154 4195 viam
2186 4157 2323 4210 prae-

755 4243 994 4297 parat'ct.
1029 4233 1082 4284 ln
1112 4242 1372 4300 quantum
1404 4233 1548 4286 enim
1580 4234 1837 4301 aquilam,
1873 4249 1923 4286 v.
1946 4251 2025 4301 ε..
2051 4236 2320 4298 nominat,

755 4328 864 4379 duo
917 4330 1073 4379 nobis
1122 4329 1361 4380 maxima
1400 4339 1625 4397 prwsuit
1669 4345 1681 4379 :

2422 3233 2701 3288 ἁνάκλισιν
2736 3230 3097 3299 ἐπιτηδείους,
3131 3228 3224 3280 xui
3259 3228 3479 3290 ἵππους,
3516 3225 3610 3278 xui
3640 3221 4008 3293 δορυφόρους,

2422 3326 2519 3379 xui
2546 3325 2647 3377 ὅσα
2689 3322 2820 3376 ἄλλα
2853 3321 3004 3393 παρά
3040 3321 3148 3376 τῶν
3181 3319 3340 3390 ἱερῶν
3382 3315 3676 3389 προφητῶν
3720 3314 3808 3368 διά
3838 3330 4011 3366 τινων

2425 3416 2680 3469 ποικίλων
2715 3412 3269 3487 παμδέδονταιῚΚαὶ
3306 3410 3414 3480 γὰρ
3457 3406 3777 3478 ἐπιτηδείως
3807 3408 3841 3476 ἡ
3879 3404 4012 3458 θεο-

2424 3509 2578 3576 λογία
2599 3510 2709 3569 τοῖς
2724 3507 2983 3569 τοιούτοις
3006 3507 3169 3577 ἱεροῖς
3188 3504 3586 3574 σχηματισμοῖς
3602 3501 3694 3552 ἐπὶ
3710 3500 3815 3552 τῶν
3838 3500 4012 3567 ἀσχηο

2430 3600 2703 3673 ματίστων
2746 3600 3032 3669 ἐχρήσατο,
3060 3598 3174 3667 ἁμα
3201 3596 3297 3664 μὲν
3333 3594 3431 3663 τὴν
3469 3593 3695 3661 δύναμιν
3729 3590 3822 3642 τοῦ
3862 3592 4013 3659 ἡμεο

2425 3694 2586 3763 τέρου
2619 3690 2737 3752 νοὸς
2771 3688 3105 3760 σκεψαμένη,
3157 3687 3270 3757 ἆμα
3303 3684 3359 3737 δὲ
3401 3686 3494 3736 xui
3528 3683 3623 3735 τοῦ
3668 3682 3867 3735 οἰκείου
3908 3684 4015 3735 xui

2429 3782 2708 3855 συμφυοῦς
2756 3783 2854 3853 τῆς
2888 3780 3177 3849 ἀναγωγῆς
3211 3779 3574 3849 προνοήσασα.
3625 3777 3712 3828 Ἐν
3756 3776 3864 3845 ὅσῳ
3894 3775 4015 3846 γὰρ

2428 3874 2574 3943 λέγει
2595 3873 2755 3942 τυχὸν
2782 3872 2957 3932 ἀετὸν,
2984 3870 3075 3923 δύο
3106 3868 3501 3932 κατασκευάζει
3530 3868 3597 3920 τὰ
3629 3867 3879 3938 μέγιστα,
3909 3868 4017 3919 καὶ

2430 3967 2559 4037 ἡμῖν
2587 3968 2699 4026 τοῖς
2734 3963 2984 4035 συνήθεσι
3012 3961 3265 4033 γνωρίζει
3296 3962 3365 4014 τὰ
3396 3964 3714 4033 πράγματα,
3757 3960 3849 4012 xui
3877 3960 4015 4011 τοῦ·

2426 4073 2538 4118 τοις
2565 4055 2818 4123 φυλάττει
2837 4056 2897 4106 τὸ
2921 4054 3185 4124 συμφυές·
3210 4055 3271 4105 τὸ
3293 4054 3400 4125 γὰρ
3419 4053 3703 4123 ὀξυδερκὲς
3727 4054 3819 4105 καὶ
3840 4052 4016 4120 ταχύ-

2432 4164 2589 4199 τατον
2623 4148 2714 4199 καὶ
2744 4142 2852 4199 οἷον
2888 4147 3265 4216 ὐπερηρμένον
3298 4145 3405 4198 τῶν
3434 4144 3700 4215 οὐρανίων
3725 4143 4015 4213 δυνάμεων

2434 4240 2784 4310 παρεδήλωσε
2806 4256 2817 4267 ·
2852 4240 2943 4291 xui
2977 4240 3070 4290 ἐπὶ
3096 4238 3205 4291 τῶν
3231 4238 3404 4291 ἄλλων
3434 4239 3489 4291 δὲ
3519 4239 3794 4299 ὡσαύτως.

1748 4330 2016 4397 siquidem
2075 4329 2230 4383 nobis
2275 4348 2341 4385 ex
2385 4336 2621 4387 assuetis
2686 4350 2770 4387 res
2806 4334 2954 4402 ipsas
2993 4334 3261 4396 declarat,
3322 4334 3514 4399 iisque,
3561 4333 3704 4399 quod
3740 4338 4019 4383 conualu-

758 4424 867 4477 ralc
902 4431 983 4474 est
1006 4463 1018 4483 ,
1065 4432 1250 4475 servat
1287 4441 1298 4473 :
1336 4438 1459 4475 nam
1496 4434 1547 4475 et
1580 4425 1841 4477 cernendi
1876 4438 2100 4477 acumen
2131 4439 2197 4479 ac
2248 4428 2607 4489 celeritatem,
2644 4431 2888 4496 adeoque
2947 4428 3371 4497 pnecellentiatn
3403 4428 3658 4479 virtutum
3703 4425 4015 4479 caelestium

758 4518 1074 4577 declaravit,
1104 4526 1265 4582 atque
1306 4516 1355 4567 itt
1387 4518 1509 4568 aliis
1540 4517 1828 4571 similiter.

832 4611 858 4675 ᾗ
907 4608 966 4659 ll.
1015 4608 1149 4660 llinc
1182 4606 1455 4660 concludit
1491 4610 1761 4675 quomodo
1806 4620 2054 4677 oporteat
2096 4623 2193 4678 per
2244 4625 2313 4663 rei

2510 4608 2537 4679 §
2576 4607 2634 4661 ll.
2696 4608 2970 4661 Ἐντεῦθεν
3016 4610 3433 4671 κατασκευάζει,
3481 4608 3597 4670 πῶς
3643 4611 3748 4681 χρὴ
3784 4610 3875 4661 xui
3920 4610 4019 4666 διὰ

758 4702 1049 4753 dissimiles
1080 4716 1140 4752 ac
1173 4709 1420 4751 terrenas
1450 4702 1701 4753 cmlestes
1733 4700 2006 4769 explicare
2040 4719 2054 4766 ;
2100 4703 2322 4771 aitque:

758 4796 911 4861 Quod
948 4798 988 4846 si
1014 4794 1115 4863 21
1150 4796 1233 4847 cui
1282 4795 1567 4847 videantur
1610 4809 1779 4848 sacrae
1816 4794 2033 4862 quidem
2082 4794 2328 4848 ﬁctiones

756 4888 1289 4955 compositionesque
1313 4886 1695 4954 apprObdlldtB,
1733 4886 1887 4955 quasi
1910 4900 2014 4939 non
2039 4886 2143 4940 alio
2164 4902 2328 4954 quam

763 4985 862 5032 hoc
903 4980 1085 5039 modo,
1134 4980 1202 5031 ita
1235 4994 1354 5044 qme
1388 4982 1437 5030 iit
1490 4993 1547 5031 se
1577 4988 1922 5047 permanent,
1969 4988 2022 5031 et
2058 4980 2331 5047 incognita

763 5084 924 5138 atque
956 5069 1358 5137 inaspectabilia
1395 5070 1967 5137 exsistunt,eognosci
1998 5071 2334 5138 queant,ab-

763 5167 956 5213 surdas
990 5173 1169 5214 autem
1216 5161 1493 5213 existimet
1522 5161 1853 5230 iijuscemodi
1883 5162 2333 5229 compositiones,

765 5258 838 5307 uti
874 5265 928 5307 et
957 5269 1173 5307 omnem
1217 5254 1359 5305 illam
1410 5254 1597 5305 rudem
1641 5255 2013 5323 angelicorum
2049 5254 2333 5306 nominum

763 5348 1232 5398 udumbrationem
1258 5348 1369 5399 sive
1394 5361 1640 5402 scenam.
1670 5346 1946 5415 Siquidem
1990 5357 2043 5399 ut
2080 5349 2130 5399 in
2169 5363 2332 5399 scena

766 5440 852 5490 alii
898 5448 1022 5490 sunt
1067 5441 1157 5505 qui
1192 5442 1409 5501 adsunt,
1448 5440 1675 5491 aliorum
1723 5455 1848 5491 vero
1895 5456 2157 5509 personas
2189 5440 2335 5493 rele-

767 5539 915 5591 runt,
946 5532 1019 5583 ita
1048 5541 1103 5582 et
1134 5532 1221 5582 hic
1261 5532 1363 5584 alia
1395 5535 1695 5599 proposita,
1728 5534 1819 5585 sed
1847 5534 1953 5585 alio
1984 5533 2142 5585 modo
2172 5546 2333 5599 quam

767 5621 1408 5685 CXSiSllllll,I'CfCl'lllllUl‘.
1465 5627 1539 5676 Ac
1587 5628 1783 5677 decere
1840 5624 2056 5692 quidem
2118 5622 2207 5675 ille
2262 5622 2335 5671 ait

773 5716 1067 5783 theologus,
1121 5732 1239 5769 cunt
1290 5732 1350 5769 ca
1404 5733 1519 5784 qua:
1577 5717 1743 5785 ligura
1792 5729 1980 5771 carent
2025 5720 2335 5785 exprimere

2433 4699 2541 4752 τῶν
2565 4700 2829 4768 ἀνομοίων
2852 4700 2944 4751 xui
2968 4697 3258 4768 χθαμαλῶν
3284 4698 3634 4765 ἐκφαίνεσθαι
3659 4698 3725 4748 τὰ
3746 4698 3979 4767 οὐράνια
3999 4716 4014 4730 ·

2435 4791 2526 4844 καί
2577 4808 2765 4860 φησιν’
2798 4792 2859 4842 Εἰ
2902 4790 2959 4845 δέ
2994 4808 3095 4841 τινι
3158 4790 3303 4842 δοκεί
3354 4788 3707 4857 ἀποδέχεσθαι
3764 4790 3859 4858 μὲν
3909 4788 4021 4852 τὰς

2438 4883 2829 4954 ιερογραφικας
2882 4884 3156 4945 συνθέσεις
3202 4884 3296 4935 καὶ
3339 4882 3408 4934 τὰ
3452 4883 3766 4951 πλάσματα,
3815 4883 3890 4944 ὡς
3941 4884 4019 4953 μὴ

2440 4976 2613 5038 ἄλλως
2658 4975 2798 5039 ἐνὸν,
2844 4977 2891 5027 εί
2944 4975 3018 5046 μὴ
3062 4975 3232 5036 οῦτως
3264 4974 3332 5026 τὰ
3366 4973 3515 5027 ἁπλᾶ.
3548 4976 3640 5025 xui
3672 4974 3751 5041 se
3804 4974 4021 5026 ἑαυτῶν

2446 5070 2693 5139 μένοντα,
2725 5070 2816 5122 xui
2849 5069 3099 5135 ἄγνωστα
3127 5068 3219 5119 xui
3250 5065 3535 5135 ἁθεώρητα
3563 5066 3890 5134 ὑπάρχοντα,
3924 5082 4018 5132 γι-

2444 5161 2744 5213 νώσκεσθαι
2764 5179 2775 5189 ·
2800 5161 3031 5221 ἀτόπους
3054 5160 3108 5211 δὲ
3132 5160 3303 5211 οἱέται
3324 5158 3420 5219 τὰς
3436 5158 3690 5219 τοιαύτας
3715 5157 4018 5219 συνθέσεις,

2446 5255 2537 5306 xui
2589 5256 2766 5305 πᾶσαν
2815 5254 2913 5323 τὴν
2968 5252 3238 5319 ἀπότομον
3305 5249 3507 5318 ταύτην
3553 5249 3660 5301 τῶν
3709 5248 4021 5316 ἀγγελικῶν

2442 5346 2719 5416 ὀνομάτων
2767 5346 2986 5415 σκηνήν.
3054 5345 3137 5405 Ὠς
3172 5344 3278 5413 γάρ
3322 5344 3377 5393 ὲν
3411 5344 3476 5410 τῇ
3511 5345 3689 5411 σκηνῇ
3724 5342 3868 5393 ἄλλοι
3916 5339 4021 5409 μέν

2445 5440 2579 5489 εἰσιν
2603 5438 2651 5487 οἱ
2684 5436 2964 5505 παρόντες,
2992 5436 3205 5503 ἑτέρους
3233 5434 3286 5483 δὲ
3315 5434 3695 5503 ὑποκρίνονται
3715 5450 3726 5460 ’
3762 5432 3899 5484 οὕτω
3924 5432 4021 5484 καὶ

2444 5528 2671 5582 ἐνταῦθα
2695 5527 2828 5581 ἄλλα
2858 5529 2953 5595 μέν
2977 5529 3078 5577 εἰσι
3102 5527 3170 5576 τά
3194 5526 3545 5593 ὑποκείμενα,
3565 5528 3657 5577 xui
3674 5525 4021 5595 ἁλλοτρόπως

2444 5622 2708 5687 λέγονται.
2760 5622 2865 5671 Καὶ
2902 5621 3149 5688 πρέπειν,
3200 5620 3362 5685 (ρησὶν
3412 5621 3634 5681 ἐκεῖνος,
3671 5622 3797 5680 τους
3842 5616 4023 5670 θεολό-

2450 5732 2595 5780 γους,
2634 5714 2986 5782 βουὶομὲνους
3018 5728 3079 5762 τα
3114 5710 3451 5763 uvam/mutu
3485 5712 3765 5776 εἰκονὲσαι,
3798 5709 4021 5771 οἰκείοις
