4196 6306
168 371 272 424 1εό

686 361 772 421 DE
804 360 1130 422 C(ELESTI
1173 356 1614 423 IIIERARCHIA,
1653 355 1809 414 CA'P.
1845 355 1913 411 ll.
1945 382 2017 396 --
2052 350 2400 407 PARAPHR.
2439 348 2914 406 PACHYMERA‘I.

3301 348 3404 404 151

165 478 260 530 καὶ
290 474 604 544 συγγενέσιν
629 473 901 541 ἐκφαίνειν
928 470 1347 540 σχηματισμοῖς,
1373 470 1438 519 ἐκ
1467 466 1577 518 τῶν
1610 466 1738 535 παρ’
1769 472 1813 530 Α

1769 472 1813 530 Α
1846 464 2052 526 volunt,
2101 462 2336 532 propriis
2372 461 2458 515 illa
2498 462 2856 532 cognatisque
2898 459 3207 528 elformare,
3245 462 3404 516 exiis

165 570 298 638 ἡμῖν
329 567 668 638 τιμιωτάτων
702 564 795 616 καὶ
827 562 1003 616 ἀΰλων
1033 561 1235 623 ποσῶς,
1268 558 1507 630 δηλονότι
1537 559 1601 612 ἐκ
1632 557 1739 611 τῶν

165 657 540 729 ἀνθρωπίνων,
585 657 677 708 καὶ
714 655 788 726 μὴ
819 653 877 722 ἐξ
910 652 1119 720 ἀλόγων
1151 652 1184 720 ἢ
1235 653 1326 703 καὶ
1358 649 1577 720 ἀψύχων
1597 667 1612 678 ·
1647 647 1742 701 καὶ

169 752 244 822 μὴ
281 749 614 820 περιτιθέναι
655 745 1030 816 πολυμορφίας
1072 743 1288 807 ἐνύλους
1327 747 1448 806 ταῖς
1480 744 1739 813 ὑπερκει-

169 843 357 912 μέναις
384 842 699 911 ἀπλότησιν.
743 839 898 894 Οῦτω
923 836 1031 909 γὰρ
1059 837 1124 890 ἂν
1157 836 1313 907 εἴπερ
1337 835 1616 906 ἐποίησαν,
1647 834 1740 888 δύο

165 921 390 1001 ἔμελλον
419 932 643 1002 ποιῆσαι
678 929 746 983 τὰ
795 928 994 997 ἀγαθά,
1031 929 1122 980 καὶ
1157 930 1302 1001 ἡμᾶς
1342 927 1561 995 ἀνάγειν
1607 927 1742 996 πρὸς

165 1025 450 1094 κρείττονα
498 1023 592 1074 καὶ
625 1020 958 1092 ὑψηλοτέραν
998 1021 1225 1082 ἔννοιαν,
1267 1019 1360 1072 καὶ
1400 1017 1468 1070 τά
1505 1017 1741 1089 ὑπερκό-

168 1130 302 1182 σμια
336 1113 409 1185 μὴ
443 1113 700 1181 κατάγειν
736 1114 828 1166 καὶ
855 1110 1083 1182 ἀτιμοῦν
1104 1129 1116 1141 ·
1152 1111 1229 1181 τῷ
1255 1109 1362 1180 γὰρ
1405 1108 1573 1170 οὕτως
1601 1100 1743 1160 ἐίκο-

166 1209 460 1274 νογραφεῖν
491 1205 579 1258 διά
603 1204 710 1257 τῶν
734 1204 1026 1275 ἀλλοτρίων
1051 1204 1383 1265 παντάπασι,
1409 1201 1500 1254 δύο
1530 1195 1741 1253 ποιόῦσι

165 1296 234 1349 τὰ
269 1298 540 1368 χείριστα,
588 1298 650 1350 τό
693 1315 749 1350 τε
787 1297 865 1359 είς
897 1295 966 1347 τὰ
1014 1295 1132 1348 θεῖα
1159 1294 1478 1364 ἐξυϐρίζειν,
1522 1293 1615 1347 καὶ
1644 1291 1741 1362 τὴν

164 1387 441 1458 ἡμετέραν
480 1387 795 1458 ἀποπλανᾷν
830 1386 1065 1439 διάνοιαν
1099 1388 1178 1447 είς
1207 1385 1306 1447 τὰς
1331 1385 1574 1455 ἀνιέρους
1605 1399 1742 1452 συμ-

167 1478 395 1542 πλάσεις
415 1479 869 1549 ἐναπομὲνουσαν.
888 1480 997 1532 Καὶ
1021 1478 1161 1548 τάχα
1184 1479 1275 1530 καί
1297 1494 1380 1539 τις
1407 1475 1742 1547 ὑπολήψαιτο

163 1571 388 1624 τοιαῦτα
409 1571 477 1623 τά
499 1573 598 1624 ὑπε
608 1589 699 1642 ρου
709 1573 884 1641 ράνια,
910 1570 1050 1622 ὥστε
1073 1572 1167 1622 κα¹ι
1189 1569 1406 1632 λέοντας
1427 1570 1520 1621 καὶ
1542 1569 1742 1629 ἵππους

164 1660 326 1728 εἶναι,
357 1665 448 1716 καὶ
477 1665 618 1716 κατὰ
647 1663 774 1726 τοὺς
805 1662 932 1731 βόας
963 1661 1236 1732 μυκᾶσθαι
1267 1662 1365 1732 τὴν
1395 1658 1739 1730 ύμνολογίαν,

165 1758 256 1809 καὶ
290 1756 390 1820 τὰς
420 1759 596 1809 ἐκεῖσε
630 1755 1060 1825 ταγματαρχίας,
1093 1753 1364 1824 όρνιθείας
1416 1749 1742 1819 ἀγελαρχίας

163 1842 323 1906 εἶναι,
372 1848 467 1900 καὶ
497 1846 611 1910 ζῶα
643 1824 827 1916 ἕτερα,
876 1824 969 1899 καὶ
999 1845 1129 1908 ὕλας
1175 1845 1338 1909 ἄλλας
1385 1842 1737 1914 ἀτιμοτέρας,
1772 1824 1811 1881 Β

163 1942 256 1993 καὶ
280 1941 380 1994 ὅσα
415 1940 567 2003 ἄλλα,
601 1940 735 2011 πρὸς
761 1939 821 1992 τὸ
846 1938 1042 1991 ἄτοπον
1073 1941 1165 1992 καὶ
1197 1938 1344 2005 ξένον
1374 1938 1466 1992 καὶ
1497 1934 1738 2008 ἐμπαθὲς

164 2032 554 2095 ἀποπεσοῦσαι,
601 2034 655 2084 αί
701 2029 947 2084 τοιαῦται
986 2032 1226 2101 ἀνόμοιοι
1259 2031 1572 2101 ὁμοιότητες
1646 2030 1738 2082 καὶ

165 2120 309 2184 ξέναι
357 2123 563 2186 εἰκόνες
613 2121 826 2175 ποιοῦσι
890 2121 1270 2190 φαντάζεσθαι.
1332 2123 1393 2175 Εἰ
1439 2120 1608 2175 ταῦτα
1656 2138 1741 2183 τις

161 2212 308 2280 λέγει
356 2216 449 2266 καὶ
463 2215 870 2285 διισχυρίζεται,
901 2215 1011 2268 ἀλλ’
1038 2216 1069 2284 ἡ
1091 2216 1187 2284 τῆς
1209 2214 1462 2284 ἀληθείας
1490 2215 1733 2286 ζήτησις,

163 2306 316 2375 καὶὴ
366 2306 610 2376 ἡμετέρα
655 2306 920 2376 ἑρμηνεία
969 2324 1027 2358 τε
1076 2307 1170 2358 καὶ¹
1213 2305 1472 2376 ἐξήγησις
1519 2308 1574 2358 ἐν
1617 2310 1739 2370 ταῖς

161 2398 436 2458 τοιαύταις
481 2398 791 2468 μορφώσεσι
837 2400 936 2469 τὴν
971 2397 1166 2468 σοφίαν
1221 2400 1464 2469 εὑρίσκει
1508 2418 1740 2473 προνοη-

164 2491 402 2562 σαμένην
429 2493 520 2544 καὶ
542 2491 648 2542 τῶν
683 2493 773 2548 δύο
799 2493 1000 2564 μερῶν,
1022 2491 1178 2562 ἡμῶν
1197 2510 1256 2544 τε
1278 2493 1384 2546 τῶν
1414 2495 1736 2563 ἀκουόντων,

159 2584 428 2637 κάκείνων
461 2587 588 2656 περὶ
619 2579 691 2635 ὦν
723 2586 850 2647 τοὺς
890 2584 1080 2651 λόγους
1123 2585 1432 2638 ποιοῦνται·
1480 2589 1554 2650 ὡς
1601 2590 1736 2659 μήτε

162 2675 372 2738 ἐκείνας
401 2675 800 2747 ἐνυϐρίζεσθαι,
838 2679 972 2748 μήτε
1012 2675 1116 2746 μὴν
1159 2679 1305 2748 ἡμᾶς
1339 2679 1603 2750 ἐμπαθῶς
1654 2682 1738 2732 ἐν-

161 2769 451 2838 απομένειν
488 2772 606 2831 ταῖς
635 2769 910 2831 τοιαύταις
949 2770 1317 2840 ταπεινότησι.
1352 2771 1414 2823 Τί
1444 2772 1499 2823 δέ
1530 2774 1674 2824 ἐστιν
1703 2775 1736 2844 ή

159 2860 454 2931 ἀτιμοτέρα
477 2859 597 2930 ῦλη,
629 2862 722 2912 καὶ
752 2860 800 2912 τί
826 2862 885 2912 τὸ
908 2861 1104 2913 ἄτοπον
1132 2863 1225 2913 καὶ
1258 2860 1405 2927 ξένον
1435 2863 1527 2914 καὶ
1560 2864 1738 2933 ἐμπα-

161 2951 263 3014 θὲς,
296 2955 461 3022 φησιν
490 2955 518 3005 ό
573 2951 854 3023 Ἰεξεκιὴλ,
891 2955 965 3016 ὡς
994 2957 1244 3026 ὁμοίωμα
1276 2954 1575 3024 ἑωρακέναι
1607 2954 1734 3024 θρό-

160 3057 266 3103 νου,
306 3043 400 3095 καὶ
441 3043 516 3104 ὡς
559 3044 809 3113 ὁμοίωμα
846 3043 1076 3109 λέοντος.
1132 3048 1186 3100 '0
1222 3046 1408 3118 Θρόνος
1441 3046 1735 3116 ἀτιμοτέρα

161 3131 256 3202 ῦλη
295 3133 390 3184 τοῦ
426 3133 656 3197 λέοντος,
695 3136 774 3187 ὅτι
823 3137 988 3199 αὐτὸς
1019 3138 1116 3206 μὲν
1167 3137 1390 3206 ἄψυχος,
1439 3139 1465 3189 ὁ
1509 3139 1566 3191 δέ
1598 3137 1735 3191 λέων
1761 3156 1804 3212 C

160 3219 398 3291 ἔμψυχος
419 3241 430 3253 ’
460 3223 609 3290 ξένον
636 3224 691 3277 δὲ
721 3227 814 3279 καὶ
843 3226 1042 3279 ἄτοπον
1068 3228 1162 3280 καὶ
1191 3228 1432 3298 ἐμπαθές
1458 3231 1621 3292 ἐστιν,
1653 3229 1734 3283 ὅτι

157 3313 214 3364 τὸ
234 3312 646 3388 λεοντόμορφον,
672 3317 901 3388 θυμικόν
921 3336 975 3371 τι
1006 3319 1277 3388 σημαίνει⁸
1297 3320 1392 3372 καὶ
1406 3320 1465 3372 τὸ
1488 3321 1736 3390 μόσχειον

158 3400 312 3467 εἶδος,
345 3405 777 3478 ἐπιθυμητικόν⁴
821 3411 980 3463 ἆτινα
1012 3410 1157 3481 πάθη
1189 3412 1282 3464 καὶ
1322 3412 1528 3480 μεγάλα
1561 3413 1736 3485 ὑπάρ-

159 3513 358 3564 χουσιν.
394 3500 469 3552 Οὐ
496 3500 576 3553 δεῖ
595 3502 723 3569 γοῦν
750 3502 1014 3572 ἐμπαθῶς
1035 3502 1207 3557 ταῦτα
1236 3507 1396 3557 νοεῖν.
1441 3506 1551 3558 Καὶ
1579 3505 1732 3577 πρῶ-

156 3605 243 3642 τον
268 3591 367 3660 μὲν
393 3592 748 3658 δεικνύουσιν,
771 3595 853 3648 ὅτι
883 3597 978 3648 καὶ
1006 3596 1332 3666 ἀμφοτέρων
1361 3599 1735 3670 προύνοήσατο

159 3686 190 3754 ἡ
220 3688 380 3754 σοφία
410 3687 504 3740 τοῦ
535 3688 669 3740 Θεοῦ
702 3689 844 3742 οὕτω
871 3691 1164 3760 ποιήσασα,
1197 3693 1288 3744 καὶ
1320 3693 1474 3762 ἡμῶν
1505 3695 1597 3745 καὶ
1625 3694 1732 3747 τῶν

158 3780 417 3851 οὐρανίων
445 3782 670 3834 ἐκείνων
690 3799 702 3812 ·
733 3782 892 3852 ἡμῶν
919 3785 1036 3852 μὲν,
1070 3783 1150 3836 ὅτι
1189 3784 1361 3848 ἄλλως
1398 3786 1496 3838 ούκ
1526 3782 1594 3856 ἦν
1626 3805 1731 3857 μα-

161 3870 267 3924 θεῖν
290 3874 358 3925 τά
387 3872 611 3926 τοιαῦτα
633 3891 644 3905 ’
683 3875 905 3928 ἐκείνων
934 3876 1011 3939 δέ,
1043 3878 1145 3942 ὅτι,
1172 3879 1249 3940 ὡς
1280 3878 1535 3949 μυστικὰ,
1560 3879 1732 3943 οὓτως

158 3962 480 4034 ἀπορρήτως
523 3965 618 4020 καὶ
649 3966 748 4019 οὐκ
780 3967 955 4029 άλλως
1005 3967 1110 4021 ἔδει
1156 3969 1522 4038 ἐκφαίνεσθαι.
1578 3968 1732 4023 Μετά

158 4055 322 4108 ταῦτα
363 4056 419 4108 δὲ
454 4055 638 4120 δείξει,
684 4055 802 4119 πῶς
838 4057 899 4107 ού
947 4057 1264 4128 λυμαίνεται
1294 4063 1406 4122 τοῖς
1443 4060 1730 4131 πράγμασι

159 4143 216 4196 τὸ
243 4145 586 4214 ἀπεμφαῖνον
630 4147 725 4199 καὶ
773 4136 1025 4218 ἀνόμοιον
1057 4148 1167 4200 τῶν
1206 4149 1573 4219 εἰκασμάτων.
1621 4150 1731 4202 Καὶ

158 4232 218 4302 δή
252 4252 433 4305 φησιν,
465 4237 544 4287 ὅτι
576 4235 800 4299 εἰκότως
829 4238 1173 4308 προτίθενται
1201 4242 1248 4291 oi
1278 4241 1436 4293 τύποι
1471 4240 1579 4292 τῶν
1606 4242 1732 4295 ἀτυ-

161 4319 368 4386 πῶτων,
403 4324 626 4377 καὶτῶν
652 4325 1071 4396 ἀσχηματίστων
1093 4329 1160 4381 τὰ
1191 4332 1462 4400 σχήματα·
1485 4331 1545 4384 ού
1573 4331 1730 4401 μόνον

160 4411 238 4464 διὰ
252 4415 310 4466 τὸ
327 4418 594 4488 ἡμέτερον
625 4418 866 4482 ἀσθενὲς,
891 4420 963 4491 μὴ
992 4422 1116 4474 οἵων
1144 4439 1201 4474 τε
1221 4422 1387 4475 όντων
1405 4424 1622 4492 ἀμέσως
1638 4426 1730 4477 καὶ

1846 555 2006 609 rebus
2034 570 2152 624 quae
2185 556 2324 624 apud
2361 569 2457 608 nos
2490 554 2904 622 pretiosissima:
2933 561 3083 617 sunt,
3115 552 3406 623 minusque

1842 648 2176 714 tuateriales,
2205 647 2352 702 verbi
2385 647 2576 717 gratia,
2611 647 2866 701 Immanis
2892 655 2945 700 et
2973 661 3077 701 non
3115 647 3408 719 irrationa-

1845 738 1972 790 lium
2025 749 2190 808 atque
2241 739 2674 792 inanimatarum
2721 753 2901 790 rerum
2957 737 3188 805 liguris:
3231 751 3408 806 neque

1844 831 2151 885 materiales
2196 828 2662 883 multiformitates‘
2685 830 2954 898 supremis
2994 828 3102 883 illis
3140 830 3406 882 maxime-

1843 937 1948 990 que
1980 922 2317 992 simplicibus
2347 922 2509 976 rebus
2543 920 2900 990 aﬁingendas.
2937 921 3047 975 Hoc
3079 922 3223 976 enim
3257 922 3300 975 si
3330 921 3408 974 l'e-

1843 1014 2073 1076 cissent,
2109 1015 2216 1069 duo
2239 1015 2379 1068 bona
2413 1015 2834 1083 przestitissent;
2878 1029 3002 1068 cum
3031 1029 3130 1067 nos
3169 1013 3235 1067 ad
3261 1028 3405 1085 prte-

1844 1106 2161 1159 stantiorem
2186 1107 2664 1176 sublimioremque
2682 1107 3064 1177 cegitalionem
3083 1106 3403 1170 erexissent,

1847 1205 1954 1248 tmn
1991 1197 2089 1250 ista
2118 1197 2577 1265 supermundialia
2629 1214 2732 1250 non
2774 1198 2847 1250 ita
2896 1196 3218 1263 dejecissenl
3245 1205 3300 1250 et
3327 1198 3408 1249 iu-

1844 1288 2224 1342 lionorassent.
2242 1286 2360 1341 Jam
2389 1304 2516 1342 vero
2541 1289 2628 1341 illa
2657 1290 2735 1342 sic
2761 1289 2954 1344 alienis
2979 1289 3200 1343 omnino
3224 1287 3404 1358 ﬁguris

1844 1378 2223 1441 describendo,
2257 1377 2392 1432 duas
2431 1394 2520 1433 res
2565 1381 2830 1446 pessimas
2871 1381 3260 1445 committunt;
3295 1390 3405 1432 Iuvn

1843 1472 1984 1540 quod
2018 1486 2102 1525 res
2131 1472 2346 1524 divinas
2387 1471 2784 1524 contumeliose
2819 1481 3088 1537 tractent;
3123 1485 3230 1524 tum
3263 1472 3406 1538 quod

1844 1563 2175 1617 intellectum
2224 1573 2468 1616 nostrum
2498 1564 2551 1616 in
2578 1578 2821 1617 errorem
2871 1564 3150 1628 inducant,
3181 1563 3403 1617 sacrile-

1843 1670 2030 1725 gisque
2057 1655 2550 1723 compositionibus
2573 1663 2770 1724 cogant
2799 1655 3084 1708 inhaerere.
3115 1654 3180 1707 Et
3206 1655 3404 1707 fortas-

1846 1744 1921 1795 sis
1951 1744 2114 1797 etiam
2146 1744 2345 1814 aliquis
2376 1745 2766 1814 suspicabitur,
2804 1761 2889 1798 res
2915 1744 3165 1800 cmlestes
3195 1745 3403 1814 ejnsce-

1843 1836 1983 1889 modi
2015 1839 2297 1903 exsistere,
2334 1848 2392 1890 ut
2438 1849 2492 1891 et
2525 1838 2709 1893 leones
2746 1840 2855 1892 sint
2889 1847 2941 1892 et
2967 1838 3108 1907 equi,
3139 1841 3406 1906 boumque

1843 1943 1990 1981 more
2019 1928 2206 1983 laudes
2237 1931 2498 1998 mugiant,
2527 1941 2689 1998 atque
2716 1931 2913 1985 ibidem
2941 1943 3238 1984 turmarum
3265 1947 3404 2000 pra:-

1841 2018 2081 2083 feeturaz,
2103 2029 2155 2074 et
2181 2020 2483 2074 avieulares
2516 2021 2853 2090 principatus
2884 2024 3171 2085 exsistant,
3193 2022 3407 2090 aliaque

1840 2112 2118 2176 animalia,
2167 2113 2478 2166 materizeve
2525 2111 2647 2164 alia:
2681 2112 2923 2175 viliores,
2973 2123 3027 2166 et
3070 2127 3408 2181 quascunque

1839 2203 1966 2265 alia,
1993 2202 2058 2255 ad
2091 2201 2348 2265 absurda,
2393 2203 2708 2270 peregrina.
2740 2204 3133 2272 passionesque
3170 2217 3405 2272 vergent-

1842 2296 1933 2359 tia,
1963 2293 2252 2347 dissimiles
2279 2294 2542 2360 ejusmodi
2581 2308 2645 2345 ac
2693 2296 2990 2363 peregrina:
3017 2294 3276 2363 imagines
3310 2311 3404 2350 co-

1841 2388 2196 2456 gitationibus
2244 2388 2531 2454 objiciunt.
2581 2387 2636 2441 Si
2683 2388 2806 2458 quis
2861 2393 2974 2441 haec
3025 2387 3307 2454 objecerit,
3352 2396 3406 2440 et

1843 2479 2183 2550 indignetur;
2235 2480 2485 2533 veritatis
2531 2489 2711 2534 tamen
2761 2479 3058 2548 indagatio,
3113 2487 3405 2547 nostraque

1837 2572 2223 2641 interpretatio
2247 2584 2409 2642 atque
2439 2571 2735 2640 explicatio
2765 2572 2816 2625 in
2845 2571 3117 2626 similibus
3150 2571 3404 2626 elIorma—

1841 2665 2078 2719 tionibus
2123 2667 2347 2734 reperit,
2394 2663 2612 2732 utrique
2664 2664 2806 2731 parti
2850 2665 3175 2732 sapientiam
3229 2664 3406 2733 provi-

1840 2756 2003 2817 disse,
2049 2765 2156 2809 tam
2201 2756 2378 2821 nobis,
2421 2756 2665 2824 inquam,
2697 2755 3060 2817 auditoribus,
3094 2770 3257 2822 quam
3287 2755 3401 2808 illis

1839 2845 1906 2897 de
1935 2847 2130 2914 quibus
2154 2861 2336 2900 sermo
2366 2845 2713 2899 instituitur:
2749 2857 2806 2898 ut
2838 2859 3016 2913 neque
3052 2846 3182 2914 ipsis
3207 2844 3403 2909 injuria

1840 2934 1954 3000 ﬁat,
1989 2952 2165 3004 neque
2198 2951 2295 2989 nos
2320 2935 2654 3002 ejuscemodi
2683 2934 3128 3002 formisabjectis
3159 2938 3402 2991 tenacius

1839 3027 2237 3082 adltzereamus.
2283 3028 2542 3093 Quaenam
2572 3037 2753 3081 autem
2796 3028 2955 3082 vilior
3004 3029 3093 3081 illa
3124 3029 3198 3082 sit
3234 3040 3404 3084 male‘

1840 3117 1940 3179 ria,
1968 3119 2168 3186 quidve
2203 3117 2329 3170 illud
2369 3119 2665 3172 absurdum
2704 3134 2766 3171 ac
2791 3120 3158 3186 peregrinum,
3199 3129 3255 3174 et
3282 3135 3404 3188 pas-

1839 3208 2080 3263 sionibus
2104 3209 2425 3279 implexum,
2450 3212 2527 3263 ait
2554 3209 2824 3276 Ezechiel,
2847 3226 2874 3262 a
2903 3227 2959 3264 se
2988 3212 3154 3264 visam
3178 3226 3404 3266 narrans

1839 3303 2015 3356 throni
2048 3301 2483 3368 similitudinem,
2514 3313 2571 3357 et
2592 3304 2746 3373 quasi
2775 3303 3184 3358 similitudinem
3210 3305 3401 3361 leonis.

1835 3394 2088 3448 Thronus
2132 3396 2315 3463 utique
2345 3394 2500 3447 vilior
2531 3396 2753 3448 materia
2799 3393 2977 3461 leone,
3029 3397 3282 3463 quoniam
3315 3396 3404 3451 ille

1835 3487 2013 3540 anima
2065 3495 2238 3549 caret,
2288 3486 2373 3541 leo
2420 3500 2552 3540 vero
2595 3487 2780 3540 vivit:
2826 3488 3176 3556 peregrinum
3217 3498 3400 3542 autem

1834 3577 1962 3632 illud
2007 3585 2061 3630 et
2101 3577 2398 3630 absurdum
2451 3577 2910 3649 passionibusque
2955 3579 3250 3648 implexum
3291 3589 3400 3646 est,

1835 3671 2091 3738 quoniam
2122 3668 2295 3723 leonis
2326 3667 2498 3723 forma
2523 3669 2630 3722 vim
2660 3669 2932 3723 irascendi
2961 3669 3068 3740 22
3103 3669 3399 3737 signiﬁcat,

1834 3761 2096 3832 vitulique
2122 3763 2352 3832 species,
2384 3762 2493 3814 vim
2523 3761 2945 3829 concupiscendi
2970 3777 2986 3826 ;
3036 3777 3157 3830 quae
3189 3761 3399 3830 passio-

1834 3869 1930 3907 nes
1955 3861 2008 3906 et
2037 3854 2251 3923 quidem
2283 3853 2631 3907 vehementes
2657 3863 2804 3907 sunt.
2833 3852 2946 3906 Non
2974 3863 3190 3922 oportet
3217 3855 3400 3922 itaque

1833 3943 1922 3999 illa
1969 3944 2178 4012 patibili
2227 3945 2387 4000 modo
2435 3947 2708 4016 accipere.
2766 3948 2844 3999 Ac
2894 3946 3127 4016 primum
3179 3947 3396 4015 quidem

1833 4038 2144 4102 ostendunt,
2173 4036 2263 4091 Dei
2292 4037 2620 4106 sapientiam
2655 4040 2922 4108 utrisque,
2961 4049 3068 4092 tam
3101 4041 3257 4094 nobis
3285 4041 3397 4094 sci-

1834 4127 1958 4182 licet
1985 4144 2145 4198 quatn
2181 4129 2470 4182 virtutibus
2506 4129 2845 4192 ccelestibus,
2878 4129 2979 4183 hac
3027 4133 3240 4187 ratione
3269 4147 3398 4187 con-

1833 4221 2097 4277 suluisse:
2125 4222 2303 4284 nobis,
2322 4222 2565 4289 inquam,
2590 4223 2852 4290 quoniam
2879 4222 3036 4275 aliter
3063 4223 3163 4276 ista
3191 4224 3400 4278 discere

1833 4326 1937 4364 non
1968 4323 2318 4380 pmeramus;
2347 4311 2452 4365 illis
2481 4326 2635 4377 vero,
2671 4313 2870 4380 quippe
2899 4314 3168 4382 mysticis,
3197 4329 3400 4368 conve-

1834 4407 2015 4459 niebat
2059 4407 2137 4460 sic
2174 4405 2389 4460 occulte
2424 4413 2478 4457 et
2513 4419 2618 4458 non
2654 4404 2812 4458 aliter
2846 4406 3130 4476 explicari.
3167 4407 3247 4460 Ad
3284 4407 3400 4460 haec

160 4502 272 4572 δίχα
308 4507 498 4560 τύπων
543 4510 635 4562 ἐπὶ
683 4510 782 4571 τὰς
827 4512 1023 4581 νοητὰς
1068 4513 1298 4585 θεωρίας
1335 4515 1724 4581 ἀνατείνεσθαι,
1761 4501 1804 4554 D

1761 4501 1804 4554 D
1835 4499 2048 4567 probat,
2089 4496 2359 4565 quomodo
2403 4495 2566 4549 rebus
2597 4496 2730 4564 ipsis
2773 4496 3161 4551 dissimilitudo
3207 4498 3296 4551 illa
3341 4508 3397 4553 et

161 4593 286 4648 ἀλλά
299 4598 387 4651 διὰ
406 4600 588 4670 μέσων
608 4603 939 4671 μορφώσεων
958 4621 1020 4656 συ
1029 4607 1218 4674 μφυῶν
1236 4607 1329 4658 καὶ
1346 4608 1475 4676 ἡμῖν
1492 4606 1726 4674 οἰκείων,

159 4683 219 4745 ἃς
246 4687 306 4758 δὴ
337 4691 432 4742 καὶ
459 4690 806 4762 προτιθέασιν
835 4695 890 4744 αἱ
919 4694 1133 4764 Γραφαὶ
1163 4696 1384 4748 ἐκείνων
1412 4697 1522 4749 τῶν
1565 4699 1732 4769 ὑπερ-

162 4778 299 4843 φυῶν
327 4781 616 4851 θεαμάτων
639 4801 652 4814 ν
697 4784 811 4837 ἀλλ’
847 4786 925 4838 ὃτι
972 4789 1064 4841 καὶ
1092 4792 1250 4841 τοῦτο
1277 4794 1396 4853 ταῖς
1442 4794 1731 4860 μυστικαῖς

162 4866 391 4938 Γραφαῑς
412 4875 887 4942 πρεπωδέστατον,
925 4878 994 4931 δι’
1024 4881 1350 4952 ἀπορρήτων
1391 4883 1728 4952 αἰνιγμάτων

159 4959 224 5012 τὰ
255 4967 491 5031 μυστικὰ
516 4967 981 5037 ἀποκρύπτεσθαι,
1021 4974 1114 5023 καὶ
1158 4972 1355 5024 ἄϐατον
1379 4972 1585 5024 τιθέναι
1615 4977 1727 5037 τοῖς

161 5051 361 5115 mnsit:
399 5057 502 5125 τὴν
553 5059 786 5127 κρυφίαν
837 5059 1113 5130 ἀλήθειαν.
1168 5063 1322 5114 Ἐστι
1369 5062 1477 5133 γὰρ
1512 5063 1573 5115 ού
1619 5065 1726 5126 πᾶς

165 5145 316 5215 ἱερὸς,
363 5149 485 5201 οὐδὲ
516 5151 730 5203 πάντων
758 5152 790 5222 ἡ
817 5153 1037 5220 γνῶσις,
1076 5154 1255 5218 καθὼς
1283 5159 1310 5208 ό
1342 5156 1543 5226 Κύριός
1594 5173 1725 5225 φησι

164 5235 286 5302 πρὸς
311 5239 438 5302 τοὺς
515 5241 845 5304 ἀποστόλους
867 5260 878 5272 ·
932 5243 1100 5312 Ὑμῖν
1129 5245 1363 5298 δέδοται
1410 5245 1627 5316 γνῶναι
1657 5246 1729 5298 τά

159 5328 448 5396 μυστήρια
475 5331 588 5396 τῆς
613 5332 936 5398 βασιλείας
963 5333 1080 5386 τῶν·
1108 5335 1393 5402 οὐρανῶν.

1835 4589 2179 4658 inaequalitas
2202 4585 2496 4655 eﬁigierutn
2523 4586 2748 4641 minime
2783 4588 3001 4642 (illiciat.
3029 4589 3202 4657 lnquit
3223 4591 3395 4652 enim,

1829 4690 1952 4758 jure
1999 4690 2195 4743 merito
2250 4691 2432 4757 ﬁgura:
2483 4687 2650 4740 rebus
2705 4682 3048 4752 iuﬁguratis,
3102 4681 3397 4750 lormteque

1834 4781 2008 4834 forma
2052 4779 2368 4834 carentibus
2390 4776 2726 4844 alIinguntur
2760 4789 2865 4826 non
2907 4782 3124 4840 propter
3151 4784 3392 4826 nostram

1831 4850 2094 4929 duntaxat
2139 4869 2598 4933 imbecillitatem,
2650 4881 2754 4935 qua
2796 4880 2901 4918 non
2940 4864 3178 4917 valemus
3207 4865 3393 4917 imme-

1828 4965 1974 5019 diate
2013 4973 2066 5019 et
2096 4964 2212 5017 sine
2253 4962 2443 5030 ﬁguris
2473 4960 2541 5013 ad
2592 4956 2868 5027 spiritales
2911 4970 3100 5009 earum
3146 4963 3396 5010 contem-

1827 5054 2091 5125 plationes
2135 5067 2444 5121 assurgere,
2480 5055 2724 5118 adeoque
2753 5064 2890 5117 opus
2935 5049 3198 5102 habemus
3227 5049 3386 5102 inter-

1827 5149 2019 5204 mediis
2086 5150 2152 5202 iis
2205 5147 2676 5202 eﬁ'ormationibus
2735 5145 2895 5199 nobis
2945 5144 3390 5197 connaturalibus

1828 5241 2187 5312 propriisque,
2232 5255 2367 5308 quas
2415 5239 2622 5292 idcirco
2652 5251 2822 5290 sacrae
2867 5235 3168 5304 Scriptura:
3197 5249 3390 5302 super-

1828 5335 2171 5389 naturalibus
2201 5335 2320 5388 istis
2350 5334 2674 5402 spectaculis
2703 5335 3085 5404 pratendunt;
3127 5333 3219 5387 sed
3247 5347 3386 5401 quo-

168 5416 298 5470 niam
322 5423 482 5474 etiam
514 5423 563 5474 id
591 5427 836 5492 mysticis
862 5424 1160 5493 Seriptnris
1213 5430 1450 5482 maxime
1492 5427 1774 5489 convenit,
1807 5442 2133 5482 arcanorum
2179 5427 2466 5496 aenigmata
2514 5427 2799 5491 abscondi,
2841 5439 2895 5481 ct
2933 5428 3195 5484 occultam
3238 5427 3381 5479 illaut

166 5511 434 5565 Veritatem
470 5515 634 5581 vulgo
668 5530 787 5568 esse
845 5518 1203 5573 inaccessam.
1257 5518 1444 5588 Neque
1500 5521 1645 5573 enim
1702 5519 1878 5588 quivis
1908 5530 2131 5575 sanctus
2159 5529 2262 5582 est,
2290 5531 2467 5587 neque
2499 5519 2741 5572 omnium
2772 5527 2854 5575 est
2885 5519 3145 5589 cognitio,
3193 5532 3384 5588 quent-

167 5614 193 5652 λ
231 5605 432 5656 modum
469 5606 732 5659 Dominus
755 5607 830 5661 ait
862 5613 926 5663 ad
957 5613 1234 5680 apostolos
1274 5629 1287 5666 :
1331 5611 1487 5666 Vobis
1520 5613 1701 5665 datum
1733 5620 1809 5667 est
1837 5628 1983 5667 nosse
2011 5613 2258 5683 mysteria
2298 5613 2440 5682 regni
2463 5611 2706 5666 caelorum
2737 5613 2792 5669 h.

240 5811 264 5842 ι
296 5805 472 5862 Matth.
509 5825 628 5873 xm,
663 5811 748 5867 ll.
