4198 6304
761 301 866 356 153

1922 312 1980 368 S.
2016 306 2313 371 DIONYSII
2345 312 2810 372 AREOPAGITIE

3901 327 4009 384 156

843 420 871 492 ς
911 421 992 507 1Ιί.
1028 423 1180 491 Quod
1217 426 1261 478 si
1296 440 1426 480 vero
1451 426 1573 498 quis
1604 429 1886 485 admiserit
1913 432 2130 501 quidem
2165 432 2328 486 talem

2509 429 2536 501 §
2570 430 2652 487 lll.
2679 435 2742 486 Εἰ
2781 433 2842 486 δέ
2871 451 2956 499 τις
2997 435 3203 507 δέχοιτο
3230 437 3330 508 μὲν
3358 438 3456 510 τὴν
3489 441 3744 513 τοιαύτην
3782 442 3870 496 διὰ
3895 442 4008 495 τῶν

763 526 861 580 per
896 528 982 568 res
1020 515 1249 570 sensiles
1295 533 1474 572 rerum
1519 519 1844 587 spiritalium
1879 524 2339 602 comprehensio5

766 621 912 670 nem,
961 607 1054 661 sed
1091 609 1357 677 improbet
1399 612 1663 664 duntaxat
1709 613 1977 667 absurdas
2019 614 2327 669 istiusmodi

764 697 1058 754 formarum
1109 702 1376 766 ﬁctiones,
1427 704 1640 779 dicens,
1694 709 2003 772 pudemlum
2051 723 2172 764 esse
2220 718 2324 764 tam

766 802 948 860 turpes
974 793 1133 846 rebus
1160 793 1518 848 deiforniibus
1547 794 1750 864 ﬁguras
1779 799 2212 865 accommodari;
2249 801 2323 854 illi

762 882 963 937 dictmn
989 881 1222 938 sulliciat
1245 884 1508 954 duplicem
1535 900 1651 940 esse
1673 888 2051 943 manifestandi
2079 894 2321 961 modum,

761 973 991 1028 alterum
1032 976 1246 1044 quidem
1282 992 1345 1031 ex
1379 978 1668 1042 similibus,
1707 981 1935 1035 alterum
1970 997 2097 1038 vero
2125 1001 2192 1039 ex
2215 987 2323 1042 dis-

759 1069 1033 1123 similibus
1086 1068 1272 1124 formis
1317 1069 1577 1126 elllctmn.
1639 1071 1736 1128 Ubi
1790 1076 2017 1129 observa
2063 1078 2319 1144 primum,

761 1162 890 1231 quid
950 1162 1015 1215 de
1070 1162 1177 1216 Deo
1240 1165 1481 1232 mystica:
1533 1165 1938 1233 Scripturarum
2000 1171 2320 1228 traditiones

759 1254 1086 1306 enuntient:
1148 1256 1469 1324 quandoque
1523 1256 1743 1325 quidem
1793 1275 1856 1313 ex
1912 1261 2212 1326 similibus,
2265 1275 2322 1318 ut

756 1344 980 1396 verbum
1013 1358 1076 1398 ac
1105 1356 1359 1403 mentem.
1381 1346 1537 1414 juxta
1567 1348 1695 1402 Illud
1722 1366 1734 1401 :
1785 1349 1915 1415 Quia
1941 1353 2079 1404 novit
2111 1370 2318 1406 sensum

756 1434 872 1504 (seu
906 1437 1158 1507 mentem)
1185 1437 1478 1494 Dominis?
1506 1451 1560 1495 et
1583 1446 1905 1510 essentiam,
1963 1445 2118 1512 juxta
2146 1448 2277 1503 illud
2301 1465 2312 1496 τ

755 1526 867 1598 Ego
913 1545 1028 1583 sum
1069 1530 1159 1598 qui
1195 1548 1309 1583 sum
1353 1530 1379 1570 ἀ
1417 1550 1430 1586 :
1482 1533 1650 1600 ipsam
1717 1537 2060 1606 sapientiam,
2111 1551 2166 1596 et
2214 1557 2320 1598 non

753 1621 1077 1690 simpliciter
1111 1625 1607 1692 ratiocinationem,
1637 1630 1731 1683 sed
1762 1630 1928 1700 ipsam
1950 1634 2321 1689 ratiocinatio-

753 1729 873 1767 nem
916 1719 1229 1785 prmdicant,
1267 1734 1394 1774 vere
1455 1725 1811 1778 exsisteutem
1842 1727 2151 1794 essentiam,
2192 1745 2318 1783 cau-

2431 521 2704 592 αἰσθητῶν
2743 524 2965 577 εἰκόνων
2985 527 3093 579 τῶν
3113 528 3316 598 νοητῶν
3345 529 3671 602 κατάληψιν,
3703 534 4014 587 αἰτιάσαιτο

2428 613 2484 666 δὲ
2525 616 2683 686 μόνον
2722 615 2818 680 τὰς
2850 618 3088 683 ἀτόπους
3122 622 3560 691 εἰκονογραφίας,
3600 623 3772 692 λέγων
3813 627 3892 689 εἰς
3918 627 4010 680 αῖ-

2431 707 2631 778 σχύνην
2654 704 2791 761 εἶναι
2815 707 2884 762 τὰ
2902 710 3071 775 οὕτως
3099 713 3300 783 αἰσχρά
3318 715 3668 785 εἰκονίσματα
3694 720 3805 779 τοῖς
3833 717 4007 771 θεοει-

2427 801 2570 854 δέσιν
2625 801 2964 856 ἀνατιθέναι·
3027 805 3188 875 ἀρκεῖ
3251 807 3424 878 εἰπεῖν
3483 806 3623 878 πρὸς
3683 808 3880 872 αὐτὸν,
3929 809 4010 872 ὡς

2423 894 2599 958 διττός
2641 896 2754 948 ἐστι
2779 894 2879 965 τῆς
2906 871 3269 969 ἐκφαντορίας
3297 900 3325 951 6
3349 871 3585 972 ⁸τρόποις·
3619 902 3647 952 6
3677 901 3774 972 μὲν
3804 871 4007 954 ἐκτῶν

2425 987 2626 1057 ὁμοίων
2647 1028 2660 1051 ,
2689 987 2716 1038 6
2746 988 2801 1041 δὲ
2821 987 2908 1041 διὰ
2935 987 3045 1042 τῶν
3077 990 3342 1044 ἀνομοίων
3376 992 3755 1063 μορῳωμάτων
3777 992 4016 1046 πλαττό-

2427 1095 2605 1148 μενος.
2658 1080 2765 1132 Καὶ
2817 1079 2893 1133 ῐδε
2941 1079 3155 1152 πρῶτον
3204 1082 3296 1134 ἐπὶ
3342 1082 3499 1152 Θεοῦ,
3551 1082 3604 1134 τί
3651 1082 3900 1151 λέγουσιν
3946 1088 4010 1137 αἰ

2427 1145 2686 1240 μυστικαὶ
2713 1171 2821 1223 τῶν
2850 1145 3081 1244 Γραιρῶν
3116 1145 3443 1244 παραδόσεις
3467 1145 3493 1205 ·
3517 1175 3646 1227 ποτὲ
3679 1145 3775 1244 μέν
3803 1175 3867 1227 ὲκ
3894 1174 4008 1226 τῶν

2423 1261 2644 1330 ὁμοίων,
2700 1261 2857 1330 λόγον
2905 1262 2999 1315 καὶ
3042 1262 3172 1316 νοῦν
3209 1264 3350 1317 κατὰ
3403 1265 3486 1327 τὸ,
3533 1264 3626 1330 Τίς
3656 1265 3807 1334 ἔγνω
3855 1265 4012 1319 νοῦν

2422 1355 2678 1422 Κυρίου;
2711 1355 2804 1408 καὶ
2835 1354 3044 1419 οὐσίαν,
3076 1354 3215 1408 κατά
3237 1355 3317 1420 τὸ,
3363 1355 3510 1426 Ἑπῦ
3540 1358 3655 1424 εἰμι
3691 1358 3722 1409 ὀ
3755 1355 3871 1409 ὢν·
3904 1355 4009 1426 τὴν

2423 1444 2657 1514 αύτοσοφ
2667 1445 2769 1509 ίαν,
2789 1446 2882 1498 καὶ
2905 1447 3002 1517 οὐχ
3036 1447 3221 1510 ἁπλῶς
3243 1447 3531 1518 λογιότητα
3554 1448 3668 1501 ἀλλ’
3701 1448 4011 1516 αὐτολογιό-

2419 1551 2556 1607 τητα
2573 1537 2858 1607 ὑμνοῦσαι,
2875 1538 2974 1608 τὴν
2991 1538 3158 1602 ὅντως
3178 1537 3410 1610 ὓπαρξιν
3427 1534 3590 1592 οὖσαν
3608 1539 3699 1591 καὶ
3715 1539 3890 1592 αἰτίαν
3905 1540 4011 1609 τῆς

2420 1626 2528 1679 τῶν
2553 1627 2725 1680 ἄλλων
2750 1628 2963 1681 πάντων
2991 1627 3300 1699 ὑπάρξεως,
3337 1628 3431 1681 καὶ
3461 1627 3574 1697 φῶς
3609 1627 3704 1679 καὶ
3729 1624 3889 1697 ζωὴν,
3931 1627 4012 1687 ὡς

2421 1727 2534 1787 τοῖς
2554 1725 2719 1794 ἱεροῖς
2735 1722 3086 1791 Εὑαγγελίοις
3105 1739 3117 1751 ·
3141 1721 3248 1775 τῶν
3263 1722 3518 1775 τοιούτων
3539 1721 3790 1775 ἁπάντων
3806 1721 4010 1790 ὀνομά-

752 1823 975 1877 samque
1002 1811 1334 1866 exsistenlirc
1370 1830 1550 1869 rerum
1584 1827 1930 1882 czeterarmn,
1956 1832 2009 1873 et
2039 1820 2235 1878 lucem.
2264 1835 2319 1875 et
2355 1795 2360 1850 ¹

2425 1842 2532 1877 των
2560 1824 2897 1896 σεμνοτέρων
2917 1823 3083 1876 ὄντων
3101 1824 3193 1876 καὶ
3221 1823 3630 1894 ὑπερκειμένων
3652 1820 3759 1874 τῶν
3783 1820 4008 1883 ὑλικῶν,

755 1901 948 1963 vitam,
973 1911 1029 1954 ut
1057 1903 1106 1954 in
1138 1905 1308 1957 sacris
1335 1905 1639 1977 Evangeliis
1669 1909 1925 1977 habetur;
1959 1927 2079 1981 quae
2105 1915 2320 1967 nomina

751 1992 933 2045 omnia
983 2006 1108 2048 cum
1182 1996 1492 2052 honestiora
1552 2001 1767 2068 quidem
1818 2003 1972 2069 sint,
2032 2020 2322 2071 rerumque

757 2085 1161 2152 sublimiorum,
1213 2091 1294 2143 vel
1343 2092 1420 2145 sic
1463 2102 1639 2146 tamen
1689 2096 1849 2149 etiam
1889 2113 1917 2149 a
1969 2113 2092 2151 vera
2133 2097 2322 2154 simili-

751 2176 940 2230 tudine
970 2179 1154 2246 procul
1195 2182 1426 2243 absunt;
1457 2184 1723 2253 siquidem
1752 2197 1838 2241 est
1880 2205 2042 2259 super
2072 2191 2185 2244 h:ec
2211 2208 2322 2246 om-

751 2269 864 2334 nia,
911 2286 1031 2322 cum
1072 2273 1255 2340 utique
1307 2274 1405 2326 ista
1442 2276 1558 2329 sine
1607 2281 2015 2347 comparatione
2056 2298 2082 2336 a
2124 2297 2318 2339 natura

751 2361 840 2415 illa
910 2364 1063 2416 beata
1129 2365 1402 2421 deﬁciant.
1453 2369 1788 2440 Quandoque
1849 2389 1980 2428 vero
2040 2376 2320 2430 dissimili-

751 2455 851 2508 bus
895 2456 1351 2513 deelaralionibus
1392 2461 1635 2515 divinum
1675 2465 1805 2518 illud
1852 2465 2056 2521 Numen
2092 2484 2187 2535 per
2228 2485 2321 2522 ne—

747 2547 1017 2615 gationem
1039 2548 1143 2619 23
1171 2550 1493 2618 celebratur,
1516 2570 1635 2607 cum
1667 2555 2048 2626 inaspectahile
2075 2572 2316 2624 vocatur,

749 2641 800 2687 ει
834 2635 1118 2699 inﬁnitum,
1164 2640 1419 2709 quodque
1467 2648 1580 2714 capi
1627 2662 1729 2698 non
1781 2650 1983 2717 possit;
2040 2652 2180 2706 unde
2212 2669 2316 2707 non

748 2730 878 2796 quid
911 2741 1012 2792 est,
1054 2733 1148 2784 sed
1183 2735 1310 2802 quid
1345 2752 1448 2789 non
1483 2748 1564 2792 est
1599 2741 1958 2808 signiﬁcatur.
1992 2744 2066 2797 Ex
2106 2746 2314 2800 duabus

750 2822 934 2888 itaque
985 2825 1136 2878 hich
1177 2830 1666 2897 enuntiatimiihus,
1701 2836 1872 2904 magis
1905 2838 2176 2906 propriam
2227 2840 2317 2892 de-

747 2925 1014 2974 monstrat
1037 2932 1155 2971 csse
1185 2919 1352 2984 illam,
1384 2938 1502 2989 quae
1533 2936 1616 2978 est
1646 2940 1710 2977 ex
1750 2929 1909 2981 rebus
1941 2929 2313 2987 dissimilibus.

743 3003 1022 3074 Siquidem
1071 3025 1194 3063 vere
1250 3013 1496 3069 novimus
1557 3017 1721 3069 Deum
1776 3034 1878 3073 non
1930 3036 2052 3075 esse
2108 3023 2316 3092 aliquid

746 3111 927 3150 rerum
951 3099 1354 3163 exsistentium,
1396 3103 1490 3157 sed
1529 3104 1842 3174 ignoramus
1874 3113 2308 3179 superessentia—
2340 3144 2381 3201 C

746 3187 849 3241 lem
876 3189 995 3258 ejus
1024 3191 1239 3244 termini
1268 3195 1564 3248 carentiam
1585 3235 1600 3259 ,
1644 3205 1696 3249 et
1727 3198 2308 3270 inintelligibilitatem,

745 3277 884 3343 sive,
915 3290 973 3333 ut
1009 3280 1080 3334 ita
1114 3282 1310 3346 dicam.
1356 3287 1684 3352 amentiam;
1719 3292 2031 3358 amentiam,
2065 3293 2311 3365 inquam,

745 3387 851 3425 non
885 3375 1184 3429 secundum
1238 3378 1436 3432 mentis
1476 3379 1861 3447 privationem,
1900 3385 1994 3439 sed
2026 3390 2166 3456 quod
2194 3390 2312 3459 ejus

745 3464 1105 3533 cognitionem
1165 3484 1318 3523 mens
1376 3472 1516 3525 nulla
1573 3475 1750 3542 capiat
1798 3494 1812 3530 :
1858 3481 2311 3543 quemadmodum

743 3556 906 3608 etiam
953 3554 1088 3619 alia,
1133 3569 1190 3611 ut
1231 3559 1576 3617 invisibilitas
1619 3567 1671 3618 ει
1723 3566 1964 3622 intlnitas
2008 3569 2156 3636 ejus.
2205 3589 2309 3627 non

745 3649 1036 3715 privative,
1070 3652 1163 3704 sed
1197 3653 1444 3719 negative
1481 3657 1831 3726 intelligenda
1875 3671 2016 3717 sunt.
2053 3662 2187 3718 Cum
2221 3666 2316 3720 ita.

745 3755 851 3807 que
897 3744 1214 3811 negationes
1248 3745 1299 3797 iu
1335 3747 1535 3803 divinis
1579 3766 1715 3804 vera:
1758 3753 1888 3818 sint,
1922 3754 2313 3813 aﬂirmationcs

747 3845 874 3884 vero
907 3834 1146 3897 absona.
1175 3839 1344 3905 magis
1379 3843 1594 3910 propria
1627 3853 1711 3897 est
1747 3845 1795 3898 in
1826 3846 1892 3899 iis
1921 3849 2223 3905 enuntiatio
2251 3869 2312 3906 ac

744 3922 1137 3979 demonsuatio
1171 3943 1264 3996 per
1294 3930 1598 3986 dissimilia.
1641 3934 1769 3999 Qum
1803 3953 1924 3990 cum
1965 3939 2036 3990 ita
2065 3954 2184 3995 sese
2220 3943 2315 3995 ba-

748 4012 911 4066 heant
953 4015 1003 4069 in
1047 4018 1184 4083 Deo,
1236 4036 1576 4093 consequens
1623 4039 1707 4080 est
1760 4030 2074 4098 Scripturas
2125 4048 2314 4093 sacras

748 4105 1018 4161 honorare
1074 4113 1281 4178 potius,
1329 4125 1382 4167 et
1431 4133 1770 4188 nequaquam
1822 4121 2004 4191 aliquo
2051 4126 2313 4183 dedecore

747 4197 959 4253 allicere
1008 4203 1221 4258 divinas
1273 4207 1393 4261 illas
1448 4211 1852 4278 dispositiones,
1891 4232 1985 4284 per
2039 4218 2309 4288 ejusmodi

744 4288 1038 4344 formarum
1073 4294 1413 4350 dissimilium
1443 4298 1764 4366 ellicliones,
1795 4317 1850 4357 ut
1884 4306 2056 4376 bovis,
2093 4311 2309 4379 aquibc,

744 4393 1071 4451 ceterasque
1101 4389 1297 4454 quibus
1327 4405 1417 4445 eas
1447 4393 1619 4447 innuit
1650 4400 2167 4464 supermundialiter
2197 4421 2312 4457 nia-

2425 1918 2472 1969 εἰ
2497 1916 2590 1969 καὶ
2617 1916 2757 1978 οῦτω
2779 1917 2937 1970 πάλιν
2968 1916 3103 1987 πρὸς
3125 1915 3224 1985 τὴν
3256 1914 3512 1986 ἀληθινὴν
3547 1915 3841 1986 ἐμφέρειαν
3865 1916 4009 1966 ἀπο-

2424 2010 2631 2062 δέουσιν
2650 2027 2662 2038 ·
2689 2008 2802 2062 ἔστι
2824 2015 2930 2079 γάρ
2948 2009 3084 2079 ὑπὲρ
3109 2006 3281 2060 ταῦτα
3301 2007 3498 2070 πάντα,
3518 2006 3552 2059 ἀ
3574 2006 3636 2076 δὴ
3661 2007 4010 2075 ἁσυγκρίτως

2422 2104 2522 2173 τῆς
2557 2102 2832 2173 μακαρίας
2865 2101 3250 2154 ἀπολείπονται
3280 2101 3512 2170 φύσεως,
3544 2100 3679 2152 Ποτὲ
3713 2099 3769 2152 δὲ
3802 2101 3865 2151 ὲκ
3895 2100 4010 2151 τῶν

2423 2195 2690 2265 ἀνομοίων
2738 2194 2986 2262 ὑμνεῖται
3021 2193 3080 2244 τὸ
3119 2194 3273 2266 θεῖον
3311 2192 3452 2244 κατά
3491 2192 3781 2260 ἀπόφασιν,
3833 2192 4008 2263 ἀόρα-

2423 2301 2512 2340 τον
2572 2274 3046 2357 λεγόμενονχκαὶ
3125 2283 3370 2354 ἄπειρον,
3447 2284 3540 2335 καὶ
3603 2283 3911 2355 ἁχώρητον·
3949 2283 4010 2350 ἐξ

2421 2373 2494 2433 ὧν
2535 2380 2595 2432 οὑ
2635 2379 2688 2431 τί
2734 2379 2898 2441 ἐστὶν,
2931 2376 3064 2431 ἀλλά
3094 2376 3146 2430 τί
3188 2376 3287 2428 οὐκ
3324 2377 3437 2428 ἔστι
3482 2376 3823 2445 σημαίνεται.
3870 2376 4010 2428 Ἀπὸ

2421 2472 2550 2540 γοῦν
2578 2470 2780 2522 τούτων
2822 2469 2929 2521 τῶν
2957 2469 3049 2522 δύο
3088 2467 3404 2536 ὲκφάνσεων
3439 2468 3781 2538 κυριωτέραν
3815 2466 3912 2536 τὴν
3947 2465 4010 2530 ἐξ

2421 2564 2686 2635 ἀνομοίων
2721 2564 2976 2616 δείκνυσι.
3009 2562 3081 2614 Τὸ
3121 2561 3217 2632 μὲν
3259 2557 3350 2614 οὖν
3385 2561 3486 2613 οὐκ
3528 2555 3665 2637 εἶναι
3704 2559 3906 2629 ταύτην
3953 2575 4008 2609 τι

2419 2655 2524 2709 τῶν
2551 2655 2740 2719 ὄντων,
2767 2653 3123 2723 γινώσκομεν·
3152 2652 3448 2722 ἀγνοοῦμεν
3473 2652 3528 2703 δὲ
3555 2652 3652 2722 τὴν
3681 2650 4013 2722 ύπερούσιον

2422 2748 2594 2817 αὐτῆς
2623 2747 2902 2819 ἀοριστίαν
2933 2747 3026 2800 καὶ
3075 2745 3325 2815 ἀνόητον·
3383 2745 3605 2814 ἀνόητον
3630 2744 3706 2806 δὲ,
3757 2745 3815 2795 οὑ
3862 2741 4010 2795 κατά

2422 2841 2680 2911 στέρησιν
2719 2839 2984 2909 νοήσεως,
3017 2839 3130 2892 ἀλλ’
3167 2841 3251 2894 ὅτι
3288 2840 3473 2909 νόησιν
3515 2839 3719 2909 ταύτης
3755 2839 3854 2891 οὐκ
3886 2839 4014 2890 ἔστι

2419 2931 2634 2985 λαϐεῖν·
2674 2930 2859 3002 ὥσπερ
2891 2932 2983 2983 καὶ
3023 2932 3209 2993 τᾶλλα,
3246 2933 3307 2985 τὸ
3338 2932 3562 3003 ἀόρατον
3611 2933 3703 2984 καὶ
3751 2930 4006 3000 ἄπειρον,

2418 3021 2478 3074 οὐ
2515 3019 2656 3074 κατά
2685 3022 2958 3093 στέρησιν,
2987 3021 3118 3074 ἀλλά
3158 3022 3299 3075 κατά
3329 3022 3620 3090 ἀπόφασιν.
3653 3021 3841 3073 Τοίνυν
3878 3021 4010 3073 ἐπεὶ

2419 3115 2475 3168 αἰ
2521 3114 2618 3185 μὲν
2650 3115 2952 3182 ἀποφάσεις
2983 3115 3074 3167 ἐπὶ
3105 3114 3211 3167 τῶν
3244 3114 3422 3178 θείων,
3461 3114 3697 3184 ἀληθεῖς,
3729 3114 3784 3166 αἰ
3813 3111 3869 3164 δὲ
3898 3131 4008 3164 κα-

2414 3209 2695 3277 ταφάσεις,
2737 3207 3098 3278 ἀνάρμοστοι·
3150 3208 3456 3280 οἰκειοτέρα
3503 3207 3699 3278 μᾶλλόν
3730 3209 3873 3259 ἐστιν
3905 3207 4007 3258 ὲπῖ

2413 3300 2618 3355 τούτων
2643 3302 2675 3371 ἡ
2701 3300 2788 3354 διὰ
2813 3301 2923 3353 τῶν
2954 3301 3224 3371 ἀνομοίων
3247 3300 3578 3371 έκφαντορία
3606 3300 3699 3351 καὶ
3741 3299 4000 3368 δήλωσις.

2415 3393 2521 3446 Καὶ
2547 3394 2594 3444 εἰ
2628 3390 2802 3445 ταῦτα
2839 3389 3013 3454 οὕτως
3042 3391 3133 3444 ἐπὶ
3162 3391 3320 3456 Θεοῦ,
3356 3388 3725 3461 συναγόμενόν
3755 3391 3874 3442 ἐστι
3903 3392 4006 3443 καὶ

2415 3486 2507 3539 ἐπὶ
2535 3485 2763 3548 τούτοις,
2794 3486 2874 3539 ὅτι
2903 3484 3140 3556 τιμῶσιν
3178 3473 3304 3556 ἄρα,
3336 3484 3436 3536 οὐκ
3475 3485 3697 3554 αἴσχους
3727 3483 4006 3554 πληροῦσι

2414 3577 2512 3641 τάς
2540 3578 2690 3640 θείας
2717 3578 3101 3648 διακοσμήσεις
3135 3578 3190 3629 αἰ
3224 3577 3365 3648 ἱεραὶ
3403 3578 3634 3647 Γραφαί,
3666 3577 3720 3630 αἱ
3762 3576 3852 3629 διά
3887 3575 4004 3629 τῶν

2411 3656 2683 3740 ’ἀνομοίων
2715 3671 3081 3741 μορφοποιίαι,
3111 3668 3204 3721 τοῦ
3248 3667 3387 3738 βοὸς,
3421 3669 3516 3721 τοῦ
3547 3667 3726 3732 ἀετοῦ,
3767 3669 3859 3720 καὶ
3886 3668 4006 3720 τῶν

2412 3762 2612 3814 λοιπῶν
2658 3762 2827 3824 αύτάς
2873 3760 3275 3822 ὑποδεικνῦσαι,
3317 3761 3390 3824 ὼς
3450 3761 3705 3831 ὑπεράνω
3750 3760 4003 3829 δηλονότι

2412 3854 2578 3916 οὖσας
2613 3854 2722 3906 τῶν
2769 3853 2965 3905 ὑλικῶν
2992 3853 3244 3906 ἁπάντων
3287 3852 3684 3923 ὑπερκοσμίως.
3718 3854 3780 3905 Εἰ
3824 3853 3935 3923 γὰρ
3973 3855 4002 3906 ὁ

2413 3945 2804 4017 λεοντόμορφος
2863 3944 3185 4013 λεγόμενος,
3235 3945 3328 3997 καὶ
3375 3943 3683 4006 πολύπους,
3743 3945 3836 3996 καὶ
3886 3961 3998 3998 πο·-

2412 4035 2696 4106 λύπτερος,
2723 4035 2816 4086 καὶ
2859 4031 3073 4101 λογικός
3118 4034 3254 4094 ἐστι,
3295 4031 3388 4084 καὶ
3418 4030 3606 4092 ἀῦλος,
3641 4029 3757 4094 πῶς
3801 4032 3860 4083 οὐ
3899 4031 4005 4101 δη-

2413 4128 2583 4180 λονότι
2613 4125 2994 4196 ύπερκοσμίως
3017 4123 3280 4194 ἐκϐέϐηκε
3313 4122 3381 4175 τὰ
3409 4122 3566 4174 ὑλικά
3591 4122 3684 4174 καί¹
3707 4121 3833 4192 παρ’
3856 4124 4002 4192 ἡμῖν

2411 4221 2705 4290 νοούμενα;
2754 4220 2892 4288 Ὅρα
2931 4217 2986 4269 δὲ
3019 4216 3134 4278 πῶς
3162 4215 3341 4278 καλῶς
3384 4215 3780 4286 ἀπελογήσατο,
3821 4214 3909 4266 διά
3943 4215 4002 4268 τί

2413 4312 2564 4378 ζώων
2622 4313 2838 4381 μνήμην
2875 4310 2987 4379 ἔχει
3023 4308 3092 4360 τά
3126 4308 3385 4380 οὐράνια,
3433 4309 3550 4376 ἤτοι
3592 4307 3819 4369 εἰκόνας.
3858 4308 4000 4359 Ὥσ-

2413 4421 2515 4474 περ
2559 4403 2663 4473 γάρ
2697 4405 2724 4454 6
2774 4402 2866 4454 ἐπὶ
2919 4400 3135 4452 πάντων
3178 4398 3308 4460 Θεὸς
3391 4399 3542 4449 οὐδὲν
3581 4398 3637 4451 ὲν
3680 4400 3791 4459 τοῖς
3827 4399 4000 4449 πᾶσιν

744 4476 953 4529 tcriatis
1007 4480 1262 4534 ouinibus
1317 4483 1465 4537 hisce
1523 4489 1683 4540 rebus
1736 4489 2085 4547 inferioribus
2137 4499 2360 4554 subli-l

2418 4497 2526 4565 Exn
2573 4494 2857 4565 ὁμογενὲς,
2902 4493 2994 4546 καὶ
3041 4491 3129 4544 διὰ
3187 4491 3345 4543 τοῦτο
3393 4490 3615 4552 εἰκότως
3672 4489 3823 4541 οὐδὲν
3881 4489 4000 4542 τῶν

748 4568 950 4623 miores
993 4573 1278 4626 exsistere.
1313 4577 1365 4628 Si
1404 4579 1546 4630 enim
1601 4581 1645 4634 is
1688 4584 1776 4650 qui
1826 4583 1993 4639 leonis
2042 4589 2311 4654 formam,

751 4660 1054 4728 multosque
1092 4666 1256 4728 pedes
1288 4677 1448 4734 atque
1485 4670 1599 4723 alas
1642 4673 1843 4727 habere
1878 4675 2095 4739 dicitur,
2147 4683 2309 4736 etiam

748 4755 958 4806 ratione
1001 4761 1260 4823 praeditus
1298 4773 1404 4824 est,
1439 4773 1490 4815 ct
1521 4779 1716 4834 expers
1747 4771 2007 4834 materize,
2039 4776 2309 4839 quomodo

747 4861 851 4898 non
886 4850 1045 4902 etiam
1086 4856 1612 4918 snpermuudialiter
1643 4875 1728 4912 res
1765 4861 1926 4914 hasce
1973 4869 2308 4932 materiatas,

745 4953 863 5004 quae
897 4954 923 4990 a
955 4942 1111 4995 nobis
1145 4944 1547 5011 intelliguntur,
1578 4953 1840 5004 excedat?
1870 4953 2112 5010 Observa
2147 4975 2306 5025 quam

744 5031 962 5092 pulchre
1003 5035 1264 5087 rationem
1321 5038 1566 5103 dederit,
1615 5057 1710 5094 cur
1758 5046 2069 5100 animalium
2107 5053 2309 5105 mentio

747 5123 840 5172 iiat
872 5123 922 5174 in
955 5125 1290 5189 cmlestibus.
1321 5132 1431 5184 sive
1466 5135 1761 5201 imaginum
1796 5154 2007 5191 eorum.
2041 5140 2305 5205 Quemad-

746 5217 960 5266 modum
991 5219 1130 5270 cnim
1161 5221 1294 5272 [Deus
1319 5222 1586 5276 exsistcns
1609 5229 1657 5278 in
1683 5229 1949 5292 omnibus,
1972 5230 2100 5284 nihil
2128 5234 2174 5285 in
2203 5249 2313 5287 om-

747 5308 907 5360 nibus
944 5309 1105 5362 habet
1139 5311 1379 5378 ejusdem
1414 5331 1596 5369 secum
1635 5323 1870 5387 generis,
1911 5324 2141 5391 ideoque
2175 5326 2304 5377 nihil

744 5410 927 5447 rerum
965 5401 1244 5466 omnium,
1294 5413 1378 5456 cst
1414 5406 1582 5472 ipsius
1633 5412 2051 5477 deelarativnm;
2105 5416 2310 5469 idcirco

741 5489 1021 5544 etiamalia
1048 5496 1385 5551 methodode
1411 5497 1519 5552 Deo
1545 5501 1838 5569 loquimur,
1859 5506 2118 5569 dicentes,
2143 5509 2306 5561 Deum

745 5598 848 5638 non
876 5601 996 5640 esse
1029 5589 1127 5642 hoc
1152 5601 1206 5643 ct
1237 5592 1387 5656 illud,
1417 5597 1558 5663 quod
1585 5613 1677 5664 per
1701 5598 1980 5654 dissimilia
2013 5612 2163 5656 vocat
2192 5617 2206 5654 :
2233 5604 2311 5657 sic

888 5775 915 5806 ⁸
953 5767 1103 5824 Boni.
1137 5789 1209 5836 xx,
1237 5773 1323 5827 δι.
1403 5773 1427 5812 ἀ
1463 5777 1624 5830 Exul.
1665 5794 1743 5840 ιιι,
1789 5778 1867 5833 14.

2416 4588 2666 4640 ἁπάντων
2708 4586 2821 4637 έστί
2850 4584 3142 4652 δηλωτικὸν
3195 4583 3394 4645 αὑτοῦ,
3440 4583 3575 4635 ἀλλά
3623 4582 3807 4634 λοιπὸν
3854 4581 4003 4656 ἄλλῃ

2420 4681 2632 4751 μεθόδῳ,
2656 4677 3030 4748 θεολογοῦμεν,
3072 4676 3322 4744 λέγοντες
3351 4677 3432 4728 ὃτι
3476 4677 3574 4728 ούκ
3623 4675 3768 4727 ἔστιν
3795 4677 3822 4728 ὁ
3855 4675 3998 4738 Θεὸς

2413 4773 2472 4825 τὸ
2530 4775 2618 4824 καὶ
2672 4772 2761 4834 τὸ,
2808 4773 2941 4841 ὅπερ
2997 4771 3148 4822 καλεῖ
3200 4770 3297 4822 διὰ
3327 4770 3441 4823 τῶν
3474 4771 3799 4838 ἀνομοίων·
3844 4767 3999 4820 οὕτω

2415 4866 2507 4917 καὶ
2539 4865 2628 4916 ἐπὶ
2659 4863 2764 4914 τῶν
2808 4863 3071 4932 οὐρανίων
3125 4862 3403 4931 δυνάμεων
3437 4861 3617 4922 καλῶς
3652 4862 3706 4940 ‘oi
3747 4859 3998 4927 θεολόγοι

2411 4956 2693 5026 ἐποίησαν,
2729 4955 2991 5024 τεχνικῶς
3018 4956 3193 5008 οὐδενί¹
3228 4955 3334 5006 τῶν
3374 4954 3550 5006 αὐτῶν
3588 4952 3756 5015 αὺτάς
3796 4953 4001 5021 ὁμοιώ-

2414 5065 2602 5109 σαντες
2629 5089 2641 5108 ,
2668 5047 2779 5099 ἀλλ’
2826 5050 2887 5099 ὲκ
2935 5047 3042 5099 τῶν
3088 5047 3378 5115 αἰσθητῶν,
3413 5047 3553 5116 ἅπερ
3596 5045 3746 5097 καλεῖ
3783 5044 3994 5113 ἄτιμα,

2411 5141 2506 5212 τὴν
2549 5141 2755 5192 τελείαν
2801 5140 3053 5203 λαϐόντες
3095 5141 3408 5210 ἐμφέρειαν,
3446 5138 3601 5190 τοῦτο
3645 5136 3779 5206 πρὸς
3819 5137 3994 5206 τιμὴν

2410 5234 2585 5287 αὐτῶν
2638 5234 3010 5302 πεποιηκότες,
3043 5235 3128 5286 ἵνα
3159 5230 3554 5302 πλασματώδης
3593 5230 3682 5281 καὶ
3723 5228 3822 5279 οὑκ
3855 5228 3989 5315 ἀλη-

2411 5326 2509 5396 θὴς
2545 5328 2765 5396 γένηται
2805 5326 3008 5378 τούτων
3043 5327 3074 5395 ἡ
3122 5326 3366 5395 μίμησις.
3418 5321 3694 5375 Ἐντεῦθεν
3733 5319 3994 5390 βούλεται

2415 5418 2582 5482 δεῖξαι
2623 5420 2761 5472 κατὰ
2785 5420 2845 5470 τὸ
2876 5419 3066 5488 βίαιον,
3097 5419 3177 5470 ὅτι
3221 5417 3312 5469 καὶ
3348 5416 3542 5486 μᾶλλον
3567 5413 3672 5466 τῶν
3700 5412 3900 5482 ὁμοίων
3932 5415 3992 5465 αἱ

2414 5514 2653 5582 ἀνόμοιοι
2723 5511 3203 5583 εύαρμοστότεραι.
3245 5510 3339 5571 Εἰς
3384 5509 3480 5579 μὲν
3511 5506 3617 5576 γὰρ
3655 5505 3752 5567 τάς
3785 5521 3992 5572 τιμιω-

2410 5603 2573 5673 τέρας
2605 5605 2695 5659 κα“ι
2727 5603 2936 5673 ὁμοίας,
2969 5602 3112 5664 εἰκός
3142 5603 3257 5653 ἐστι
3302 5601 3393 5651 καὶ
3433 5594 3877 5665 ἀποπλανηθῆναί
3906 5608 3995 5646 τι-
