4198 6304
284 296 383 352 [57

787 298 874 353 DE
904 296 1225 355 C(ELESTI
1259 296 1700 363 HlERARCHlA,
1732 294 1885 353 CAP.
1920 295 1987 353 ll.
2020 326 2092 339 —
2122 291 2468 354 PARAPHR.
2505 294 2974 357 PACHYMERE.

3406 294 3507 359 £58

280 428 400 468 νας,
428 411 564 463 ὅπου
598 426 661 479 γε
702 412 796 465 καὶ
824 413 903 474 εἰς
930 411 1029 475 τάς
1053 411 1339 482 ἀνομοίους
1373 413 1515 475 τινὲς
1541 411 1847 478 ἐξώλισθον,
1878 420 1921 475 Α

1878 420 1921 475 Α
1950 411 2113 465 etiam
2146 411 2197 473 in
2237 412 2554 467 cmles'tibus
2595 410 3143 471 virtutibusomnino
3174 424 3321 473 recte
3350 418 3508 475 tlreo-

297 502 465 564 εαθὼς
490 502 748 573 ἐλέγομεν
785 502 1108 574 ἔμπροσθεν.
1151 504 1504 573 Οίηθήσονται
1537 503 1674 574 γὰρ,
1712 522 1847 575 χρυ-

280 597 508 660 σοειδεῖς
545 596 642 649 καὶ
685 594 991 656 στίλϐοντας
1035 592 1233 663 ἄνδρας
1274 589 1430 655 εἶναι,
1461 594 1553 646 καὶ
1592 591 1847 663 λαμπρὰν

280 686 583 760 φοροῦντας
621 685 840 755 ἐσθῆτα,
875 686 968 738 καὶ
1007 683 1273 756 πυρώδεις
1308 683 1431 755 δίχα
1462 683 1725 746 καύσεως
1752 684 1846 737 καὶ

278 777 533 841 ἀσλαδῶς
575 774 744 831 εἶναι·
775 778 830 829 αί
868 776 976 848 γάρ
1016 776 1302 846 λεγόμεναι
1350 776 1520 847 πυρὸς
1552 776 1745 844 φλόγες
1785 777 1845 828 οὐ

278 869 590 930 καυστικαὶ,
626 865 763 919 ἀλλά
802 865 1026 931 ζωτικαί
1070 868 1196 927 είσι,
1224 868 1317 919 καὶ
1345 865 1512 919 τᾶλλα
1555 867 1652 919 ὅσα
1682 866 1848 935 φασὶν

281 966 340 1019 al
364 964 594 1038 Γραφαί.
626 965 802 1033 Ὅπερ
830 963 917 1015 ἵνα
951 961 1024 1033 μὴ
1058 961 1276 1014 πάθοιεν
1302 961 1351 1013 οἱ
1383 960 1546 1031 μηδὲν
1574 960 1681 1014 τῶν
1707 978 1845 1045 Ιφαμ-

277 1056 518 1126 νομένων
538 1052 863 1124 ὑψηλότερον
888 1050 1253 1123 φαντασθῆναι
1273 1051 1575 1122 δυνάμενοι,
1602 1054 1634 1122 ἡ
1666 1050 1843 1123 ὑψηλὴ

277 1151 441 1220 σοφία
466 1150 578 1203 τῶν
604 1148 866 1217 θεολόγων
907 1148 987 1211 εἰς
1019 1146 1302 1218 ἀνομοίους
1342 1147 1438 1199 καὶ
1476 1147 1846 1217 ἀπεμφαινού-

276 1259 378 1307 σας
404 1241 619 1305 εἰκόνας
650 1241 964 1309 κατάγεται,
1005 1240 1077 1311 μὴ
1109 1237 1461 1311 συγχωροῦσα
1491 1238 1587 1309 μὲν
1611 1238 1708 1309 τὴν
1731 1238 1846 1291 ina—

274 1348 425 1387 νοιαν
466 1330 625 1403 ἡμῶν
657 1329 1025 1385 ἀναπαύεσθαι
1068 1330 1147 1392 είς
1187 1327 1414 1398 αἰσχρὰς
1450 1328 1541 1381 καὶ
1580 1328 1844 1399 ἀπρεπεῖς

274 1423 627 1486 ἀναπλάσεις,
656 1421 994 1494 διεγείρουσα
1026 1422 1085 1474 δὲ
1126 1421 1188 1474 τὸ
1223 1421 1499 1490 ἀνωφερὲς
1532 1420 1633 1491 τῆς
1665 1419 1843 1489 ψυχῆς

270 1520 343 1589 τῇ
378 1514 684 1587 δυσμορφίᾳ
722 1515 833 1568 τῶν
860 1515 1127 1577 πλάσεων,
1160 1514 1237 1577 ὡς
1262 1513 1419 1585 δήλου
1450 1511 1646 1582 δηλαδὴ
1690 1512 1843 1575 ὄντος

273 1612 510 1673 καὶτοῖς
548 1610 685 1677 ἄγαν
727 1610 930 1672 ὑλικοῖς
957 1608 1054 1679 τὴν
1092 1608 1347 1669 διάνοιαν,
1378 1608 1457 1660 ὅτι
1501 1608 1598 1659 οὐκ
1636 1607 1740 1659 εἰσὶ
1772 1604 1842 1659 τὰ

270 1701 393 1757 θεῖα
426 1702 671 1757 τοιαῦτα.
706 1701 969 1773 Ἀκριϐῶς
995 1697 1087 1755 οὖν
1123 1701 1324 1763 ειδότες
1353 1701 1434 1752 ὅτι
1470 1699 1569 1764 οὐκ
1597 1699 1703 1751 eiul.
1730 1715 1843 1752 τοι-

1950 500 2053 572 logi
2105 501 2380 569 fecerunt,
2417 505 2543 558 dum
2594 505 2802 560 erudite
2852 506 2980 560 nulli
3017 509 3228 566 ordinis
3266 512 3505 583 ejusdem

1950 593 2071 647 illas
2113 595 2510 661 assimilarunt;
2552 588 2648 653 scd
2686 616 2752 655 ex
2796 601 3131 668 sensilibus",
3183 619 3303 673 quae
3344 617 3508 661 vocat

1949 684 2099 748 vilia,
2132 688 2428 754 perlectam
2474 699 2701 744 sumunt
2731 689 3168 757 similitudinem,
3209 694 3260 749 id
3303 694 3371 750 ad
3410 710 3508 750 ca-

1950 790 2066 829 rum
2118 774 2379 830 honorem
2414 777 2701 844 fecerunt,
2747 789 2806 834 ut
2847 780 3071 848 llctitia,
3114 794 3169 838 et
3211 800 3315 841 non
3348 800 3499 849 vera,

1947 876 2094 921 esset
2129 870 2446 923 earumdem
2474 870 2732 926 imitatio.
2761 870 2900 929 Hinc
2929 874 3043 926 vult
3075 876 3306 945 probare
3332 892 3360 930 a
3394 875 3504 930 ior-

1949 960 2095 1026 tiori,
2126 961 2412 1017 dissimilia
2446 965 2716 1023 similibus
2745 982 2867 1023 esse
2901 970 3108 1038 aptiora
3138 988 3154 1023 :
3186 969 3238 1025 lu
3279 972 3505 1027 nobilio-

1946 1051 2269 1107 ribus-enim
2296 1069 2358 1109 ac
2386 1055 2680 1124 similibus,
2707 1059 2949 1128 proclive
2977 1070 3060 1116 est
3094 1057 3386 1117 nonnullos
3410 1062 3500 1117 de-

1943 1142 2051 1211 cipi
2089 1156 2211 1198 cum
2246 1146 2497 1202 etiamin
2533 1149 2893 1205 dissimilibus
2940 1151 3105 1222 aliqui
3134 1154 3392 1220 errarint,
3424 1162 3499 1209 ut.

1944 1247 2109 1305 supra
2141 1237 2399 1295 diximus.
2448 1238 2849 1297 Existimabunt
2889 1244 3065 1311 enim,
3112 1260 3235 1301 esse
3278 1258 3505 1302 naturas
3558 1262 3561 1265 ‘

1946 1327 2066 1383 illas
2095 1331 2276 1399 specie
2300 1332 2529 1400 quadam
2558 1349 2716 1389 aurea
2740 1337 2890 1392 viros
2917 1338 3193 1407 quosdam
3211 1334 3502 1406 micantes,

1943 1430 2001 1475 et
2048 1423 2244 1477 vestitu
2299 1423 2583 1493 splendido
2629 1427 2864 1493 indutos,
2906 1441 3069 1501 atque
3107 1433 3336 1503 igneum
3374 1435 3506 1505 quid

1944 1512 2245 1579 vibrantes,
2286 1531 2394 1570 non
2426 1518 2706 1573 adurendo
2741 1536 2842 1576 nec
2875 1522 3115 1578 laedendo
3141 1538 3159 1589 :_
3185 1541 3309 1592 nam
3350 1525 3506 1601 nam-

1945 1621 2044 1662 mae
2074 1608 2229 1663 istius
2278 1609 2421 1680 ignis
2450 1627 2558 1665 non
2606 1612 2821 1667 habent
2851 1615 2956 1668 vim
2990 1618 3200 1685 urendi,
3234 1616 3503 1675 sedvivi-

1945 1700 2172 1768 licendi;
2204 1711 2260 1757 et
2288 1719 2621 1776 quaecunque
2659 1706 2764 1761 alia
2794 1707 2903 1779 π
2934 1706 3227 1779 Scriptura
3258 1713 3502 1769 tradunt.

269 1796 434 1862 αὕτα,
461 1796 761 1869 ζητήσομεν
784 1798 884 1868 τὴν
909 1796 1184 1868 ἀλήθειαν,
1208 1796 1306 1867 τὴν
1348 1796 1429 1848 ὄτι
1460 1794 1585 1848 ἄλλο
1609 1810 1659 1847 τι
1867 1782 1912 1838 Β

1867 1782 2091 1860 BQuod
2142 1796 2327 1851 ne-iis
2375 1798 2617 1863 eveniat,
2655 1800 2746 1870 qui
2793 1800 2929 1855 nihil
2974 1802 3157 1867 altius,
3207 1821 3368 1874 quam
3415 1806 3501 1862 illa

268 1889 445 1944 ταῦτά
472 1890 626 1943 εἰσιν.
666 1889 871 1952 Ἀλλως
896 1906 955 1942 τε
989 1891 1083 1943 καὶ
1109 1887 1265 1941 τοῦτο
1305 1888 1553 1957 ἐννοῆσαι
1601 1888 1727 1959 χρὴ,
1755 1888 1836 1941 ὅτι

1943 1884 2165 1953 pulchra
2194 1895 2247 1940 et
2276 1883 2517 1957 speciosa
2543 1903 2663 1957 quae
2689 1902 2978 1960 apparent,
3006 1904 3189 1949 mente
3214 1896 3499 1966 complecti

267 1975 427 2031 οὐδὲν
455 1975 563 2029 τῶν
602 1976 767 2031 ὄντων
796 1976 1043 2041 καθόλου,
1084 1978 1183 2049 τῆς
1208 1976 1301 2030 τοῦ
1348 1975 1510 2030 καλοῦ
1550 1978 1834 2047 μετουσίας

1941 1987 2207 2046 possunt;
2260 1980 2515 2033 sublimis
2556 1984 2644 2035 illa
2701 1985 3067 2053 theologorum
3113 1986 3379 2055 sapientia
3408 1990 3498 2043 .ad

266 2066 590 2140 ἀστέρηταισ
623 2069 745 2122 ἐπεὶ
765 2068 903 2123 καλά
933 2069 1051 2122 λίαν
1080 2068 1228 2141 παρά
1254 2070 1353 2140 τῆς
1379 2069 1599 2141 Γραφῆς
1624 2086 1833 2142 μεμαρ-

1939 2068 2408 2122 dissimilitudines
2436 2081 2495 2124 et
2516 2071 2749 2126 absonas
2778 2074 3040 2142 imagines
3063 2090 3121 2128 se
3153 2075 3363 2145 dejicit,
3396 2094 3500 2132 non

266 2158 548 2231 τύρηνται,
1940 2160 2259 2229 permittens
2313 2162 2699 2231 cogitationem
2754 2178 2995 2220 nostram
3059 2169 3168 2223 illis
3224 2169 3504 2228 indecoris

270 2251 585 2307 ﬁctionibus
668 2253 1050 2321 acquiescere,
1108 2251 1201 2309 sed
1251 2268 1369 2306 eam
1418 2253 1611 2305 animae
1664 2262 1868 2318 partem
1912 2266 2031 2319 quae
2076 2252 2141 2305 ad
2174 2252 2280 2306 alta
2317 2256 2506 2323 tendit,
2540 2256 2653 2326 ipsa
2692 2257 3039 2314 deformitate
3068 2257 3363 2330 ﬁgurarum
3394 2276 3493 2318 ex-

266 2348 403 2402 citat
427 2359 480 2402 et
512 2348 776 2410 stimulat.
811 2362 1066 2418 tanquam
1105 2347 1353 2402 videlicet
1383 2347 1588 2400 clarum
1619 2346 1687 2399 sit
1716 2346 1879 2400 etiam
1913 2345 1979 2399 iis
2008 2346 2099 2415 qui
2131 2356 2257 2401 sunt
2286 2349 2515 2404 terrenis
2563 2351 2725 2405 rebus
2765 2352 2921 2406 valde
2947 2352 3114 2420 afﬁxi,
3166 2372 3250 2411 res
3285 2358 3497 2414 divinas

267 2457 374 2497 non
428 2459 547 2499 esse
597 2442 773 2497 tales:
832 2453 889 2496 ut
939 2459 1065 2496 cum
1122 2441 1266 2497 clare
1316 2442 1729 2511 cognoverimus
1790 2454 1881 2494 eas
1934 2455 2043 2494 non
2091 2455 2212 2495 esse
2261 2442 2428 2509 tales,
2478 2443 2760 2499 veritatem
2814 2446 3182 2517 inquiramus,
3232 2450 3492 2521 quoniam

266 2541 397 2609 quid
446 2540 593 2594 aliud
626 2543 694 2593 ab
744 2538 849 2594 illis'
886 2551 1034 2596 sunt.
1077 2536 1216 2607 Quin
1248 2547 1303 2595 et
1351 2540 1451 2595 hoc
1505 2539 1822 2603 sciendum,
1853 2536 1985 2590 nihil
2016 2552 2203 2591 eorum
2237 2554 2357 2610 qua":
2381 2549 2505 2594 sunt
2533 2543 2679 2595 cunni
2740 2558 2960 2610 prorsus
3013 2546 3138 2601 boui
3198 2548 3493 2620 participa-

266 2634 418 2690 tione
454 2635 723 2700 privatum
772 2648 927 2699 esse;
972 2634 1223 2697 quoniam
1268 2631 1409 2685 bona
1458 2631 1633 2694 valde,
1669 2628 1979 2682 teStimonio
2006 2626 2325 2697 Scripturaz,
2353 2640 2545 2684 cuncta
2575 2632 3024 2700 comprobantur.

340 2729 371 2802 §
408 2728 496 2785 IV.
538 2731 692 2783 Ἐστι
747 2728 1027 2800 τοιγαροῦν
1068 2730 1132 2782 ἐκ
1179 2728 1394 2781 πάντων
1446 2725 1622 2779 αὐτῶν
1664 2723 1832 2785 καλάς

264 2822 503 2892 θεωρίας
531 2823 624 2875 καὶ
652 2820 1029 2893 προσηκούσας
1058 2822 1169 2882 τοῖς
1197 2821 1403 2889 νοητοῖς
1434 2817 1733 2887 ἐπινοῆσαι,
1765 2816 1831 2881 ἀς

259 2913 325 2986 δὴ
366 2915 460 2967 καὶ
502 2912 781 2984 ἀνομοίους
818 2911 1139 2983 ὁμοιότητας
1176 2913 1373 2979 φαῖμεν
1422 2910 1507 2971 ἂν,
1540 2910 1620 2961 ὅτι
1660 2908 1830 2979 ἑτέρῳ

257 3006 452 3079 τρόπῳ
476 3005 543 3059 τά
583 3005 745 3076 νοητά
774 3005 1002 3076 ἔχουσιν,
1030 3004 1065 3058 ἆ
1091 3008 1202 3067 τοῖς
1239 3003 1510 3073 αἰσθητοῖς
1550 2999 1826 3072 ἐτεροτρό-

257 3116 383 3162 πως
422 3097 867 3169 ἀπονενέμηνται.
913 3096 1117 3150 Αὐτίκα
1154 3098 1262 3168 γὰρ
1294 3098 1321 3149 ὁ
1364 3096 1547 3166 θυμὸς,
1584 3097 1676 3149 ἐπὶ
1714 3095 1823 3149 τῶν

255 3194 415 3247 κάτω
455 3191 569 3262 μὲν,
601 3190 658 3257 ἐξ
690 3190 965 3260 ἐμπαθῶς
994 3190 1170 3262 ὁρμῆς
1204 3190 1492 3258 ἐγγίνεται,
1516 3189 1610 3242 καὶ
1646 3188 1823 3259 πάσης

254 3282 483 3351 ἀλογίας
514 3283 657 3336 ἐστὶν
685 3283 931 3353 ἔμπλεως
962 3284 995 3353 ἡ
1021 3281 1241 3351 τοιαύτη
1263 3281 1354 3334 τοῦ
1384 3279 1552 3351 θυμοῦ
1581 3280 1819 3351 κίνησις·

254 3375 378 3428 ἀλλ’
406 3374 622 3429 ἐπὶτῶν
647 3374 848 3443 νοητῶν
873 3373 1241 3445 ἐτεροτρόπως
1268 3372 1491 3442 νοοῦμεν
1516 3370 1604 3423 τὸν
1635 3370 1821 3441 θυμὸν,

251 3466 362 3535 τὴν
410 3464 682 3517 ἀνένδοτον
738 3464 983 3533 λέγοντες
1034 3462 1267 3530 ἐλλογονν
1298 3461 1535 3532 κίνησιν,
1580 3462 1672 3513 καὶ
1728 3460 1824 3531 τὴν

254 3558 571 3627 ἀχαύνωτον
600 3557 711 3623 ἕξιν
740 3558 834 3612 καὶ
858 3556 1229 3629 ἀμετάϐλητον
1249 3559 1305 3609 ἐν
1334 3558 1453 3619 ταῖς
1482 3558 1558 3618 είς
1578 3556 1638 3608 τὸ
1664 3554 1824 3608 καλὸν

253 3654 552 3726 ίδρύσεσιν.
611 3652 880 3715 Ὡσαύτως
924 3650 1035 3721 ἔχει
1074 3650 1167 3704 καὶ
1206 3653 1238 3723 ἡ
1280 3649 1563 3718 ἐπιθυμία,
1597 3650 1689 3703 ἐπὶ
1728 3651 1823 3721 μὲν

252 3751 373 3810 τοῖς
403 3745 631 3812 ἀλόγοις,
666 3743 1064 3815 ἀπερίσκεπτον
1098 3760 1217 3796 τινα
1273 3742 1592 3814 ἐμπάθειαν,
1630 3744 1686 3812 ἐξ
1723 3747 1822 3816 ἐμ-

250 3837 428 3907 φύτου
466 3817 732 3908 κινήσεως
752 3835 1038 3899 πολλάκις
1074 3837 1161 3888 ὅτε
1188 3834 1383 3906 δηλαδὴ
1424 3837 1531 3890 ἀπὸ
1568 3843 1824 3907 συμπτω-

256 3932 449 4003 μάτων
503 3929 743 3999 φυσικῶν
795 3929 892 3999 τὴν
940 3930 1152 3998 κίνησιν
1203 3928 1487 4000 ἔχομεν,ἦ
1539 3929 1823 3998 συνηθείας

252 4022 515 4085 πολλάκις
533 4039 546 4052 ·
578 4023 663 4075 ὅτε
690 4020 928 4091 δηλονότι
966 4020 1071 4075 ἀπό
1107 4038 1268 4074 τινων
1291 4020 1526 4091 ἐθισμῶν
1564 4020 1703 4074 κατά
1723 4022 1823 4091 τὴν

250 4120 370 4179 τοῖς
398 4115 705 4177 ἀλλοιωτοῖς
736 4115 1092 4185 ἐγγινομένην
1118 4113 1309 4181 ἄλογον
1331 4114 1699 4183 ἐπικράτειαν,
1724 4113 1823 4177 τῆς

254 4207 576 4278 σωματικῆς
598 4205 825 4276 ὀρέξεως
846 4204 1091 4276 ῶθούσης
1124 4207 1185 4258 τὸ
1211 4204 1346 4269 ζῶον
1370 4206 1461 4257 ἐπὶ
1486 4205 1546 4256 τὸ
1590 4202 1825 4257 κατάίσ-

252 4313 421 4382 θησιν
457 4342 470 4365 ,
486 4302 576 4353 καὶ
599 4300 737 4353 οὕτω
764 4298 903 4352 κατά
928 4300 1109 4368 νόησιν
1133 4296 1479 4368 ὲπιθυμητόν.
1510 4297 1633 4351 Ὅτε
1658 4296 1822 4368 δὲτὴν

251 4391 549 4459 ἐπιθυμίαν
568 4393 675 4453 τοῖς
696 4392 902 4461 νοητοῖς
926 4390 1082 4463 ἐπιθή
1092 4408 1274 4461 σομεν,
1297 4389 1471 4461 ἔρωτα
1497 4390 1635 4442 θεῖον
1655 4389 1820 4457 αὐτὴν

2002 2720 2040 2795 νς
2072 2720 2159 2780 IV.
2195 2721 2378 2778 Liceat
2408 2725 2591 2795 itaque
2615 2741 2679 2779 ex
2708 2730 2960 2797 omnibus
2994 2730 3058 2784 iis
3087 2731 3342 2800 pulchras
3373 2749 3502 2789 con-

1938 2815 2347 2884 templationes,
2395 2832 2459 2872 ac
2522 2817 2684 2872 rebus
2742 2820 3078 2890 spiritalibus
3137 2837 3501 2896 congruentes

1932 2907 2149 2975 elicere,
2177 2925 2313 2978 quas
2349 2920 2404 2963 et
2449 2910 2743 2973 dissimiles
2788 2913 3173 2972 similitudines
3211 2928 3500 2986 possumus

1932 3000 2234 3068 appellare;
2270 3003 2527 3071 quoniam
2561 3002 2773 3058 diverso
2817 3006 2978 3060 modo
3010 3006 3131 3062 illas
3164 3009 3364 3064 habent
3408 3026 3498 3068 res

1929 3089 2220 3156 spiritales,
2247 3106 2366 3159 quae
2390 3091 2491 3145 alia
2526 3093 2731 3149 ratione
2776 3094 2936 3151 rebus
3001 3098 3300 3154 sensilibus
3336 3105 3493 3157 attri-

1928 3182 2069 3235 butae
2095 3191 2237 3237 sum.
2266 3181 2320 3235 In
2352 3184 2607 3250 pmsenti
2647 3186 2813 3250 enim,
2844 3188 3129 3243 iracundia
3164 3191 3219 3245 iu
3266 3193 3497 3249 inferio.

1929 3274 2078 3329 ribus
2104 3277 2320 3344 quidem
2348 3292 2414 3330 ex
2453 3277 2653 3347 impetu
2682 3280 2960 3347 passionis
3003 3284 3240 3352 exsistit,
3275 3296 3329 3341 et
3358 3286 3499 3342 irra-

1929 3367 2227 3423 tionalitate
2255 3368 2443 3437 plenus
2472 3378 2553 3423 est
2581 3371 2909 3437 ejuscemodi
2962 3375 3251 3432 iracundiae
3281 3388 3492 3435 motus:

1925 3472 2112 3511 verum
2146 3458 2197 3513 in
2228 3461 2398 3515 rebus
2445 3461 2784 3528 spiritalibus
2812 3463 2919 3518 alio
2948 3466 3107 3522 modo
3148 3468 3486 3525 iracundiam

1926 3548 2243 3616 accipimus,
2274 3549 2540 3616 dicentes,
2580 3549 2727 3603 illam
2775 3566 3020 3606 severam
3053 3556 3337 3620 quamdam
3376 3571 3495 3612 esse

1926 3639 2223 3694 motionem
2267 3640 2610 3704 rationalem,
2638 3656 2700 3695 ac
2736 3644 2959 3698 minime
3002 3645 3214 3700 mollem
3258 3649 3492 3702 mutabi-

1926 3728 2098 3784 lemve
2140 3730 2383 3786 habitum
2433 3732 2485 3785 in
2527 3732 2650 3786 boni
2683 3735 3190 3791 constitutionibus.
3224 3738 3496 3795 Similiter

1926 3824 2391 3893 concupiscentia,
2433 3826 2483 3879 iu
2534 3826 2943 3883 irrationalibus
2988 3830 3204 3899 quidem
3256 3834 3493 3896 inconsi-

1924 3918 2166 3971 deratam
2209 3918 2503 3986 quamdam
2537 3921 2845 3989 passionem
2898 3923 3057 3977 habet
3087 3939 3153 3978 ex
3186 3925 3347 3980 insito
3378 3927 3493 3997 ple-

1926 4026 2151 4081 rumque
2182 4020 2363 4076 motu;
2400 4013 2617 4080 quando
2645 4014 2898 4067 nimirum
2934 4031 2998 4070 ex
3042 4017 3491 4075 convulsionibus

1926 4104 2260 4160 naturalibus
2292 4120 2609 4169 movemur;
2647 4106 2730 4159 vel
2765 4122 2870 4161 non
2906 4122 3031 4160 raro
3061 4108 3224 4161 etiam
3263 4125 3329 4163 ex
3356 4126 3491 4165 con-

1923 4197 2253 4252 suetudine:
2297 4212 2418 4252 cum
2469 4197 2716 4252 videlicet
2749 4213 2815 4252 ex
2888 4201 3124 4254 assuetis
3176 4202 3488 4259 irrationali

1924 4285 2179 4353 potentia:
2223 4287 2383 4341 rebus
2427 4286 2778 4341 mutabilibus
2814 4290 3009 4356 insitis,
3042 4292 3345 4359 corporalis
3395 4309 3491 4363 ap-

1922 4378 2145 4447 petitus.
2169 4380 2367 4433 animal
2403 4380 2635 4450 impellit
2681 4383 2747 4435 ad
2779 4382 2981 4450 aliquid
3015 4384 3293 4451 sensibile,
3325 4395 3489 4455 atque

251 4486 458 4537 ἐννοεῖν
483 4483 587 4554 χρὴ
618 4482 715 4553 τῆς
743 4482 882 4552 ὑπὲρ
906 4480 1063 4550 λόγον
1091 4483 1184 4535 καὶ⁹
1209 4481 1331 4535 νοῦν
1361 4480 1569 4543 ἀῢλίας,
1602 4480 1694 4533 καὶ
1720 4480 1820 4550 τὴν
1854 4490 1897 4545 ι)

1854 4474 2055 4545 Dadeo
2110 4472 2272 4525 etiam
2339 4473 2651 4553 secundum,
2703 4475 3115 4544 intelligentiam
3172 4479 3482 4545 appetibile.

247 4576 530 4630 ἀνένδοτον
557 4574 738 4643 ἔφεσιν
770 4574 869 4643 τῆς
896 4573 1133 4637 ἀπαθοῦς
1157 4573 1402 4643 θεωρίας,
1433 4574 1524 4627 καὶ
1561 4573 1658 4642 τῆς
1690 4572 1821 4624 αἰω-

250 4669 376 4730 νίας
418 4667 583 4730 ὄντως
613 4668 705 4720 καὶ
740 4668 935 4738 νοητῆς
980 4667 1259 4729 κοινωνίας
1298 4666 1433 4737 πρὸς
1474 4665 1687 4734 ἐκείνην
1723 4663 1822 4733 τὴν

249 4759 500 4832 καθαρὰν
527 4760 819 4829 διαύγειαν,
843 4761 936 4813 καὶ
964 4760 1061 4831 τὴν
1106 4760 1285 4828 ἀφανῆ
1313 4760 1405 4811 καὶ
1437 4757 1585 4810 θείαν
1621 4756 1821 4827 εὐπρέ-

252 4870 435 4907 πειαν.
466 4852 631 4906 Πάλιν
663 4854 725 4905 τὸ
757 4852 1008 4923 ἀκρατὲς,
1039 4852 1120 4920 ἐφ’
1156 4852 1309 4922 ημῶν
1339 4851 1456 4921 μὲν,
1488 4852 1550 4903 τὸ
1578 4850 1660 4918 ἐφ’
1686 4850 1821 4920 ὅπερ

247 4944 320 5015 δὴ
356 4944 450 4997 καὶ
488 4947 798 5015 ὁρμήσομεν
836 4945 1253 5014 ἀνεπίστροφονο
1287 4943 1371 4995 ἐπ’
1402 4942 1619 4995 ἐκείνων
1648 4942 1726 5005 δὲ,
1761 4941 1821 4995 τὸ

254 5036 527 5099 σύντονον,
564 5038 656 5090 καὶ
692 5037 752 5091 τὸ
785 5036 935 5107 παρά
963 5035 1187 5107 μηδενὸς
1216 5034 1594 5104 ἐγκόπτεσθαι,
1624 5033 1710 5087 διὰ
1731 5034 1821 5087 τὸν

251 5120 431 5198 ἁμιγῆ
461 5128 553 5182 καὶ
580 5127 835 5198 καθαρὸν,
861 5128 951 5180 καὶ
979 5129 1057 5190 είς
1083 5127 1229 5180 οὐδὲν
1258 5127 1442 5196 ἕτερον
1466 5126 1809 5195 ὲσχολακότα,

252 5218 352 5269 καὶ
382 5215 732 5270 ἀναλλοίωτον
758 5215 857 5284 τῆς
896 5214 1043 5279 θείας
1066 5215 1326 5285 καλλονῆς
1360 5216 1556 5287 ἔρωτα,
1592 5215 1685 5267 καὶ
1722 5214 1818 5285 τὴν

252 5309 441 5381 ὁλικὴν
465 5311 638 5381 ὁρμὴν
666 5312 755 5363 ἐπὶ¹
780 5311 839 5363 τὸ
866 5311 1031 5373 ὄντως
1055 5311 1332 5381 ἐράσμιον.
1366 5309 1533 5363 Πάλιν
1562 5307 1659 5378 τὴν
1696 5305 1813 5360 ἀλο-

252 5400 400 5469 γίαν,
446 5401 539 5454 καὶ
580 5400 953 5470 ἀναισθησίαν,
983 5404 1074 5455 καί
1103 5401 1377 5472 ἀνοησίαν,
1424 5401 1513 5452 ἐπὶ
1567 5398 1661 5469 μὲν
1709 5396 1817 5449 τῶν

252 5492 464 5561 ἀλόγων
514 5510 573 5548 τε
604 5495 697 5548 καὶ
745 5493 993 5563 ἀψύχων,
1040 5494 1222 5558 καθὼς
1265 5495 1358 5546 ἐπὶ
1395 5493 1487 5544 τοῦ
1535 5490 1679 5543 λίθου
1719 5490 1817 5558 τὴν

251 5582 626 5653 ἀναισθησίαν,
650 5582 790 5636 κατὰ
822 5581 1070 5653 στέρησιν
1093 5583 1318 5652 λέγομεν
1337 5600 1349 5611 ·
1383 5583 1473 5634 ἐπὶ
1494 5581 1549 5633 δὲ
1578 5581 1683 5634 τῶν
1704 5596 1819 5649 νοη-

252 5672 361 5724 τῶν
388 5675 480 5727 καὶ
506 5674 703 5737 ἀΰλων,
735 5674 873 5727 κατά
894 5661 1181 5743 ἀπόφασιν.
1210 5674 1318 5728 Καὶ
1337 5674 1424 5726 διά
1460 5674 1556 5743 μὲν
1571 5674 1632 5726 τὸ
1657 5674 1817 5743 ὑπερ-

254 5763 399 5833 έχειν
448 5763 604 5823 αὐτὰ.
644 5764 719 5827 ὡς
749 5765 1112 5835 ὑπερκείμενα
1146 5764 1238 5819 τοῦ
1284 5763 1402 5817 καθ’
1434 5766 1579 5835 ἡμᾶς
1608 5782 1809 5835 προφο-

1926 4563 2149 4630 Quando
2189 4576 2364 4618 autem
2408 4565 2903 4633 concupiscentiam
2954 4568 3111 4621 rebus
3151 4568 3487 4635 spiritalibus

1927 4658 2290 4724 attribuimus,
2319 4658 2534 4713 divinus
2567 4675 2719 4713 amor
2749 4661 3067 4729 cogitandus
3100 4662 3179 4715 rei
3210 4676 3370 4727 supra
3405 4679 3486 4716 rae

1927 4750 2126 4804 tionem
2156 4766 2220 4805 ac
2264 4760 2497 4805 mentem
2541 4752 2936 4815 immaterialis,
2973 4766 3135 4823 atque
3174 4755 3485 4810 indeliciens

1924 4842 2249 4897 desiderium
2296 4845 2760 4912 contemplationis
2804 4861 2923 4913 quae
2977 4847 3247 4915 passionis
3291 4863 3485 4918 expers

1926 4934 2027 5000 sit,
2068 4950 2165 4989 nec
2198 4951 2302 4989 non
2345 4946 2563 4990 aeternae
2610 4939 2829 4991 omnino
2857 4952 2919 4992 ac
2951 4939 3211 5007 spiritalis
3241 4955 3486 4995 commu-

1924 5026 2123 5089 nionis,
2174 5024 2316 5080 illius
2348 5043 2492 5097 pura:
2534 5028 2834 5097 claritatis;
2872 5040 2925 5083 et
2955 5030 3155 5083 occulti
3197 5042 3360 5099 atque
3398 5034 3482 5086 di—

1919 5117 2026 5170 vini
2061 5118 2292 5172 decoris.
2343 5119 2599 5185 Rursum,
2641 5122 3035 5177 incontinentia
3069 5122 3121 5175 in
3169 5124 3324 5179 nobis
3362 5126 3483 5194 qui-

1926 5210 2044 5263 dem
2076 5220 2162 5263 est
2191 5211 2406 5280 quidam
2439 5214 2691 5278 impetus,
2723 5229 2830 5283 quo
2860 5215 2912 5267 in
2955 5214 3159 5284 aliquid
3191 5218 3481 5272 tumultua-

1925 5302 2006 5355 rio
2032 5304 2187 5356 modo
2218 5303 2466 5363 ferimur;
2503 5305 2554 5358 iu
2586 5305 2693 5359 illis
2726 5320 2855 5359 vero
2900 5306 3201 5359 constantia
3237 5318 3337 5372 est,
3364 5324 3481 5378 quis

1924 5410 1952 5447 a
1986 5395 2201 5451 nemine
2244 5395 2463 5467 infringi
2510 5398 2698 5467 possit,
2738 5410 2954 5469 propter
2984 5415 3140 5457 suum
3172 5401 3478 5470 simplicem

1922 5500 1985 5540 ac
2018 5500 2237 5555 purum,
2275 5498 2328 5541 et
2356 5488 2409 5542 in
2454 5489 2599 5543 nullo
2629 5491 3053 5555 exorbitantem,
3089 5500 3249 5560 atque
3281 5493 3478 5544 immu-

1922 5580 2139 5634 tabilem
2168 5582 2362 5635 divina:
2392 5582 2812 5650 pulchritudinis
2835 5598 3093 5648 amorem,
3113 5582 3218 5655 25
3250 5592 3305 5637 et
3338 5592 3477 5637 tota-

1922 5672 2023 5727 lem
2044 5673 2301 5742 impetum
2328 5679 2377 5728 in
2398 5674 2449 5729 id
2475 5676 2615 5744 quod
2634 5691 2756 5730 vere
2776 5675 3001 5730 amabile
3015 5676 3245 5732 exsistit.
3270 5675 3475 5739 Denuo,

1921 5766 2414 5835 irrationalitatem,
2455 5776 2507 5822 et
2552 5768 3043 5834 insensibilitatem,
3084 5776 3135 5823 et
3164 5768 3474 5837 amentiam,
