  <div class='ocr_page' id='page_1' title='image "/cluster/home/n/w/nwhite01/storage/ocr_20150623/3/pst.000003853313/089.png"; bbox 0 0 4196 6306; ppageno 0'>
   <div class='ocr_carea' id='block_1_1' title="bbox 672 375 772 433">
    <p class='ocr_par' dir='ltr' id='par_1_1' title="bbox 672 375 772 433">
     <span class='ocr_line' id='line_1_1' title="bbox 672 375 772 433; baseline 0.06 -5"><span class='ocrx_word' id='word_1_1' title='bbox 672 375 772 433; x_wconf 75' lang='lat' dir='ltr'><strong>I39</strong></span> 
     </span>
    </p>
   </div>
   <div class='ocr_carea' id='block_1_2' title="bbox 1804 377 2701 436">
    <p class='ocr_par' dir='ltr' id='par_1_2' title="bbox 1804 377 2701 436">
     <span class='ocr_line' id='line_1_2' title="bbox 1804 377 2701 436; baseline 0.004 -4"><span class='ocrx_word' id='word_1_2' title='bbox 1804 377 1861 433; x_wconf 84' lang='lat' dir='ltr'><strong>S.</strong></span> <span class='ocrx_word' id='word_1_3' title='bbox 1899 377 2201 436; x_wconf 82' lang='lat' dir='ltr'><strong>DlONYSll</strong></span> <span class='ocrx_word' id='word_1_4' title='bbox 2238 378 2701 436; x_wconf 63' lang='lat' dir='ltr'><strong>AREOPAGITAB</strong></span> 
     </span>
    </p>
   </div>
   <div class='ocr_carea' id='block_1_3' title="bbox 3833 380 3940 436">
    <p class='ocr_par' dir='ltr' id='par_1_3' title="bbox 3833 380 3940 436">
     <span class='ocr_line' id='line_1_3' title="bbox 3833 380 3940 436; baseline 0.009 -1"><span class='ocrx_word' id='word_1_5' title='bbox 3833 380 3940 436; x_wconf 69' lang='grc'><strong>160</strong></span> 
     </span>
    </p>
   </div>
   <div class='ocr_carea' id='block_1_4' title="bbox 671 489 2250 566">
    <p class='ocr_par' dir='ltr' id='par_1_4' title="bbox 671 489 2248 564">
     <span class='ocr_line' id='line_1_4' title="bbox 671 489 2248 564; baseline 0.003 -22"><span class='ocrx_word' id='word_1_6' title='bbox 671 492 722 543; x_wconf 93' lang='lat' dir='ltr'><strong>iu</strong></span> <span class='ocrx_word' id='word_1_7' title='bbox 760 492 919 544; x_wconf 81' lang='lat' dir='ltr'><strong>rebus</strong></span> <span class='ocrx_word' id='word_1_8' title='bbox 948 489 1355 544; x_wconf 70' lang='lat' dir='ltr'><strong>irrationalibus</strong></span> <span class='ocrx_word' id='word_1_9' title='bbox 1389 499 1444 545; x_wconf 90' lang='lat' dir='ltr'><strong>et</strong></span> <span class='ocrx_word' id='word_1_10' title='bbox 1481 490 1819 562; x_wconf 75' lang='lat' dir='ltr'><strong>inanimstis,</strong></span> <span class='ocrx_word' id='word_1_11' title='bbox 1849 497 2000 550; x_wconf 87' lang='lat' dir='ltr'><strong>verbi</strong></span> <span class='ocrx_word' id='word_1_12' title='bbox 2047 498 2248 564; x_wconf 67' lang='lat' dir='ltr'><strong>gratia,</strong></span> 
     </span>
    </p>
   </div>
   <div class='ocr_carea' id='block_1_5' title="bbox 2354 489 3942 566">
    <p class='ocr_par' dir='ltr' id='par_1_5' title="bbox 2358 491 3942 566">
     <span class='ocr_line' id='line_1_5' title="bbox 2358 491 3942 566; baseline 0.002 -19"><span class='ocrx_word' id='word_1_13' title='bbox 2358 494 2510 565; x_wconf 85' lang='grc' dir='ltr'>ρικοῦ</span> <span class='ocrx_word' id='word_1_14' title='bbox 2551 495 2731 564; x_wconf 81' lang='grc' dir='ltr'><strong>λόγου,</strong></span> <span class='ocrx_word' id='word_1_15' title='bbox 2773 493 2888 565; x_wconf 82' lang='grc' dir='ltr'>(τοῦ</span> <span class='ocrx_word' id='word_1_16' title='bbox 2927 493 3289 566; x_wconf 76' lang='grc' dir='ltr'>μεταϐατικοῦ</span> <span class='ocrx_word' id='word_1_17' title='bbox 3323 493 3441 565; x_wconf 82' lang='grc' dir='ltr'>μὲν,</span> <span class='ocrx_word' id='word_1_18' title='bbox 3466 491 3542 558; x_wconf 83' lang='grc' dir='ltr'><strong>ὡς</strong></span> <span class='ocrx_word' id='word_1_19' title='bbox 3578 495 3942 565; x_wconf 77' lang='grc' dir='ltr'>μεταδαίνον·</span> 
     </span>
    </p>
   </div>
   <div class='ocr_carea' id='block_1_6' title="bbox 671 581 2248 654">
    <p class='ocr_par' dir='ltr' id='par_1_6' title="bbox 671 581 2248 654">
     <span class='ocr_line' id='line_1_6' title="bbox 671 581 2248 654; baseline 0.002 -19"><span class='ocrx_word' id='word_1_20' title='bbox 671 582 726 635; x_wconf 92' lang='lat' dir='ltr'><strong>in</strong></span> <span class='ocrx_word' id='word_1_21' title='bbox 763 581 940 649; x_wconf 81' lang='lat' dir='ltr'><strong>lapide</strong></span> <span class='ocrx_word' id='word_1_22' title='bbox 997 582 1510 648; x_wconf 83' lang='lat' dir='ltr'><strong>insensibilitatem,</strong></span> <span class='ocrx_word' id='word_1_23' title='bbox 1563 587 1829 654; x_wconf 86' lang='lat' dir='ltr'><strong>privative</strong></span> <span class='ocrx_word' id='word_1_24' title='bbox 1881 589 2136 648; x_wconf 88' lang='lat' dir='ltr'><strong>dicimus.</strong></span> <span class='ocrx_word' id='word_1_25' title='bbox 2181 589 2248 642; x_wconf 85' lang='lat' dir='ltr'><strong>de</strong></span> 
     </span>
    </p>
   </div>
   <div class='ocr_carea' id='block_1_7' title="bbox 670 673 2249 743">
    <p class='ocr_par' dir='ltr' id='par_1_7' title="bbox 670 673 2249 743">
     <span class='ocr_line' id='line_1_7' title="bbox 670 673 2249 743; baseline 0.005 -17"><span class='ocrx_word' id='word_1_26' title='bbox 670 673 1014 743; x_wconf 76' lang='lat' dir='ltr'><strong>spiritalibus</strong></span> <span class='ocrx_word' id='word_1_27' title='bbox 1043 690 1172 729; x_wconf 89' lang='lat' dir='ltr'><strong>vero</strong></span> <span class='ocrx_word' id='word_1_28' title='bbox 1202 692 1264 729; x_wconf 78' lang='lat' dir='ltr'><strong>ac</strong></span> <span class='ocrx_word' id='word_1_29' title='bbox 1294 678 1455 730; x_wconf 80' lang='lat' dir='ltr'><strong>rebus</strong></span> <span class='ocrx_word' id='word_1_30' title='bbox 1495 678 1901 741; x_wconf 88' lang='lat' dir='ltr'><strong>immateriatis,</strong></span> <span class='ocrx_word' id='word_1_31' title='bbox 1929 678 2249 734; x_wconf 83' lang='lat' dir='ltr'><strong>allirmative</strong></span> 
     </span>
    </p>
   </div>
   <div class='ocr_carea' id='block_1_8' title="bbox 671 765 2246 839">
    <p class='ocr_par' dir='ltr' id='par_1_8' title="bbox 671 765 2246 839">
     <span class='ocr_line' id='line_1_8' title="bbox 671 765 2246 839; baseline 0.003 -20"><span class='ocrx_word' id='word_1_32' title='bbox 671 782 766 819; x_wconf 91' lang='lat' dir='ltr'><strong>seu</strong></span> <span class='ocrx_word' id='word_1_33' title='bbox 802 765 1053 832; x_wconf 76' lang='lat' dir='ltr'><strong>positive.</strong></span> <span class='ocrx_word' id='word_1_34' title='bbox 1087 767 1264 833; x_wconf 82' lang='lat' dir='ltr'><strong>Atque</strong></span> <span class='ocrx_word' id='word_1_35' title='bbox 1296 767 1384 819; x_wconf 90' lang='lat' dir='ltr'><strong>illa</strong></span> <span class='ocrx_word' id='word_1_36' title='bbox 1423 769 1665 834; x_wconf 88' lang='lat' dir='ltr'><strong>quidem,</strong></span> <span class='ocrx_word' id='word_1_37' title='bbox 1713 773 1856 839; x_wconf 89' lang='lat' dir='ltr'><strong>quod</strong></span> <span class='ocrx_word' id='word_1_38' title='bbox 1903 772 2246 824; x_wconf 87' lang='lat' dir='ltr'><strong>eminentiori</strong></span> 
     </span>
    </p>
   </div>
   <div class='ocr_carea' id='block_1_9' title="bbox 673 855 2250 931">
    <p class='ocr_par' dir='ltr' id='par_1_9' title="bbox 673 855 2250 931">
     <span class='ocr_line' id='line_1_9' title="bbox 673 855 2250 931; baseline 0.008 -27"><span class='ocrx_word' id='word_1_39' title='bbox 673 855 833 907; x_wconf 87' lang='lat' dir='ltr'><strong>modo</strong></span> <span class='ocrx_word' id='word_1_40' title='bbox 861 871 920 908; x_wconf 88' lang='lat' dir='ltr'><strong>se</strong></span> <span class='ocrx_word' id='word_1_41' title='bbox 945 856 1200 916; x_wconf 84' lang='lat' dir='ltr'><strong>nabesnt,</strong></span> <span class='ocrx_word' id='word_1_42' title='bbox 1236 857 1308 910; x_wconf 76' lang='lat' dir='ltr'><strong>ita</strong></span> <span class='ocrx_word' id='word_1_43' title='bbox 1345 868 1406 911; x_wconf 91' lang='lat' dir='ltr'><strong>ut</strong></span> <span class='ocrx_word' id='word_1_44' title='bbox 1438 871 1679 914; x_wconf 84' lang='lat' dir='ltr'><strong>nostram</strong></span> <span class='ocrx_word' id='word_1_45' title='bbox 1712 873 1970 929; x_wconf 84' lang='lat' dir='ltr'><strong>superent</strong></span> <span class='ocrx_word' id='word_1_46' title='bbox 1993 863 2250 931; x_wconf 88' lang='lat' dir='ltr'><strong>eloquen-</strong></span> 
     </span>
    </p>
   </div>
   <div class='ocr_carea' id='block_1_10' title="bbox 673 949 2244 1021">
    <p class='ocr_par' dir='ltr' id='par_1_10' title="bbox 673 949 2244 1021">
     <span class='ocr_line' id='line_1_10' title="bbox 673 949 2244 1021; baseline 0.004 -22"><span class='ocrx_word' id='word_1_47' title='bbox 673 949 840 1012; x_wconf 92' lang='lat' dir='ltr'><strong>tiam,</strong></span> <span class='ocrx_word' id='word_1_48' title='bbox 905 963 1318 1016; x_wconf 85' lang='lat' dir='ltr'><strong>sermonemque</strong></span> <span class='ocrx_word' id='word_1_49' title='bbox 1388 953 1776 1006; x_wconf 84' lang='lat' dir='ltr'><strong>transcendant</strong></span> <span class='ocrx_word' id='word_1_50' title='bbox 1836 955 2244 1021; x_wconf 83' lang='lat' dir='ltr'><strong>(transitorium</strong></span> 
     </span>
    </p>
   </div>
   <div class='ocr_carea' id='block_1_11' title="bbox 671 1036 2244 1111">
    <p class='ocr_par' dir='ltr' id='par_1_11' title="bbox 671 1036 2244 1111">
     <span class='ocr_line' id='line_1_11' title="bbox 671 1036 2244 1111; baseline 0.008 -27"><span class='ocrx_word' id='word_1_51' title='bbox 671 1036 918 1102; x_wconf 87' lang='lat' dir='ltr'><strong>quidem,</strong></span> <span class='ocrx_word' id='word_1_52' title='bbox 963 1047 1020 1090; x_wconf 89' lang='lat' dir='ltr'><strong>ut</strong></span> <span class='ocrx_word' id='word_1_53' title='bbox 1064 1040 1153 1106; x_wconf 89' lang='lat' dir='ltr'><strong>qui</strong></span> <span class='ocrx_word' id='word_1_54' title='bbox 1190 1055 1217 1090; x_wconf 93' lang='lat' dir='ltr'><strong>a</strong></span> <span class='ocrx_word' id='word_1_55' title='bbox 1258 1041 1516 1108; x_wconf 83' lang='lat' dir='ltr'><strong>loquente</strong></span> <span class='ocrx_word' id='word_1_56' title='bbox 1562 1044 1628 1095; x_wconf 91' lang='lat' dir='ltr'><strong>ad</strong></span> <span class='ocrx_word' id='word_1_57' title='bbox 1670 1043 1978 1096; x_wconf 82' lang='lat' dir='ltr'><strong>auditorem</strong></span> <span class='ocrx_word' id='word_1_58' title='bbox 2020 1046 2244 1111; x_wconf 89' lang='lat' dir='ltr'><strong>transit;</strong></span> 
     </span>
    </p>
   </div>
   <div class='ocr_carea' id='block_1_12' title="bbox 671 1134 2251 1206">
    <p class='ocr_par' dir='ltr' id='par_1_12' title="bbox 671 1134 2251 1206">
     <span class='ocr_line' id='line_1_12' title="bbox 671 1134 2251 1206; baseline 0.006 -25"><span class='ocrx_word' id='word_1_59' title='bbox 671 1145 996 1196; x_wconf 82' lang='lat' dir='ltr'><strong>corporeum</strong></span> <span class='ocrx_word' id='word_1_60' title='bbox 1026 1145 1178 1193; x_wconf 83' lang='lat' dir='ltr'><strong>vero,</strong></span> <span class='ocrx_word' id='word_1_61' title='bbox 1208 1141 1264 1183; x_wconf 90' lang='lat' dir='ltr'><strong>ut</strong></span> <span class='ocrx_word' id='word_1_62' title='bbox 1295 1134 1383 1200; x_wconf 86' lang='lat' dir='ltr'><strong>qui</strong></span> <span class='ocrx_word' id='word_1_63' title='bbox 1413 1135 1693 1202; x_wconf 84' lang='lat' dir='ltr'><strong>corporeis</strong></span> <span class='ocrx_word' id='word_1_64' title='bbox 1722 1135 2099 1190; x_wconf 89' lang='lat' dir='ltr'><strong>instrumentis</strong></span> <span class='ocrx_word' id='word_1_65' title='bbox 2131 1153 2251 1206; x_wconf 83' lang='lat' dir='ltr'><strong>pro-</strong></span> 
     </span>
    </p>
   </div>
   <div class='ocr_carea' id='block_1_13' title="bbox 671 1219 2246 1291">
    <p class='ocr_par' dir='ltr' id='par_1_13' title="bbox 671 1219 2246 1291">
     <span class='ocr_line' id='line_1_13' title="bbox 671 1219 2246 1291; baseline 0.007 -21"><span class='ocrx_word' id='word_1_66' title='bbox 671 1219 866 1286; x_wconf 74' lang='lat' dir='ltr'><strong>fermr)</strong></span> <span class='ocrx_word' id='word_1_67' title='bbox 891 1260 907 1283; x_wconf 88' lang='lat'><strong>,</strong></span> <span class='ocrx_word' id='word_1_68' title='bbox 961 1221 1189 1275; x_wconf 83' lang='lat' dir='ltr'><strong>dicimus</strong></span> <span class='ocrx_word' id='word_1_69' title='bbox 1229 1222 1396 1291; x_wconf 77' lang='grc' dir='ltr'>ἄλογα</span> <span class='ocrx_word' id='word_1_70' title='bbox 1447 1238 1540 1278; x_wconf 88' lang='lat' dir='ltr'><strong>seu</strong></span> <span class='ocrx_word' id='word_1_71' title='bbox 1590 1223 1916 1284; x_wconf 65' lang='lat' dir='ltr'><strong>incll‘abilia:</strong></span> <span class='ocrx_word' id='word_1_72' title='bbox 1951 1226 2063 1283; x_wconf 88' lang='lat' dir='ltr'><strong>illic</strong></span> <span class='ocrx_word' id='word_1_73' title='bbox 2104 1230 2246 1283; x_wconf 88' lang='lat' dir='ltr'><strong>enim</strong></span> 
     </span>
    </p>
   </div>
   <div class='ocr_carea' id='block_1_14' title="bbox 675 1312 2246 1385">
    <p class='ocr_par' dir='ltr' id='par_1_14' title="bbox 675 1312 2246 1385">
     <span class='ocr_line' id='line_1_14' title="bbox 675 1312 2246 1385; baseline 0.007 -24"><span class='ocrx_word' id='word_1_74' title='bbox 675 1327 778 1362; x_wconf 85' lang='lat' dir='ltr'><strong>non</strong></span> <span class='ocrx_word' id='word_1_75' title='bbox 829 1313 938 1372; x_wconf 90' lang='lat' dir='ltr'><strong>sic.</strong></span> <span class='ocrx_word' id='word_1_76' title='bbox 981 1312 1076 1365; x_wconf 89' lang='lat' dir='ltr'><strong>sed</strong></span> <span class='ocrx_word' id='word_1_77' title='bbox 1120 1316 1365 1381; x_wconf 89' lang='lat' dir='ltr'><strong>corporis</strong></span> <span class='ocrx_word' id='word_1_78' title='bbox 1406 1327 1677 1385; x_wconf 78' lang='lat' dir='ltr'><strong>expertes,</strong></span> <span class='ocrx_word' id='word_1_79' title='bbox 1717 1325 1772 1369; x_wconf 92' lang='lat' dir='ltr'><strong>et</strong></span> <span class='ocrx_word' id='word_1_80' title='bbox 1806 1318 1872 1370; x_wconf 89' lang='lat' dir='ltr'><strong>ad</strong></span> <span class='ocrx_word' id='word_1_81' title='bbox 1909 1334 1966 1372; x_wconf 90' lang='lat' dir='ltr'><strong>se</strong></span> <span class='ocrx_word' id='word_1_82' title='bbox 2017 1318 2246 1374; x_wconf 86' lang='lat' dir='ltr'><strong>invicem</strong></span> 
     </span>
    </p>
   </div>
   <div class='ocr_carea' id='block_1_15' title="bbox 674 1403 2246 1479">
    <p class='ocr_par' dir='ltr' id='par_1_15' title="bbox 674 1403 2246 1479">
     <span class='ocr_line' id='line_1_15' title="bbox 674 1403 2246 1479; baseline 0.007 -28"><span class='ocrx_word' id='word_1_83' title='bbox 674 1403 982 1454; x_wconf 85' lang='lat' dir='ltr'><strong>accedendo</strong></span> <span class='ocrx_word' id='word_1_84' title='bbox 1013 1418 1076 1456; x_wconf 87' lang='lat' dir='ltr'><strong>ac</strong></span> <span class='ocrx_word' id='word_1_85' title='bbox 1123 1405 1442 1468; x_wconf 86' lang='lat' dir='ltr'><strong>reccdendo,</strong></span> <span class='ocrx_word' id='word_1_86' title='bbox 1485 1407 1632 1460; x_wconf 90' lang='lat' dir='ltr'><strong>omni</strong></span> <span class='ocrx_word' id='word_1_87' title='bbox 1673 1423 1924 1461; x_wconf 82' lang='lat' dir='ltr'><strong>sermone</strong></span> <span class='ocrx_word' id='word_1_88' title='bbox 1967 1412 2246 1479; x_wconf 81' lang='lat' dir='ltr'><strong>perspica-</strong></span> 
     </span>
    </p>
   </div>
   <div class='ocr_carea' id='block_1_16' title="bbox 672 1493 2246 1564">
    <p class='ocr_par' dir='ltr' id='par_1_16' title="bbox 672 1493 2246 1564">
     <span class='ocr_line' id='line_1_16' title="bbox 672 1493 2246 1564; baseline 0.007 -18"><span class='ocrx_word' id='word_1_89' title='bbox 672 1493 795 1548; x_wconf 83' lang='lat' dir='ltr'><strong>cius</strong></span> <span class='ocrx_word' id='word_1_90' title='bbox 825 1499 1183 1564; x_wconf 78' lang='lat' dir='ltr'><strong>cogitationes</strong></span> <span class='ocrx_word' id='word_1_91' title='bbox 1230 1508 1448 1552; x_wconf 87' lang='lat' dir='ltr'><strong>mutuas</strong></span> <span class='ocrx_word' id='word_1_92' title='bbox 1481 1500 1778 1563; x_wconf 71' lang='lat' dir='ltr'><strong>intuentes,</strong></span> <span class='ocrx_word' id='word_1_93' title='bbox 1816 1503 1964 1555; x_wconf 90' lang='lat' dir='ltr'><strong>velut</strong></span> <span class='ocrx_word' id='word_1_94' title='bbox 2011 1504 2153 1557; x_wconf 73' lang='lat' dir='ltr'><strong>inter</strong></span> <span class='ocrx_word' id='word_1_95' title='bbox 2187 1518 2246 1557; x_wconf 89' lang='lat' dir='ltr'><strong>se</strong></span> 
     </span>
    </p>
   </div>
   <div class='ocr_carea' id='block_1_17' title="bbox 675 1587 2247 1659">
    <p class='ocr_par' dir='ltr' id='par_1_17' title="bbox 675 1587 2247 1659">
     <span class='ocr_line' id='line_1_17' title="bbox 675 1587 2247 1659; baseline 0.006 -21"><span class='ocrx_word' id='word_1_96' title='bbox 675 1587 1058 1654; x_wconf 81' lang='lat' dir='ltr'><strong>colloquuntur</strong></span> <span class='ocrx_word' id='word_1_97' title='bbox 1096 1606 1190 1659; x_wconf 91' lang='lat' dir='ltr'><strong>per</strong></span> <span class='ocrx_word' id='word_1_98' title='bbox 1245 1591 1544 1657; x_wconf 88' lang='lat' dir='ltr'><strong>silentium,</strong></span> <span class='ocrx_word' id='word_1_99' title='bbox 1590 1609 1898 1649; x_wconf 86' lang='lat' dir='ltr'><strong>sermonem</strong></span> <span class='ocrx_word' id='word_1_100' title='bbox 1945 1595 2046 1650; x_wconf 89' lang='lat' dir='ltr'><strong>sibi</strong></span> <span class='ocrx_word' id='word_1_101' title='bbox 2101 1595 2247 1648; x_wconf 92' lang='lat' dir='ltr'><strong>velut</strong></span> 
     </span>
    </p>
   </div>
   <div class='ocr_carea' id='block_1_18' title="bbox 678 1680 2240 1754">
    <p class='ocr_par' dir='ltr' id='par_1_18' title="bbox 678 1680 2240 1754">
     <span class='ocr_line' id='line_1_18' title="bbox 678 1680 2240 1754; baseline 0.006 -22"><span class='ocrx_word' id='word_1_102' title='bbox 678 1680 909 1733; x_wconf 84' lang='lat' dir='ltr'><strong>invicem</strong></span> <span class='ocrx_word' id='word_1_103' title='bbox 969 1685 1456 1738; x_wconf 88' lang='lat' dir='ltr'><strong>communicantes.</strong></span> <span class='ocrx_word' id='word_1_104' title='bbox 1513 1687 1821 1740; x_wconf 81' lang='lat' dir='ltr'><strong>Secundum</strong></span> <span class='ocrx_word' id='word_1_105' title='bbox 1877 1687 1980 1741; x_wconf 87' lang='lat' dir='ltr'><strong>hoc</strong></span> <span class='ocrx_word' id='word_1_106' title='bbox 2033 1687 2240 1754; x_wconf 81' lang='lat' dir='ltr'><strong>itaqlte,</strong></span> 
     </span>
    </p>
   </div>
   <div class='ocr_carea' id='block_1_19' title="bbox 674 1763 2266 1848">
    <p class='ocr_par' dir='ltr' id='par_1_19' title="bbox 674 1763 2266 1848">
     <span class='ocr_line' id='line_1_19' title="bbox 674 1763 2266 1848; baseline 0.006 -23"><span class='ocrx_word' id='word_1_107' title='bbox 674 1774 893 1826; x_wconf 78' lang='lat' dir='ltr'><strong>ordines</strong></span> <span class='ocrx_word' id='word_1_108' title='bbox 941 1777 1197 1830; x_wconf 63' lang='lat' dir='ltr'><strong>caelestes</strong></span> <span class='ocrx_word' id='word_1_109' title='bbox 1249 1780 1518 1832; x_wconf 88' lang='lat' dir='ltr'><strong>sermonis</strong></span> <span class='ocrx_word' id='word_1_110' title='bbox 1565 1791 1817 1848; x_wconf 77' lang='lat' dir='ltr'><strong>expertes</strong></span> <span class='ocrx_word' id='word_1_111' title='bbox 1860 1779 2093 1835; x_wconf 83' lang='lat' dir='ltr'><strong>dicimus</strong></span> <span class='ocrx_word' id='word_1_112' title='bbox 2135 1799 2146 1834; x_wconf 90' lang='lat'>:</span> <span class='ocrx_word' id='word_1_113' title='bbox 2193 1763 2266 1835; x_wconf 41' lang='lat' dir='ltr'><strong>iul</strong></span> 
     </span>
    </p>
   </div>
   <div class='ocr_carea' id='block_1_20' title="bbox 2352 584 3937 654">
    <p class='ocr_par' dir='ltr' id='par_1_20' title="bbox 2352 584 3937 654">
     <span class='ocr_line' id='line_1_20' title="bbox 2352 584 3937 654; baseline 0.001 -17"><span class='ocrx_word' id='word_1_114' title='bbox 2352 602 2444 647; x_wconf 88' lang='grc' dir='ltr'><strong>τος</strong></span> <span class='ocrx_word' id='word_1_115' title='bbox 2467 588 2530 637; x_wconf 82' lang='grc' dir='ltr'>ὲκ</span> <span class='ocrx_word' id='word_1_116' title='bbox 2553 585 2647 637; x_wconf 89' lang='grc' dir='ltr'><strong>τοῦ</strong></span> <span class='ocrx_word' id='word_1_117' title='bbox 2675 585 2922 654; x_wconf 78' lang='grc' dir='ltr'>λέγοντος</span> <span class='ocrx_word' id='word_1_118' title='bbox 2953 588 3032 649; x_wconf 84' lang='grc' dir='ltr'><strong>είς</strong></span> <span class='ocrx_word' id='word_1_119' title='bbox 3060 587 3150 639; x_wconf 80' lang='grc' dir='ltr'>τὸν</span> <span class='ocrx_word' id='word_1_120' title='bbox 3185 584 3475 640; x_wconf 85' lang='grc' dir='ltr'>ἀκούοντα·</span> <span class='ocrx_word' id='word_1_121' title='bbox 3513 585 3821 654; x_wconf 86' lang='grc' dir='ltr'>σωματικοῦ</span> <span class='ocrx_word' id='word_1_122' title='bbox 3846 585 3937 650; x_wconf 62' lang='grc' dir='ltr'>δὲ,</span> 
     </span>
    </p>
   </div>
   <div class='ocr_carea' id='block_1_21' title="bbox 2350 675 3937 749">
    <p class='ocr_par' dir='ltr' id='par_1_21' title="bbox 2350 675 3937 749">
     <span class='ocr_line' id='line_1_21' title="bbox 2350 675 3937 749; baseline 0.001 -20"><span class='ocrx_word' id='word_1_123' title='bbox 2350 677 2426 740; x_wconf 82' lang='grc' dir='ltr'>ὡς</span> <span class='ocrx_word' id='word_1_124' title='bbox 2459 677 2550 730; x_wconf 84' lang='grc' dir='ltr'>διὰ</span> <span class='ocrx_word' id='word_1_125' title='bbox 2583 678 2907 747; x_wconf 82' lang='grc' dir='ltr'><strong>σωματικῶν</strong></span> <span class='ocrx_word' id='word_1_126' title='bbox 2943 677 3187 749; x_wconf 84' lang='grc' dir='ltr'>ὀργάνων</span> <span class='ocrx_word' id='word_1_127' title='bbox 3209 675 3536 746; x_wconf 76' lang='grc' dir='ltr'>γινομένου,)</span> <span class='ocrx_word' id='word_1_128' title='bbox 3567 676 3792 746; x_wconf 79' lang='grc' dir='ltr'>λέγομεν</span> <span class='ocrx_word' id='word_1_129' title='bbox 3815 677 3937 731; x_wconf 76' lang='grc' dir='ltr'>ἀλο-</span> 
     </span>
    </p>
   </div>
   <div class='ocr_carea' id='block_1_22' title="bbox 2353 766 3936 839">
    <p class='ocr_par' dir='ltr' id='par_1_22' title="bbox 2353 766 3936 839">
     <span class='ocr_line' id='line_1_22' title="bbox 2353 766 3936 839; baseline 0.001 -19"><span class='ocrx_word' id='word_1_130' title='bbox 2353 785 2426 835; x_wconf 81' lang='grc' dir='ltr'><strong>γα</strong></span> <span class='ocrx_word' id='word_1_131' title='bbox 2446 786 2457 796; x_wconf 90' lang='grc'><strong>·</strong></span> <span class='ocrx_word' id='word_1_132' title='bbox 2493 770 2610 820; x_wconf 81' lang='grc' dir='ltr'>ἐκεῖ</span> <span class='ocrx_word' id='word_1_133' title='bbox 2636 768 2745 839; x_wconf 84' lang='grc' dir='ltr'>γὰρ</span> <span class='ocrx_word' id='word_1_134' title='bbox 2773 770 2870 838; x_wconf 90' lang='grc' dir='ltr'><strong>οὐχ</strong></span> <span class='ocrx_word' id='word_1_135' title='bbox 2895 768 3083 831; x_wconf 77' lang='grc' dir='ltr'>οὕτως,</span> <span class='ocrx_word' id='word_1_136' title='bbox 3110 766 3222 820; x_wconf 88' lang='grc' dir='ltr'>ἀλλ’</span> <span class='ocrx_word' id='word_1_137' title='bbox 3251 767 3308 820; x_wconf 81' lang='grc' dir='ltr'>ὲν</span> <span class='ocrx_word' id='word_1_138' title='bbox 3333 766 3620 837; x_wconf 81' lang='grc' dir='ltr'>ἀσωματίᾳ</span> <span class='ocrx_word' id='word_1_139' title='bbox 3643 769 3936 835; x_wconf 82' lang='grc' dir='ltr'>τυγχάνον-</span> 
     </span>
    </p>
   </div>
   <div class='ocr_carea' id='block_1_23' title="bbox 2352 859 3932 931">
    <p class='ocr_par' dir='ltr' id='par_1_23' title="bbox 2352 859 3932 931">
     <span class='ocr_line' id='line_1_23' title="bbox 2352 859 3932 931; baseline 0 -20"><span class='ocrx_word' id='word_1_140' title='bbox 2352 877 2465 922; x_wconf 89' lang='grc' dir='ltr'>τες,</span> <span class='ocrx_word' id='word_1_141' title='bbox 2493 863 2586 913; x_wconf 71' lang='grc' dir='ltr'>καὶ</span> <span class='ocrx_word' id='word_1_142' title='bbox 2610 863 2691 923; x_wconf 83' lang='grc' dir='ltr'><strong>είς</strong></span> <span class='ocrx_word' id='word_1_143' title='bbox 2722 861 2985 931; x_wconf 78' lang='grc' dir='ltr'><strong>ἀλλήλους</strong></span> <span class='ocrx_word' id='word_1_144' title='bbox 3022 859 3325 930; x_wconf 78' lang='grc' dir='ltr'><strong>χωροῦντες</strong></span> <span class='ocrx_word' id='word_1_145' title='bbox 3369 860 3474 911; x_wconf 71' lang='grc' dir='ltr'>καὶ-</span> <span class='ocrx_word' id='word_1_146' title='bbox 3499 860 3932 929; x_wconf 83' lang='grc' dir='ltr'>ἀποχωροῦντες,</span> 
     </span>
    </p>
   </div>
   <div class='ocr_carea' id='block_1_24' title="bbox 2351 948 3930 1021">
    <p class='ocr_par' dir='ltr' id='par_1_24' title="bbox 2351 948 3930 1021">
     <span class='ocr_line' id='line_1_24' title="bbox 2351 948 3930 1021; baseline -0.001 -20"><span class='ocrx_word' id='word_1_147' title='bbox 2351 950 2554 1013; x_wconf 82' lang='grc' dir='ltr'>παντὸς</span> <span class='ocrx_word' id='word_1_148' title='bbox 2599 951 2756 1018; x_wconf 81' lang='grc' dir='ltr'>λόγου</span> <span class='ocrx_word' id='word_1_149' title='bbox 2796 951 3115 1021; x_wconf 89' lang='grc' dir='ltr'>τρανότερον</span> <span class='ocrx_word' id='word_1_150' title='bbox 3140 949 3238 1011; x_wconf 81' lang='grc' dir='ltr'><strong>τὰς</strong></span> <span class='ocrx_word' id='word_1_151' title='bbox 3270 948 3509 1018; x_wconf 84' lang='grc' dir='ltr'>ἀλλήλων</span> <span class='ocrx_word' id='word_1_152' title='bbox 3537 949 3746 1018; x_wconf 76' lang='grc' dir='ltr'><strong>νοήσεις</strong></span> <span class='ocrx_word' id='word_1_153' title='bbox 3766 965 3930 1000; x_wconf 83' lang='grc' dir='ltr'>κατο-</span> 
     </span>
    </p>
   </div>
   <div class='ocr_carea' id='block_1_25' title="bbox 2353 1040 3929 1128">
    <p class='ocr_par' dir='ltr' id='par_1_25' title="bbox 2353 1040 3929 1128">
     <span class='ocr_line' id='line_1_25' title="bbox 2353 1040 3929 1128; baseline 0 -34"><span class='ocrx_word' id='word_1_154' title='bbox 2353 1043 2676 1107; x_wconf 83' lang='grc' dir='ltr'>πτεύοντες,</span> <span class='ocrx_word' id='word_1_155' title='bbox 2723 1043 2970 1113; x_wconf 86' lang='grc' dir='ltr'>ἀλλήλοις</span> <span class='ocrx_word' id='word_1_156' title='bbox 3007 1042 3195 1114; x_wconf 81' lang='grc' dir='ltr'>ὥσπερ</span> <span class='ocrx_word' id='word_1_157' title='bbox 3230 1041 3564 1128; x_wconf 56' lang='grc' dir='ltr'>διαλέγονται</span> <span class='ocrx_word' id='word_1_158' title='bbox 3626 1040 3716 1093; x_wconf 90' lang='grc' dir='ltr'><strong>διά</strong></span> <span class='ocrx_word' id='word_1_159' title='bbox 3746 1041 3929 1111; x_wconf 83' lang='grc' dir='ltr'>σιγῆς,</span> 
     </span>
    </p>
   </div>
   <div class='ocr_carea' id='block_1_26' title="bbox 2352 1132 3930 1209">
    <p class='ocr_par' dir='ltr' id='par_1_26' title="bbox 2352 1132 3930 1209">
     <span class='ocr_line' id='line_1_26' title="bbox 2352 1132 3930 1209; baseline -0.002 -20"><span class='ocrx_word' id='word_1_160' title='bbox 2352 1137 2448 1189; x_wconf 88' lang='grc' dir='ltr'><strong>τοῦ</strong></span> <span class='ocrx_word' id='word_1_161' title='bbox 2476 1137 2636 1204; x_wconf 78' lang='grc' dir='ltr'>λόγου</span> <span class='ocrx_word' id='word_1_162' title='bbox 2665 1137 2851 1209; x_wconf 81' lang='grc' dir='ltr'>ὥσπερ</span> <span class='ocrx_word' id='word_1_163' title='bbox 2883 1137 3256 1208; x_wconf 73' lang='grc' dir='ltr'><strong>μεταδιδόντες</strong></span> <span class='ocrx_word' id='word_1_164' title='bbox 3284 1134 3551 1206; x_wconf 81' lang='grc' dir='ltr'>ἀλλήλοις.</span> <span class='ocrx_word' id='word_1_165' title='bbox 3589 1132 3747 1188; x_wconf 77' lang='grc' dir='ltr'>Κατά</span> <span class='ocrx_word' id='word_1_166' title='bbox 3769 1133 3930 1186; x_wconf 89' lang='grc' dir='ltr'>τοῦτο</span> 
     </span>
    </p>
   </div>
   <div class='ocr_carea' id='block_1_27' title="bbox 2349 1224 3932 1298">
    <p class='ocr_par' dir='ltr' id='par_1_27' title="bbox 2349 1224 3932 1298">
     <span class='ocr_line' id='line_1_27' title="bbox 2349 1224 3932 1298; baseline -0.002 -18"><span class='ocrx_word' id='word_1_167' title='bbox 2349 1228 2528 1281; x_wconf 81' lang='grc' dir='ltr'>τοίνυν</span> <span class='ocrx_word' id='word_1_168' title='bbox 2553 1228 2723 1295; x_wconf 82' lang='grc' dir='ltr'>ἄλογα</span> <span class='ocrx_word' id='word_1_169' title='bbox 2744 1228 2973 1298; x_wconf 80' lang='grc' dir='ltr'>λέγομεν</span> <span class='ocrx_word' id='word_1_170' title='bbox 2994 1227 3061 1280; x_wconf 81' lang='grc' dir='ltr'><strong>τὰ</strong></span> <span class='ocrx_word' id='word_1_171' title='bbox 3098 1228 3323 1298; x_wconf 87' lang='grc' dir='ltr'>οὐράνια</span> <span class='ocrx_word' id='word_1_172' title='bbox 3345 1227 3625 1296; x_wconf 72' lang='grc' dir='ltr'>τάγματαο</span> <span class='ocrx_word' id='word_1_173' title='bbox 3656 1224 3743 1279; x_wconf 81' lang='grc' dir='ltr'><strong>διὰ</strong></span> <span class='ocrx_word' id='word_1_174' title='bbox 3773 1225 3830 1278; x_wconf 82' lang='grc' dir='ltr'>δὲ</span> <span class='ocrx_word' id='word_1_175' title='bbox 3867 1225 3932 1277; x_wconf 83' lang='grc' dir='ltr'>τὸ</span> 
     </span>
    </p>
   </div>
   <div class='ocr_carea' id='block_1_28' title="bbox 2353 1317 3934 1390">
    <p class='ocr_par' dir='ltr' id='par_1_28' title="bbox 2353 1317 3934 1390">
     <span class='ocr_line' id='line_1_28' title="bbox 2353 1317 3934 1390; baseline -0.002 -17"><span class='ocrx_word' id='word_1_176' title='bbox 2353 1320 2711 1390; x_wconf 82' lang='grc' dir='ltr'>ὑπερκεῖσθαι</span> <span class='ocrx_word' id='word_1_177' title='bbox 2735 1322 2836 1390; x_wconf 76' lang='grc' dir='ltr'>τῆς</span> <span class='ocrx_word' id='word_1_178' title='bbox 2866 1319 3076 1389; x_wconf 82' lang='grc' dir='ltr'><strong>ὑλικῆς,</strong></span> <span class='ocrx_word' id='word_1_179' title='bbox 3105 1319 3181 1382; x_wconf 78' lang='grc' dir='ltr'>ὡς</span> <span class='ocrx_word' id='word_1_180' title='bbox 3218 1319 3312 1372; x_wconf 76' lang='grc' dir='ltr'>καὶ</span> <span class='ocrx_word' id='word_1_181' title='bbox 3338 1317 3623 1390; x_wconf 80' lang='grc' dir='ltr'>ἀλλοτρίας</span> <span class='ocrx_word' id='word_1_182' title='bbox 3643 1318 3750 1370; x_wconf 81' lang='grc' dir='ltr'><strong>τῶν</strong></span> <span class='ocrx_word' id='word_1_183' title='bbox 3787 1319 3934 1371; x_wconf 89' lang='grc' dir='ltr'>ἀσω-</span> 
     </span>
    </p>
   </div>
   <div class='ocr_carea' id='block_1_29' title="bbox 2353 1403 3930 1480">
    <p class='ocr_par' dir='ltr' id='par_1_29' title="bbox 2353 1403 3930 1480">
     <span class='ocr_line' id='line_1_29' title="bbox 2353 1403 3930 1480; baseline -0.003 -18"><span class='ocrx_word' id='word_1_184' title='bbox 2353 1410 2538 1477; x_wconf 83' lang='grc' dir='ltr'>μάτων</span> <span class='ocrx_word' id='word_1_185' title='bbox 2556 1408 2878 1480; x_wconf 80' lang='grc' dir='ltr'>αἰσθήσεως,</span> <span class='ocrx_word' id='word_1_186' title='bbox 2899 1407 3074 1478; x_wconf 68' lang='grc' dir='ltr'>φαμὲν</span> <span class='ocrx_word' id='word_1_187' title='bbox 3089 1407 3407 1479; x_wconf 79' lang='grc' dir='ltr'><strong>ἀναίσθητα,</strong></span> <span class='ocrx_word' id='word_1_188' title='bbox 3421 1406 3496 1470; x_wconf 85' lang='grc' dir='ltr'><strong>ὡς</strong></span> <span class='ocrx_word' id='word_1_189' title='bbox 3511 1404 3814 1476; x_wconf 82' lang='grc' dir='ltr'>ὑψηλότερα</span> <span class='ocrx_word' id='word_1_190' title='bbox 3827 1403 3930 1473; x_wconf 82' lang='grc' dir='ltr'>τῆς</span> 
     </span>
    </p>
   </div>
   <div class='ocr_carea' id='block_1_30' title="bbox 2351 1499 3933 1574">
    <p class='ocr_par' dir='ltr' id='par_1_30' title="bbox 2351 1499 3933 1574">
     <span class='ocr_line' id='line_1_30' title="bbox 2351 1499 3933 1574; baseline -0.003 -21"><span class='ocrx_word' id='word_1_191' title='bbox 2351 1502 2670 1572; x_wconf 80' lang='grc' dir='ltr'>αἰσθήσεως,</span> <span class='ocrx_word' id='word_1_192' title='bbox 2697 1505 2789 1558; x_wconf 67' lang='grc' dir='ltr'>καὶ</span> <span class='ocrx_word' id='word_1_193' title='bbox 2809 1504 2991 1573; x_wconf 78' lang='grc' dir='ltr'>νοητά.</span> <span class='ocrx_word' id='word_1_194' title='bbox 3014 1502 3402 1574; x_wconf 85' lang='grc' dir='ltr'>Συμπεραίνων</span> <span class='ocrx_word' id='word_1_195' title='bbox 3430 1500 3593 1569; x_wconf 80' lang='grc' dir='ltr'>λέγει·</span> <span class='ocrx_word' id='word_1_196' title='bbox 3636 1499 3790 1551; x_wconf 84' lang='grc' dir='ltr'>Ἐστι</span> <span class='ocrx_word' id='word_1_197' title='bbox 3820 1515 3933 1551; x_wconf 68' lang='grc' dir='ltr'>τοιν</span> 
     </span>
    </p>
   </div>
   <div class='ocr_carea' id='block_1_31' title="bbox 2351 1592 3929 1665">
    <p class='ocr_par' dir='ltr' id='par_1_31' title="bbox 2351 1592 3929 1665">
     <span class='ocr_line' id='line_1_31' title="bbox 2351 1592 3929 1665; baseline -0.001 -19"><span class='ocrx_word' id='word_1_198' title='bbox 2351 1594 2555 1665; x_wconf 84' lang='grc' dir='ltr'>γαροῦν</span> <span class='ocrx_word' id='word_1_199' title='bbox 2587 1596 2685 1648; x_wconf 84' lang='grc' dir='ltr'><strong>οὐκ</strong></span> <span class='ocrx_word' id='word_1_200' title='bbox 2707 1596 2931 1659; x_wconf 82' lang='grc' dir='ltr'>ἀπεικὸς</span> <span class='ocrx_word' id='word_1_201' title='bbox 2958 1598 3049 1648; x_wconf 77' lang='grc' dir='ltr'>καὶ</span> <span class='ocrx_word' id='word_1_202' title='bbox 3073 1599 3136 1649; x_wconf 79' lang='grc' dir='ltr'>ὲκ</span> <span class='ocrx_word' id='word_1_203' title='bbox 3169 1594 3277 1648; x_wconf 83' lang='grc' dir='ltr'><strong>τῶν</strong></span> <span class='ocrx_word' id='word_1_204' title='bbox 3313 1592 3577 1664; x_wconf 82' lang='grc' dir='ltr'>ἀνομοίων</span> <span class='ocrx_word' id='word_1_205' title='bbox 3611 1593 3704 1645; x_wconf 71' lang='grc' dir='ltr'>καὶ</span> <span class='ocrx_word' id='word_1_206' title='bbox 3741 1593 3929 1661; x_wconf 88' lang='grc' dir='ltr'>ἀτιμο-</span> 
     </span>
    </p>
   </div>
   <div class='ocr_carea' id='block_1_32' title="bbox 2349 1683 3932 1759">
    <p class='ocr_par' dir='ltr' id='par_1_32' title="bbox 2349 1683 3932 1759">
     <span class='ocr_line' id='line_1_32' title="bbox 2349 1683 3932 1759; baseline -0.004 -19"><span class='ocrx_word' id='word_1_207' title='bbox 2349 1689 2525 1742; x_wconf 89' lang='grc' dir='ltr'>τάτων</span> <span class='ocrx_word' id='word_1_208' title='bbox 2555 1689 2652 1759; x_wconf 84' lang='grc' dir='ltr'>τῆς</span> <span class='ocrx_word' id='word_1_209' title='bbox 2679 1688 2808 1758; x_wconf 79' lang='grc' dir='ltr'>ὐλης</span> <span class='ocrx_word' id='word_1_210' title='bbox 2835 1687 3014 1758; x_wconf 83' lang='grc' dir='ltr'>μερῶν</span> <span class='ocrx_word' id='word_1_211' title='bbox 3037 1687 3396 1741; x_wconf 83' lang='grc' dir='ltr'>ἀναπλάττειν</span> <span class='ocrx_word' id='word_1_212' title='bbox 3426 1685 3660 1747; x_wconf 77' lang='grc' dir='ltr'>εἰκόνας,</span> <span class='ocrx_word' id='word_1_213' title='bbox 3684 1683 3806 1735; x_wconf 73' lang='grc' dir='ltr'>ἐπεὶ</span> <span class='ocrx_word' id='word_1_214' title='bbox 3836 1683 3932 1734; x_wconf 73' lang='grc' dir='ltr'>καὶ</span> 
     </span>
    </p>
   </div>
   <div class='ocr_carea' id='block_1_33' title="bbox 2351 1776 3926 1852">
    <p class='ocr_par' dir='ltr' id='par_1_33' title="bbox 2351 1776 3926 1852">
     <span class='ocr_line' id='line_1_33' title="bbox 2351 1776 3926 1852; baseline -0.004 -19"><span class='ocrx_word' id='word_1_215' title='bbox 2351 1781 2488 1852; x_wconf 78' lang='grc' dir='ltr'>αὐτη</span> <span class='ocrx_word' id='word_1_216' title='bbox 2512 1783 2543 1852; x_wconf 82' lang='grc' dir='ltr'>ἡ</span> <span class='ocrx_word' id='word_1_217' title='bbox 2574 1781 2672 1852; x_wconf 83' lang='grc' dir='ltr'><strong>ὐλη</strong></span> <span class='ocrx_word' id='word_1_218' title='bbox 2704 1782 2830 1852; x_wconf 75' lang='grc' dir='ltr'>περὶ</span> <span class='ocrx_word' id='word_1_219' title='bbox 2847 1787 2860 1800; x_wconf 89' lang='lat'><strong><em>‘</em></strong></span> <span class='ocrx_word' id='word_1_220' title='bbox 2886 1780 2978 1832; x_wconf 89' lang='grc' dir='ltr'><strong>τοῦ</strong></span> <span class='ocrx_word' id='word_1_221' title='bbox 3002 1780 3167 1843; x_wconf 73' lang='grc' dir='ltr'>ὅντως</span> <span class='ocrx_word' id='word_1_222' title='bbox 3183 1778 3347 1833; x_wconf 88' lang='grc' dir='ltr'>καλοῦ</span> <span class='ocrx_word' id='word_1_223' title='bbox 3360 1777 3452 1830; x_wconf 91' lang='grc' dir='ltr'><strong>τοῦ</strong></span> <span class='ocrx_word' id='word_1_224' title='bbox 3467 1776 3597 1829; x_wconf 85' lang='grc' dir='ltr'>Θεοῦ</span> <span class='ocrx_word' id='word_1_225' title='bbox 3628 1776 3926 1838; x_wconf 73' lang='grc' dir='ltr'>ὐποστᾶσα,</span> 
     </span>
    </p>
   </div>
   <div class='ocr_carea' id='block_1_34' title="bbox 675 1865 2250 1943">
    <p class='ocr_par' dir='ltr' id='par_1_34' title="bbox 675 1871 2241 1941">
     <span class='ocr_line' id='line_1_34' title="bbox 675 1871 2241 1941; baseline 0.008 -27"><span class='ocrx_word' id='word_1_226' title='bbox 675 1877 937 1932; x_wconf 83' lang='lat' dir='ltr'><strong>quantum</strong></span> <span class='ocrx_word' id='word_1_227' title='bbox 976 1883 1100 1920; x_wconf 90' lang='lat' dir='ltr'><strong>vero</strong></span> <span class='ocrx_word' id='word_1_228' title='bbox 1133 1871 1463 1924; x_wconf 86' lang='lat' dir='ltr'><strong>materialem</strong></span> <span class='ocrx_word' id='word_1_229' title='bbox 1499 1887 1561 1926; x_wconf 93' lang='lat' dir='ltr'><strong>ac</strong></span> <span class='ocrx_word' id='word_1_230' title='bbox 1591 1873 1938 1941; x_wconf 79' lang='lat' dir='ltr'><strong>peregrinum</strong></span> <span class='ocrx_word' id='word_1_231' title='bbox 1969 1871 2132 1928; x_wconf 88' lang='lat' dir='ltr'><strong>rebus</strong></span> <span class='ocrx_word' id='word_1_232' title='bbox 2161 1875 2241 1927; x_wconf 87' lang='lat' dir='ltr'><strong>in-</strong></span> 
     </span>
    </p>
   </div>
   <div class='ocr_carea' id='block_1_35' title="bbox 2354 1865 3930 1943">
    <p class='ocr_par' dir='ltr' id='par_1_35' title="bbox 2354 1865 3930 1943">
     <span class='ocr_line' id='line_1_35' title="bbox 2354 1865 3930 1943; baseline -0.003 -18"><span class='ocrx_word' id='word_1_233' title='bbox 2354 1873 2484 1928; x_wconf 78' lang='grc' dir='ltr'><strong>κατά</strong></span> <span class='ocrx_word' id='word_1_234' title='bbox 2530 1875 2707 1926; x_wconf 79' lang='grc' dir='ltr'>πᾶσαν</span> <span class='ocrx_word' id='word_1_235' title='bbox 2759 1874 2928 1943; x_wconf 77' lang='grc' dir='ltr'>αὐτῆς</span> <span class='ocrx_word' id='word_1_236' title='bbox 2954 1873 3310 1943; x_wconf 78' lang='grc' dir='ltr'>διακόσμησιν</span> <span class='ocrx_word' id='word_1_237' title='bbox 3345 1871 3439 1942; x_wconf 75' lang='grc' dir='ltr'>τὴν</span> <span class='ocrx_word' id='word_1_238' title='bbox 3468 1871 3584 1924; x_wconf 77' lang='grc' dir='ltr'>κατ’</span> <span class='ocrx_word' id='word_1_239' title='bbox 3609 1865 3764 1932; x_wconf 79' lang='grc' dir='ltr'>εἶδος,</span> <span class='ocrx_word' id='word_1_240' title='bbox 3788 1869 3930 1938; x_wconf 70' lang='grc' dir='ltr'>ἀπή·</span> 
     </span>
    </p>
   </div>
   <div class='ocr_carea' id='block_1_36' title="bbox 675 1961 2241 2032">
    <p class='ocr_par' dir='ltr' id='par_1_36' title="bbox 675 1961 2241 2032">
     <span class='ocr_line' id='line_1_36' title="bbox 675 1961 2241 2032; baseline 0.004 -21"><span class='ocrx_word' id='word_1_241' title='bbox 675 1961 954 2027; x_wconf 77' lang='lat' dir='ltr'><strong>corporeis</strong></span> <span class='ocrx_word' id='word_1_242' title='bbox 990 1975 1205 2014; x_wconf 88' lang='lat' dir='ltr'><strong>sensum</strong></span> <span class='ocrx_word' id='word_1_243' title='bbox 1259 1974 1548 2032; x_wconf 85' lang='lat' dir='ltr'><strong>superant,</strong></span> <span class='ocrx_word' id='word_1_244' title='bbox 1593 1965 1944 2019; x_wconf 85' lang='lat' dir='ltr'><strong>insensibiles</strong></span> <span class='ocrx_word' id='word_1_245' title='bbox 1993 1967 2241 2020; x_wconf 85' lang='lat' dir='ltr'><strong>nornina-</strong></span> 
     </span>
    </p>
   </div>
   <div class='ocr_carea' id='block_1_37' title="bbox 677 2052 2240 2124">
    <p class='ocr_par' dir='ltr' id='par_1_37' title="bbox 677 2052 2240 2124">
     <span class='ocr_line' id='line_1_37' title="bbox 677 2052 2240 2124; baseline 0.006 -23"><span class='ocrx_word' id='word_1_246' title='bbox 677 2066 822 2112; x_wconf 87' lang='lat' dir='ltr'><strong>mus,</strong></span> <span class='ocrx_word' id='word_1_247' title='bbox 877 2052 1072 2120; x_wconf 85' lang='lat' dir='ltr'><strong>quippe</strong></span> <span class='ocrx_word' id='word_1_248' title='bbox 1127 2067 1344 2107; x_wconf 86' lang='lat' dir='ltr'><strong>sensum</strong></span> <span class='ocrx_word' id='word_1_249' title='bbox 1411 2058 1771 2120; x_wconf 79' lang='lat' dir='ltr'><strong>excedentes,</strong></span> <span class='ocrx_word' id='word_1_250' title='bbox 1827 2072 1892 2110; x_wconf 92' lang='lat' dir='ltr'><strong>ac</strong></span> <span class='ocrx_word' id='word_1_251' title='bbox 1944 2059 2240 2124; x_wconf 77' lang='lat' dir='ltr'><strong>spiritales.</strong></span> 
     </span>
    </p>
   </div>
   <div class='ocr_carea' id='block_1_38' title="bbox 674 2141 2241 2216">
    <p class='ocr_par' dir='ltr' id='par_1_38' title="bbox 674 2141 2241 2216">
     <span class='ocr_line' id='line_1_38' title="bbox 674 2141 2241 2216; baseline 0.008 -22"><span class='ocrx_word' id='word_1_252' title='bbox 674 2141 1020 2197; x_wconf 77' lang='lat' dir='ltr'><strong>Concludeus</strong></span> <span class='ocrx_word' id='word_1_253' title='bbox 1050 2144 1165 2197; x_wconf 86' lang='lat' dir='ltr'><strong>ait:</strong></span> <span class='ocrx_word' id='word_1_254' title='bbox 1203 2145 1389 2199; x_wconf 87' lang='lat' dir='ltr'><strong>Liceat</strong></span> <span class='ocrx_word' id='word_1_255' title='bbox 1423 2149 1603 2216; x_wconf 83' lang='lat' dir='ltr'><strong>itaque</strong></span> <span class='ocrx_word' id='word_1_256' title='bbox 1637 2166 1740 2203; x_wconf 90' lang='lat' dir='ltr'><strong>non</strong></span> <span class='ocrx_word' id='word_1_257' title='bbox 1776 2152 2049 2205; x_wconf 88' lang='lat' dir='ltr'><strong>immerito</strong></span> <span class='ocrx_word' id='word_1_258' title='bbox 2078 2154 2241 2206; x_wconf 90' lang='lat' dir='ltr'><strong>etiam</strong></span> 
     </span>
    </p>
   </div>
   <div class='ocr_carea' id='block_1_39' title="bbox 675 2238 2244 2313">
    <p class='ocr_par' dir='ltr' id='par_1_39' title="bbox 675 2238 2244 2313">
     <span class='ocr_line' id='line_1_39' title="bbox 675 2238 2244 2313; baseline 0.006 -26"><span class='ocrx_word' id='word_1_259' title='bbox 675 2252 741 2288; x_wconf 80' lang='lat' dir='ltr'><strong>ex</strong></span> <span class='ocrx_word' id='word_1_260' title='bbox 807 2238 1158 2290; x_wconf 71' lang='lat' dir='ltr'><strong>dissimilibus</strong></span> <span class='ocrx_word' id='word_1_261' title='bbox 1228 2240 1611 2309; x_wconf 87' lang='lat' dir='ltr'><strong>vilissimisque</strong></span> <span class='ocrx_word' id='word_1_262' title='bbox 1691 2243 1930 2296; x_wconf 67' lang='lat' dir='ltr'><strong>materiae</strong></span> <span class='ocrx_word' id='word_1_263' title='bbox 1997 2245 2244 2313; x_wconf 87' lang='lat' dir='ltr'><strong>partibus</strong></span> 
     </span>
    </p>
   </div>
   <div class='ocr_carea' id='block_1_40' title="bbox 677 2329 2243 2401">
    <p class='ocr_par' dir='ltr' id='par_1_40' title="bbox 677 2329 2243 2401">
     <span class='ocr_line' id='line_1_40' title="bbox 677 2329 2243 2401; baseline 0.006 -20"><span class='ocrx_word' id='word_1_264' title='bbox 677 2331 943 2393; x_wconf 75' lang='lat' dir='ltr'><strong>imagines</strong></span> <span class='ocrx_word' id='word_1_265' title='bbox 971 2329 1289 2394; x_wconf 71' lang='lat' dir='ltr'><strong>cllormare;</strong></span> <span class='ocrx_word' id='word_1_266' title='bbox 1323 2333 1762 2401; x_wconf 79' lang='lat' dir='ltr'><strong>quandoquidem</strong></span> <span class='ocrx_word' id='word_1_267' title='bbox 1788 2336 1954 2388; x_wconf 90' lang='lat' dir='ltr'><strong>etiam</strong></span> <span class='ocrx_word' id='word_1_268' title='bbox 1991 2337 2105 2390; x_wconf 66' lang='lat' dir='ltr'><strong>haec</strong></span> <span class='ocrx_word' id='word_1_269' title='bbox 2134 2353 2243 2390; x_wconf 88' lang='lat' dir='ltr'><strong>tua-</strong></span> 
     </span>
    </p>
   </div>
   <div class='ocr_carea' id='block_1_41' title="bbox 680 2425 2248 2496">
    <p class='ocr_par' dir='ltr' id='par_1_41' title="bbox 680 2425 2248 2496">
     <span class='ocr_line' id='line_1_41' title="bbox 680 2425 2248 2496; baseline 0.006 -22"><span class='ocrx_word' id='word_1_270' title='bbox 680 2425 813 2475; x_wconf 89' lang='lat' dir='ltr'><strong>teria</strong></span> <span class='ocrx_word' id='word_1_271' title='bbox 851 2438 878 2474; x_wconf 90' lang='lat' dir='ltr'><strong>a</strong></span> <span class='ocrx_word' id='word_1_272' title='bbox 907 2439 1030 2477; x_wconf 86' lang='lat' dir='ltr'><strong>vere</strong></span> <span class='ocrx_word' id='word_1_273' title='bbox 1065 2427 1286 2493; x_wconf 80' lang='lat' dir='ltr'><strong>pulchr-0</strong></span> <span class='ocrx_word' id='word_1_274' title='bbox 1325 2428 1435 2479; x_wconf 86' lang='lat' dir='ltr'><strong>Deo</strong></span> <span class='ocrx_word' id='word_1_275' title='bbox 1464 2428 1714 2492; x_wconf 62' lang='lat' dir='ltr'><strong>exsistat,</strong></span> <span class='ocrx_word' id='word_1_276' title='bbox 1744 2443 2069 2496; x_wconf 90' lang='lat' dir='ltr'><strong>omnemque</strong></span> <span class='ocrx_word' id='word_1_277' title='bbox 2085 2445 2248 2484; x_wconf 85' lang='lat' dir='ltr'><strong>orna-</strong></span> 
     </span>
    </p>
   </div>
   <div class='ocr_carea' id='block_1_42' title="bbox 679 2520 2248 2590">
    <p class='ocr_par' dir='ltr' id='par_1_42' title="bbox 679 2520 2248 2590">
     <span class='ocr_line' id='line_1_42' title="bbox 679 2520 2248 2590; baseline 0.005 -23"><span class='ocrx_word' id='word_1_278' title='bbox 679 2526 791 2567; x_wconf 90' lang='lat' dir='ltr'><strong>tum</strong></span> <span class='ocrx_word' id='word_1_279' title='bbox 836 2533 991 2571; x_wconf 90' lang='lat' dir='ltr'><strong>suum</strong></span> <span class='ocrx_word' id='word_1_280' title='bbox 1027 2520 1338 2586; x_wconf 81' lang='lat' dir='ltr'><strong>speeilicum</strong></span> <span class='ocrx_word' id='word_1_281' title='bbox 1373 2523 1637 2582; x_wconf 88' lang='lat' dir='ltr'><strong>obtineat,</strong></span> <span class='ocrx_word' id='word_1_282' title='bbox 1693 2521 2058 2590; x_wconf 86' lang='lat' dir='ltr'><strong>nonnullaque</strong></span> <span class='ocrx_word' id='word_1_283' title='bbox 2087 2521 2248 2590; x_wconf 87' lang='lat' dir='ltr'><strong>spiri-</strong></span> 
     </span>
    </p>
   </div>
   <div class='ocr_carea' id='block_1_43' title="bbox 681 2609 2246 2681">
    <p class='ocr_par' dir='ltr' id='par_1_43' title="bbox 681 2609 2246 2681">
     <span class='ocr_line' id='line_1_43' title="bbox 681 2609 2246 2681; baseline 0.003 -22"><span class='ocrx_word' id='word_1_284' title='bbox 681 2609 803 2660; x_wconf 86' lang='lat' dir='ltr'><strong>talis</strong></span> <span class='ocrx_word' id='word_1_285' title='bbox 843 2610 1057 2663; x_wconf 82' lang='lat' dir='ltr'><strong>decoris</strong></span> <span class='ocrx_word' id='word_1_286' title='bbox 1105 2613 1328 2680; x_wconf 77' lang='lat' dir='ltr'><strong>vestigia</strong></span> <span class='ocrx_word' id='word_1_287' title='bbox 1374 2611 1570 2665; x_wconf 77' lang='lat' dir='ltr'><strong>referat</strong></span> <span class='ocrx_word' id='word_1_288' title='bbox 1611 2632 1624 2665; x_wconf 86' lang='lat'><strong>:</strong></span> <span class='ocrx_word' id='word_1_289' title='bbox 1659 2614 2117 2681; x_wconf 80' lang='lat' dir='ltr'><strong>quemadmodum</strong></span> <span class='ocrx_word' id='word_1_290' title='bbox 2163 2612 2246 2665; x_wconf 80' lang='lat' dir='ltr'><strong>lu-</strong></span> 
     </span>
    </p>
   </div>
   <div class='ocr_carea' id='block_1_44' title="bbox 681 2698 2248 2772">
    <p class='ocr_par' dir='ltr' id='par_1_44' title="bbox 681 2698 2248 2772">
     <span class='ocr_line' id='line_1_44' title="bbox 681 2698 2248 2772; baseline 0.005 -22"><span class='ocrx_word' id='word_1_291' title='bbox 681 2698 840 2751; x_wconf 89' lang='lat' dir='ltr'><strong>minis</strong></span> <span class='ocrx_word' id='word_1_292' title='bbox 875 2711 989 2762; x_wconf 90' lang='lat' dir='ltr'><strong>est,</strong></span> <span class='ocrx_word' id='word_1_293' title='bbox 1040 2701 1373 2764; x_wconf 82' lang='lat' dir='ltr'><strong>illuminare;</strong></span> <span class='ocrx_word' id='word_1_294' title='bbox 1413 2717 1576 2771; x_wconf 86' lang='lat' dir='ltr'><strong>atque</strong></span> <span class='ocrx_word' id='word_1_295' title='bbox 1630 2705 1768 2772; x_wconf 78' lang='lat' dir='ltr'><strong>ignis</strong></span> <span class='ocrx_word' id='word_1_296' title='bbox 1806 2719 2147 2767; x_wconf 86' lang='lat' dir='ltr'><strong>consumere,</strong></span> <span class='ocrx_word' id='word_1_297' title='bbox 2184 2720 2248 2758; x_wconf 78' lang='lat' dir='ltr'><strong>ac</strong></span> 
     </span>
    </p>
   </div>
   <div class='ocr_carea' id='block_1_45' title="bbox 681 2794 2246 2856">
    <p class='ocr_par' dir='ltr' id='par_1_45' title="bbox 681 2794 2246 2856">
     <span class='ocr_line' id='line_1_45' title="bbox 681 2794 2246 2856; baseline 0.007 -16"><span class='ocrx_word' id='word_1_298' title='bbox 681 2801 984 2856; x_wconf 82' lang='lat' dir='ltr'><strong>penetrare,</strong></span> <span class='ocrx_word' id='word_1_299' title='bbox 1030 2794 1073 2846; x_wconf 88' lang='lat' dir='ltr'><strong>si</strong></span> <span class='ocrx_word' id='word_1_300' title='bbox 1122 2796 1321 2848; x_wconf 89' lang='lat' dir='ltr'><strong>similia</strong></span> <span class='ocrx_word' id='word_1_301' title='bbox 1364 2795 1536 2851; x_wconf 83' lang='lat' dir='ltr'><strong>solum</strong></span> <span class='ocrx_word' id='word_1_302' title='bbox 1588 2796 1926 2850; x_wconf 80' lang='lat' dir='ltr'><strong>dissimiliter</strong></span> <span class='ocrx_word' id='word_1_303' title='bbox 1964 2805 2018 2849; x_wconf 87' lang='lat' dir='ltr'><strong>et</strong></span> <span class='ocrx_word' id='word_1_304' title='bbox 2059 2797 2246 2850; x_wconf 68' lang='lat' dir='ltr'><strong>ditior-</strong></span> 
     </span>
    </p>
   </div>
   <div class='ocr_carea' id='block_1_46' title="bbox 681 2884 2248 2955">
    <p class='ocr_par' dir='ltr' id='par_1_46' title="bbox 681 2884 2248 2955">
     <span class='ocr_line' id='line_1_46' title="bbox 681 2884 2248 2955; baseline 0.005 -20"><span class='ocrx_word' id='word_1_305' title='bbox 681 2884 842 2937; x_wconf 84' lang='lat' dir='ltr'><strong>tniter</strong></span> <span class='ocrx_word' id='word_1_306' title='bbox 881 2887 1266 2955; x_wconf 87' lang='lat' dir='ltr'><strong>quotupliciter</strong></span> <span class='ocrx_word' id='word_1_307' title='bbox 1296 2900 1585 2941; x_wconf 83' lang='lat' dir='ltr'><strong>sumantur</strong></span> <span class='ocrx_word' id='word_1_308' title='bbox 1613 2907 1625 2940; x_wconf 87' lang='lat'><strong>:</strong></span> <span class='ocrx_word' id='word_1_309' title='bbox 1659 2890 1738 2942; x_wconf 87' lang='lat' dir='ltr'><strong>sol</strong></span> <span class='ocrx_word' id='word_1_310' title='bbox 1779 2890 1923 2942; x_wconf 91' lang='lat' dir='ltr'><strong>enim</strong></span> <span class='ocrx_word' id='word_1_311' title='bbox 1959 2889 2248 2944; x_wconf 83' lang='lat' dir='ltr'><strong>sensibiles</strong></span> 
     </span>
    </p>
   </div>
   <div class='ocr_carea' id='block_1_47' title="bbox 679 2975 2247 3048">
    <p class='ocr_par' dir='ltr' id='par_1_47' title="bbox 679 2975 2247 3048">
     <span class='ocr_line' id='line_1_47' title="bbox 679 2975 2247 3048; baseline 0.004 -23"><span class='ocrx_word' id='word_1_312' title='bbox 679 2975 862 3028; x_wconf 84' lang='lat' dir='ltr'><strong>oculos</strong></span> <span class='ocrx_word' id='word_1_313' title='bbox 894 2978 1179 3042; x_wconf 83' lang='lat' dir='ltr'><strong>illuminat,</strong></span> <span class='ocrx_word' id='word_1_314' title='bbox 1216 2988 1269 3031; x_wconf 88' lang='lat' dir='ltr'><strong>et</strong></span> <span class='ocrx_word' id='word_1_315' title='bbox 1297 2977 1604 3033; x_wconf 77' lang='lat' dir='ltr'><strong>facultatem</strong></span> <span class='ocrx_word' id='word_1_316' title='bbox 1653 2982 1858 3048; x_wconf 59' lang='lat' dir='ltr'><strong>praebet</strong></span> <span class='ocrx_word' id='word_1_317' title='bbox 1891 2979 2107 3034; x_wconf 89' lang='lat' dir='ltr'><strong>colores</strong></span> <span class='ocrx_word' id='word_1_318' title='bbox 2139 2981 2247 3033; x_wconf 81' lang='lat' dir='ltr'><strong>dis-</strong></span> 
     </span>
    </p>
   </div>
   <div class='ocr_carea' id='block_1_48' title="bbox 680 3071 2246 3140">
    <p class='ocr_par' dir='ltr' id='par_1_48' title="bbox 680 3071 2246 3140">
     <span class='ocr_line' id='line_1_48' title="bbox 680 3071 2246 3140; baseline 0.005 -21"><span class='ocrx_word' id='word_1_319' title='bbox 680 3071 966 3133; x_wconf 73' lang='lat' dir='ltr'><strong>cernendi;</strong></span> <span class='ocrx_word' id='word_1_320' title='bbox 1006 3071 1144 3124; x_wconf 85' lang='lat' dir='ltr'><strong>Dens</strong></span> <span class='ocrx_word' id='word_1_321' title='bbox 1183 3086 1307 3124; x_wconf 78' lang='lat' dir='ltr'><strong>vero</strong></span> <span class='ocrx_word' id='word_1_322' title='bbox 1355 3074 1457 3123; x_wconf 88' lang='lat' dir='ltr'><strong>vim</strong></span> <span class='ocrx_word' id='word_1_323' title='bbox 1496 3074 1616 3138; x_wconf 86' lang='lat' dir='ltr'><strong>dat,</strong></span> <span class='ocrx_word' id='word_1_324' title='bbox 1654 3074 1823 3140; x_wconf 79' lang='lat' dir='ltr'><strong>ipsam</strong></span> <span class='ocrx_word' id='word_1_325' title='bbox 1879 3075 2150 3138; x_wconf 86' lang='lat' dir='ltr'><strong>animam,</strong></span> <span class='ocrx_word' id='word_1_326' title='bbox 2193 3085 2246 3127; x_wconf 91' lang='lat' dir='ltr'><strong>et</strong></span> 
     </span>
    </p>
   </div>
   <div class='ocr_carea' id='block_1_49' title="bbox 680 3162 2247 3234">
    <p class='ocr_par' dir='ltr' id='par_1_49' title="bbox 680 3162 2247 3234">
     <span class='ocr_line' id='line_1_49' title="bbox 680 3162 2247 3234; baseline 0.006 -26"><span class='ocrx_word' id='word_1_327' title='bbox 680 3174 799 3227; x_wconf 64' lang='lat' dir='ltr'><strong>quae</strong></span> <span class='ocrx_word' id='word_1_328' title='bbox 829 3162 878 3212; x_wconf 89' lang='lat' dir='ltr'><strong>in</strong></span> <span class='ocrx_word' id='word_1_329' title='bbox 911 3176 971 3212; x_wconf 86' lang='lat' dir='ltr'><strong>ea</strong></span> <span class='ocrx_word' id='word_1_330' title='bbox 1010 3163 1228 3228; x_wconf 89' lang='lat' dir='ltr'><strong>pulcbra</strong></span> <span class='ocrx_word' id='word_1_331' title='bbox 1263 3174 1415 3226; x_wconf 86' lang='lat' dir='ltr'><strong>sunt,</strong></span> <span class='ocrx_word' id='word_1_332' title='bbox 1453 3166 1795 3234; x_wconf 89' lang='lat' dir='ltr'><strong>penetrandi.</strong></span> <span class='ocrx_word' id='word_1_333' title='bbox 1829 3163 1962 3218; x_wconf 84' lang='lat' dir='ltr'><strong>Nam</strong></span> <span class='ocrx_word' id='word_1_334' title='bbox 1995 3181 2118 3234; x_wconf 69' lang='lat' dir='ltr'><strong>quae</strong></span> <span class='ocrx_word' id='word_1_335' title='bbox 2155 3181 2247 3217; x_wconf 88' lang='lat' dir='ltr'><strong>ea-</strong></span> 
     </span>
    </p>
   </div>
   <div class='ocr_carea' id='block_1_50' title="bbox 682 3253 2250 3325">
    <p class='ocr_par' dir='ltr' id='par_1_50' title="bbox 682 3253 2250 3325">
     <span class='ocr_line' id='line_1_50' title="bbox 682 3253 2250 3325; baseline 0.003 -20"><span class='ocrx_word' id='word_1_336' title='bbox 682 3253 802 3305; x_wconf 88' lang='lat' dir='ltr'><strong>dem</strong></span> <span class='ocrx_word' id='word_1_337' title='bbox 838 3263 982 3314; x_wconf 85' lang='lat' dir='ltr'><strong>sunt,</strong></span> <span class='ocrx_word' id='word_1_338' title='bbox 1004 3270 1107 3306; x_wconf 83' lang='lat' dir='ltr'><strong>nou</strong></span> <span class='ocrx_word' id='word_1_339' title='bbox 1137 3255 1326 3309; x_wconf 88' lang='lat' dir='ltr'><strong>eodem</strong></span> <span class='ocrx_word' id='word_1_340' title='bbox 1359 3259 1518 3310; x_wconf 87' lang='lat' dir='ltr'><strong>modo</strong></span> <span class='ocrx_word' id='word_1_341' title='bbox 1543 3257 1904 3325; x_wconf 84' lang='lat' dir='ltr'><strong>accipiuntur.</strong></span> <span class='ocrx_word' id='word_1_342' title='bbox 1932 3257 2026 3310; x_wconf 91' lang='lat' dir='ltr'><strong>sed</strong></span> <span class='ocrx_word' id='word_1_343' title='bbox 2055 3271 2250 3310; x_wconf 81' lang='lat' dir='ltr'><strong>secun-</strong></span> 
     </span>
    </p>
   </div>
   <div class='ocr_carea' id='block_1_51' title="bbox 683 3343 2251 3417">
    <p class='ocr_par' dir='ltr' id='par_1_51' title="bbox 683 3343 2251 3417">
     <span class='ocr_line' id='line_1_51' title="bbox 683 3343 2251 3417; baseline 0.003 -22"><span class='ocrx_word' id='word_1_344' title='bbox 683 3343 810 3396; x_wconf 88' lang='lat' dir='ltr'><strong>dtnn</strong></span> <span class='ocrx_word' id='word_1_345' title='bbox 840 3353 1140 3398; x_wconf 63' lang='lat' dir='ltr'><strong>naturalem</strong></span> <span class='ocrx_word' id='word_1_346' title='bbox 1166 3347 1390 3413; x_wconf 80' lang='lat' dir='ltr'><strong>subjecti</strong></span> <span class='ocrx_word' id='word_1_347' title='bbox 1423 3347 1809 3417; x_wconf 67' lang='lat' dir='ltr'><strong>proin-ietatem</strong></span> <span class='ocrx_word' id='word_1_348' title='bbox 1837 3357 1893 3400; x_wconf 90' lang='lat' dir='ltr'><strong>et</strong></span> <span class='ocrx_word' id='word_1_349' title='bbox 1916 3347 2251 3400; x_wconf 67' lang='lat' dir='ltr'><strong>deﬁniuntur</strong></span> 
     </span>
    </p>
   </div>
   <div class='ocr_carea' id='block_1_52' title="bbox 683 3435 2249 3506">
    <p class='ocr_par' dir='ltr' id='par_1_52' title="bbox 683 3435 2249 3506">
     <span class='ocr_line' id='line_1_52' title="bbox 683 3435 2249 3506; baseline 0.002 -18"><span class='ocrx_word' id='word_1_350' title='bbox 683 3445 741 3489; x_wconf 87' lang='lat' dir='ltr'><strong>et</strong></span> <span class='ocrx_word' id='word_1_351' title='bbox 783 3435 1194 3506; x_wconf 71' lang='lat' dir='ltr'><strong>intelliguntur:</strong></span> <span class='ocrx_word' id='word_1_352' title='bbox 1225 3440 1425 3493; x_wconf 87' lang='lat' dir='ltr'><strong>idcirco</strong></span> <span class='ocrx_word' id='word_1_353' title='bbox 1466 3442 1610 3494; x_wconf 88' lang='lat' dir='ltr'><strong>enim</strong></span> <span class='ocrx_word' id='word_1_354' title='bbox 1656 3441 1821 3493; x_wconf 80' lang='lat' dir='ltr'><strong>etiam</strong></span> <span class='ocrx_word' id='word_1_355' title='bbox 1868 3439 1983 3493; x_wconf 70' lang='lat' dir='ltr'><strong>haec</strong></span> <span class='ocrx_word' id='word_1_356' title='bbox 2036 3438 2249 3492; x_wconf 86' lang='lat' dir='ltr'><strong>illorqu</strong></span> 
     </span>
    </p>
   </div>
   <div class='ocr_carea' id='block_1_53' title="bbox 686 3528 2252 3596">
    <p class='ocr_par' dir='ltr' id='par_1_53' title="bbox 686 3528 2252 3596">
     <span class='ocr_line' id='line_1_53' title="bbox 686 3528 2252 3596; baseline 0.006 -22"><span class='ocrx_word' id='word_1_357' title='bbox 686 3528 912 3596; x_wconf 70' lang='lat' dir='ltr'><strong>vestigia</strong></span> <span class='ocrx_word' id='word_1_358' title='bbox 942 3543 1036 3582; x_wconf 82' lang='lat' dir='ltr'><strong>seu</strong></span> <span class='ocrx_word' id='word_1_359' title='bbox 1077 3529 1274 3584; x_wconf 76' lang='lat' dir='ltr'><strong>iudicia</strong></span> <span class='ocrx_word' id='word_1_360' title='bbox 1307 3531 1593 3595; x_wconf 83' lang='lat' dir='ltr'><strong>dicuntur;</strong></span> <span class='ocrx_word' id='word_1_361' title='bbox 1623 3531 1766 3586; x_wconf 88' lang='lat' dir='ltr'><strong>unde</strong></span> <span class='ocrx_word' id='word_1_362' title='bbox 1791 3531 1957 3585; x_wconf 83' lang='lat' dir='ltr'><strong>etiam</strong></span> <span class='ocrx_word' id='word_1_363' title='bbox 1988 3531 2054 3585; x_wconf 89' lang='lat' dir='ltr'><strong>de</strong></span> <span class='ocrx_word' id='word_1_364' title='bbox 2086 3530 2252 3585; x_wconf 87' lang='lat' dir='ltr'><strong>dissi-</strong></span> 
     </span>
    </p>
   </div>
   <div class='ocr_carea' id='block_1_54' title="bbox 688 3620 2250 3696">
    <p class='ocr_par' dir='ltr' id='par_1_54' title="bbox 688 3620 2250 3696">
     <span class='ocr_line' id='line_1_54' title="bbox 688 3620 2250 3696; baseline 0.004 -25"><span class='ocrx_word' id='word_1_365' title='bbox 688 3620 911 3674; x_wconf 85' lang='lat' dir='ltr'><strong>milibus</strong></span> <span class='ocrx_word' id='word_1_366' title='bbox 951 3623 1341 3692; x_wconf 87' lang='lat' dir='ltr'><strong>quotupliciter</strong></span> <span class='ocrx_word' id='word_1_367' title='bbox 1395 3626 1849 3696; x_wconf 87' lang='lat' dir='ltr'><strong>participantibus</strong></span> <span class='ocrx_word' id='word_1_368' title='bbox 1895 3625 1980 3679; x_wconf 87' lang='lat' dir='ltr'><strong>vel</strong></span> <span class='ocrx_word' id='word_1_369' title='bbox 2026 3625 2250 3694; x_wconf 81' lang='lat' dir='ltr'><strong>partici-</strong></span> 
     </span>
    </p>
   </div>
   <div class='ocr_carea' id='block_1_55' title="bbox 687 3715 2254 3784">
    <p class='ocr_par' dir='ltr' id='par_1_55' title="bbox 687 3715 2254 3784">
     <span class='ocr_line' id='line_1_55' title="bbox 687 3715 2254 3784; baseline 0.004 -23"><span class='ocrx_word' id='word_1_370' title='bbox 687 3726 816 3778; x_wconf 85' lang='lat' dir='ltr'><strong>pare</strong></span> <span class='ocrx_word' id='word_1_371' title='bbox 863 3715 1273 3782; x_wconf 86' lang='lat' dir='ltr'><strong>apparentibus,</strong></span> <span class='ocrx_word' id='word_1_372' title='bbox 1318 3717 1604 3784; x_wconf 87' lang='lat' dir='ltr'><strong>proverbio</strong></span> <span class='ocrx_word' id='word_1_373' title='bbox 1649 3717 1873 3777; x_wconf 90' lang='lat' dir='ltr'><strong>dicitur.</strong></span> <span class='ocrx_word' id='word_1_374' title='bbox 1919 3717 2090 3770; x_wconf 87' lang='lat' dir='ltr'><strong>eclms</strong></span> <span class='ocrx_word' id='word_1_375' title='bbox 2149 3729 2254 3769; x_wconf 76' lang='lat' dir='ltr'><strong>vox</strong></span> 
     </span>
    </p>
   </div>
   <div class='ocr_carea' id='block_1_56' title="bbox 691 3803 2256 3874">
    <p class='ocr_par' dir='ltr' id='par_1_56' title="bbox 691 3803 2256 3874">
     <span class='ocr_line' id='line_1_56' title="bbox 691 3803 2256 3874; baseline 0.006 -24"><span class='ocrx_word' id='word_1_376' title='bbox 691 3803 1029 3869; x_wconf 71' lang='lat' dir='ltr'><strong>reparabilis.</strong></span> <span class='ocrx_word' id='word_1_377' title='bbox 1069 3805 1222 3871; x_wconf 85' lang='lat' dir='ltr'><strong>Quod</strong></span> <span class='ocrx_word' id='word_1_378' title='bbox 1251 3807 1395 3861; x_wconf 86' lang='lat' dir='ltr'><strong>enim</strong></span> <span class='ocrx_word' id='word_1_379' title='bbox 1430 3817 1514 3862; x_wconf 71' lang='lat' dir='ltr'><strong>est</strong></span> <span class='ocrx_word' id='word_1_380' title='bbox 1544 3809 1596 3861; x_wconf 89' lang='lat' dir='ltr'><strong>in</strong></span> <span class='ocrx_word' id='word_1_381' title='bbox 1631 3809 1838 3861; x_wconf 85' lang='lat' dir='ltr'><strong>visione</strong></span> <span class='ocrx_word' id='word_1_382' title='bbox 1870 3806 2071 3874; x_wconf 67' lang='lat' dir='ltr'><strong>imago,</strong></span> <span class='ocrx_word' id='word_1_383' title='bbox 2106 3807 2256 3860; x_wconf 86' lang='lat' dir='ltr'><strong>simi-</strong></span> 
     </span>
    </p>
   </div>
   <div class='ocr_carea' id='block_1_57' title="bbox 2347 1959 3928 2035">
    <p class='ocr_par' dir='ltr' id='par_1_57' title="bbox 2347 1959 3928 2035">
     <span class='ocr_line' id='line_1_57' title="bbox 2347 1959 3928 2035; baseline -0.004 -18"><span class='ocrx_word' id='word_1_384' title='bbox 2347 1967 2566 2035; x_wconf 79' lang='grc' dir='ltr'>χήματά</span> <span class='ocrx_word' id='word_1_385' title='bbox 2596 1983 2716 2018; x_wconf 90' lang='grc' dir='ltr'>τινα</span> <span class='ocrx_word' id='word_1_386' title='bbox 2739 1965 2837 2033; x_wconf 74' lang='grc' dir='ltr'>τῆς</span> <span class='ocrx_word' id='word_1_387' title='bbox 2862 1967 3050 2034; x_wconf 84' lang='grc' dir='ltr'>νοερᾶς</span> <span class='ocrx_word' id='word_1_388' title='bbox 3082 1964 3409 2034; x_wconf 79' lang='grc' dir='ltr'>εὐπρεπείας</span> <span class='ocrx_word' id='word_1_389' title='bbox 3434 1965 3564 2032; x_wconf 81' lang='grc' dir='ltr'>ἔχει,</span> <span class='ocrx_word' id='word_1_390' title='bbox 3595 1962 3671 2026; x_wconf 85' lang='grc' dir='ltr'>ὼς</span> <span class='ocrx_word' id='word_1_391' title='bbox 3697 1961 3810 2013; x_wconf 79' lang='grc' dir='ltr'>ἔστι</span> <span class='ocrx_word' id='word_1_392' title='bbox 3833 1959 3928 2012; x_wconf 84' lang='grc' dir='ltr'><strong>τοῦ</strong></span> 
     </span>
    </p>
   </div>
   <div class='ocr_carea' id='block_1_58' title="bbox 2348 2052 3929 2129">
    <p class='ocr_par' dir='ltr' id='par_1_58' title="bbox 2348 2052 3929 2129">
     <span class='ocr_line' id='line_1_58' title="bbox 2348 2052 3929 2129; baseline -0.004 -18"><span class='ocrx_word' id='word_1_393' title='bbox 2348 2059 2540 2127; x_wconf 80' lang='grc' dir='ltr'>φωτὸς,</span> <span class='ocrx_word' id='word_1_394' title='bbox 2559 2060 2618 2111; x_wconf 86' lang='grc' dir='ltr'>τὸ</span> <span class='ocrx_word' id='word_1_395' title='bbox 2638 2057 2887 2127; x_wconf 76' lang='grc' dir='ltr'>φωτίζειν</span> <span class='ocrx_word' id='word_1_396' title='bbox 2905 2099 2916 2120; x_wconf 89' lang='grc'><strong>,</strong></span> <span class='ocrx_word' id='word_1_397' title='bbox 2942 2058 3145 2111; x_wconf 75' lang='grc' dir='ltr'>καὶτοῦ</span> <span class='ocrx_word' id='word_1_398' title='bbox 3168 2059 3355 2129; x_wconf 82' lang='grc' dir='ltr'>πυρὸς,</span> <span class='ocrx_word' id='word_1_399' title='bbox 3373 2057 3432 2110; x_wconf 76' lang='grc' dir='ltr'>τὸ</span> <span class='ocrx_word' id='word_1_400' title='bbox 3447 2055 3810 2125; x_wconf 82' lang='grc' dir='ltr'>δαπανητικὸν</span> <span class='ocrx_word' id='word_1_401' title='bbox 3835 2052 3929 2106; x_wconf 54' lang='grc' dir='ltr'><strong>καὶ⁵</strong></span> 
     </span>
    </p>
   </div>
   <div class='ocr_carea' id='block_1_59' title="bbox 2345 2143 3930 2222">
    <p class='ocr_par' dir='ltr' id='par_1_59' title="bbox 2345 2143 3930 2222">
     <span class='ocr_line' id='line_1_59' title="bbox 2345 2143 3930 2222; baseline -0.003 -20"><span class='ocrx_word' id='word_1_402' title='bbox 2345 2151 2686 2222; x_wconf 81' lang='grc' dir='ltr'>δραστήριον,</span> <span class='ocrx_word' id='word_1_403' title='bbox 2715 2153 2761 2202; x_wconf 90' lang='grc' dir='ltr'>εἰ</span> <span class='ocrx_word' id='word_1_404' title='bbox 2809 2152 2965 2220; x_wconf 86' lang='grc' dir='ltr'>μόνον</span> <span class='ocrx_word' id='word_1_405' title='bbox 3014 2151 3279 2221; x_wconf 76' lang='grc' dir='ltr'>ἀνομοίως</span> <span class='ocrx_word' id='word_1_406' title='bbox 3323 2150 3417 2203; x_wconf 74' lang='grc' dir='ltr'>καὶ</span> <span class='ocrx_word' id='word_1_407' title='bbox 3449 2146 3816 2218; x_wconf 83' lang='grc' dir='ltr'>ὲτεροτρόπως</span> <span class='ocrx_word' id='word_1_408' title='bbox 3860 2143 3930 2198; x_wconf 71' lang='grc' dir='ltr'>τὰ</span> 
     </span>
    </p>
   </div>
   <div class='ocr_carea' id='block_1_60' title="bbox 2347 2236 3929 2313">
    <p class='ocr_par' dir='ltr' id='par_1_60' title="bbox 2347 2236 3929 2313">
     <span class='ocr_line' id='line_1_60' title="bbox 2347 2236 3929 2313; baseline -0.004 -19"><span class='ocrx_word' id='word_1_409' title='bbox 2347 2244 2506 2313; x_wconf 79' lang='grc' dir='ltr'>ὃμοια</span> <span class='ocrx_word' id='word_1_410' title='bbox 2534 2243 2715 2305; x_wconf 82' lang='grc' dir='ltr'>ποσῶς</span> <span class='ocrx_word' id='word_1_411' title='bbox 2746 2241 3199 2313; x_wconf 69' lang='grc' dir='ltr'>ἐκλαμϐάνονται·</span> <span class='ocrx_word' id='word_1_412' title='bbox 3229 2243 3376 2311; x_wconf 69' lang='grc' dir='ltr'>ἣλιος</span> <span class='ocrx_word' id='word_1_413' title='bbox 3398 2239 3504 2311; x_wconf 79' lang='grc' dir='ltr'><strong>γάρ</strong></span> <span class='ocrx_word' id='word_1_414' title='bbox 3531 2238 3819 2308; x_wconf 77' lang='grc' dir='ltr'>αἰσθητοὺς</span> <span class='ocrx_word' id='word_1_415' title='bbox 3840 2236 3929 2304; x_wconf 75' lang='grc' dir='ltr'><strong>ὀφ-</strong></span> 
     </span>
    </p>
   </div>
   <div class='ocr_carea' id='block_1_61' title="bbox 2348 2330 3929 2406">
    <p class='ocr_par' dir='ltr' id='par_1_61' title="bbox 2348 2330 3929 2406">
     <span class='ocr_line' id='line_1_61' title="bbox 2348 2330 3929 2406; baseline -0.003 -19"><span class='ocrx_word' id='word_1_416' title='bbox 2348 2335 2583 2405; x_wconf 69' lang='grc' dir='ltr'>θαλμοὺς</span> <span class='ocrx_word' id='word_1_417' title='bbox 2610 2334 2850 2402; x_wconf 77' lang='grc' dir='ltr'>φωτίζει,</span> <span class='ocrx_word' id='word_1_418' title='bbox 2872 2337 2964 2388; x_wconf 71' lang='grc' dir='ltr'>καὶ</span> <span class='ocrx_word' id='word_1_419' title='bbox 2985 2335 3092 2387; x_wconf 80' lang='grc' dir='ltr'><strong>τῶν</strong></span> <span class='ocrx_word' id='word_1_420' title='bbox 3113 2334 3414 2406; x_wconf 82' lang='grc' dir='ltr'>χρωμάτων</span> <span class='ocrx_word' id='word_1_421' title='bbox 3439 2330 3929 2402; x_wconf 80' lang='grc' dir='ltr'>ἀντιλαμϐάνεσθαι</span> 
     </span>
    </p>
   </div>
   <div class='ocr_carea' id='block_1_62' title="bbox 2347 2425 3932 2499">
    <p class='ocr_par' dir='ltr' id='par_1_62' title="bbox 2347 2425 3932 2499">
     <span class='ocr_line' id='line_1_62' title="bbox 2347 2425 3932 2499; baseline -0.005 -19"><span class='ocrx_word' id='word_1_422' title='bbox 2347 2427 2526 2480; x_wconf 86' lang='grc' dir='ltr'>δίδωσι</span> <span class='ocrx_word' id='word_1_423' title='bbox 2547 2445 2559 2456; x_wconf 73' lang='grc' dir='ltr'><strong>ο</strong></span> <span class='ocrx_word' id='word_1_424' title='bbox 2586 2428 2716 2490; x_wconf 78' lang='grc' dir='ltr'>Θεὸς</span> <span class='ocrx_word' id='word_1_425' title='bbox 2740 2428 2795 2480; x_wconf 76' lang='grc' dir='ltr'>δὲ</span> <span class='ocrx_word' id='word_1_426' title='bbox 2817 2429 2991 2499; x_wconf 68' lang='grc' dir='ltr'>ψυχὴν</span> <span class='ocrx_word' id='word_1_427' title='bbox 3018 2429 3110 2480; x_wconf 76' lang='grc' dir='ltr'>καὶ</span> <span class='ocrx_word' id='word_1_428' title='bbox 3136 2429 3247 2490; x_wconf 82' lang='grc' dir='ltr'>τοῖς</span> <span class='ocrx_word' id='word_1_429' title='bbox 3273 2429 3450 2478; x_wconf 78' lang='grc' dir='ltr'>ἐκεῖσε</span> <span class='ocrx_word' id='word_1_430' title='bbox 3475 2425 3657 2486; x_wconf 85' lang='grc' dir='ltr'>καλοῖς</span> <span class='ocrx_word' id='word_1_431' title='bbox 3674 2425 3932 2493; x_wconf 86' lang='grc' dir='ltr'>ὲπεντρα-</span> 
     </span>
    </p>
   </div>
   <div class='ocr_carea' id='block_1_63' title="bbox 2349 2516 3928 2590">
    <p class='ocr_par' dir='ltr' id='par_1_63' title="bbox 2349 2516 3928 2590">
     <span class='ocr_line' id='line_1_63' title="bbox 2349 2516 3928 2590; baseline 0.004 -21"><span class='ocrx_word' id='word_1_432' title='bbox 2349 2519 2510 2581; x_wconf 77' lang='grc' dir='ltr'>νίζειν</span> <span class='ocrx_word' id='word_1_433' title='bbox 2538 2521 2784 2590; x_wconf 77' lang='grc' dir='ltr'>παρέχει.</span> <span class='ocrx_word' id='word_1_434' title='bbox 2820 2522 2898 2572; x_wconf 85' lang='grc' dir='ltr'><strong>Τά</strong></span> <span class='ocrx_word' id='word_1_435' title='bbox 2924 2520 3060 2572; x_wconf 84' lang='grc' dir='ltr'><strong>αὐτά</strong></span> <span class='ocrx_word' id='word_1_436' title='bbox 3083 2520 3190 2590; x_wconf 85' lang='grc' dir='ltr'><strong>γάρ</strong></span> <span class='ocrx_word' id='word_1_437' title='bbox 3218 2520 3277 2572; x_wconf 87' lang='grc' dir='ltr'><strong>οὐ</strong></span> <span class='ocrx_word' id='word_1_438' title='bbox 3307 2518 3514 2580; x_wconf 81' lang='grc' dir='ltr'>ταύτῶς</span> <span class='ocrx_word' id='word_1_439' title='bbox 3540 2516 3928 2587; x_wconf 63' lang='grc' dir='ltr'>λαμϐάνονται.</span> 
     </span>
    </p>
   </div>
   <div class='ocr_carea' id='block_1_64' title="bbox 2349 2604 3930 2681">
    <p class='ocr_par' dir='ltr' id='par_1_64' title="bbox 2349 2604 3930 2681">
     <span class='ocr_line' id='line_1_64' title="bbox 2349 2604 3930 2681; baseline -0.004 -19"><span class='ocrx_word' id='word_1_440' title='bbox 2349 2610 2484 2680; x_wconf 87' lang='grc' dir='ltr'>πρὸς</span> <span class='ocrx_word' id='word_1_441' title='bbox 2499 2612 2597 2681; x_wconf 80' lang='grc' dir='ltr'>τὴν</span> <span class='ocrx_word' id='word_1_442' title='bbox 2621 2611 2853 2680; x_wconf 73' lang='grc' dir='ltr'>φυσικὴν</span> <span class='ocrx_word' id='word_1_443' title='bbox 2876 2612 2932 2663; x_wconf 81' lang='grc' dir='ltr'>δὲ</span> <span class='ocrx_word' id='word_1_444' title='bbox 2959 2612 3196 2679; x_wconf 69' lang='grc' dir='ltr'>ἰδιότητα</span> <span class='ocrx_word' id='word_1_445' title='bbox 3223 2609 3315 2662; x_wconf 86' lang='grc' dir='ltr'><strong>τοῦ</strong></span> <span class='ocrx_word' id='word_1_446' title='bbox 3342 2609 3700 2678; x_wconf 82' lang='grc' dir='ltr'>ὑποκειμένου</span> <span class='ocrx_word' id='word_1_447' title='bbox 3718 2604 3930 2673; x_wconf 66' lang='grc' dir='ltr'>καὶὸρί-</span> 
     </span>
    </p>
   </div>
   <div class='ocr_carea' id='block_1_65' title="bbox 2351 2700 3929 2773">
    <p class='ocr_par' dir='ltr' id='par_1_65' title="bbox 2351 2700 3929 2773">
     <span class='ocr_line' id='line_1_65' title="bbox 2351 2700 3929 2773; baseline -0.003 -20"><span class='ocrx_word' id='word_1_448' title='bbox 2351 2701 2529 2765; x_wconf 82' lang='grc' dir='ltr'>ζονται</span> <span class='ocrx_word' id='word_1_449' title='bbox 2567 2703 2660 2756; x_wconf 70' lang='grc' dir='ltr'>καὶ</span> <span class='ocrx_word' id='word_1_450' title='bbox 2691 2703 2949 2754; x_wconf 84' lang='grc' dir='ltr'>νοοῦνται.</span> <span class='ocrx_word' id='word_1_451' title='bbox 2983 2702 3079 2755; x_wconf 86' lang='grc' dir='ltr'>Διά</span> <span class='ocrx_word' id='word_1_452' title='bbox 3115 2701 3269 2755; x_wconf 89' lang='grc' dir='ltr'>τοῦτο</span> <span class='ocrx_word' id='word_1_453' title='bbox 3303 2701 3411 2773; x_wconf 79' lang='grc' dir='ltr'><strong>γὰρ</strong></span> <span class='ocrx_word' id='word_1_454' title='bbox 3458 2701 3549 2753; x_wconf 70' lang='grc' dir='ltr'>καὶ</span> <span class='ocrx_word' id='word_1_455' title='bbox 3592 2700 3929 2770; x_wconf 83' lang='grc' dir='ltr'>ἁπηχήματα</span> 
     </span>
    </p>
   </div>
   <div class='ocr_carea' id='block_1_66' title="bbox 2350 2789 3930 2862">
    <p class='ocr_par' dir='ltr' id='par_1_66' title="bbox 2350 2789 3930 2862">
     <span class='ocr_line' id='line_1_66' title="bbox 2350 2789 3930 2862; baseline -0.001 -18"><span class='ocrx_word' id='word_1_456' title='bbox 2350 2793 2590 2862; x_wconf 79' lang='grc' dir='ltr'>λέγονται</span> <span class='ocrx_word' id='word_1_457' title='bbox 2624 2795 2845 2847; x_wconf 77' lang='grc' dir='ltr'>ἐκείνων</span> <span class='ocrx_word' id='word_1_458' title='bbox 2873 2794 3068 2847; x_wconf 88' lang='grc' dir='ltr'>ταῦτα·</span> <span class='ocrx_word' id='word_1_459' title='bbox 3104 2793 3162 2860; x_wconf 75' lang='grc' dir='ltr'>ἐξ</span> <span class='ocrx_word' id='word_1_460' title='bbox 3202 2789 3262 2847; x_wconf 76' lang='grc' dir='ltr'><strong>οὐ</strong></span> <span class='ocrx_word' id='word_1_461' title='bbox 3296 2795 3389 2847; x_wconf 78' lang='grc' dir='ltr'><strong>καὶ</strong></span> <span class='ocrx_word' id='word_1_462' title='bbox 3413 2791 3679 2862; x_wconf 79' lang='grc' dir='ltr'>παροιμία</span> <span class='ocrx_word' id='word_1_463' title='bbox 3710 2791 3800 2843; x_wconf 80' lang='grc' dir='ltr'><strong>ἐπὶ</strong></span> <span class='ocrx_word' id='word_1_464' title='bbox 3821 2789 3930 2843; x_wconf 84' lang='grc' dir='ltr'>τῶν</span> 
     </span>
    </p>
   </div>
   <div class='ocr_carea' id='block_1_67' title="bbox 2349 2879 3931 2955">
    <p class='ocr_par' dir='ltr' id='par_1_67' title="bbox 2349 2879 3931 2955">
     <span class='ocr_line' id='line_1_67' title="bbox 2349 2879 3931 2955; baseline -0.006 -17"><span class='ocrx_word' id='word_1_465' title='bbox 2349 2885 2612 2954; x_wconf 74' lang='grc' dir='ltr'>ἀνομοίων</span> <span class='ocrx_word' id='word_1_466' title='bbox 2627 2885 2807 2948; x_wconf 82' lang='grc' dir='ltr'>ποσῶς</span> <span class='ocrx_word' id='word_1_467' title='bbox 2827 2885 3174 2955; x_wconf 86' lang='grc' dir='ltr'>μετεχόντων,</span> <span class='ocrx_word' id='word_1_468' title='bbox 3195 2883 3227 2953; x_wconf 87' lang='grc' dir='ltr'>ἦ</span> <span class='ocrx_word' id='word_1_469' title='bbox 3245 2884 3335 2936; x_wconf 75' lang='grc' dir='ltr'>καὶ</span> <span class='ocrx_word' id='word_1_470' title='bbox 3349 2881 3643 2934; x_wconf 78' lang='grc' dir='ltr'>δοκούντων</span> <span class='ocrx_word' id='word_1_471' title='bbox 3663 2879 3931 2950; x_wconf 80' lang='grc' dir='ltr'>μετέχειν,</span> 
     </span>
    </p>
   </div>
   <div class='ocr_carea' id='block_1_68' title="bbox 2352 2965 3933 3044">
    <p class='ocr_par' dir='ltr' id='par_1_68' title="bbox 2352 2965 3933 3044">
     <span class='ocr_line' id='line_1_68' title="bbox 2352 2965 3933 3044; baseline -0.006 -17"><span class='ocrx_word' id='word_1_472' title='bbox 2352 2975 2586 3043; x_wconf 85' lang='grc' dir='ltr'>λέγεται,</span> <span class='ocrx_word' id='word_1_473' title='bbox 2603 2976 2684 3027; x_wconf 83' lang='grc' dir='ltr'>ὅτι</span> <span class='ocrx_word' id='word_1_474' title='bbox 2714 2975 2881 3028; x_wconf 72' lang='grc' dir='ltr'>καὶτὸ</span> <span class='ocrx_word' id='word_1_475' title='bbox 2900 2974 2998 3042; x_wconf 79' lang='grc' dir='ltr'>τῆς</span> <span class='ocrx_word' id='word_1_476' title='bbox 3015 2973 3179 3043; x_wconf 74' lang='grc' dir='ltr'>ἠχοῦς</span> <span class='ocrx_word' id='word_1_477' title='bbox 3210 2972 3595 3044; x_wconf 79' lang='grc' dir='ltr'>ὐστερόφωνον.</span> <span class='ocrx_word' id='word_1_478' title='bbox 3618 2972 3682 3022; x_wconf 89' lang='grc' dir='ltr'><strong>Ὃ</strong></span> <span class='ocrx_word' id='word_1_479' title='bbox 3703 2968 3810 3039; x_wconf 74' lang='grc' dir='ltr'><strong>γάρ</strong></span> <span class='ocrx_word' id='word_1_480' title='bbox 3837 2965 3933 3019; x_wconf 64' lang='grc' dir='ltr'><strong>ἐπὶ</strong></span> 
     </span>
    </p>
   </div>
   <div class='ocr_carea' id='block_1_69' title="bbox 2351 3061 3932 3138">
    <p class='ocr_par' dir='ltr' id='par_1_69' title="bbox 2351 3061 3932 3138">
     <span class='ocr_line' id='line_1_69' title="bbox 2351 3061 3932 3138; baseline -0.006 -18"><span class='ocrx_word' id='word_1_481' title='bbox 2351 3067 2450 3135; x_wconf 83' lang='grc' dir='ltr'>τῆς</span> <span class='ocrx_word' id='word_1_482' title='bbox 2487 3068 2725 3138; x_wconf 85' lang='grc' dir='ltr'>ὁράσεως</span> <span class='ocrx_word' id='word_1_483' title='bbox 2754 3066 2934 3128; x_wconf 81' lang='grc' dir='ltr'>εἰκὼν,</span> <span class='ocrx_word' id='word_1_484' title='bbox 2967 3066 3217 3136; x_wconf 79' lang='grc' dir='ltr'>ὁμοίωμά</span> <span class='ocrx_word' id='word_1_485' title='bbox 3249 3081 3299 3116; x_wconf 90' lang='grc' dir='ltr'><strong>τι</strong></span> <span class='ocrx_word' id='word_1_486' title='bbox 3331 3064 3464 3134; x_wconf 86' lang='grc' dir='ltr'>πρὸς</span> <span class='ocrx_word' id='word_1_487' title='bbox 3492 3063 3551 3116; x_wconf 86' lang='grc' dir='ltr'>τὸ</span> <span class='ocrx_word' id='word_1_488' title='bbox 3581 3061 3932 3132; x_wconf 83' lang='grc' dir='ltr'>πρωτότυπον</span> 
     </span>
    </p>
   </div>
   <div class='ocr_carea' id='block_1_70' title="bbox 2357 3153 3932 3230">
    <p class='ocr_par' dir='ltr' id='par_1_70' title="bbox 2357 3153 3932 3230">
     <span class='ocr_line' id='line_1_70' title="bbox 2357 3153 3932 3230; baseline -0.005 -18"><span class='ocrx_word' id='word_1_489' title='bbox 2357 3159 2582 3230; x_wconf 81' lang='grc' dir='ltr'>ἔχουσα·</span> <span class='ocrx_word' id='word_1_490' title='bbox 2615 3159 2770 3210; x_wconf 89' lang='grc' dir='ltr'>τοῦτο</span> <span class='ocrx_word' id='word_1_491' title='bbox 2806 3159 2896 3210; x_wconf 67' lang='grc' dir='ltr'>επ).</span> <span class='ocrx_word' id='word_1_492' title='bbox 2936 3157 3035 3226; x_wconf 80' lang='grc' dir='ltr'>τῆς</span> <span class='ocrx_word' id='word_1_493' title='bbox 3076 3157 3244 3225; x_wconf 78' lang='grc' dir='ltr'>ἀκοῆς</span> <span class='ocrx_word' id='word_1_494' title='bbox 3273 3157 3560 3226; x_wconf 81' lang='grc' dir='ltr'>ἀπήχημα,</span> <span class='ocrx_word' id='word_1_495' title='bbox 3607 3153 3858 3224; x_wconf 87' lang='grc' dir='ltr'>ὁμοίωμά</span> <span class='ocrx_word' id='word_1_496' title='bbox 3882 3170 3932 3204; x_wconf 71' lang='grc' dir='ltr'><strong>τι</strong></span> 
     </span>
    </p>
   </div>
   <div class='ocr_carea' id='block_1_71' title="bbox 2355 3241 3932 3321">
    <p class='ocr_par' dir='ltr' id='par_1_71' title="bbox 2355 3241 3932 3321">
     <span class='ocr_line' id='line_1_71' title="bbox 2355 3241 3932 3321; baseline -0.004 -19"><span class='ocrx_word' id='word_1_497' title='bbox 2355 3251 2489 3321; x_wconf 84' lang='grc' dir='ltr'>πρὸς</span> <span class='ocrx_word' id='word_1_498' title='bbox 2511 3251 2609 3319; x_wconf 79' lang='grc' dir='ltr'>τὴν</span> <span class='ocrx_word' id='word_1_499' title='bbox 2635 3249 2814 3320; x_wconf 77' lang='grc' dir='ltr'>φωνὴν</span> <span class='ocrx_word' id='word_1_500' title='bbox 2846 3249 2994 3318; x_wconf 72' lang='grc' dir='ltr'>ἕχονο</span> <span class='ocrx_word' id='word_1_501' title='bbox 3025 3247 3084 3300; x_wconf 79' lang='grc' dir='ltr'>τὸ</span> <span class='ocrx_word' id='word_1_502' title='bbox 3111 3248 3218 3318; x_wconf 74' lang='grc' dir='ltr'><strong>γὰρ</strong></span> <span class='ocrx_word' id='word_1_503' title='bbox 3257 3246 3366 3300; x_wconf 82' lang='grc' dir='ltr'>ἀπὸ</span> <span class='ocrx_word' id='word_1_504' title='bbox 3397 3247 3490 3298; x_wconf 82' lang='grc' dir='ltr'><strong>τοῦ</strong></span> <span class='ocrx_word' id='word_1_505' title='bbox 3527 3246 3659 3315; x_wconf 68' lang='grc' dir='ltr'>ἤχου</span> <span class='ocrx_word' id='word_1_506' title='bbox 3705 3246 3783 3305; x_wconf 81' lang='grc' dir='ltr'>εἰς</span> <span class='ocrx_word' id='word_1_507' title='bbox 3811 3241 3932 3296; x_wconf 77' lang='grc' dir='ltr'>ἐλά-</span> 
     </span>
    </p>
   </div>
   <div class='ocr_carea' id='block_1_72' title="bbox 2351 3331 3933 3412">
    <p class='ocr_par' dir='ltr' id='par_1_72' title="bbox 2351 3331 3933 3412">
     <span class='ocr_line' id='line_1_72' title="bbox 2351 3331 3933 3412; baseline -0.006 -18"><span class='ocrx_word' id='word_1_508' title='bbox 2351 3359 2532 3412; x_wconf 84' lang='grc' dir='ltr'>χιστον</span> <span class='ocrx_word' id='word_1_509' title='bbox 2562 3341 2924 3409; x_wconf 75' lang='grc' dir='ltr'>καταντῆσαν,</span> <span class='ocrx_word' id='word_1_510' title='bbox 2975 3339 3131 3392; x_wconf 84' lang='grc' dir='ltr'>τοῦτό</span> <span class='ocrx_word' id='word_1_511' title='bbox 3173 3342 3338 3391; x_wconf 75' lang='grc' dir='ltr'>ἐστιν.</span> <span class='ocrx_word' id='word_1_512' title='bbox 3385 3337 3667 3408; x_wconf 83' lang='grc' dir='ltr'>Ἐννόησον</span> <span class='ocrx_word' id='word_1_513' title='bbox 3708 3331 3800 3388; x_wconf 76' lang='grc' dir='ltr'>οὖν</span> <span class='ocrx_word' id='word_1_514' title='bbox 3835 3333 3933 3406; x_wconf 76' lang='grc' dir='ltr'>τὴν</span> 
     </span>
    </p>
   </div>
   <div class='ocr_carea' id='block_1_73' title="bbox 2353 3427 3934 3506">
    <p class='ocr_par' dir='ltr' id='par_1_73' title="bbox 2353 3427 3934 3506">
     <span class='ocr_line' id='line_1_73' title="bbox 2353 3427 3934 3506; baseline -0.007 -17"><span class='ocrx_word' id='word_1_515' title='bbox 2353 3436 2543 3506; x_wconf 77' lang='grc' dir='ltr'>νοεράν</span> <span class='ocrx_word' id='word_1_516' title='bbox 2566 3435 2659 3488; x_wconf 87' lang='grc' dir='ltr'><strong>τοῦ</strong></span> <span class='ocrx_word' id='word_1_517' title='bbox 2696 3434 2829 3486; x_wconf 85' lang='grc' dir='ltr'>Θεοῦ</span> <span class='ocrx_word' id='word_1_518' title='bbox 2864 3433 3211 3504; x_wconf 78' lang='grc' dir='ltr'>εὐπρέπειαν,</span> <span class='ocrx_word' id='word_1_519' title='bbox 3257 3431 3387 3501; x_wconf 72' lang='grc' dir='ltr'>ἤχου</span> <span class='ocrx_word' id='word_1_520' title='bbox 3415 3428 3537 3481; x_wconf 79' lang='grc' dir='ltr'>τινὰ</span> <span class='ocrx_word' id='word_1_521' title='bbox 3577 3429 3729 3496; x_wconf 84' lang='grc' dir='ltr'>λόγον</span> <span class='ocrx_word' id='word_1_522' title='bbox 3779 3427 3934 3496; x_wconf 79' lang='grc' dir='ltr'>ἔχου-</span> 
     </span>
    </p>
   </div>
   <div class='ocr_carea' id='block_1_74' title="bbox 2357 3515 3933 3594">
    <p class='ocr_par' dir='ltr' id='par_1_74' title="bbox 2357 3515 3933 3594">
     <span class='ocr_line' id='line_1_74' title="bbox 2357 3515 3933 3594; baseline -0.006 -15"><span class='ocrx_word' id='word_1_523' title='bbox 2357 3545 2454 3580; x_wconf 91' lang='grc' dir='ltr'><strong>σαν</strong></span> <span class='ocrx_word' id='word_1_524' title='bbox 2479 3527 2711 3592; x_wconf 75' lang='grc' dir='ltr'>ἐξαισίου</span> <span class='ocrx_word' id='word_1_525' title='bbox 2740 3525 2911 3594; x_wconf 85' lang='grc' dir='ltr'>πάντη</span> <span class='ocrx_word' id='word_1_526' title='bbox 2939 3526 3029 3576; x_wconf 76' lang='grc' dir='ltr'>καὶ</span> <span class='ocrx_word' id='word_1_527' title='bbox 3059 3523 3400 3594; x_wconf 75' lang='grc' dir='ltr'>ἀπορρήτου·</span> <span class='ocrx_word' id='word_1_528' title='bbox 3429 3518 3488 3585; x_wconf 75' lang='grc' dir='ltr'>ἐξ</span> <span class='ocrx_word' id='word_1_529' title='bbox 3509 3515 3570 3575; x_wconf 78' lang='grc' dir='ltr'>οὗ</span> <span class='ocrx_word' id='word_1_530' title='bbox 3600 3535 3744 3580; x_wconf 88' lang='grc' dir='ltr'>τινος</span> <span class='ocrx_word' id='word_1_531' title='bbox 3773 3519 3933 3588; x_wconf 78' lang='grc' dir='ltr'>ήχου,</span> 
     </span>
    </p>
   </div>
   <div class='ocr_carea' id='block_1_75' title="bbox 2358 3608 3938 3686">
    <p class='ocr_par' dir='ltr' id='par_1_75' title="bbox 2358 3608 3938 3686">
     <span class='ocr_line' id='line_1_75' title="bbox 2358 3608 3938 3686; baseline -0.006 -16"><span class='ocrx_word' id='word_1_532' title='bbox 2358 3619 2450 3671; x_wconf 74' lang='grc' dir='ltr'>καὶ</span> <span class='ocrx_word' id='word_1_533' title='bbox 2499 3617 2556 3682; x_wconf 73' lang='grc' dir='ltr'>ἐξ</span> <span class='ocrx_word' id='word_1_534' title='bbox 2586 3611 2654 3686; x_wconf 76' lang='grc' dir='ltr'>ἧς</span> <span class='ocrx_word' id='word_1_535' title='bbox 2699 3615 3049 3685; x_wconf 87' lang='grc' dir='ltr'>εὐπρεπείας,</span> <span class='ocrx_word' id='word_1_536' title='bbox 3089 3612 3430 3683; x_wconf 81' lang='grc' dir='ltr'>ἀπηχήματά</span> <span class='ocrx_word' id='word_1_537' title='bbox 3468 3628 3611 3673; x_wconf 85' lang='grc' dir='ltr'>τινα,</span> <span class='ocrx_word' id='word_1_538' title='bbox 3647 3611 3740 3663; x_wconf 72' lang='grc' dir='ltr'><strong>καὶ</strong></span> <span class='ocrx_word' id='word_1_539' title='bbox 3774 3608 3938 3662; x_wconf 77' lang='grc' dir='ltr'>οἱονεὶ</span> 
     </span>
    </p>
   </div>
   <div class='ocr_carea' id='block_1_76' title="bbox 2359 3702 3937 3780">
    <p class='ocr_par' dir='ltr' id='par_1_76' title="bbox 2359 3702 3937 3780">
     <span class='ocr_line' id='line_1_76' title="bbox 2359 3702 3937 3780; baseline -0.005 -17"><span class='ocrx_word' id='word_1_540' title='bbox 2359 3708 2678 3779; x_wconf 82' lang='grc' dir='ltr'>ὁμοιώματα</span> <span class='ocrx_word' id='word_1_541' title='bbox 2705 3707 2797 3758; x_wconf 83' lang='grc' dir='ltr'><strong>τοῦ</strong></span> <span class='ocrx_word' id='word_1_542' title='bbox 2829 3708 2982 3780; x_wconf 67' lang='grc' dir='ltr'>ἤχου,</span> <span class='ocrx_word' id='word_1_543' title='bbox 3008 3706 3042 3776; x_wconf 78' lang='grc' dir='ltr'>ἦ</span> <span class='ocrx_word' id='word_1_544' title='bbox 3072 3707 3162 3761; x_wconf 77' lang='grc' dir='ltr'>καὶ</span> <span class='ocrx_word' id='word_1_545' title='bbox 3191 3703 3455 3776; x_wconf 79' lang='grc' dir='ltr'>ἀνομοίως</span> <span class='ocrx_word' id='word_1_546' title='bbox 3482 3702 3937 3771; x_wconf 67' lang='grc' dir='ltr'>ἐπιλαμϐάνονται,</span> 
     </span>
    </p>
   </div>
   <div class='ocr_carea' id='block_1_77' title="bbox 2364 3798 3197 3875">
    <p class='ocr_par' dir='ltr' id='par_1_77' title="bbox 2364 3798 3197 3875">
     <span class='ocr_line' id='line_1_77' title="bbox 2364 3798 3197 3875; baseline -0.006 -19"><span class='ocrx_word' id='word_1_547' title='bbox 2364 3803 2502 3875; x_wconf 84' lang='grc' dir='ltr'>πρὸς</span> <span class='ocrx_word' id='word_1_548' title='bbox 2529 3801 2597 3855; x_wconf 86' lang='grc' dir='ltr'><strong>τά</strong></span> <span class='ocrx_word' id='word_1_549' title='bbox 2623 3800 2893 3871; x_wconf 87' lang='grc' dir='ltr'>κτίσματα</span> <span class='ocrx_word' id='word_1_550' title='bbox 2919 3798 3197 3870; x_wconf 81' lang='grc' dir='ltr'>φθάνουσι.</span> 
     </span>
    </p>
   </div>
   <div class='ocr_carea' id='block_1_78' title="bbox 689 3887 3936 3968">
    <p class='ocr_par' dir='ltr' id='par_1_78' title="bbox 689 3887 3936 3968">
     <span class='ocr_line' id='line_1_78' title="bbox 689 3887 3936 3968; baseline -0 -25"><span class='ocrx_word' id='word_1_551' title='bbox 689 3889 970 3947; x_wconf 86' lang='lat' dir='ltr'><strong>litudinem</strong></span> <span class='ocrx_word' id='word_1_552' title='bbox 1034 3899 1326 3965; x_wconf 88' lang='lat' dir='ltr'><strong>quamdam</strong></span> <span class='ocrx_word' id='word_1_553' title='bbox 1377 3899 1538 3967; x_wconf 89' lang='lat' dir='ltr'><strong>primi</strong></span> <span class='ocrx_word' id='word_1_554' title='bbox 1591 3899 1920 3968; x_wconf 70' lang='lat' dir='ltr'><strong>exemplaris</strong></span> <span class='ocrx_word' id='word_1_555' title='bbox 1967 3899 2246 3960; x_wconf 76' lang='lat' dir='ltr'><strong>referens;</strong></span> <span class='ocrx_word' id='word_1_556' title='bbox 2280 3897 2383 3952; x_wconf 83' lang='lat' dir='ltr'><strong>hoc</strong></span> <span class='ocrx_word' id='word_1_557' title='bbox 2427 3903 2513 3949; x_wconf 84' lang='lat' dir='ltr'><strong>est</strong></span> <span class='ocrx_word' id='word_1_558' title='bbox 2553 3895 2604 3949; x_wconf 89' lang='lat' dir='ltr'><strong>iu</strong></span> <span class='ocrx_word' id='word_1_559' title='bbox 2634 3894 2820 3946; x_wconf 85' lang='lat' dir='ltr'><strong>auditu</strong></span> <span class='ocrx_word' id='word_1_560' title='bbox 2855 3892 3168 3946; x_wconf 84' lang='lat' dir='ltr'><strong>resonantia</strong></span> <span class='ocrx_word' id='word_1_561' title='bbox 3196 3888 3610 3945; x_wconf 80' lang='lat' dir='ltr'><strong>similitudinem</strong></span> <span class='ocrx_word' id='word_1_562' title='bbox 3641 3887 3936 3959; x_wconf 85' lang='lat' dir='ltr'><strong>quamdam</strong></span> 
     </span>
    </p>
   </div>
   <div class='ocr_carea' id='block_1_79' title="bbox 692 3983 3933 4065">
    <p class='ocr_par' dir='ltr' id='par_1_79' title="bbox 692 3983 3933 4065">
     <span class='ocr_line' id='line_1_79' title="bbox 692 3983 3933 4065; baseline -0.002 -20"><span class='ocrx_word' id='word_1_563' title='bbox 692 3995 838 4045; x_wconf 83' lang='lat' dir='ltr'><strong>vocis</strong></span> <span class='ocrx_word' id='word_1_564' title='bbox 867 3992 1104 4059; x_wconf 83' lang='lat' dir='ltr'><strong>habens;</strong></span> <span class='ocrx_word' id='word_1_565' title='bbox 1142 3997 1283 4064; x_wconf 86' lang='lat' dir='ltr'><strong>quod</strong></span> <span class='ocrx_word' id='word_1_566' title='bbox 1307 3998 1570 4050; x_wconf 83' lang='lat' dir='ltr'><strong>‘nimirum</strong></span> <span class='ocrx_word' id='word_1_567' title='bbox 1606 3997 1734 4049; x_wconf 90' lang='lat' dir='ltr'><strong>illud</strong></span> <span class='ocrx_word' id='word_1_568' title='bbox 1769 4006 1876 4062; x_wconf 90' lang='lat' dir='ltr'><strong>est,</strong></span> <span class='ocrx_word' id='word_1_569' title='bbox 1930 3997 2074 4065; x_wconf 89' lang='lat' dir='ltr'><strong>quod</strong></span> <span class='ocrx_word' id='word_1_570' title='bbox 2133 4012 2161 4049; x_wconf 86' lang='lat' dir='ltr'><strong>a</strong></span> <span class='ocrx_word' id='word_1_571' title='bbox 2217 4010 2352 4049; x_wconf 88' lang='lat' dir='ltr'><strong>sono</strong></span> <span class='ocrx_word' id='word_1_572' title='bbox 2380 3993 2628 4046; x_wconf 89' lang='lat' dir='ltr'><strong>ultimum</strong></span> <span class='ocrx_word' id='word_1_573' title='bbox 2685 3987 3004 4043; x_wconf 84' lang='lat' dir='ltr'><strong>reﬂectitur.</strong></span> <span class='ocrx_word' id='word_1_574' title='bbox 3049 3985 3349 4041; x_wconf 81' lang='lat' dir='ltr'><strong>Considera</strong></span> <span class='ocrx_word' id='word_1_575' title='bbox 3403 3987 3570 4054; x_wconf 72' lang='lat' dir='ltr'><strong>igitur</strong></span> <span class='ocrx_word' id='word_1_576' title='bbox 3628 3983 3933 4054; x_wconf 82' lang='lat' dir='ltr'><strong>spiritalem</strong></span> 
     </span>
    </p>
   </div>
   <div class='ocr_carea' id='block_1_80' title="bbox 693 4080 3941 4161">
    <p class='ocr_par' dir='ltr' id='par_1_80' title="bbox 693 4080 3941 4161">
     <span class='ocr_line' id='line_1_80' title="bbox 693 4080 3941 4161; baseline 0 -28"><span class='ocrx_word' id='word_1_577' title='bbox 693 4080 786 4137; x_wconf 87' lang='lat' dir='ltr'><strong>Dei</strong></span> <span class='ocrx_word' id='word_1_578' title='bbox 850 4085 1304 4150; x_wconf 83' lang='lat' dir='ltr'><strong>pulchritudinem</strong></span> <span class='ocrx_word' id='word_1_579' title='bbox 1359 4105 1422 4145; x_wconf 87' lang='lat' dir='ltr'><strong>ac</strong></span> <span class='ocrx_word' id='word_1_580' title='bbox 1456 4092 1709 4146; x_wconf 72' lang='lat' dir='ltr'><strong>decorent</strong></span> <span class='ocrx_word' id='word_1_581' title='bbox 1750 4091 1951 4146; x_wconf 72' lang='lat' dir='ltr'><strong>referre</strong></span> <span class='ocrx_word' id='word_1_582' title='bbox 2000 4091 2398 4161; x_wconf 88' lang='lat' dir='ltr'><strong>quodammodo</strong></span> <span class='ocrx_word' id='word_1_583' title='bbox 2449 4088 2712 4143; x_wconf 87' lang='lat' dir='ltr'><strong>rationem</strong></span> <span class='ocrx_word' id='word_1_584' title='bbox 2763 4083 3050 4152; x_wconf 84' lang='lat' dir='ltr'><strong>quamdam</strong></span> <span class='ocrx_word' id='word_1_585' title='bbox 3091 4082 3261 4137; x_wconf 82' lang='lat' dir='ltr'><strong>eclms</strong></span> <span class='ocrx_word' id='word_1_586' title='bbox 3295 4097 3519 4151; x_wconf 87' lang='lat' dir='ltr'><strong>prorsus</strong></span> <span class='ocrx_word' id='word_1_587' title='bbox 3557 4080 3852 4152; x_wconf 73' lang='lat' dir='ltr'><strong>singularis</strong></span> <span class='ocrx_word' id='word_1_588' title='bbox 3880 4093 3941 4140; x_wconf 80' lang='lat' dir='ltr'><strong>et</strong></span> 
     </span>
    </p>
   </div>
   <div class='ocr_carea' id='block_1_81' title="bbox 690 4174 3933 4256">
    <p class='ocr_par' dir='ltr' id='par_1_81' title="bbox 690 4174 3933 4256">
     <span class='ocr_line' id='line_1_81' title="bbox 690 4174 3933 4256; baseline -0.002 -21"><span class='ocrx_word' id='word_1_589' title='bbox 690 4181 917 4242; x_wconf 88' lang='lat' dir='ltr'><strong>occulti;</strong></span> <span class='ocrx_word' id='word_1_590' title='bbox 952 4195 980 4231; x_wconf 86' lang='lat' dir='ltr'><strong>a</strong></span> <span class='ocrx_word' id='word_1_591' title='bbox 1012 4182 1166 4249; x_wconf 79' lang='lat' dir='ltr'><strong>cujus</strong></span> <span class='ocrx_word' id='word_1_592' title='bbox 1195 4197 1354 4246; x_wconf 82' lang='lat' dir='ltr'><strong>sono,</strong></span> <span class='ocrx_word' id='word_1_593' title='bbox 1385 4195 1438 4239; x_wconf 86' lang='lat' dir='ltr'><strong>et</strong></span> <span class='ocrx_word' id='word_1_594' title='bbox 1474 4201 1501 4237; x_wconf 92' lang='lat' dir='ltr'><strong>a</strong></span> <span class='ocrx_word' id='word_1_595' title='bbox 1532 4189 1686 4256; x_wconf 85' lang='lat' dir='ltr'><strong>cujus</strong></span> <span class='ocrx_word' id='word_1_596' title='bbox 1718 4187 2122 4256; x_wconf 88' lang='lat' dir='ltr'><strong>pulchritudine</strong></span> <span class='ocrx_word' id='word_1_597' title='bbox 2155 4182 2480 4238; x_wconf 76' lang='lat' dir='ltr'><strong>resonantize</strong></span> <span class='ocrx_word' id='word_1_598' title='bbox 2526 4181 2797 4250; x_wconf 63' lang='lat' dir='ltr'><strong>quasdam,</strong></span> <span class='ocrx_word' id='word_1_599' title='bbox 2843 4189 2899 4234; x_wconf 90' lang='lat' dir='ltr'><strong>et</strong></span> <span class='ocrx_word' id='word_1_600' title='bbox 2938 4177 3094 4246; x_wconf 76' lang='lat' dir='ltr'><strong>Quasi</strong></span> <span class='ocrx_word' id='word_1_601' title='bbox 3140 4177 3528 4232; x_wconf 88' lang='lat' dir='ltr'><strong>similitudines</strong></span> <span class='ocrx_word' id='word_1_602' title='bbox 3564 4177 3735 4245; x_wconf 86' lang='lat' dir='ltr'><strong>ipsius</strong></span> <span class='ocrx_word' id='word_1_603' title='bbox 3780 4174 3933 4238; x_wconf 87' lang='lat' dir='ltr'><strong>soni,</strong></span> 
     </span>
    </p>
   </div>
   <div class='ocr_carea' id='block_1_82' title="bbox 693 4276 2523 4351">
    <p class='ocr_par' dir='ltr' id='par_1_82' title="bbox 693 4276 2523 4351">
     <span class='ocr_line' id='line_1_82' title="bbox 693 4276 2523 4351; baseline -0.001 -23"><span class='ocrx_word' id='word_1_604' title='bbox 693 4276 820 4329; x_wconf 93' lang='lat' dir='ltr'><strong>licet</strong></span> <span class='ocrx_word' id='word_1_605' title='bbox 851 4276 1190 4328; x_wconf 75' lang='lat' dir='ltr'><strong>dissimiliter</strong></span> <span class='ocrx_word' id='word_1_606' title='bbox 1221 4280 1578 4348; x_wconf 82' lang='lat' dir='ltr'><strong>accipiantur,</strong></span> <span class='ocrx_word' id='word_1_607' title='bbox 1608 4284 1673 4334; x_wconf 80' lang='lat' dir='ltr'><strong>ad</strong></span> <span class='ocrx_word' id='word_1_608' title='bbox 1709 4284 1848 4351; x_wconf 88' lang='lat' dir='ltr'><strong>ipsas</strong></span> <span class='ocrx_word' id='word_1_609' title='bbox 1879 4292 2157 4336; x_wconf 89' lang='lat' dir='ltr'><strong>creaturas</strong></span> <span class='ocrx_word' id='word_1_610' title='bbox 2188 4280 2523 4334; x_wconf 77' lang='lat' dir='ltr'><strong>deferuntur.</strong></span> 
     </span>
    </p>
   </div>
   <div class='ocr_carea' id='block_1_83' title="bbox 763 4371 2258 4450">
    <p class='ocr_par' dir='ltr' id='par_1_83' title="bbox 763 4371 2258 4450">
     <span class='ocr_line' id='line_1_83' title="bbox 763 4371 2258 4450; baseline 0.006 -27"><span class='ocrx_word' id='word_1_611' title='bbox 763 4373 870 4441; x_wconf 71' lang='lat'><strong>26</strong></span> <span class='ocrx_word' id='word_1_612' title='bbox 899 4371 924 4442; x_wconf 85' lang='lat'>§</span> <span class='ocrx_word' id='word_1_613' title='bbox 955 4371 1015 4424; x_wconf 85' lang='lat' dir='ltr'><strong>V.</strong></span> <span class='ocrx_word' id='word_1_614' title='bbox 1051 4373 1200 4427; x_wconf 89' lang='lat' dir='ltr'><strong>llanc</strong></span> <span class='ocrx_word' id='word_1_615' title='bbox 1225 4377 1294 4428; x_wconf 90' lang='lat' dir='ltr'><strong>ob</strong></span> <span class='ocrx_word' id='word_1_616' title='bbox 1325 4393 1542 4430; x_wconf 81' lang='lat' dir='ltr'><strong>causam</strong></span> <span class='ocrx_word' id='word_1_617' title='bbox 1580 4382 1788 4434; x_wconf 88' lang='lat' dir='ltr'><strong>divinos</strong></span> <span class='ocrx_word' id='word_1_618' title='bbox 1820 4381 1937 4435; x_wconf 91' lang='lat' dir='ltr'><strong>illos</strong></span> <span class='ocrx_word' id='word_1_619' title='bbox 1965 4383 2258 4450; x_wconf 85' lang='lat' dir='ltr'><strong>prepbetas</strong></span> 
     </span>
    </p>
   </div>
   <div class='ocr_carea' id='block_1_84' title="bbox 2437 4364 3941 4445">
    <p class='ocr_par' dir='ltr' id='par_1_84' title="bbox 2437 4364 3941 4445">
     <span class='ocr_line' id='line_1_84' title="bbox 2437 4364 3941 4445; baseline -0.005 -20"><span class='ocrx_word' id='word_1_620' title='bbox 2437 4373 2464 4445; x_wconf 62' lang='grc' dir='ltr'><strong>ς</strong></span> <span class='ocrx_word' id='word_1_621' title='bbox 2502 4373 2562 4428; x_wconf 72' lang='grc' dir='ltr'><strong>γ.</strong></span> <span class='ocrx_word' id='word_1_622' title='bbox 2589 4373 2686 4426; x_wconf 86' lang='grc' dir='ltr'>Διά</span> <span class='ocrx_word' id='word_1_623' title='bbox 2713 4374 2870 4426; x_wconf 87' lang='grc' dir='ltr'>τοῦτο</span> <span class='ocrx_word' id='word_1_624' title='bbox 2890 4371 3016 4432; x_wconf 75' lang='grc' dir='ltr'>τοὺς</span> <span class='ocrx_word' id='word_1_625' title='bbox 3046 4368 3222 4432; x_wconf 78' lang='grc' dir='ltr'>θείους</span> <span class='ocrx_word' id='word_1_626' title='bbox 3245 4367 3527 4440; x_wconf 79' lang='grc' dir='ltr'>προφήτας</span> <span class='ocrx_word' id='word_1_627' title='bbox 3550 4367 3852 4437; x_wconf 77' lang='grc' dir='ltr'>εὑρήσομεν</span> <span class='ocrx_word' id='word_1_628' title='bbox 3875 4364 3941 4418; x_wconf 87' lang='grc' dir='ltr'><strong>οὐ</strong></span> 
     </span>
    </p>
   </div>
   <div class='ocr_carea' id='block_1_85' title="bbox 697 4456 2250 4544">
    <p class='ocr_par' dir='ltr' id='par_1_85' title="bbox 697 4467 2250 4539">
     <span class='ocr_line' id='line_1_85' title="bbox 697 4467 2250 4539; baseline 0.006 -25"><span class='ocrx_word' id='word_1_629' title='bbox 697 4467 1024 4529; x_wconf 88' lang='lat' dir='ltr'><strong>reperiums,</strong></span> <span class='ocrx_word' id='word_1_630' title='bbox 1073 4480 1176 4519; x_wconf 90' lang='lat' dir='ltr'><strong>non</strong></span> <span class='ocrx_word' id='word_1_631' title='bbox 1225 4468 1476 4522; x_wconf 68' lang='lat' dir='ltr'><strong>coeli-stes</strong></span> <span class='ocrx_word' id='word_1_632' title='bbox 1528 4479 1731 4524; x_wconf 89' lang='lat' dir='ltr'><strong>tantum</strong></span> <span class='ocrx_word' id='word_1_633' title='bbox 1783 4472 2010 4526; x_wconf 89' lang='lat' dir='ltr'><strong>virtutes</strong></span> <span class='ocrx_word' id='word_1_634' title='bbox 2049 4486 2142 4539; x_wconf 89' lang='lat' dir='ltr'><strong>per</strong></span> <span class='ocrx_word' id='word_1_635' title='bbox 2177 4472 2250 4525; x_wconf 89' lang='lat' dir='ltr'><strong>si-</strong></span> 
     </span>
    </p>
   </div>
   <div class='ocr_carea' id='block_1_86' title="bbox 2354 4456 3946 4544">
    <p class='ocr_par' dir='ltr' id='par_1_86' title="bbox 2369 4456 3946 4538">
     <span class='ocr_line' id='line_1_86' title="bbox 2369 4456 3946 4538; baseline -0.007 -20"><span class='ocrx_word' id='word_1_636' title='bbox 2369 4467 2529 4538; x_wconf 82' lang='grc' dir='ltr'>μόνον</span> <span class='ocrx_word' id='word_1_637' title='bbox 2557 4464 2655 4527; x_wconf 86' lang='grc' dir='ltr'><strong>τὰς</strong></span> <span class='ocrx_word' id='word_1_638' title='bbox 2682 4464 2936 4536; x_wconf 78' lang='grc' dir='ltr'>οὐρανίας</span> <span class='ocrx_word' id='word_1_639' title='bbox 2974 4462 3252 4530; x_wconf 86' lang='grc' dir='ltr'>δυνάμεις,</span> <span class='ocrx_word' id='word_1_640' title='bbox 3282 4457 3424 4511; x_wconf 80' lang='grc' dir='ltr'>οὓτω</span> <span class='ocrx_word' id='word_1_641' title='bbox 3460 4459 3554 4510; x_wconf 75' lang='grc' dir='ltr'>καὶ</span> <span class='ocrx_word' id='word_1_642' title='bbox 3579 4457 3664 4509; x_wconf 81' lang='grc' dir='ltr'><strong>διά</strong></span> <span class='ocrx_word' id='word_1_643' title='bbox 3688 4456 3946 4509; x_wconf 82' lang='grc' dir='ltr'>τοιούτων</span> 
     </span>
    </p>
   </div>
   <div class='ocr_carea' id='block_1_87' title="bbox 697 4554 2259 4630">
    <p class='ocr_par' dir='ltr' id='par_1_87' title="bbox 697 4554 2259 4630">
     <span class='ocr_line' id='line_1_87' title="bbox 697 4554 2259 4630; baseline 0.005 -25"><span class='ocrx_word' id='word_1_644' title='bbox 697 4554 850 4607; x_wconf 85' lang='lat' dir='ltr'><strong>miles</strong></span> <span class='ocrx_word' id='word_1_645' title='bbox 881 4557 1124 4608; x_wconf 73' lang='lat' dir='ltr'><strong>ﬁctiones</strong></span> <span class='ocrx_word' id='word_1_646' title='bbox 1146 4558 1442 4624; x_wconf 79' lang='lat' dir='ltr'><strong>declarare,</strong></span> <span class='ocrx_word' id='word_1_647' title='bbox 1468 4564 1558 4614; x_wconf 90' lang='lat' dir='ltr'><strong>sed</strong></span> <span class='ocrx_word' id='word_1_648' title='bbox 1593 4561 1878 4630; x_wconf 85' lang='lat' dir='ltr'><strong>ipsanimet</strong></span> <span class='ocrx_word' id='word_1_649' title='bbox 1901 4563 2062 4616; x_wconf 92' lang='lat' dir='ltr'><strong>etiam</strong></span> <span class='ocrx_word' id='word_1_650' title='bbox 2089 4578 2259 4630; x_wconf 86' lang='lat' dir='ltr'><strong>quan-</strong></span> 
     </span>
    </p>
   </div>
   <div class='ocr_carea' id='block_1_88' title="bbox 695 4648 2259 4725">
    <p class='ocr_par' dir='ltr' id='par_1_88' title="bbox 695 4648 2259 4725">
     <span class='ocr_line' id='line_1_88' title="bbox 695 4648 2259 4725; baseline 0.009 -30"><span class='ocrx_word' id='word_1_651' title='bbox 695 4648 870 4713; x_wconf 88' lang='lat' dir='ltr'><strong>doque</strong></span> <span class='ocrx_word' id='word_1_652' title='bbox 928 4649 1166 4699; x_wconf 86' lang='lat' dir='ltr'><strong>divinam</strong></span> <span class='ocrx_word' id='word_1_653' title='bbox 1221 4652 1529 4705; x_wconf 78' lang='lat' dir='ltr'><strong>essentiam.</strong></span> <span class='ocrx_word' id='word_1_654' title='bbox 1581 4653 1653 4705; x_wconf 25' lang='lat' dir='ltr'><strong>Et.</strong></span> <span class='ocrx_word' id='word_1_655' title='bbox 1697 4654 1989 4721; x_wconf 90' lang='lat' dir='ltr'><strong>aliquando</strong></span> <span class='ocrx_word' id='word_1_656' title='bbox 2037 4656 2259 4725; x_wconf 91' lang='lat' dir='ltr'><strong>quidem</strong></span> 
     </span>
    </p>
   </div>
   <div class='ocr_carea' id='block_1_89' title="bbox 697 4736 2258 4813">
    <p class='ocr_par' dir='ltr' id='par_1_89' title="bbox 697 4736 2258 4813">
     <span class='ocr_line' id='line_1_89' title="bbox 697 4736 2258 4813; baseline 0.01 -27"><span class='ocrx_word' id='word_1_657' title='bbox 697 4736 865 4800; x_wconf 82' lang='lat' dir='ltr'><strong>ipsum</strong></span> <span class='ocrx_word' id='word_1_658' title='bbox 898 4754 922 4787; x_wconf 85' lang='lat' dir='ltr'><strong>a</strong></span> <span class='ocrx_word' id='word_1_659' title='bbox 953 4739 1112 4790; x_wconf 84' lang='lat' dir='ltr'><strong>rebus</strong></span> <span class='ocrx_word' id='word_1_660' title='bbox 1142 4753 1260 4806; x_wconf 74' lang='lat' dir='ltr'><strong>qua:</strong></span> <span class='ocrx_word' id='word_1_661' title='bbox 1290 4751 1570 4807; x_wconf 84' lang='lat' dir='ltr'><strong>apparent,</strong></span> <span class='ocrx_word' id='word_1_662' title='bbox 1620 4759 1827 4812; x_wconf 58' lang='lat' dir='ltr'><strong>magna</strong></span> <span class='ocrx_word' id='word_1_663' title='bbox 1856 4746 2258 4813; x_wconf 70' lang='lat' dir='ltr'><strong>mstimationis,</strong></span> 
     </span>
    </p>
   </div>
   <div class='ocr_carea' id='block_1_90' title="bbox 696 4827 2258 4907">
    <p class='ocr_par' dir='ltr' id='par_1_90' title="bbox 696 4827 2258 4907">
     <span class='ocr_line' id='line_1_90' title="bbox 696 4827 2258 4907; baseline 0.012 -30"><span class='ocrx_word' id='word_1_664' title='bbox 696 4827 932 4890; x_wconf 87' lang='lat' dir='ltr'><strong>laudant,</strong></span> <span class='ocrx_word' id='word_1_665' title='bbox 981 4839 1232 4897; x_wconf 86' lang='lat' dir='ltr'><strong>tanquam</strong></span> <span class='ocrx_word' id='word_1_666' title='bbox 1265 4832 1467 4888; x_wconf 91' lang='lat' dir='ltr'><strong>solem:</strong></span> <span class='ocrx_word' id='word_1_667' title='bbox 1505 4849 1674 4902; x_wconf 88' lang='lat' dir='ltr'><strong>neque</strong></span> <span class='ocrx_word' id='word_1_668' title='bbox 1705 4838 1755 4889; x_wconf 92' lang='lat' dir='ltr'><strong>id</strong></span> <span class='ocrx_word' id='word_1_669' title='bbox 1787 4839 2131 4907; x_wconf 83' lang='lat' dir='ltr'><strong>simpliciter,</strong></span> <span class='ocrx_word' id='word_1_670' title='bbox 2166 4845 2258 4896; x_wconf 91' lang='lat' dir='ltr'><strong>sed</strong></span> 
     </span>
    </p>
   </div>
   <div class='ocr_carea' id='block_1_91' title="bbox 697 4919 2259 4996">
    <p class='ocr_par' dir='ltr' id='par_1_91' title="bbox 697 4919 2259 4996">
     <span class='ocr_line' id='line_1_91' title="bbox 697 4919 2259 4996; baseline 0.01 -30"><span class='ocrx_word' id='word_1_671' title='bbox 697 4925 948 4984; x_wconf 80' lang='lat' dir='ltr'><strong>tanquam</strong></span> <span class='ocrx_word' id='word_1_672' title='bbox 1002 4919 1177 4972; x_wconf 79' lang='lat' dir='ltr'><strong>Solem</strong></span> <span class='ocrx_word' id='word_1_673' title='bbox 1226 4921 1480 4989; x_wconf 74' lang='lat' dir='ltr'><strong>justitue,</strong></span> <span class='ocrx_word' id='word_1_674' title='bbox 1521 4927 1670 4990; x_wconf 79' lang='lat' dir='ltr'><strong>juxta</strong></span> <span class='ocrx_word' id='word_1_675' title='bbox 1720 4927 2033 4996; x_wconf 82' lang='lat' dir='ltr'><strong>prepbetam</strong></span> <span class='ocrx_word' id='word_1_676' title='bbox 2091 4929 2259 4982; x_wconf 84' lang='lat' dir='ltr'><strong>Mala-</strong></span> 
     </span>
    </p>
   </div>
   <div class='ocr_carea' id='block_1_92' title="bbox 695 5011 2258 5086">
    <p class='ocr_par' dir='ltr' id='par_1_92' title="bbox 695 5011 2258 5086">
     <span class='ocr_line' id='line_1_92' title="bbox 695 5011 2258 5086; baseline 0.01 -25"><span class='ocrx_word' id='word_1_677' title='bbox 695 5011 870 5061; x_wconf 86' lang='lat' dir='ltr'><strong>cbiam</strong></span> <span class='ocrx_word' id='word_1_678' title='bbox 909 5013 998 5062; x_wconf 66' lang='lat' dir='ltr'><strong>s‘:</strong></span> <span class='ocrx_word' id='word_1_679' title='bbox 1052 5021 1305 5081; x_wconf 85' lang='lat' dir='ltr'><strong>tanquam</strong></span> <span class='ocrx_word' id='word_1_680' title='bbox 1366 5016 1577 5068; x_wconf 88' lang='lat' dir='ltr'><strong>stellam</strong></span> <span class='ocrx_word' id='word_1_681' title='bbox 1642 5022 2003 5086; x_wconf 89' lang='lat' dir='ltr'><strong>matutinam,</strong></span> <span class='ocrx_word' id='word_1_682' title='bbox 2054 5026 2146 5076; x_wconf 88' lang='lat' dir='ltr'><strong>sed</strong></span> <span class='ocrx_word' id='word_1_683' title='bbox 2208 5025 2258 5077; x_wconf 94' lang='lat' dir='ltr'><strong>iu</strong></span> 
     </span>
    </p>
   </div>
   <div class='ocr_carea' id='block_1_93' title="bbox 697 5102 2256 5176">
    <p class='ocr_par' dir='ltr' id='par_1_93' title="bbox 697 5102 2256 5176">
     <span class='ocr_line' id='line_1_93' title="bbox 697 5102 2256 5176; baseline 0.012 -27"><span class='ocrx_word' id='word_1_684' title='bbox 697 5103 873 5151; x_wconf 85' lang='lat' dir='ltr'><strong>anima</strong></span> <span class='ocrx_word' id='word_1_685' title='bbox 908 5102 1196 5164; x_wconf 88' lang='lat' dir='ltr'><strong>orientem,</strong></span> <span class='ocrx_word' id='word_1_686' title='bbox 1239 5105 1389 5171; x_wconf 76' lang='lat' dir='ltr'><strong>juxta</strong></span> <span class='ocrx_word' id='word_1_687' title='bbox 1423 5121 1673 5176; x_wconf 77' lang='lat' dir='ltr'><strong>maguum</strong></span> <span class='ocrx_word' id='word_1_688' title='bbox 1726 5107 1944 5164; x_wconf 86' lang='lat' dir='ltr'><strong>Petrum</strong></span> <span class='ocrx_word' id='word_1_689' title='bbox 1980 5113 2030 5165; x_wconf 90' lang='lat' dir='ltr'><strong>in</strong></span> <span class='ocrx_word' id='word_1_690' title='bbox 2069 5116 2256 5168; x_wconf 86' lang='lat' dir='ltr'><strong>catho-</strong></span> 
     </span>
    </p>
   </div>
   <div class='ocr_carea' id='block_1_94' title="bbox 699 5192 2262 5271">
    <p class='ocr_par' dir='ltr' id='par_1_94' title="bbox 699 5192 2262 5271">
     <span class='ocr_line' id='line_1_94' title="bbox 699 5192 2262 5271; baseline 0.01 -29"><span class='ocrx_word' id='word_1_691' title='bbox 699 5193 800 5245; x_wconf 76' lang='lat' dir='ltr'><strong>lica</strong></span> <span class='ocrx_word' id='word_1_692' title='bbox 849 5192 1082 5260; x_wconf 73' lang='lat' dir='ltr'><strong>Epistola</strong></span> <span class='ocrx_word' id='word_1_693' title='bbox 1114 5209 1209 5247; x_wconf 88' lang='lat' dir='ltr'><strong>sua</strong></span> <span class='ocrx_word' id='word_1_694' title='bbox 1249 5197 1554 5253; x_wconf 87' lang='lat' dir='ltr'><strong>dicentem:</strong></span> <span class='ocrx_word' id='word_1_695' title='bbox 1593 5198 1765 5252; x_wconf 83' lang='lat' dir='ltr'><strong>Donec</strong></span> <span class='ocrx_word' id='word_1_696' title='bbox 1828 5201 2021 5271; x_wconf 77' lang='lat' dir='ltr'><strong>lucifer</strong></span> <span class='ocrx_word' id='word_1_697' title='bbox 2057 5207 2262 5258; x_wconf 78' lang='lat' dir='ltr'><strong>oriatur</strong></span> 
     </span>
    </p>
   </div>
   <div class='ocr_carea' id='block_1_95' title="bbox 698 5286 2262 5364">
    <p class='ocr_par' dir='ltr' id='par_1_95' title="bbox 698 5286 2262 5364">
     <span class='ocr_line' id='line_1_95' title="bbox 698 5286 2262 5364; baseline 0.009 -30"><span class='ocrx_word' id='word_1_698' title='bbox 698 5287 750 5335; x_wconf 78' lang='lat' dir='ltr'><strong>in</strong></span> <span class='ocrx_word' id='word_1_699' title='bbox 778 5286 1022 5336; x_wconf 71' lang='lat' dir='ltr'><strong>cordibus</strong></span> <span class='ocrx_word' id='word_1_700' title='bbox 1072 5289 1254 5339; x_wconf 78' lang='lat' dir='ltr'><strong>vestris</strong></span> <span class='ocrx_word' id='word_1_701' title='bbox 1280 5288 1328 5325; x_wconf 71' lang='grc' dir='ltr'><strong>δ’</strong></span> <span class='ocrx_word' id='word_1_702' title='bbox 1358 5306 1370 5340; x_wconf 91' lang='lat'><strong>:</strong></span> <span class='ocrx_word' id='word_1_703' title='bbox 1401 5301 1452 5340; x_wconf 89' lang='lat' dir='ltr'><strong>et</strong></span> <span class='ocrx_word' id='word_1_704' title='bbox 1486 5299 1543 5342; x_wconf 92' lang='lat' dir='ltr'><strong>ut</strong></span> <span class='ocrx_word' id='word_1_705' title='bbox 1585 5290 1783 5351; x_wconf 83' lang='lat' dir='ltr'><strong>lumen.</strong></span> <span class='ocrx_word' id='word_1_706' title='bbox 1807 5294 1900 5346; x_wconf 89' lang='lat' dir='ltr'><strong>sed</strong></span> <span class='ocrx_word' id='word_1_707' title='bbox 1943 5295 2059 5349; x_wconf 88' lang='lat' dir='ltr'><strong>sine</strong></span> <span class='ocrx_word' id='word_1_708' title='bbox 2115 5308 2262 5364; x_wconf 71' lang='lat' dir='ltr'><strong>tegn-</strong></span> 
     </span>
    </p>
   </div>
   <div class='ocr_carea' id='block_1_96' title="bbox 701 5377 2258 5454">
    <p class='ocr_par' dir='ltr' id='par_1_96' title="bbox 701 5377 2258 5454">
     <span class='ocr_line' id='line_1_96' title="bbox 701 5377 2258 5454; baseline 0.01 -26"><span class='ocrx_word' id='word_1_709' title='bbox 701 5385 878 5429; x_wconf 74' lang='lat' dir='ltr'><strong>mento</strong></span> <span class='ocrx_word' id='word_1_710' title='bbox 900 5377 1369 5444; x_wconf 74' lang='lat' dir='ltr'><strong>splendensjnxta</strong></span> <span class='ocrx_word' id='word_1_711' title='bbox 1404 5380 1528 5433; x_wconf 77' lang='lat' dir='ltr'><strong>illud</strong></span> <span class='ocrx_word' id='word_1_712' title='bbox 1552 5403 1564 5434; x_wconf 82' lang='lat'>;</span> <span class='ocrx_word' id='word_1_713' title='bbox 1585 5380 1695 5451; x_wconf 82' lang='lat' dir='ltr'><strong>Ego</strong></span> <span class='ocrx_word' id='word_1_714' title='bbox 1718 5401 1830 5436; x_wconf 81' lang='lat' dir='ltr'><strong>sum</strong></span> <span class='ocrx_word' id='word_1_715' title='bbox 1861 5386 1955 5440; x_wconf 75' lang='lat' dir='ltr'><strong>lin;</strong></span> <span class='ocrx_word' id='word_1_716' title='bbox 1985 5390 2167 5442; x_wconf 79' lang='lat' dir='ltr'><strong>mundi</strong></span> <span class='ocrx_word' id='word_1_717' title='bbox 2188 5393 2258 5454; x_wconf 82' lang='lat' dir='ltr'><strong>c‘;</strong></span> 
     </span>
    </p>
   </div>
   <div class='ocr_carea' id='block_1_97' title="bbox 703 5469 2264 5542">
    <p class='ocr_par' dir='ltr' id='par_1_97' title="bbox 703 5469 2264 5542">
     <span class='ocr_line' id='line_1_97' title="bbox 703 5469 2264 5542; baseline 0.009 -25"><span class='ocrx_word' id='word_1_718' title='bbox 703 5477 862 5534; x_wconf 88' lang='lat' dir='ltr'><strong>atque</strong></span> <span class='ocrx_word' id='word_1_719' title='bbox 890 5469 1013 5520; x_wconf 87' lang='lat' dir='ltr'><strong>illud</strong></span> <span class='ocrx_word' id='word_1_720' title='bbox 1041 5487 1053 5519; x_wconf 91' lang='lat'><strong>:</strong></span> <span class='ocrx_word' id='word_1_721' title='bbox 1085 5469 1214 5521; x_wconf 83' lang='lat' dir='ltr'><strong>Erat</strong></span> <span class='ocrx_word' id='word_1_722' title='bbox 1241 5471 1331 5524; x_wconf 71' lang='lat' dir='ltr'><strong>tua:</strong></span> <span class='ocrx_word' id='word_1_723' title='bbox 1354 5471 1559 5525; x_wconf 59' lang='grc' dir='ltr'><strong>ινα-(ιδ’.</strong></span> <span class='ocrx_word' id='word_1_724' title='bbox 1586 5474 1889 5542; x_wconf 76' lang='lat' dir='ltr'><strong>Aliquando</strong></span> <span class='ocrx_word' id='word_1_725' title='bbox 1916 5493 2040 5530; x_wconf 85' lang='lat' dir='ltr'><strong>vero</strong></span> <span class='ocrx_word' id='word_1_726' title='bbox 2059 5495 2084 5528; x_wconf 91' lang='lat' dir='ltr'><strong>a</strong></span> <span class='ocrx_word' id='word_1_727' title='bbox 2103 5479 2264 5531; x_wconf 88' lang='lat' dir='ltr'><strong>rebus</strong></span> 
     </span>
    </p>
   </div>
   <div class='ocr_carea' id='block_1_98' title="bbox 703 5558 2266 5633">
    <p class='ocr_par' dir='ltr' id='par_1_98' title="bbox 703 5558 2266 5633">
     <span class='ocr_line' id='line_1_98' title="bbox 703 5558 2266 5633; baseline 0.011 -25"><span class='ocrx_word' id='word_1_728' title='bbox 703 5558 1085 5623; x_wconf 79' lang='lat' dir='ltr'><strong>mediocribus,</strong></span> <span class='ocrx_word' id='word_1_729' title='bbox 1135 5561 1279 5614; x_wconf 86' lang='lat' dir='ltr'><strong>verbi</strong></span> <span class='ocrx_word' id='word_1_730' title='bbox 1316 5564 1511 5630; x_wconf 78' lang='lat' dir='ltr'><strong>gratia,</strong></span> <span class='ocrx_word' id='word_1_731' title='bbox 1553 5575 1610 5614; x_wconf 91' lang='lat' dir='ltr'><strong>ut</strong></span> <span class='ocrx_word' id='word_1_732' title='bbox 1662 5581 1869 5633; x_wconf 78' lang='lat' dir='ltr'><strong>ignem,</strong></span> <span class='ocrx_word' id='word_1_733' title='bbox 1913 5568 2004 5621; x_wconf 87' lang='lat' dir='ltr'><strong>scd</strong></span> <span class='ocrx_word' id='word_1_734' title='bbox 2053 5569 2266 5625; x_wconf 80' lang='lat' dir='ltr'><strong>innoxie</strong></span> 
     </span>
    </p>
   </div>
   <div class='ocr_carea' id='block_1_99' title="bbox 774 5696 1880 5768">
    <p class='ocr_par' dir='ltr' id='par_1_99' title="bbox 774 5696 1880 5768">
     <span class='ocr_line' id='line_1_99' title="bbox 774 5696 1880 5768; baseline 0.011 -21"><span class='ocrx_word' id='word_1_735' title='bbox 774 5706 818 5734; x_wconf 80' lang='grc' dir='ltr'><strong>ι’</strong></span> <span class='ocrx_word' id='word_1_736' title='bbox 853 5696 1084 5749; x_wconf 65' lang='lat' dir='ltr'><strong>Mulae-lt.</strong></span> <span class='ocrx_word' id='word_1_737' title='bbox 1137 5714 1208 5754; x_wconf 88' lang='lat' dir='ltr'><strong>tv.</strong></span> <span class='ocrx_word' id='word_1_738' title='bbox 1231 5699 1281 5752; x_wconf 74' lang='grc'><strong>2.</strong></span> <span class='ocrx_word' id='word_1_739' title='bbox 1362 5701 1410 5740; x_wconf 68' lang='grc' dir='ltr'><strong>δ’</strong></span> <span class='ocrx_word' id='word_1_740' title='bbox 1440 5701 1476 5755; x_wconf 91' lang='lat' dir='ltr'><strong>ll</strong></span> <span class='ocrx_word' id='word_1_741' title='bbox 1525 5702 1670 5759; x_wconf 82' lang='lat' dir='ltr'><strong>Petr.</strong></span> <span class='ocrx_word' id='word_1_742' title='bbox 1711 5721 1745 5768; x_wconf 92' lang='grc' dir='ltr'><strong>ι,</strong></span> <span class='ocrx_word' id='word_1_743' title='bbox 1794 5705 1880 5759; x_wconf 83' lang='grc'><strong>19.</strong></span> 
     </span>
    </p>
   </div>
   <div class='ocr_carea' id='block_1_100' title="bbox 779 5814 1879 5885">
    <p class='ocr_par' dir='ltr' id='par_1_100' title="bbox 779 5814 1879 5885">
     <span class='ocr_line' id='line_1_100' title="bbox 779 5814 1879 5885; baseline 0.005 -18"><span class='ocrx_word' id='word_1_744' title='bbox 779 5814 928 5884; x_wconf 77' lang='lat' dir='ltr'><strong>&#39;Li-g.</strong></span> <span class='ocrx_word' id='word_1_745' title='bbox 959 5816 1106 5882; x_wconf 70' lang='grc' dir='ltr'>παρά</span> <span class='ocrx_word' id='word_1_746' title='bbox 1137 5819 1233 5871; x_wconf 77' lang='lat' dir='ltr'><strong>vel.</strong></span> <span class='ocrx_word' id='word_1_747' title='bbox 1275 5818 1423 5885; x_wconf 68' lang='grc' dir='ltr'>πρὸς.</span> <span class='ocrx_word' id='word_1_748' title='bbox 1462 5819 1609 5873; x_wconf 80' lang='lat' dir='ltr'><strong>Eni&#39;r.</strong></span> <span class='ocrx_word' id='word_1_749' title='bbox 1645 5819 1879 5875; x_wconf 69' lang='grc' dir='ltr'><strong>ΡΛτΙῑιι..</strong></span> 
     </span>
    </p>
   </div>
   <div class='ocr_carea' id='block_1_101' title="bbox 2363 4545 3944 4630">
    <p class='ocr_par' dir='ltr' id='par_1_101' title="bbox 2363 4545 3944 4630">
     <span class='ocr_line' id='line_1_101' title="bbox 2363 4545 3944 4630; baseline -0.008 -21"><span class='ocrx_word' id='word_1_750' title='bbox 2363 4556 2658 4630; x_wconf 78' lang='grc' dir='ltr'>δηλοῦντας</span> <span class='ocrx_word' id='word_1_751' title='bbox 2708 4555 2974 4616; x_wconf 80' lang='grc' dir='ltr'>πλάσεων,</span> <span class='ocrx_word' id='word_1_752' title='bbox 3020 4552 3152 4605; x_wconf 87' lang='grc' dir='ltr'><strong>ἀλλά</strong></span> <span class='ocrx_word' id='word_1_753' title='bbox 3187 4551 3277 4603; x_wconf 79' lang='grc' dir='ltr'>καὶ</span> <span class='ocrx_word' id='word_1_754' title='bbox 3317 4545 3484 4616; x_wconf 79' lang='grc' dir='ltr'>αὐτὴν</span> <span class='ocrx_word' id='word_1_755' title='bbox 3524 4548 3671 4601; x_wconf 74' lang='grc' dir='ltr'>ἔστιν</span> <span class='ocrx_word' id='word_1_756' title='bbox 3712 4548 3797 4599; x_wconf 81' lang='grc' dir='ltr'>ὅτε</span> <span class='ocrx_word' id='word_1_757' title='bbox 3841 4546 3944 4616; x_wconf 78' lang='grc' dir='ltr'>τὴν</span> 
     </span>
    </p>
   </div>
   <div class='ocr_carea' id='block_1_102' title="bbox 2366 4637 3947 4717">
    <p class='ocr_par' dir='ltr' id='par_1_102' title="bbox 2366 4637 3947 4717">
     <span class='ocr_line' id='line_1_102' title="bbox 2366 4637 3947 4717; baseline -0.006 -20"><span class='ocrx_word' id='word_1_758' title='bbox 2366 4646 2659 4717; x_wconf 83' lang='grc' dir='ltr'>θεαρχικὴν</span> <span class='ocrx_word' id='word_1_759' title='bbox 2688 4646 2890 4697; x_wconf 85' lang='grc' dir='ltr'>οὐσίαν.</span> <span class='ocrx_word' id='word_1_760' title='bbox 2921 4644 3029 4696; x_wconf 81' lang='grc' dir='ltr'><strong>Καὶ</strong></span> <span class='ocrx_word' id='word_1_761' title='bbox 3063 4642 3192 4694; x_wconf 85' lang='grc' dir='ltr'>ποτὲ</span> <span class='ocrx_word' id='word_1_762' title='bbox 3233 4641 3329 4711; x_wconf 84' lang='grc' dir='ltr'>μὲν</span> <span class='ocrx_word' id='word_1_763' title='bbox 3361 4637 3527 4708; x_wconf 82' lang='grc' dir='ltr'>αὐτὴν</span> <span class='ocrx_word' id='word_1_764' title='bbox 3556 4638 3661 4690; x_wconf 83' lang='grc' dir='ltr'>ἀπὸ</span> <span class='ocrx_word' id='word_1_765' title='bbox 3689 4637 3794 4689; x_wconf 84' lang='grc' dir='ltr'>τῶν</span> <span class='ocrx_word' id='word_1_766' title='bbox 3822 4653 3947 4704; x_wconf 78' lang='grc' dir='ltr'>φαι-</span> 
     </span>
    </p>
   </div>
   <div class='ocr_carea' id='block_1_103' title="bbox 2364 4727 3948 4808">
    <p class='ocr_par' dir='ltr' id='par_1_103' title="bbox 2364 4727 3948 4808">
     <span class='ocr_line' id='line_1_103' title="bbox 2364 4727 3948 4808; baseline -0.007 -18"><span class='ocrx_word' id='word_1_767' title='bbox 2364 4739 2608 4807; x_wconf 79' lang='grc' dir='ltr'>νομένων</span> <span class='ocrx_word' id='word_1_768' title='bbox 2660 4738 2859 4808; x_wconf 85' lang='grc' dir='ltr'>τιμίων</span> <span class='ocrx_word' id='word_1_769' title='bbox 2908 4734 3200 4805; x_wconf 88' lang='grc' dir='ltr'>ὐμνοῦσιν,</span> <span class='ocrx_word' id='word_1_770' title='bbox 3243 4733 3317 4795; x_wconf 84' lang='grc' dir='ltr'>ὡς</span> <span class='ocrx_word' id='word_1_771' title='bbox 3375 4731 3559 4799; x_wconf 71' lang='grc' dir='ltr'>ἥλιονο</span> <span class='ocrx_word' id='word_1_772' title='bbox 3613 4730 3712 4799; x_wconf 82' lang='grc' dir='ltr'><strong>οὐχ</strong></span> <span class='ocrx_word' id='word_1_773' title='bbox 3761 4727 3948 4789; x_wconf 81' lang='grc' dir='ltr'>ἁπλῶς</span> 
     </span>
    </p>
   </div>
   <div class='ocr_carea' id='block_1_104' title="bbox 2364 4818 3947 4898">
    <p class='ocr_par' dir='ltr' id='par_1_104' title="bbox 2364 4818 3947 4898">
     <span class='ocr_line' id='line_1_104' title="bbox 2364 4818 3947 4898; baseline -0.009 -14"><span class='ocrx_word' id='word_1_774' title='bbox 2364 4829 2536 4898; x_wconf 79' lang='grc' dir='ltr'>ἥλιον,</span> <span class='ocrx_word' id='word_1_775' title='bbox 2577 4827 2714 4881; x_wconf 82' lang='grc' dir='ltr'><strong>ἀλλά</strong></span> <span class='ocrx_word' id='word_1_776' title='bbox 2754 4826 3094 4896; x_wconf 81' lang='grc' dir='ltr'>δικαιοσύνης</span> <span class='ocrx_word' id='word_1_777' title='bbox 3133 4823 3271 4878; x_wconf 82' lang='grc' dir='ltr'>κατὰ</span> <span class='ocrx_word' id='word_1_778' title='bbox 3297 4823 3386 4876; x_wconf 81' lang='grc' dir='ltr'>τὸν</span> <span class='ocrx_word' id='word_1_779' title='bbox 3425 4823 3706 4892; x_wconf 80' lang='grc' dir='ltr'>προφήτην</span> <span class='ocrx_word' id='word_1_780' title='bbox 3752 4818 3947 4873; x_wconf 71' lang='grc' dir='ltr'>Μάλα-</span> 
     </span>
    </p>
   </div>
   <div class='ocr_carea' id='block_1_105' title="bbox 2368 4915 3945 4998">
    <p class='ocr_par' dir='ltr' id='par_1_105' title="bbox 2368 4915 3945 4998">
     <span class='ocr_line' id='line_1_105' title="bbox 2368 4915 3945 4998; baseline -0.008 -20"><span class='ocrx_word' id='word_1_781' title='bbox 2368 4928 2518 4998; x_wconf 88' lang='grc' dir='ltr'>χίαν·</span> <span class='ocrx_word' id='word_1_782' title='bbox 2550 4927 2624 4989; x_wconf 85' lang='grc' dir='ltr'>ὼς</span> <span class='ocrx_word' id='word_1_783' title='bbox 2669 4926 2802 4997; x_wconf 76' lang='grc' dir='ltr'>ἑῷον</span> <span class='ocrx_word' id='word_1_784' title='bbox 2846 4925 3066 4994; x_wconf 82' lang='grc' dir='ltr'>ἀστέρα,</span> <span class='ocrx_word' id='word_1_785' title='bbox 3102 4923 3215 4976; x_wconf 81' lang='grc' dir='ltr'>ἀλλ’</span> <span class='ocrx_word' id='word_1_786' title='bbox 3245 4922 3325 4982; x_wconf 76' lang='grc' dir='ltr'><strong>είς</strong></span> <span class='ocrx_word' id='word_1_787' title='bbox 3355 4920 3531 4988; x_wconf 71' lang='grc' dir='ltr'>ψυχὴν</span> <span class='ocrx_word' id='word_1_788' title='bbox 3571 4915 3945 4976; x_wconf 76' lang='grc' dir='ltr'>ἀνατέλλοντα,</span> 
     </span>
    </p>
   </div>
   <div class='ocr_carea' id='block_1_106' title="bbox 2366 5008 3949 5089">
    <p class='ocr_par' dir='ltr' id='par_1_106' title="bbox 2366 5008 3949 5089">
     <span class='ocr_line' id='line_1_106' title="bbox 2366 5008 3949 5089; baseline -0.009 -16"><span class='ocrx_word' id='word_1_789' title='bbox 2366 5019 2506 5074; x_wconf 80' lang='grc' dir='ltr'>κατὰ</span> <span class='ocrx_word' id='word_1_790' title='bbox 2536 5019 2627 5070; x_wconf 81' lang='grc' dir='ltr'><strong>τὸν</strong></span> <span class='ocrx_word' id='word_1_791' title='bbox 2658 5019 2826 5089; x_wconf 80' lang='grc' dir='ltr'>μέγαν</span> <span class='ocrx_word' id='word_1_792' title='bbox 2853 5018 3056 5088; x_wconf 79' lang='grc' dir='ltr'>Πέτρον</span> <span class='ocrx_word' id='word_1_793' title='bbox 3083 5017 3139 5069; x_wconf 82' lang='grc' dir='ltr'>ὲν</span> <span class='ocrx_word' id='word_1_794' title='bbox 3165 5017 3232 5086; x_wconf 79' lang='grc' dir='ltr'><strong>τῇ</strong></span> <span class='ocrx_word' id='word_1_795' title='bbox 3265 5012 3521 5082; x_wconf 85' lang='grc' dir='ltr'>καθολικῇ</span> <span class='ocrx_word' id='word_1_796' title='bbox 3553 5009 3831 5081; x_wconf 80' lang='grc' dir='ltr'>Ἐπιστολῇ</span> <span class='ocrx_word' id='word_1_797' title='bbox 3857 5008 3949 5060; x_wconf 84' lang='grc' dir='ltr'>αὐ-</span> 
     </span>
    </p>
   </div>
   <div class='ocr_carea' id='block_1_107' title="bbox 2365 5099 3950 5178">
    <p class='ocr_par' dir='ltr' id='par_1_107' title="bbox 2365 5099 3950 5178">
     <span class='ocr_line' id='line_1_107' title="bbox 2365 5099 3950 5178; baseline -0.011 -13"><span class='ocrx_word' id='word_1_798' title='bbox 2365 5112 2460 5165; x_wconf 88' lang='grc' dir='ltr'><strong>τοῦ</strong></span> <span class='ocrx_word' id='word_1_799' title='bbox 2508 5110 2732 5178; x_wconf 82' lang='grc' dir='ltr'>λέγοντα</span> <span class='ocrx_word' id='word_1_800' title='bbox 2753 5153 2765 5172; x_wconf 88' lang='grc'><strong>,</strong></span> <span class='ocrx_word' id='word_1_801' title='bbox 2817 5112 2966 5178; x_wconf 83' lang='grc' dir='ltr'>Ἕως</span> <span class='ocrx_word' id='word_1_802' title='bbox 2989 5110 3057 5162; x_wconf 81' lang='grc' dir='ltr'>οὗ</span> <span class='ocrx_word' id='word_1_803' title='bbox 3094 5108 3411 5177; x_wconf 69' lang='grc' dir='ltr'>φωσφόρος</span> <span class='ocrx_word' id='word_1_804' title='bbox 3437 5101 3710 5156; x_wconf 74' lang='grc' dir='ltr'>ἀνατελεῐ</span> <span class='ocrx_word' id='word_1_805' title='bbox 3730 5101 3798 5153; x_wconf 78' lang='grc' dir='ltr'><strong>ὲν</strong></span> <span class='ocrx_word' id='word_1_806' title='bbox 3816 5099 3950 5166; x_wconf 83' lang='grc' dir='ltr'>ταῖς</span> 
     </span>
    </p>
   </div>
   <div class='ocr_carea' id='block_1_108' title="bbox 2369 5191 3948 5272">
    <p class='ocr_par' dir='ltr' id='par_1_108' title="bbox 2369 5191 3948 5272">
     <span class='ocr_line' id='line_1_108' title="bbox 2369 5191 3948 5272; baseline -0.011 -15"><span class='ocrx_word' id='word_1_807' title='bbox 2369 5205 2634 5272; x_wconf 79' lang='grc' dir='ltr'>καρδίαις</span> <span class='ocrx_word' id='word_1_808' title='bbox 2663 5201 2854 5272; x_wconf 65' lang='grc' dir='ltr'><strong>ὑμῶν·</strong></span> <span class='ocrx_word' id='word_1_809' title='bbox 2889 5203 2980 5253; x_wconf 74' lang='grc' dir='ltr'>καὶ</span> <span class='ocrx_word' id='word_1_810' title='bbox 3018 5200 3092 5261; x_wconf 80' lang='grc' dir='ltr'>ὡς</span> <span class='ocrx_word' id='word_1_811' title='bbox 3145 5197 3285 5265; x_wconf 81' lang='grc' dir='ltr'>φῶς,</span> <span class='ocrx_word' id='word_1_812' title='bbox 3333 5194 3443 5248; x_wconf 79' lang='grc' dir='ltr'>ἀλλ’</span> <span class='ocrx_word' id='word_1_813' title='bbox 3491 5191 3948 5263; x_wconf 77' lang='grc' dir='ltr'>ἁπερικαλύπτως</span> 
     </span>
    </p>
   </div>
   <div class='ocr_carea' id='block_1_109' title="bbox 2371 5284 3944 5364">
    <p class='ocr_par' dir='ltr' id='par_1_109' title="bbox 2371 5284 3944 5364">
     <span class='ocr_line' id='line_1_109' title="bbox 2371 5284 3944 5364; baseline -0.011 -14"><span class='ocrx_word' id='word_1_814' title='bbox 2371 5297 2734 5364; x_wconf 76' lang='grc' dir='ltr'>καταυγάζον,</span> <span class='ocrx_word' id='word_1_815' title='bbox 2761 5296 2832 5357; x_wconf 82' lang='grc' dir='ltr'>ὡς</span> <span class='ocrx_word' id='word_1_816' title='bbox 2856 5294 2935 5356; x_wconf 84' lang='grc' dir='ltr'>τὸ,</span> <span class='ocrx_word' id='word_1_817' title='bbox 2981 5289 3124 5359; x_wconf 75' lang='grc' dir='ltr'><strong>Ἐγώ</strong></span> <span class='ocrx_word' id='word_1_818' title='bbox 3154 5291 3268 5358; x_wconf 81' lang='grc' dir='ltr'>είμι</span> <span class='ocrx_word' id='word_1_819' title='bbox 3305 5288 3368 5340; x_wconf 84' lang='grc' dir='ltr'>τὸ</span> <span class='ocrx_word' id='word_1_820' title='bbox 3394 5285 3518 5355; x_wconf 68' lang='grc' dir='ltr'><strong>φῶς</strong></span> <span class='ocrx_word' id='word_1_821' title='bbox 3543 5284 3649 5336; x_wconf 84' lang='grc' dir='ltr'><strong>τοῦ</strong></span> <span class='ocrx_word' id='word_1_822' title='bbox 3680 5285 3908 5350; x_wconf 78' lang='grc' dir='ltr'>κόσμου</span> <span class='ocrx_word' id='word_1_823' title='bbox 3930 5298 3944 5312; x_wconf 90' lang='grc'><strong>·</strong></span> 
     </span>
    </p>
   </div>
   <div class='ocr_carea' id='block_1_110' title="bbox 2370 5372 3947 5453">
    <p class='ocr_par' dir='ltr' id='par_1_110' title="bbox 2370 5372 3947 5453">
     <span class='ocr_line' id='line_1_110' title="bbox 2370 5372 3947 5453; baseline -0.013 -11"><span class='ocrx_word' id='word_1_824' title='bbox 2370 5391 2459 5442; x_wconf 76' lang='grc' dir='ltr'>καὶ</span> <span class='ocrx_word' id='word_1_825' title='bbox 2486 5389 2566 5448; x_wconf 87' lang='grc' dir='ltr'>τὸ,</span> <span class='ocrx_word' id='word_1_826' title='bbox 2604 5385 2724 5440; x_wconf 85' lang='grc' dir='ltr'><em>Ἦν</em></span> <span class='ocrx_word' id='word_1_827' title='bbox 2753 5387 2815 5438; x_wconf 83' lang='grc' dir='ltr'>τὸ</span> <span class='ocrx_word' id='word_1_828' title='bbox 2854 5383 2978 5453; x_wconf 68' lang='grc' dir='ltr'><strong>φῶς</strong></span> <span class='ocrx_word' id='word_1_829' title='bbox 3009 5383 3070 5435; x_wconf 86' lang='grc' dir='ltr'>τὸ</span> <span class='ocrx_word' id='word_1_830' title='bbox 3103 5379 3410 5445; x_wconf 69' lang='grc' dir='ltr'>ἀληθινόν.</span> <span class='ocrx_word' id='word_1_831' title='bbox 3450 5376 3585 5428; x_wconf 65' lang='lat' dir='ltr'><strong>[lett</strong></span> <span class='ocrx_word' id='word_1_832' title='bbox 3612 5374 3668 5426; x_wconf 75' lang='grc' dir='ltr'>δὲ</span> <span class='ocrx_word' id='word_1_833' title='bbox 3699 5372 3808 5426; x_wconf 85' lang='grc' dir='ltr'>ἀπὸ</span> <span class='ocrx_word' id='word_1_834' title='bbox 3835 5372 3947 5424; x_wconf 83' lang='grc' dir='ltr'>τῶν</span> 
     </span>
    </p>
   </div>
   <div class='ocr_carea' id='block_1_111' title="bbox 2375 5461 3941 5548">
    <p class='ocr_par' dir='ltr' id='par_1_111' title="bbox 2375 5461 3941 5548">
     <span class='ocr_line' id='line_1_111' title="bbox 2375 5461 3941 5548; baseline -0.012 -16"><span class='ocrx_word' id='word_1_835' title='bbox 2375 5481 2574 5548; x_wconf 81' lang='grc' dir='ltr'>μέσων,</span> <span class='ocrx_word' id='word_1_836' title='bbox 2613 5479 2688 5538; x_wconf 79' lang='grc' dir='ltr'>ὡς</span> <span class='ocrx_word' id='word_1_837' title='bbox 2726 5476 2855 5546; x_wconf 85' lang='grc' dir='ltr'>πῦρ,</span> <span class='ocrx_word' id='word_1_838' title='bbox 2899 5473 3010 5526; x_wconf 87' lang='grc' dir='ltr'>ἀλλ’</span> <span class='ocrx_word' id='word_1_839' title='bbox 3039 5469 3288 5532; x_wconf 77' lang='grc' dir='ltr'>ἀϐλαϐῶς</span> <span class='ocrx_word' id='word_1_840' title='bbox 3330 5468 3422 5521; x_wconf 73' lang='grc' dir='ltr'>καὶ</span> <span class='ocrx_word' id='word_1_841' title='bbox 3451 5466 3736 5525; x_wconf 82' lang='grc' dir='ltr'>ἀκαύστως</span> <span class='ocrx_word' id='word_1_842' title='bbox 3777 5461 3941 5530; x_wconf 85' lang='grc' dir='ltr'>φωτί-</span> 
     </span>
    </p>
   </div>
   <div class='ocr_carea' id='block_1_112' title="bbox 2373 5554 3938 5639">
    <p class='ocr_par' dir='ltr' id='par_1_112' title="bbox 2373 5554 3938 5639">
     <span class='ocr_line' id='line_1_112' title="bbox 2373 5554 3938 5639; baseline -0.012 -16"><span class='ocrx_word' id='word_1_843' title='bbox 2373 5572 2484 5634; x_wconf 73' lang='grc' dir='ltr'>ζον,</span> <span class='ocrx_word' id='word_1_844' title='bbox 2525 5571 2600 5632; x_wconf 83' lang='grc' dir='ltr'>ὡς</span> <span class='ocrx_word' id='word_1_845' title='bbox 2632 5571 2687 5621; x_wconf 75' lang='grc' dir='ltr'>ὲν</span> <span class='ocrx_word' id='word_1_846' title='bbox 2714 5572 2780 5639; x_wconf 80' lang='grc' dir='ltr'><strong>τῇ</strong></span> <span class='ocrx_word' id='word_1_847' title='bbox 2814 5567 2959 5636; x_wconf 86' lang='grc' dir='ltr'>βάτῳ</span> <span class='ocrx_word' id='word_1_848' title='bbox 2986 5563 3348 5634; x_wconf 78' lang='grc' dir='ltr'>τεθεώρηται·</span> <span class='ocrx_word' id='word_1_849' title='bbox 3376 5559 3450 5622; x_wconf 84' lang='grc' dir='ltr'>ὼς</span> <span class='ocrx_word' id='word_1_850' title='bbox 3478 5557 3641 5629; x_wconf 74' lang='grc' dir='ltr'>ὕδωρ,</span> <span class='ocrx_word' id='word_1_851' title='bbox 3671 5555 3802 5608; x_wconf 80' lang='grc' dir='ltr'><strong>ἀλλά</strong></span> <span class='ocrx_word' id='word_1_852' title='bbox 3842 5554 3938 5616; x_wconf 75' lang='grc' dir='ltr'><strong>ζω-</strong></span> 
     </span>
    </p>
   </div>
   <div class='ocr_carea' id='block_1_113' title="bbox 1961 5706 2989 5770">
    <p class='ocr_par' dir='ltr' id='par_1_113' title="bbox 1961 5706 2989 5770">
     <span class='ocr_line' id='line_1_113' title="bbox 1961 5706 2989 5770; baseline -0.002 -10"><span class='ocrx_word' id='word_1_853' title='bbox 1961 5712 2005 5745; x_wconf 74' lang='grc' dir='ltr'>ε⁶</span> <span class='ocrx_word' id='word_1_854' title='bbox 2038 5707 2189 5762; x_wconf 80' lang='lat' dir='ltr'><strong>Joau.</strong></span> <span class='ocrx_word' id='word_1_855' title='bbox 2227 5724 2340 5766; x_wconf 72' lang='lat' dir='ltr'><strong>rm,</strong></span> <span class='ocrx_word' id='word_1_856' title='bbox 2407 5707 2490 5762; x_wconf 67' lang='lat' dir='ltr'><strong>i2.</strong></span> <span class='ocrx_word' id='word_1_857' title='bbox 2564 5707 2614 5745; x_wconf 62' lang='grc' dir='ltr'><em>δ’</em></span> <span class='ocrx_word' id='word_1_858' title='bbox 2645 5706 2802 5762; x_wconf 71' lang='lat' dir='ltr'><strong>Joan.</strong></span> <span class='ocrx_word' id='word_1_859' title='bbox 2851 5725 2886 5770; x_wconf 88' lang='lat' dir='ltr'><strong>I,</strong></span> <span class='ocrx_word' id='word_1_860' title='bbox 2936 5707 2989 5761; x_wconf 80' lang='lat'><strong>9.</strong></span> 
     </span>
    </p>
   </div>
  </div>
