  <div class='ocr_page' id='page_1' title='image "/cluster/home/n/w/nwhite01/storage/ocr_20150623/3/pst.000003853313/090.png"; bbox 0 0 4196 6306; ppageno 0'>
   <div class='ocr_carea' id='block_1_1' title="bbox 203 368 295 425">
    <p class='ocr_par' dir='ltr' id='par_1_1' title="bbox 203 368 295 425">
     <span class='ocr_line' id='line_1_1' title="bbox 203 368 295 425; baseline -0.022 0"><span class='ocrx_word' id='word_1_1' title='bbox 203 368 295 425; x_wconf 68' lang='lat' dir='ltr'><strong>ibi</strong></span> 
     </span>
    </p>
   </div>
   <div class='ocr_carea' id='block_1_2' title="bbox 142 570 1761 648">
    <p class='ocr_par' dir='ltr' id='par_1_2' title="bbox 142 570 1761 648">
     <span class='ocr_line' id='line_1_2' title="bbox 142 570 1761 648; baseline -0.005 -17"><span class='ocrx_word' id='word_1_2' title='bbox 142 636 145 647; x_wconf 37' lang='grc' dir='ltr'>ί</span> <span class='ocrx_word' id='word_1_3' title='bbox 202 572 537 648; x_wconf 71' lang='grc' dir='ltr'>συμϐολικῶς</span> <span class='ocrx_word' id='word_1_4' title='bbox 561 574 753 632; x_wconf 84' lang='grc' dir='ltr'>είπεῖν,</span> <span class='ocrx_word' id='word_1_5' title='bbox 777 571 856 633; x_wconf 86' lang='grc' dir='ltr'><strong>είς</strong></span> <span class='ocrx_word' id='word_1_6' title='bbox 883 570 1143 640; x_wconf 81' lang='grc' dir='ltr'><strong>γαστέρα,</strong></span> <span class='ocrx_word' id='word_1_7' title='bbox 1169 573 1267 639; x_wconf 85' lang='grc' dir='ltr'>τὴν</span> <span class='ocrx_word' id='word_1_8' title='bbox 1295 570 1474 640; x_wconf 77' lang='grc' dir='ltr'>ψυχὴν</span> <span class='ocrx_word' id='word_1_9' title='bbox 1500 570 1761 641; x_wconf 83' lang='grc' dir='ltr'>δηλονότι,</span> 
     </span>
    </p>
   </div>
   <div class='ocr_carea' id='block_1_3' title="bbox 196 659 1767 737">
    <p class='ocr_par' dir='ltr' id='par_1_3' title="bbox 196 659 1767 737">
     <span class='ocr_line' id='line_1_3' title="bbox 196 659 1767 737; baseline -0.004 -17"><span class='ocrx_word' id='word_1_10' title='bbox 196 665 553 737; x_wconf 86' lang='grc' dir='ltr'>διαδυόμενον,</span> <span class='ocrx_word' id='word_1_11' title='bbox 589 663 681 715; x_wconf 78' lang='grc' dir='ltr'>καὶ</span> <span class='ocrx_word' id='word_1_12' title='bbox 720 662 995 731; x_wconf 83' lang='grc' dir='ltr'>ποταμοὺς</span> <span class='ocrx_word' id='word_1_13' title='bbox 1046 659 1360 723; x_wconf 77' lang='grc' dir='ltr'>ἀναϐλύζον,</span> <span class='ocrx_word' id='word_1_14' title='bbox 1398 661 1639 729; x_wconf 81' lang='grc' dir='ltr'><strong>ἀσχέτως</strong></span> <span class='ocrx_word' id='word_1_15' title='bbox 1675 662 1767 713; x_wconf 83' lang='grc' dir='ltr'><strong>καί</strong></span> 
     </span>
    </p>
   </div>
   <div class='ocr_carea' id='block_1_4' title="bbox 199 752 1765 831">
    <p class='ocr_par' dir='ltr' id='par_1_4' title="bbox 199 752 1765 831">
     <span class='ocr_line' id='line_1_4' title="bbox 199 752 1765 831; baseline -0.004 -18"><span class='ocrx_word' id='word_1_16' title='bbox 199 760 521 831; x_wconf 83' lang='grc' dir='ltr'>ἀκρατήτως</span> <span class='ocrx_word' id='word_1_17' title='bbox 550 755 935 828; x_wconf 77' lang='grc' dir='ltr'>ἀπορῤἑοντας,</span> <span class='ocrx_word' id='word_1_18' title='bbox 961 752 1101 806; x_wconf 85' lang='grc' dir='ltr'><strong>κατά</strong></span> <span class='ocrx_word' id='word_1_19' title='bbox 1128 753 1209 816; x_wconf 85' lang='grc' dir='ltr'>τὸ,</span> <span class='ocrx_word' id='word_1_20' title='bbox 1233 752 1492 821; x_wconf 80' lang='grc' dir='ltr'>Ποταμοὶ</span> <span class='ocrx_word' id='word_1_21' title='bbox 1508 755 1765 820; x_wconf 79' lang='grc' dir='ltr'>ῥεύσου-</span> 
     </span>
    </p>
   </div>
   <div class='ocr_carea' id='block_1_5' title="bbox 198 842 1765 916">
    <p class='ocr_par' dir='ltr' id='par_1_5' title="bbox 198 842 1765 916">
     <span class='ocr_line' id='line_1_5' title="bbox 198 842 1765 916; baseline -0.006 -11"><span class='ocrx_word' id='word_1_22' title='bbox 198 868 298 905; x_wconf 78' lang='grc' dir='ltr'>σιν</span> <span class='ocrx_word' id='word_1_23' title='bbox 325 851 393 903; x_wconf 80' lang='grc' dir='ltr'><strong>ἐκ</strong></span> <span class='ocrx_word' id='word_1_24' title='bbox 421 847 529 916; x_wconf 83' lang='grc' dir='ltr'>τῆς</span> <span class='ocrx_word' id='word_1_25' title='bbox 559 848 789 911; x_wconf 73' lang='grc' dir='ltr'>κοιλίας</span> <span class='ocrx_word' id='word_1_26' title='bbox 815 844 999 898; x_wconf 82' lang='grc' dir='ltr'>αὐτοῦ</span> <span class='ocrx_word' id='word_1_27' title='bbox 1026 844 1242 910; x_wconf 79' lang='grc' dir='ltr'>ὕδατος</span> <span class='ocrx_word' id='word_1_28' title='bbox 1273 842 1503 908; x_wconf 71' lang='grc' dir='ltr'>ζῶντος.</span> <span class='ocrx_word' id='word_1_29' title='bbox 1546 844 1684 897; x_wconf 84' lang='grc' dir='ltr'>Ποτὲ</span> <span class='ocrx_word' id='word_1_30' title='bbox 1708 843 1765 896; x_wconf 78' lang='grc' dir='ltr'>δὲ</span> 
     </span>
    </p>
   </div>
   <div class='ocr_carea' id='block_1_6' title="bbox 198 933 1766 1010">
    <p class='ocr_par' dir='ltr' id='par_1_6' title="bbox 198 933 1766 1010">
     <span class='ocr_line' id='line_1_6' title="bbox 198 933 1766 1010; baseline -0.006 -13"><span class='ocrx_word' id='word_1_31' title='bbox 198 943 301 997; x_wconf 75' lang='grc' dir='ltr'><strong>ἀπὸ</strong></span> <span class='ocrx_word' id='word_1_32' title='bbox 330 942 434 995; x_wconf 80' lang='grc' dir='ltr'><strong>τῶν</strong></span> <span class='ocrx_word' id='word_1_33' title='bbox 456 940 699 1010; x_wconf 78' lang='grc' dir='ltr'><strong>ἐσχάτων</strong></span> <span class='ocrx_word' id='word_1_34' title='bbox 722 938 814 991; x_wconf 74' lang='grc' dir='ltr'>καὶ</span> <span class='ocrx_word' id='word_1_35' title='bbox 840 935 1145 1007; x_wconf 88' lang='grc' dir='ltr'>χθαμαλῶν,</span> <span class='ocrx_word' id='word_1_36' title='bbox 1172 936 1247 999; x_wconf 88' lang='grc' dir='ltr'>ὡς</span> <span class='ocrx_word' id='word_1_37' title='bbox 1270 933 1439 1006; x_wconf 90' lang='grc' dir='ltr'>μύρον</span> <span class='ocrx_word' id='word_1_38' title='bbox 1463 936 1675 998; x_wconf 80' lang='grc' dir='ltr'>εὑῶδες,</span> <span class='ocrx_word' id='word_1_39' title='bbox 1691 935 1766 998; x_wconf 86' lang='grc' dir='ltr'>ὡς</span> 
     </span>
    </p>
   </div>
   <div class='ocr_carea' id='block_1_7' title="bbox 198 1026 1760 1107">
    <p class='ocr_par' dir='ltr' id='par_1_7' title="bbox 198 1026 1760 1107">
     <span class='ocr_line' id='line_1_7' title="bbox 198 1026 1760 1107; baseline -0.005 -19"><span class='ocrx_word' id='word_1_40' title='bbox 198 1035 345 1107; x_wconf 82' lang='grc' dir='ltr'><strong>παρά</strong></span> <span class='ocrx_word' id='word_1_41' title='bbox 367 1034 445 1102; x_wconf 83' lang='grc' dir='ltr'>τῷ</span> <span class='ocrx_word' id='word_1_42' title='bbox 469 1030 788 1101; x_wconf 86' lang='grc' dir='ltr'>Σολομῶντι,</span> <span class='ocrx_word' id='word_1_43' title='bbox 815 1031 1019 1097; x_wconf 82' lang='grc' dir='ltr'>Μύρον</span> <span class='ocrx_word' id='word_1_44' title='bbox 1042 1028 1370 1081; x_wconf 75' lang='grc' dir='ltr'>ἐκκενωθὲν</span> <span class='ocrx_word' id='word_1_45' title='bbox 1404 1026 1588 1096; x_wconf 75' lang='grc' dir='ltr'>ὄνομά</span> <span class='ocrx_word' id='word_1_46' title='bbox 1617 1045 1729 1081; x_wconf 81' lang='grc' dir='ltr'><strong>σου</strong></span> <span class='ocrx_word' id='word_1_47' title='bbox 1747 1042 1760 1057; x_wconf 92' lang='grc'><strong>·</strong></span> 
     </span>
    </p>
   </div>
   <div class='ocr_carea' id='block_1_8' title="bbox 196 1118 1765 1194">
    <p class='ocr_par' dir='ltr' id='par_1_8' title="bbox 196 1118 1765 1194">
     <span class='ocr_line' id='line_1_8' title="bbox 196 1118 1765 1194; baseline -0.004 -18"><span class='ocrx_word' id='word_1_48' title='bbox 196 1125 269 1188; x_wconf 82' lang='grc' dir='ltr'><strong>ὡς</strong></span> <span class='ocrx_word' id='word_1_49' title='bbox 317 1122 462 1175; x_wconf 91' lang='grc' dir='ltr'>λίθον</span> <span class='ocrx_word' id='word_1_50' title='bbox 522 1124 932 1194; x_wconf 86' lang='grc' dir='ltr'>ἀκρογωνιαῖον,</span> <span class='ocrx_word' id='word_1_51' title='bbox 979 1119 1054 1181; x_wconf 81' lang='grc' dir='ltr'>ὼς</span> <span class='ocrx_word' id='word_1_52' title='bbox 1094 1118 1247 1189; x_wconf 90' lang='grc' dir='ltr'><strong>παρά</strong></span> <span class='ocrx_word' id='word_1_53' title='bbox 1288 1118 1366 1189; x_wconf 81' lang='grc' dir='ltr'>τῷ</span> <span class='ocrx_word' id='word_1_54' title='bbox 1404 1120 1618 1189; x_wconf 86' lang='grc' dir='ltr'>Δανιήλ.</span> <span class='ocrx_word' id='word_1_55' title='bbox 1658 1118 1765 1170; x_wconf 74' lang='grc' dir='ltr'>Καὶ</span> 
     </span>
    </p>
   </div>
   <div class='ocr_carea' id='block_1_9' title="bbox 199 1208 1765 1287">
    <p class='ocr_par' dir='ltr' id='par_1_9' title="bbox 199 1208 1765 1287">
     <span class='ocr_line' id='line_1_9' title="bbox 199 1208 1765 1287; baseline -0.005 -19"><span class='ocrx_word' id='word_1_56' title='bbox 199 1215 409 1287; x_wconf 81' lang='grc' dir='ltr'>μορφὰς</span> <span class='ocrx_word' id='word_1_57' title='bbox 437 1214 570 1285; x_wconf 77' lang='grc' dir='ltr'>αὐτῇ</span> <span class='ocrx_word' id='word_1_58' title='bbox 606 1212 941 1285; x_wconf 79' lang='grc' dir='ltr'><strong>περιτιθέασι</strong></span> <span class='ocrx_word' id='word_1_59' title='bbox 969 1210 1213 1273; x_wconf 84' lang='grc' dir='ltr'><strong>λεόντων,</strong></span> <span class='ocrx_word' id='word_1_60' title='bbox 1244 1209 1534 1281; x_wconf 84' lang='grc' dir='ltr'>πάνθηρος,</span> <span class='ocrx_word' id='word_1_61' title='bbox 1563 1208 1765 1279; x_wconf 85' lang='grc' dir='ltr'>παρδά-</span> 
     </span>
    </p>
   </div>
   <div class='ocr_carea' id='block_1_10' title="bbox 195 1302 1765 1376">
    <p class='ocr_par' dir='ltr' id='par_1_10' title="bbox 195 1302 1765 1376">
     <span class='ocr_line' id='line_1_10' title="bbox 195 1302 1765 1376; baseline -0.005 -17"><span class='ocrx_word' id='word_1_62' title='bbox 195 1305 347 1369; x_wconf 85' lang='grc' dir='ltr'>λεως,</span> <span class='ocrx_word' id='word_1_63' title='bbox 374 1307 465 1359; x_wconf 74' lang='grc' dir='ltr'><strong>καὶ</strong></span> <span class='ocrx_word' id='word_1_64' title='bbox 488 1304 865 1376; x_wconf 80' lang='grc' dir='ltr'>ἀπορουμένης</span> <span class='ocrx_word' id='word_1_65' title='bbox 885 1302 1110 1374; x_wconf 78' lang='grc' dir='ltr'>ἄρκτου,</span> <span class='ocrx_word' id='word_1_66' title='bbox 1136 1303 1210 1364; x_wconf 87' lang='grc' dir='ltr'>ὼς</span> <span class='ocrx_word' id='word_1_67' title='bbox 1239 1302 1295 1353; x_wconf 87' lang='grc' dir='ltr'>ὲν</span> <span class='ocrx_word' id='word_1_68' title='bbox 1322 1305 1434 1364; x_wconf 79' lang='grc' dir='ltr'>τοῖς</span> <span class='ocrx_word' id='word_1_69' title='bbox 1459 1303 1765 1372; x_wconf 76' lang='grc' dir='ltr'><strong>προφήταις</strong></span> 
     </span>
    </p>
   </div>
   <div class='ocr_carea' id='block_1_11' title="bbox 196 1388 1763 1469">
    <p class='ocr_par' dir='ltr' id='par_1_11' title="bbox 196 1388 1763 1469">
     <span class='ocr_line' id='line_1_11' title="bbox 196 1388 1763 1469; baseline -0.005 -18"><span class='ocrx_word' id='word_1_70' title='bbox 196 1397 551 1469; x_wconf 80' lang='grc' dir='ltr'>εὑρίσκονται.</span> <span class='ocrx_word' id='word_1_71' title='bbox 574 1392 873 1466; x_wconf 84' lang='grc' dir='ltr'>Προσθήσω</span> <span class='ocrx_word' id='word_1_72' title='bbox 891 1392 966 1455; x_wconf 86' lang='grc' dir='ltr'><strong>δὲ,</strong></span> <span class='ocrx_word' id='word_1_73' title='bbox 1001 1392 1081 1443; x_wconf 84' lang='grc' dir='ltr'>ὅτι</span> <span class='ocrx_word' id='word_1_74' title='bbox 1103 1393 1195 1445; x_wconf 80' lang='grc' dir='ltr'><strong>καὶ</strong></span> <span class='ocrx_word' id='word_1_75' title='bbox 1216 1391 1493 1462; x_wconf 81' lang='grc' dir='ltr'><strong>σκώληκος</strong></span> <span class='ocrx_word' id='word_1_76' title='bbox 1515 1388 1649 1454; x_wconf 79' lang='grc' dir='ltr'>εἶδος</span> <span class='ocrx_word' id='word_1_77' title='bbox 1674 1392 1763 1443; x_wconf 74' lang='grc' dir='ltr'>καὶ</span> 
     </span>
    </p>
   </div>
   <div class='ocr_carea' id='block_1_12' title="bbox 195 1484 1761 1560">
    <p class='ocr_par' dir='ltr' id='par_1_12' title="bbox 195 1484 1761 1560">
     <span class='ocr_line' id='line_1_12' title="bbox 195 1484 1761 1560; baseline -0.004 -16"><span class='ocrx_word' id='word_1_78' title='bbox 195 1489 501 1560; x_wconf 76' lang='grc' dir='ltr'><strong>ὀνομασίαν,</strong></span> <span class='ocrx_word' id='word_1_79' title='bbox 540 1486 679 1541; x_wconf 86' lang='grc' dir='ltr'><strong>κατά</strong></span> <span class='ocrx_word' id='word_1_80' title='bbox 727 1486 807 1547; x_wconf 84' lang='grc' dir='ltr'><strong>τὸ,</strong></span> <span class='ocrx_word' id='word_1_81' title='bbox 860 1485 1005 1554; x_wconf 75' lang='grc' dir='ltr'><strong>Ἐγώ</strong></span> <span class='ocrx_word' id='word_1_82' title='bbox 1048 1486 1159 1553; x_wconf 78' lang='grc' dir='ltr'>εἰμι</span> <span class='ocrx_word' id='word_1_83' title='bbox 1191 1484 1465 1551; x_wconf 74' lang='grc' dir='ltr'>σκώληξ,</span> <span class='ocrx_word' id='word_1_84' title='bbox 1511 1484 1609 1536; x_wconf 75' lang='grc' dir='ltr'><strong>καὶ</strong></span> <span class='ocrx_word' id='word_1_85' title='bbox 1652 1486 1761 1537; x_wconf 75' lang='grc' dir='ltr'><strong>οὐκ</strong></span> 
     </span>
    </p>
   </div>
   <div class='ocr_carea' id='block_1_13' title="bbox 193 1574 1764 1650">
    <p class='ocr_par' dir='ltr' id='par_1_13' title="bbox 193 1574 1764 1650">
     <span class='ocr_line' id='line_1_13' title="bbox 193 1574 1764 1650; baseline -0.005 -14"><span class='ocrx_word' id='word_1_86' title='bbox 193 1583 527 1650; x_wconf 77' lang='grc' dir='ltr'>ἄνθρωπος·</span> <span class='ocrx_word' id='word_1_87' title='bbox 575 1578 671 1632; x_wconf 66' lang='grc' dir='ltr'><strong>καὶ</strong></span> <span class='ocrx_word' id='word_1_88' title='bbox 721 1574 858 1641; x_wconf 73' lang='grc' dir='ltr'>εἶδος</span> <span class='ocrx_word' id='word_1_89' title='bbox 912 1577 1109 1648; x_wconf 77' lang='grc' dir='ltr'>μᾶλλον</span> <span class='ocrx_word' id='word_1_90' title='bbox 1151 1576 1245 1629; x_wconf 78' lang='grc' dir='ltr'><strong>τοῦ</strong></span> <span class='ocrx_word' id='word_1_91' title='bbox 1294 1577 1569 1648; x_wconf 82' lang='grc' dir='ltr'><strong>σκώληκος</strong></span> <span class='ocrx_word' id='word_1_92' title='bbox 1600 1576 1649 1628; x_wconf 81' lang='grc' dir='ltr'>οι</span> <span class='ocrx_word' id='word_1_93' title='bbox 1694 1576 1764 1629; x_wconf 88' lang='grc' dir='ltr'><strong>τά</strong></span> 
     </span>
    </p>
   </div>
   <div class='ocr_carea' id='block_1_14' title="bbox 195 1668 1763 1741">
    <p class='ocr_par' dir='ltr' id='par_1_14' title="bbox 195 1668 1763 1741">
     <span class='ocr_line' id='line_1_14' title="bbox 195 1668 1763 1741; baseline -0.004 -14"><span class='ocrx_word' id='word_1_94' title='bbox 195 1674 312 1727; x_wconf 83' lang='grc' dir='ltr'>θεῖα</span> <span class='ocrx_word' id='word_1_95' title='bbox 344 1672 495 1741; x_wconf 69' lang='grc' dir='ltr'>σοφοὶ</span> <span class='ocrx_word' id='word_1_96' title='bbox 524 1669 912 1734; x_wconf 81' lang='grc' dir='ltr'><strong>ἀποδεδώκασι,</strong></span> <span class='ocrx_word' id='word_1_97' title='bbox 945 1669 1032 1722; x_wconf 80' lang='grc' dir='ltr'>διὰ</span> <span class='ocrx_word' id='word_1_98' title='bbox 1062 1670 1159 1740; x_wconf 76' lang='grc' dir='ltr'><strong>τὴν</strong></span> <span class='ocrx_word' id='word_1_99' title='bbox 1201 1670 1436 1740; x_wconf 80' lang='grc' dir='ltr'>ἄσπορον</span> <span class='ocrx_word' id='word_1_100' title='bbox 1464 1671 1528 1721; x_wconf 81' lang='grc' dir='ltr'><strong>ὲκ</strong></span> <span class='ocrx_word' id='word_1_101' title='bbox 1554 1668 1763 1739; x_wconf 80' lang='grc' dir='ltr'>Παρθέ-</span> 
     </span>
    </p>
   </div>
   <div class='ocr_carea' id='block_1_15' title="bbox 194 1756 1762 1836">
    <p class='ocr_par' dir='ltr' id='par_1_15' title="bbox 194 1756 1762 1836">
     <span class='ocr_line' id='line_1_15' title="bbox 194 1756 1762 1836; baseline -0.004 -18"><span class='ocrx_word' id='word_1_102' title='bbox 194 1782 284 1818; x_wconf 76' lang='grc' dir='ltr'><strong>νου</strong></span> <span class='ocrx_word' id='word_1_103' title='bbox 312 1764 589 1836; x_wconf 71' lang='grc' dir='ltr'>σύλληψιν,</span> <span class='ocrx_word' id='word_1_104' title='bbox 624 1764 716 1816; x_wconf 77' lang='grc' dir='ltr'>καὶ</span> <span class='ocrx_word' id='word_1_105' title='bbox 737 1762 800 1817; x_wconf 71' lang='grc' dir='ltr'>τὸ</span> <span class='ocrx_word' id='word_1_106' title='bbox 824 1760 1026 1816; x_wconf 82' lang='grc' dir='ltr'>τέλειον</span> <span class='ocrx_word' id='word_1_107' title='bbox 1053 1756 1191 1824; x_wconf 79' lang='grc' dir='ltr'>εἶδος</span> <span class='ocrx_word' id='word_1_108' title='bbox 1214 1759 1307 1813; x_wconf 80' lang='grc' dir='ltr'>τοῦ</span> <span class='ocrx_word' id='word_1_109' title='bbox 1331 1758 1638 1830; x_wconf 76' lang='grc' dir='ltr'>ἀνθρώπου,</span> <span class='ocrx_word' id='word_1_110' title='bbox 1668 1759 1762 1813; x_wconf 71' lang='lat' dir='ltr'><strong>xui.</strong></span> 
     </span>
    </p>
   </div>
   <div class='ocr_carea' id='block_1_16' title="bbox 193 1854 1214 1930">
    <p class='ocr_par' dir='ltr' id='par_1_16' title="bbox 193 1854 1214 1930">
     <span class='ocr_line' id='line_1_16' title="bbox 193 1854 1214 1930; baseline -0.002 -19"><span class='ocrx_word' id='word_1_111' title='bbox 193 1859 291 1930; x_wconf 81' lang='grc' dir='ltr'>τὴν</span> <span class='ocrx_word' id='word_1_112' title='bbox 316 1854 524 1913; x_wconf 78' lang='grc' dir='ltr'>τελείαν</span> <span class='ocrx_word' id='word_1_113' title='bbox 550 1858 712 1930; x_wconf 83' lang='grc' dir='ltr'>φύσιν</span> <span class='ocrx_word' id='word_1_114' title='bbox 737 1857 805 1928; x_wconf 68' lang='grc' dir='ltr'>ἢν</span> <span class='ocrx_word' id='word_1_115' title='bbox 830 1855 1214 1930; x_wconf 74' lang='grc' dir='ltr'>προσελάσετο.</span> 
     </span>
    </p>
   </div>
   <div class='ocr_carea' id='block_1_17' title="bbox 264 2141 1764 2213">
    <p class='ocr_par' dir='ltr' id='par_1_17' title="bbox 264 2141 1764 2213">
     <span class='ocr_line' id='line_1_17' title="bbox 264 2141 1764 2213; baseline -0.002 -14"><span class='ocrx_word' id='word_1_116' title='bbox 264 2145 423 2201; x_wconf 75' lang='grc' dir='ltr'>Οὕτω</span> <span class='ocrx_word' id='word_1_117' title='bbox 446 2145 649 2209; x_wconf 89' lang='grc' dir='ltr'>πάντες</span> <span class='ocrx_word' id='word_1_118' title='bbox 676 2146 726 2199; x_wconf 81' lang='grc' dir='ltr'><strong>οἱ</strong></span> <span class='ocrx_word' id='word_1_119' title='bbox 750 2142 995 2211; x_wconf 82' lang='grc' dir='ltr'>θεόσοφοι</span> <span class='ocrx_word' id='word_1_120' title='bbox 1019 2142 1118 2213; x_wconf 78' lang='grc' dir='ltr'>τῆς</span> <span class='ocrx_word' id='word_1_121' title='bbox 1144 2141 1293 2205; x_wconf 83' lang='grc' dir='ltr'>θείας</span> <span class='ocrx_word' id='word_1_122' title='bbox 1319 2142 1601 2205; x_wconf 74' lang='grc' dir='ltr'>ἐπιπνοίας</span> <span class='ocrx_word' id='word_1_123' title='bbox 1632 2141 1764 2196; x_wconf 84' lang='grc' dir='ltr'>ὑπο-</span> 
     </span>
    </p>
   </div>
   <div class='ocr_carea' id='block_1_18' title="bbox 195 2231 1764 2310">
    <p class='ocr_par' dir='ltr' id='par_1_18' title="bbox 195 2231 1764 2310">
     <span class='ocr_line' id='line_1_18' title="bbox 195 2231 1764 2310; baseline -0.004 -17"><span class='ocrx_word' id='word_1_124' title='bbox 195 2238 483 2310; x_wconf 76' lang='grc' dir='ltr'>φῆταιτῶν</span> <span class='ocrx_word' id='word_1_125' title='bbox 507 2237 803 2292; x_wconf 75' lang='grc' dir='ltr'><strong>ἀτελέστων</strong></span> <span class='ocrx_word' id='word_1_126' title='bbox 830 2232 925 2291; x_wconf 62' lang='grc' dir='ltr'><strong>καὶ⁸</strong></span> <span class='ocrx_word' id='word_1_127' title='bbox 943 2234 1171 2307; x_wconf 80' lang='grc' dir='ltr'>ἀνιέρων</span> <span class='ocrx_word' id='word_1_128' title='bbox 1194 2231 1431 2301; x_wconf 75' lang='grc' dir='ltr'>τάἊγια</span> <span class='ocrx_word' id='word_1_129' title='bbox 1462 2233 1571 2285; x_wconf 86' lang='grc' dir='ltr'><strong>τῶν</strong></span> <span class='ocrx_word' id='word_1_130' title='bbox 1594 2235 1764 2302; x_wconf 74' lang='grc' dir='ltr'>ἀγίων</span> 
     </span>
    </p>
   </div>
   <div class='ocr_carea' id='block_1_19' title="bbox 194 2322 1767 2399">
    <p class='ocr_par' dir='ltr' id='par_1_19' title="bbox 194 2322 1767 2399">
     <span class='ocr_line' id='line_1_19' title="bbox 194 2322 1767 2399; baseline -0.004 -16"><span class='ocrx_word' id='word_1_131' title='bbox 194 2328 685 2391; x_wconf 68' lang='grc' dir='ltr'>ἀπώωπέλλουσι,</span> <span class='ocrx_word' id='word_1_132' title='bbox 723 2329 817 2381; x_wconf 73' lang='grc' dir='ltr'><strong>καὶ</strong></span> <span class='ocrx_word' id='word_1_133' title='bbox 842 2328 940 2399; x_wconf 79' lang='grc' dir='ltr'>τὴν</span> <span class='ocrx_word' id='word_1_134' title='bbox 983 2326 1231 2397; x_wconf 88' lang='grc' dir='ltr'>ἀνόμοιον</span> <span class='ocrx_word' id='word_1_135' title='bbox 1257 2322 1651 2397; x_wconf 86' lang='grc' dir='ltr'>ίερομόρφωσιν</span> <span class='ocrx_word' id='word_1_136' title='bbox 1684 2342 1767 2378; x_wconf 86' lang='grc' dir='ltr'>τι-</span> 
     </span>
    </p>
   </div>
   <div class='ocr_carea' id='block_1_20' title="bbox 200 2409 1768 2490">
    <p class='ocr_par' dir='ltr' id='par_1_20' title="bbox 200 2409 1768 2490">
     <span class='ocr_line' id='line_1_20' title="bbox 200 2409 1768 2490; baseline -0.005 -17"><span class='ocrx_word' id='word_1_137' title='bbox 200 2419 393 2490; x_wconf 84' lang='grc' dir='ltr'>μῶσιν,</span> <span class='ocrx_word' id='word_1_138' title='bbox 414 2414 494 2481; x_wconf 72' lang='grc' dir='ltr'><strong>ὡς</strong></span> <span class='ocrx_word' id='word_1_139' title='bbox 522 2421 656 2489; x_wconf 81' lang='grc' dir='ltr'>μήτε</span> <span class='ocrx_word' id='word_1_140' title='bbox 684 2417 751 2470; x_wconf 83' lang='grc' dir='ltr'><strong>τά</strong></span> <span class='ocrx_word' id='word_1_141' title='bbox 778 2414 894 2470; x_wconf 81' lang='grc' dir='ltr'>θεία</span> <span class='ocrx_word' id='word_1_142' title='bbox 920 2415 983 2469; x_wconf 70' lang='grc' dir='ltr'><strong>ἐκ</strong></span> <span class='ocrx_word' id='word_1_143' title='bbox 1003 2416 1294 2487; x_wconf 70' lang='grc' dir='ltr'>προχείρου</span> <span class='ocrx_word' id='word_1_144' title='bbox 1321 2409 1456 2467; x_wconf 73' lang='grc' dir='ltr'>εἶναι</span> <span class='ocrx_word' id='word_1_145' title='bbox 1479 2416 1590 2477; x_wconf 77' lang='grc' dir='ltr'>τοῖς</span> <span class='ocrx_word' id='word_1_146' title='bbox 1618 2414 1768 2485; x_wconf 70' lang='grc' dir='ltr'>βεϐή-</span> 
     </span>
    </p>
   </div>
   <div class='ocr_carea' id='block_1_21' title="bbox 194 2507 1764 2583">
    <p class='ocr_par' dir='ltr' id='par_1_21' title="bbox 194 2507 1764 2583">
     <span class='ocr_line' id='line_1_21' title="bbox 194 2507 1764 2583; baseline -0.004 -16"><span class='ocrx_word' id='word_1_147' title='bbox 194 2512 306 2577; x_wconf 92' lang='grc' dir='ltr'>λοις</span> <span class='ocrx_word' id='word_1_148' title='bbox 337 2512 598 2577; x_wconf 69' lang='grc' dir='ltr'>νοείσθαι,</span> <span class='ocrx_word' id='word_1_149' title='bbox 634 2514 771 2583; x_wconf 83' lang='grc' dir='ltr'>μήτε</span> <span class='ocrx_word' id='word_1_150' title='bbox 799 2510 925 2575; x_wconf 80' lang='grc' dir='ltr'>τοὺς</span> <span class='ocrx_word' id='word_1_151' title='bbox 948 2510 1055 2564; x_wconf 82' lang='grc' dir='ltr'><strong>τῶν</strong></span> <span class='ocrx_word' id='word_1_152' title='bbox 1080 2511 1241 2583; x_wconf 87' lang='grc' dir='ltr'>ίερῶν</span> <span class='ocrx_word' id='word_1_153' title='bbox 1268 2509 1596 2579; x_wconf 79' lang='grc' dir='ltr'>ἀγαλμάτων</span> <span class='ocrx_word' id='word_1_154' title='bbox 1620 2507 1764 2577; x_wconf 83' lang='grc' dir='ltr'>φιλο-</span> 
     </span>
    </p>
   </div>
   <div class='ocr_carea' id='block_1_22' title="bbox 196 2597 1766 2677">
    <p class='ocr_par' dir='ltr' id='par_1_22' title="bbox 196 2597 1766 2677">
     <span class='ocr_line' id='line_1_22' title="bbox 196 2597 1766 2677; baseline -0.006 -18"><span class='ocrx_word' id='word_1_155' title='bbox 196 2606 484 2677; x_wconf 84' lang='grc' dir='ltr'>θεάμονας,</span> <span class='ocrx_word' id='word_1_156' title='bbox 503 2604 577 2668; x_wconf 78' lang='grc' dir='ltr'>ὡς</span> <span class='ocrx_word' id='word_1_157' title='bbox 602 2603 852 2674; x_wconf 75' lang='grc' dir='ltr'>ἀληθέσιν</span> <span class='ocrx_word' id='word_1_158' title='bbox 876 2601 1224 2673; x_wconf 82' lang='grc' dir='ltr'>ὲναπομὲνειν</span> <span class='ocrx_word' id='word_1_159' title='bbox 1243 2599 1355 2663; x_wconf 73' lang='grc' dir='ltr'>τοῖς</span> <span class='ocrx_word' id='word_1_160' title='bbox 1371 2600 1577 2661; x_wconf 86' lang='grc' dir='ltr'><strong>τύποις.</strong></span> <span class='ocrx_word' id='word_1_161' title='bbox 1600 2597 1766 2650; x_wconf 82' lang='grc' dir='ltr'>Τοῦτο</span> 
     </span>
    </p>
   </div>
   <div class='ocr_carea' id='block_1_23' title="bbox 196 2682 1766 2769">
    <p class='ocr_par' dir='ltr' id='par_1_23' title="bbox 196 2682 1766 2769">
     <span class='ocr_line' id='line_1_23' title="bbox 196 2682 1766 2769; baseline -0.005 -20"><span class='ocrx_word' id='word_1_162' title='bbox 196 2697 253 2751; x_wconf 70' lang='grc' dir='ltr'>δὲ</span> <span class='ocrx_word' id='word_1_163' title='bbox 289 2697 349 2764; x_wconf 76' lang='grc' dir='ltr'><strong>ἐξ</strong></span> <span class='ocrx_word' id='word_1_164' title='bbox 396 2696 660 2769; x_wconf 79' lang='grc' dir='ltr'>Ἐλλήνων</span> <span class='ocrx_word' id='word_1_165' title='bbox 706 2693 984 2764; x_wconf 75' lang='grc' dir='ltr'>εἴληπται·</span> <span class='ocrx_word' id='word_1_166' title='bbox 1033 2694 1227 2744; x_wconf 74' lang='grc' dir='ltr'>ἐκείνοι</span> <span class='ocrx_word' id='word_1_167' title='bbox 1270 2689 1378 2762; x_wconf 89' lang='grc' dir='ltr'>γάρ</span> <span class='ocrx_word' id='word_1_168' title='bbox 1428 2689 1641 2742; x_wconf 76' lang='grc' dir='ltr'>ἐποίουν</span> <span class='ocrx_word' id='word_1_169' title='bbox 1679 2682 1766 2741; x_wconf 73' lang='grc' dir='ltr'>οἷά</span> 
     </span>
    </p>
   </div>
   <div class='ocr_carea' id='block_1_24' title="bbox 195 2780 1762 2858">
    <p class='ocr_par' dir='ltr' id='par_1_24' title="bbox 195 2780 1762 2858">
     <span class='ocr_line' id='line_1_24' title="bbox 195 2780 1762 2858; baseline -0.004 -18"><span class='ocrx_word' id='word_1_170' title='bbox 195 2805 345 2850; x_wconf 87' lang='grc' dir='ltr'>τινας</span> <span class='ocrx_word' id='word_1_171' title='bbox 377 2787 712 2858; x_wconf 87' lang='grc' dir='ltr'>ἀνδριάντας,</span> <span class='ocrx_word' id='word_1_172' title='bbox 744 2786 880 2856; x_wconf 85' lang='grc' dir='ltr'>μήτε</span> <span class='ocrx_word' id='word_1_173' title='bbox 904 2786 1108 2856; x_wconf 77' lang='grc' dir='ltr'>χεῖρας,</span> <span class='ocrx_word' id='word_1_174' title='bbox 1157 2784 1292 2853; x_wconf 78' lang='grc' dir='ltr'>μήτε</span> <span class='ocrx_word' id='word_1_175' title='bbox 1326 2782 1489 2844; x_wconf 84' lang='grc' dir='ltr'>πόδας</span> <span class='ocrx_word' id='word_1_176' title='bbox 1516 2780 1762 2851; x_wconf 70' lang='grc' dir='ltr'>ἔχοντας’</span> 
     </span>
    </p>
   </div>
   <div class='ocr_carea' id='block_1_25' title="bbox 195 2871 1767 2951">
    <p class='ocr_par' dir='ltr' id='par_1_25' title="bbox 195 2871 1767 2951">
     <span class='ocr_line' id='line_1_25' title="bbox 195 2871 1767 2951; baseline -0.004 -20"><span class='ocrx_word' id='word_1_177' title='bbox 195 2878 417 2942; x_wconf 84' lang='grc' dir='ltr'>τούτους</span> <span class='ocrx_word' id='word_1_178' title='bbox 448 2877 504 2931; x_wconf 80' lang='grc' dir='ltr'><strong>δὲ</strong></span> <span class='ocrx_word' id='word_1_179' title='bbox 547 2878 751 2951; x_wconf 79' lang='grc' dir='ltr'>Ἑρμᾶς</span> <span class='ocrx_word' id='word_1_180' title='bbox 790 2874 1035 2938; x_wconf 79' lang='grc' dir='ltr'>ἐκάλουν,</span> <span class='ocrx_word' id='word_1_181' title='bbox 1076 2874 1151 2936; x_wconf 85' lang='grc' dir='ltr'>ὼς</span> <span class='ocrx_word' id='word_1_182' title='bbox 1186 2873 1429 2945; x_wconf 79' lang='grc' dir='ltr'>κρυφίως</span> <span class='ocrx_word' id='word_1_183' title='bbox 1453 2872 1602 2935; x_wconf 83' lang='grc' dir='ltr'>ὲντὸς</span> <span class='ocrx_word' id='word_1_184' title='bbox 1634 2871 1767 2943; x_wconf 64' lang='grc' dir='ltr'>κρύο</span> 
     </span>
    </p>
   </div>
   <div class='ocr_carea' id='block_1_26' title="bbox 196 2963 1766 3040">
    <p class='ocr_par' dir='ltr' id='par_1_26' title="bbox 196 2963 1766 3040">
     <span class='ocr_line' id='line_1_26' title="bbox 196 2963 1766 3040; baseline -0.005 -15"><span class='ocrx_word' id='word_1_185' title='bbox 196 2989 427 3035; x_wconf 70' lang='lat' dir='ltr'><strong>mem;</strong></span> <span class='ocrx_word' id='word_1_186' title='bbox 450 2969 515 3025; x_wconf 63' lang='grc' dir='ltr'>τὸ</span> <span class='ocrx_word' id='word_1_187' title='bbox 536 2969 781 3040; x_wconf 80' lang='grc' dir='ltr'>ἀγαλμα-</span> <span class='ocrx_word' id='word_1_188' title='bbox 816 2965 887 3020; x_wconf 85' lang='grc' dir='ltr'><strong>τά</strong></span> <span class='ocrx_word' id='word_1_189' title='bbox 908 2964 1015 3035; x_wconf 79' lang='grc' dir='ltr'>γὰρ</span> <span class='ocrx_word' id='word_1_190' title='bbox 1044 2964 1245 3037; x_wconf 78' lang='grc' dir='ltr'>κρύφια</span> <span class='ocrx_word' id='word_1_191' title='bbox 1272 2963 1349 3036; x_wconf 79' lang='grc' dir='ltr'>τῷ</span> <span class='ocrx_word' id='word_1_192' title='bbox 1386 2964 1444 3017; x_wconf 81' lang='grc' dir='ltr'>Ἐ</span> <span class='ocrx_word' id='word_1_193' title='bbox 1456 2968 1563 3037; x_wconf 79' lang='grc' dir='ltr'>ρμῇ</span> <span class='ocrx_word' id='word_1_194' title='bbox 1589 2966 1766 3020; x_wconf 90' lang='grc' dir='ltr'>ἀνετί-</span> 
     </span>
    </p>
   </div>
   <div class='ocr_carea' id='block_1_27' title="bbox 198 3052 1767 3131">
    <p class='ocr_par' dir='ltr' id='par_1_27' title="bbox 198 3052 1767 3131">
     <span class='ocr_line' id='line_1_27' title="bbox 198 3052 1767 3131; baseline -0.003 -17"><span class='ocrx_word' id='word_1_195' title='bbox 198 3062 340 3116; x_wconf 87' lang='grc' dir='ltr'>θουν.</span> <span class='ocrx_word' id='word_1_196' title='bbox 389 3060 631 3116; x_wconf 86' lang='grc' dir='ltr'>Ἐποίουν</span> <span class='ocrx_word' id='word_1_197' title='bbox 655 3059 763 3131; x_wconf 85' lang='grc' dir='ltr'><strong>γὰρ</strong></span> <span class='ocrx_word' id='word_1_198' title='bbox 785 3060 843 3111; x_wconf 80' lang='grc' dir='ltr'><strong>ὲν</strong></span> <span class='ocrx_word' id='word_1_199' title='bbox 865 3054 1044 3122; x_wconf 78' lang='grc' dir='ltr'>αὐτοῖς</span> <span class='ocrx_word' id='word_1_200' title='bbox 1081 3057 1174 3109; x_wconf 61' lang='grc' dir='ltr'><strong>καὶ⁴</strong></span> <span class='ocrx_word' id='word_1_201' title='bbox 1211 3054 1376 3126; x_wconf 82' lang='grc' dir='ltr'>θύρας</span> <span class='ocrx_word' id='word_1_202' title='bbox 1420 3056 1513 3108; x_wconf 73' lang='grc' dir='ltr'>καὶ</span> <span class='ocrx_word' id='word_1_203' title='bbox 1571 3052 1767 3121; x_wconf 88' lang='grc' dir='ltr'>τόπους</span> 
     </span>
    </p>
   </div>
   <div class='ocr_carea' id='block_1_28' title="bbox 196 3139 1766 3219">
    <p class='ocr_par' dir='ltr' id='par_1_28' title="bbox 196 3139 1766 3219">
     <span class='ocr_line' id='line_1_28' title="bbox 196 3139 1766 3219; baseline -0.006 -11"><span class='ocrx_word' id='word_1_204' title='bbox 196 3152 502 3217; x_wconf 76' lang='grc' dir='ltr'>διακένους,</span> <span class='ocrx_word' id='word_1_205' title='bbox 533 3154 625 3205; x_wconf 77' lang='grc' dir='ltr'><strong>καὶ</strong></span> <span class='ocrx_word' id='word_1_206' title='bbox 652 3149 849 3204; x_wconf 76' lang='grc' dir='ltr'>ἔσωθεν</span> <span class='ocrx_word' id='word_1_207' title='bbox 866 3149 1117 3219; x_wconf 59' lang='grc' dir='ltr'><strong>ιἐτίθεσαν</strong></span> <span class='ocrx_word' id='word_1_208' title='bbox 1154 3144 1441 3216; x_wconf 74' lang='grc' dir='ltr'>ἀγάλματα</span> <span class='ocrx_word' id='word_1_209' title='bbox 1473 3139 1548 3198; x_wconf 82' lang='grc' dir='ltr'>ὧν</span> <span class='ocrx_word' id='word_1_210' title='bbox 1582 3145 1766 3199; x_wconf 69' lang='grc' dir='ltr'>ἔσεϐον</span> 
     </span>
    </p>
   </div>
   <div class='ocr_carea' id='block_1_29' title="bbox 697 364 2905 433">
    <p class='ocr_par' dir='ltr' id='par_1_29' title="bbox 697 364 2905 433">
     <span class='ocr_line' id='line_1_29' title="bbox 697 364 2905 433; baseline 0.002 -12"><span class='ocrx_word' id='word_1_211' title='bbox 697 366 780 421; x_wconf 86' lang='lat' dir='ltr'><strong>DE</strong></span> <span class='ocrx_word' id='word_1_212' title='bbox 812 364 1137 421; x_wconf 74' lang='lat' dir='ltr'><strong>C(ELESTI</strong></span> <span class='ocrx_word' id='word_1_213' title='bbox 1171 364 1617 433; x_wconf 78' lang='lat' dir='ltr'><strong>HlERARCHlA,</strong></span> <span class='ocrx_word' id='word_1_214' title='bbox 1650 365 1806 423; x_wconf 83' lang='lat' dir='ltr'><strong>CAP.</strong></span> <span class='ocrx_word' id='word_1_215' title='bbox 1846 365 1909 423; x_wconf 82' lang='lat' dir='ltr'><strong>il.</strong></span> <span class='ocrx_word' id='word_1_216' title='bbox 1943 397 2012 408; x_wconf 94' lang='lat'><em>—</em></span> <span class='ocrx_word' id='word_1_217' title='bbox 2044 366 2391 425; x_wconf 77' lang='lat' dir='ltr'><strong>PARAPHR.</strong></span> <span class='ocrx_word' id='word_1_218' title='bbox 2432 368 2905 425; x_wconf 68' lang='lat' dir='ltr'><strong>PACHYMER/E.</strong></span> 
     </span>
    </p>
   </div>
   <div class='ocr_carea' id='block_1_30' title="bbox 196 479 1845 567">
    <p class='ocr_par' dir='ltr' id='par_1_30' title="bbox 196 479 1845 567">
     <span class='ocr_line' id='line_1_30' title="bbox 196 479 1845 567; baseline -0.005 -27"><span class='ocrx_word' id='word_1_219' title='bbox 196 485 355 554; x_wconf 78' lang='grc' dir='ltr'>τικῆς</span> <span class='ocrx_word' id='word_1_220' title='bbox 397 480 835 553; x_wconf 71' lang='grc' dir='ltr'>ἀποπληρώσεως</span> <span class='ocrx_word' id='word_1_221' title='bbox 877 482 968 534; x_wconf 80' lang='grc' dir='ltr'>καὶ</span> <span class='ocrx_word' id='word_1_222' title='bbox 1009 480 1322 551; x_wconf 82' lang='grc' dir='ltr'>χορτασμοῦ</span> <span class='ocrx_word' id='word_1_223' title='bbox 1374 479 1626 553; x_wconf 81' lang='grc' dir='ltr'>χορηγὸν,</span> <span class='ocrx_word' id='word_1_224' title='bbox 1675 481 1767 534; x_wconf 73' lang='grc' dir='ltr'>καὶ</span> <span class='ocrx_word' id='word_1_225' title='bbox 1799 514 1845 567; x_wconf 65' lang='grc' dir='ltr'><strong>Α</strong></span> 
     </span>
    </p>
   </div>
   <div class='ocr_carea' id='block_1_31' title="bbox 3338 376 3435 433">
    <p class='ocr_par' dir='ltr' id='par_1_31' title="bbox 3338 376 3435 433">
     <span class='ocr_line' id='line_1_31' title="bbox 3338 376 3435 433; baseline -0.041 -1"><span class='ocrx_word' id='word_1_226' title='bbox 3338 376 3435 433; x_wconf 74' lang='grc'><strong>162</strong></span> 
     </span>
    </p>
   </div>
   <div class='ocr_carea' id='block_1_32' title="bbox 1890 480 3436 549">
    <p class='ocr_par' dir='ltr' id='par_1_32' title="bbox 1890 480 3436 549">
     <span class='ocr_line' id='line_1_32' title="bbox 1890 480 3436 549; baseline 0.006 -16"><span class='ocrx_word' id='word_1_227' title='bbox 1890 480 2281 535; x_wconf 81' lang='lat' dir='ltr'><strong>illuminantem</strong></span> <span class='ocrx_word' id='word_1_228' title='bbox 2329 493 2383 536; x_wconf 92' lang='lat' dir='ltr'><strong>et</strong></span> <span class='ocrx_word' id='word_1_229' title='bbox 2431 485 2547 537; x_wconf 83' lang='lat' dir='ltr'><strong>sine</strong></span> <span class='ocrx_word' id='word_1_230' title='bbox 2576 485 2968 549; x_wconf 82' lang='lat' dir='ltr'><strong>eombustione,</strong></span> <span class='ocrx_word' id='word_1_231' title='bbox 3015 487 3156 541; x_wconf 76' lang='lat' dir='ltr'><strong>sicut</strong></span> <span class='ocrx_word' id='word_1_232' title='bbox 3204 490 3256 542; x_wconf 91' lang='lat' dir='ltr'><strong>in</strong></span> <span class='ocrx_word' id='word_1_233' title='bbox 3304 495 3436 545; x_wconf 81' lang='lat' dir='ltr'><strong>rubo</strong></span> 
     </span>
    </p>
   </div>
   <div class='ocr_carea' id='block_1_33' title="bbox 1872 572 3434 649">
    <p class='ocr_par' dir='ltr' id='par_1_33' title="bbox 1872 572 3434 649">
     <span class='ocr_line' id='line_1_33' title="bbox 1872 572 3434 649; baseline 0.009 -26"><span class='ocrx_word' id='word_1_234' title='bbox 1872 572 2048 625; x_wconf 87' lang='lat' dir='ltr'><strong>visum</strong></span> <span class='ocrx_word' id='word_1_235' title='bbox 2088 590 2103 627; x_wconf 92' lang='lat'><strong>:</strong></span> <span class='ocrx_word' id='word_1_236' title='bbox 2145 582 2201 627; x_wconf 90' lang='lat' dir='ltr'><strong>ut</strong></span> <span class='ocrx_word' id='word_1_237' title='bbox 2248 590 2479 643; x_wconf 84' lang='lat' dir='ltr'><strong>aquam,</strong></span> <span class='ocrx_word' id='word_1_238' title='bbox 2523 577 2616 629; x_wconf 84' lang='lat' dir='ltr'><strong>sed</strong></span> <span class='ocrx_word' id='word_1_239' title='bbox 2651 592 2772 645; x_wconf 68' lang='lat' dir='ltr'><strong>qua:</strong></span> <span class='ocrx_word' id='word_1_240' title='bbox 2811 578 3025 633; x_wconf 83' lang='lat' dir='ltr'><strong>vitalem</strong></span> <span class='ocrx_word' id='word_1_241' title='bbox 3075 580 3434 649; x_wconf 84' lang='lat' dir='ltr'><strong>expietionem</strong></span> 
     </span>
    </p>
   </div>
   <div class='ocr_carea' id='block_1_34' title="bbox 1868 662 3434 742">
    <p class='ocr_par' dir='ltr' id='par_1_34' title="bbox 1868 662 3434 742">
     <span class='ocr_line' id='line_1_34' title="bbox 1868 662 3434 742; baseline 0.007 -26"><span class='ocrx_word' id='word_1_242' title='bbox 1868 663 2279 733; x_wconf 83' lang='lat' dir='ltr'><strong>satietatemque</strong></span> <span class='ocrx_word' id='word_1_243' title='bbox 2309 668 2533 733; x_wconf 67' lang='lat' dir='ltr'><strong>praebet,</strong></span> <span class='ocrx_word' id='word_1_244' title='bbox 2560 676 2614 719; x_wconf 92' lang='lat' dir='ltr'><strong>et</strong></span> <span class='ocrx_word' id='word_1_245' title='bbox 2643 684 2783 737; x_wconf 71' lang='grc' dir='ltr'>ιιιιαι,</span> <span class='ocrx_word' id='word_1_246' title='bbox 2814 680 2871 720; x_wconf 85' lang='grc' dir='ltr'><strong>ιιι</strong></span> <span class='ocrx_word' id='word_1_247' title='bbox 2897 662 3194 739; x_wconf 79' lang='lat' dir='ltr'><strong>symbolice</strong></span> <span class='ocrx_word' id='word_1_248' title='bbox 3220 674 3434 742; x_wconf 80' lang='lat' dir='ltr'><strong>loquar,</strong></span> 
     </span>
    </p>
   </div>
   <div class='ocr_carea' id='block_1_35' title="bbox 1870 751 3435 820">
    <p class='ocr_par' dir='ltr' id='par_1_35' title="bbox 1870 751 3435 820">
     <span class='ocr_line' id='line_1_35' title="bbox 1870 751 3435 820; baseline 0.009 -17"><span class='ocrx_word' id='word_1_249' title='bbox 1870 751 1920 804; x_wconf 91' lang='lat' dir='ltr'><strong>in</strong></span> <span class='ocrx_word' id='word_1_250' title='bbox 1957 761 2231 815; x_wconf 74' lang='lat' dir='ltr'><strong>ventrem,</strong></span> <span class='ocrx_word' id='word_1_251' title='bbox 2274 753 2325 807; x_wconf 93' lang='lat' dir='ltr'><strong>id</strong></span> <span class='ocrx_word' id='word_1_252' title='bbox 2359 764 2444 807; x_wconf 87' lang='lat' dir='ltr'><strong>est</strong></span> <span class='ocrx_word' id='word_1_253' title='bbox 2476 756 2736 820; x_wconf 86' lang='lat' dir='ltr'><strong>animam,</strong></span> <span class='ocrx_word' id='word_1_254' title='bbox 2765 756 2973 818; x_wconf 77' lang='lat' dir='ltr'><strong>diﬁlnit,</strong></span> <span class='ocrx_word' id='word_1_255' title='bbox 3005 770 3057 814; x_wconf 89' lang='lat' dir='ltr'><strong>et</strong></span> <span class='ocrx_word' id='word_1_256' title='bbox 3090 761 3282 817; x_wconf 80' lang='lat' dir='ltr'><strong>ﬁnvios</strong></span> <span class='ocrx_word' id='word_1_257' title='bbox 3313 778 3435 817; x_wconf 83' lang='lat' dir='ltr'><strong>sus-</strong></span> 
     </span>
    </p>
   </div>
   <div class='ocr_carea' id='block_1_36' title="bbox 1867 844 3434 919">
    <p class='ocr_par' dir='ltr' id='par_1_36' title="bbox 1867 844 3434 919">
     <span class='ocr_line' id='line_1_36' title="bbox 1867 844 3434 919; baseline 0.006 -22"><span class='ocrx_word' id='word_1_258' title='bbox 1867 844 1999 898; x_wconf 83' lang='lat' dir='ltr'><strong>citat</strong></span> <span class='ocrx_word' id='word_1_259' title='bbox 2026 850 2306 916; x_wconf 84' lang='lat' dir='ltr'><strong>eruptione</strong></span> <span class='ocrx_word' id='word_1_260' title='bbox 2345 847 2513 902; x_wconf 86' lang='lat' dir='ltr'><strong>libera</strong></span> <span class='ocrx_word' id='word_1_261' title='bbox 2557 849 2855 914; x_wconf 83' lang='lat' dir='ltr'><strong>eﬁiuentes,</strong></span> <span class='ocrx_word' id='word_1_262' title='bbox 2885 852 3034 919; x_wconf 76' lang='lat' dir='ltr'><strong>juxta</strong></span> <span class='ocrx_word' id='word_1_263' title='bbox 3086 853 3257 906; x_wconf 85' lang='lat' dir='ltr'><strong>illud:</strong></span> <span class='ocrx_word' id='word_1_264' title='bbox 3299 854 3434 907; x_wconf 74' lang='lat' dir='ltr'><strong>Flu-</strong></span> 
     </span>
    </p>
   </div>
   <div class='ocr_carea' id='block_1_37' title="bbox 1866 936 3434 1010">
    <p class='ocr_par' dir='ltr' id='par_1_37' title="bbox 1866 936 3434 1010">
     <span class='ocr_line' id='line_1_37' title="bbox 1866 936 3434 1010; baseline 0.008 -24"><span class='ocrx_word' id='word_1_265' title='bbox 1866 936 2009 988; x_wconf 84' lang='lat' dir='ltr'><strong>mina</strong></span> <span class='ocrx_word' id='word_1_266' title='bbox 2038 937 2101 989; x_wconf 85' lang='lat' dir='ltr'><strong>de</strong></span> <span class='ocrx_word' id='word_1_267' title='bbox 2146 950 2321 991; x_wconf 74' lang='lat' dir='ltr'><strong>ventre</strong></span> <span class='ocrx_word' id='word_1_268' title='bbox 2368 941 2483 1007; x_wconf 83' lang='lat' dir='ltr'><strong>ejus</strong></span> <span class='ocrx_word' id='word_1_269' title='bbox 2527 942 2689 1007; x_wconf 77' lang='lat' dir='ltr'><strong>ﬂuent</strong></span> <span class='ocrx_word' id='word_1_270' title='bbox 2734 959 2883 1010; x_wconf 75' lang='lat' dir='ltr'><strong>aqua:</strong></span> <span class='ocrx_word' id='word_1_271' title='bbox 2926 944 3049 995; x_wconf 73' lang='grc' dir='ltr'>υἱυαι</span> <span class='ocrx_word' id='word_1_272' title='bbox 3080 954 3121 994; x_wconf 82' lang='grc' dir='ltr'><strong>θ.</strong></span> <span class='ocrx_word' id='word_1_273' title='bbox 3174 944 3434 998; x_wconf 70' lang='lat' dir='ltr'><strong>Nonnun-</strong></span> 
     </span>
    </p>
   </div>
   <div class='ocr_carea' id='block_1_38' title="bbox 1865 1030 3427 1103">
    <p class='ocr_par' dir='ltr' id='par_1_38' title="bbox 1865 1030 3427 1103">
     <span class='ocr_line' id='line_1_38' title="bbox 1865 1030 3427 1103; baseline 0.007 -23"><span class='ocrx_word' id='word_1_274' title='bbox 1865 1044 2027 1097; x_wconf 86' lang='lat' dir='ltr'><strong>quam</strong></span> <span class='ocrx_word' id='word_1_275' title='bbox 2057 1045 2267 1097; x_wconf 85' lang='lat' dir='ltr'><strong>quoque</strong></span> <span class='ocrx_word' id='word_1_276' title='bbox 2297 1030 2510 1083; x_wconf 83' lang='lat' dir='ltr'><strong>laudant</strong></span> <span class='ocrx_word' id='word_1_277' title='bbox 2545 1032 2613 1083; x_wconf 89' lang='lat' dir='ltr'><strong>ab</strong></span> <span class='ocrx_word' id='word_1_278' title='bbox 2644 1034 2843 1087; x_wconf 85' lang='lat' dir='ltr'><strong>inlimis</strong></span> <span class='ocrx_word' id='word_1_279' title='bbox 2876 1036 3210 1103; x_wconf 73' lang='lat' dir='ltr'><strong>terrenisque</strong></span> <span class='ocrx_word' id='word_1_280' title='bbox 3245 1038 3427 1102; x_wconf 81' lang='lat' dir='ltr'><strong>rebus,</strong></span> 
     </span>
    </p>
   </div>
   <div class='ocr_carea' id='block_1_39' title="bbox 1867 1117 3428 1191">
    <p class='ocr_par' dir='ltr' id='par_1_39' title="bbox 1867 1117 3428 1191">
     <span class='ocr_line' id='line_1_39' title="bbox 1867 1117 3428 1191; baseline 0.005 -21"><span class='ocrx_word' id='word_1_281' title='bbox 1867 1131 1925 1171; x_wconf 87' lang='lat' dir='ltr'><strong>ut</strong></span> <span class='ocrx_word' id='word_1_282' title='bbox 1973 1129 2301 1188; x_wconf 69' lang='lat' dir='ltr'><strong>unguentum</strong></span> <span class='ocrx_word' id='word_1_283' title='bbox 2335 1117 2654 1183; x_wconf 82' lang='lat' dir='ltr'><strong>odoratum,</strong></span> <span class='ocrx_word' id='word_1_284' title='bbox 2686 1124 2830 1175; x_wconf 85' lang='lat' dir='ltr'><strong>sicut</strong></span> <span class='ocrx_word' id='word_1_285' title='bbox 2868 1124 3006 1191; x_wconf 87' lang='lat' dir='ltr'><strong>apud</strong></span> <span class='ocrx_word' id='word_1_286' title='bbox 3058 1124 3428 1189; x_wconf 77' lang='lat' dir='ltr'><strong>Salmnouem,</strong></span> 
     </span>
    </p>
   </div>
   <div class='ocr_carea' id='block_1_40' title="bbox 1869 1209 3435 1283">
    <p class='ocr_par' dir='ltr' id='par_1_40' title="bbox 1869 1209 3435 1283">
     <span class='ocr_line' id='line_1_40' title="bbox 1869 1209 3435 1283; baseline 0.003 -19"><span class='ocrx_word' id='word_1_287' title='bbox 1869 1209 2199 1279; x_wconf 67' lang='lat' dir='ltr'><strong>Unguentum</strong></span> <span class='ocrx_word' id='word_1_288' title='bbox 2233 1211 2455 1279; x_wconf 53' lang='lat' dir='ltr'><strong>clusum</strong></span> <span class='ocrx_word' id='word_1_289' title='bbox 2498 1228 2685 1266; x_wconf 73' lang='lat' dir='ltr'><strong>nomen</strong></span> <span class='ocrx_word' id='word_1_290' title='bbox 2718 1225 2863 1266; x_wconf 71' lang='lat' dir='ltr'><strong>tuum</strong></span> <span class='ocrx_word' id='word_1_291' title='bbox 2895 1214 2913 1252; x_wconf 74' lang='grc' dir='ltr'><strong>ί</strong></span> <span class='ocrx_word' id='word_1_292' title='bbox 2940 1232 2953 1268; x_wconf 91' lang='lat'><strong>:</strong></span> <span class='ocrx_word' id='word_1_293' title='bbox 2988 1226 3042 1265; x_wconf 92' lang='lat' dir='ltr'><strong>nt</strong></span> <span class='ocrx_word' id='word_1_294' title='bbox 3083 1216 3307 1283; x_wconf 88' lang='lat' dir='ltr'><strong>lapidem</strong></span> <span class='ocrx_word' id='word_1_295' title='bbox 3339 1233 3435 1269; x_wconf 81' lang='lat' dir='ltr'><strong>au-</strong></span> 
     </span>
    </p>
   </div>
   <div class='ocr_carea' id='block_1_41' title="bbox 1864 1300 3429 1370">
    <p class='ocr_par' dir='ltr' id='par_1_41' title="bbox 1864 1300 3429 1370">
     <span class='ocr_line' id='line_1_41' title="bbox 1864 1300 3429 1370; baseline 0.004 -18"><span class='ocrx_word' id='word_1_296' title='bbox 1864 1300 2126 1370; x_wconf 71' lang='lat' dir='ltr'><strong>gulurem,</strong></span> <span class='ocrx_word' id='word_1_297' title='bbox 2155 1303 2292 1370; x_wconf 86' lang='lat' dir='ltr'><strong>apud</strong></span> <span class='ocrx_word' id='word_1_298' title='bbox 2323 1300 2617 1355; x_wconf 70' lang='lat' dir='ltr'><strong>Danielum.</strong></span> <span class='ocrx_word' id='word_1_299' title='bbox 2651 1304 2790 1369; x_wconf 83' lang='lat' dir='ltr'><strong>Quin</strong></span> <span class='ocrx_word' id='word_1_300' title='bbox 2824 1316 2878 1357; x_wconf 90' lang='lat' dir='ltr'><strong>et</strong></span> <span class='ocrx_word' id='word_1_301' title='bbox 2908 1305 3096 1359; x_wconf 77' lang='lat' dir='ltr'><strong>formis</strong></span> <span class='ocrx_word' id='word_1_302' title='bbox 3127 1305 3253 1359; x_wconf 73' lang='lat' dir='ltr'><strong>fera:</strong></span> <span class='ocrx_word' id='word_1_303' title='bbox 3284 1306 3429 1361; x_wconf 82' lang='lat' dir='ltr'><strong>illam</strong></span> 
     </span>
    </p>
   </div>
   <div class='ocr_carea' id='block_1_42' title="bbox 1866 1390 3433 1465">
    <p class='ocr_par' dir='ltr' id='par_1_42' title="bbox 1866 1390 3433 1465">
     <span class='ocr_line' id='line_1_42' title="bbox 1866 1390 3433 1465; baseline 0.004 -23"><span class='ocrx_word' id='word_1_304' title='bbox 1866 1390 2115 1452; x_wconf 87' lang='lat' dir='ltr'><strong>induunt,</strong></span> <span class='ocrx_word' id='word_1_305' title='bbox 2147 1390 2381 1453; x_wconf 84' lang='lat' dir='ltr'><strong>leonum,</strong></span> <span class='ocrx_word' id='word_1_306' title='bbox 2412 1392 2705 1459; x_wconf 71' lang='lat' dir='ltr'><strong>pantherae,</strong></span> <span class='ocrx_word' id='word_1_307' title='bbox 2738 1396 2913 1461; x_wconf 83' lang='lat' dir='ltr'><strong>pardi,</strong></span> <span class='ocrx_word' id='word_1_308' title='bbox 2944 1406 3108 1465; x_wconf 87' lang='lat' dir='ltr'><strong>atque</strong></span> <span class='ocrx_word' id='word_1_309' title='bbox 3147 1398 3257 1449; x_wconf 90' lang='lat' dir='ltr'><strong>ursi</strong></span> <span class='ocrx_word' id='word_1_310' title='bbox 3291 1398 3433 1451; x_wconf 83' lang='lat' dir='ltr'><strong>indi-</strong></span> 
     </span>
    </p>
   </div>
   <div class='ocr_carea' id='block_1_43' title="bbox 1863 1482 3433 1558">
    <p class='ocr_par' dir='ltr' id='par_1_43' title="bbox 1863 1482 3433 1558">
     <span class='ocr_line' id='line_1_43' title="bbox 1863 1482 3433 1558; baseline 0.007 -25"><span class='ocrx_word' id='word_1_311' title='bbox 1863 1482 2062 1551; x_wconf 75' lang='lat' dir='ltr'><strong>gentis,</strong></span> <span class='ocrx_word' id='word_1_312' title='bbox 2087 1484 2537 1549; x_wconf 80' lang='lat' dir='ltr'><strong>quemadmodum</strong></span> <span class='ocrx_word' id='word_1_313' title='bbox 2573 1486 2622 1537; x_wconf 87' lang='lat' dir='ltr'><strong>in</strong></span> <span class='ocrx_word' id='word_1_314' title='bbox 2663 1489 2940 1555; x_wconf 72' lang='lat' dir='ltr'><strong>prophetis</strong></span> <span class='ocrx_word' id='word_1_315' title='bbox 2970 1490 3234 1558; x_wconf 87' lang='lat' dir='ltr'><strong>reperitur</strong></span> <span class='ocrx_word' id='word_1_316' title='bbox 3259 1491 3304 1542; x_wconf 75' lang='grc'><strong>⁸.</strong></span> <span class='ocrx_word' id='word_1_317' title='bbox 3333 1490 3433 1543; x_wconf 88' lang='lat' dir='ltr'><strong>Ad-</strong></span> 
     </span>
    </p>
   </div>
   <div class='ocr_carea' id='block_1_44' title="bbox 1864 1573 3426 1646">
    <p class='ocr_par' dir='ltr' id='par_1_44' title="bbox 1864 1573 3426 1646">
     <span class='ocr_line' id='line_1_44' title="bbox 1864 1573 3426 1646; baseline 0.004 -21"><span class='ocrx_word' id='word_1_318' title='bbox 1864 1573 1985 1625; x_wconf 83' lang='lat' dir='ltr'><strong>datlt</strong></span> <span class='ocrx_word' id='word_1_319' title='bbox 2039 1582 2299 1640; x_wconf 72' lang='lat' dir='ltr'><strong>praeterea</strong></span> <span class='ocrx_word' id='word_1_320' title='bbox 2344 1576 2544 1629; x_wconf 79' lang='lat' dir='ltr'><strong>vermis</strong></span> <span class='ocrx_word' id='word_1_321' title='bbox 2598 1577 2830 1645; x_wconf 80' lang='lat' dir='ltr'><strong>speciem</strong></span> <span class='ocrx_word' id='word_1_322' title='bbox 2878 1586 2931 1629; x_wconf 89' lang='lat' dir='ltr'><strong>et</strong></span> <span class='ocrx_word' id='word_1_323' title='bbox 2985 1579 3426 1646; x_wconf 80' lang='lat' dir='ltr'><strong>appellationem,</strong></span> 
     </span>
    </p>
   </div>
   <div class='ocr_carea' id='block_1_45' title="bbox 1857 1661 3431 1737">
    <p class='ocr_par' dir='ltr' id='par_1_45' title="bbox 1857 1661 3431 1737">
     <span class='ocr_line' id='line_1_45' title="bbox 1857 1661 3431 1737; baseline 0.007 -24"><span class='ocrx_word' id='word_1_324' title='bbox 1857 1661 2011 1731; x_wconf 74' lang='lat' dir='ltr'><strong>juxta</strong></span> <span class='ocrx_word' id='word_1_325' title='bbox 2043 1663 2171 1717; x_wconf 89' lang='lat' dir='ltr'><strong>illud</strong></span> <span class='ocrx_word' id='word_1_326' title='bbox 2201 1681 2215 1718; x_wconf 88' lang='lat'><strong>:</strong></span> <span class='ocrx_word' id='word_1_327' title='bbox 2251 1664 2362 1733; x_wconf 76' lang='lat' dir='ltr'><strong>Ego</strong></span> <span class='ocrx_word' id='word_1_328' title='bbox 2385 1682 2499 1719; x_wconf 78' lang='lat' dir='ltr'><strong>sunt</strong></span> <span class='ocrx_word' id='word_1_329' title='bbox 2529 1670 2738 1731; x_wconf 78' lang='lat' dir='ltr'><strong>vermis,</strong></span> <span class='ocrx_word' id='word_1_330' title='bbox 2762 1678 2808 1719; x_wconf 81' lang='lat' dir='ltr'><strong>et</strong></span> <span class='ocrx_word' id='word_1_331' title='bbox 2839 1684 2942 1721; x_wconf 85' lang='lat' dir='ltr'><strong>non</strong></span> <span class='ocrx_word' id='word_1_332' title='bbox 2971 1673 3121 1720; x_wconf 83' lang='lat' dir='ltr'><strong>homo</strong></span> <span class='ocrx_word' id='word_1_333' title='bbox 3140 1667 3200 1732; x_wconf 72' lang='lat' dir='ltr'><strong>h;</strong></span> <span class='ocrx_word' id='word_1_334' title='bbox 3232 1670 3431 1737; x_wconf 77' lang='lat' dir='ltr'><strong>magis-</strong></span> 
     </span>
    </p>
   </div>
   <div class='ocr_carea' id='block_1_46' title="bbox 1864 1755 3420 1830">
    <p class='ocr_par' dir='ltr' id='par_1_46' title="bbox 1864 1755 3420 1830">
     <span class='ocr_line' id='line_1_46' title="bbox 1864 1755 3420 1830; baseline 0.008 -25"><span class='ocrx_word' id='word_1_335' title='bbox 1864 1768 1968 1822; x_wconf 86' lang='lat' dir='ltr'><strong>que</strong></span> <span class='ocrx_word' id='word_1_336' title='bbox 1996 1755 2195 1809; x_wconf 81' lang='lat' dir='ltr'><strong>vermis</strong></span> <span class='ocrx_word' id='word_1_337' title='bbox 2234 1761 2469 1823; x_wconf 80' lang='lat' dir='ltr'><strong>speciem</strong></span> <span class='ocrx_word' id='word_1_338' title='bbox 2502 1757 2576 1822; x_wconf 92' lang='lat' dir='ltr'><strong>hi,</strong></span> <span class='ocrx_word' id='word_1_339' title='bbox 2618 1760 2707 1825; x_wconf 92' lang='lat' dir='ltr'><strong>qui</strong></span> <span class='ocrx_word' id='word_1_340' title='bbox 2739 1759 2920 1812; x_wconf 86' lang='lat' dir='ltr'><strong>divina</strong></span> <span class='ocrx_word' id='word_1_341' title='bbox 2951 1761 3192 1829; x_wconf 87' lang='lat' dir='ltr'><strong>sapiunt,</strong></span> <span class='ocrx_word' id='word_1_342' title='bbox 3224 1776 3420 1830; x_wconf 83' lang='lat' dir='ltr'><strong>appro-</strong></span> 
     </span>
    </p>
   </div>
   <div class='ocr_carea' id='block_1_47' title="bbox 1864 1843 3433 1915">
    <p class='ocr_par' dir='ltr' id='par_1_47' title="bbox 1864 1843 3433 1915">
     <span class='ocr_line' id='line_1_47' title="bbox 1864 1843 3433 1915; baseline 0.006 -19"><span class='ocrx_word' id='word_1_343' title='bbox 1864 1843 2081 1907; x_wconf 89' lang='lat' dir='ltr'><strong>barunt,</strong></span> <span class='ocrx_word' id='word_1_344' title='bbox 2112 1854 2339 1914; x_wconf 84' lang='lat' dir='ltr'><strong>propter</strong></span> <span class='ocrx_word' id='word_1_345' title='bbox 2379 1845 2500 1914; x_wconf 83' lang='lat' dir='ltr'><strong>ejus</strong></span> <span class='ocrx_word' id='word_1_346' title='bbox 2540 1861 2604 1899; x_wconf 80' lang='lat' dir='ltr'><strong>ex</strong></span> <span class='ocrx_word' id='word_1_347' title='bbox 2642 1847 2862 1915; x_wconf 76' lang='lat' dir='ltr'><strong>Virgine</strong></span> <span class='ocrx_word' id='word_1_348' title='bbox 2902 1849 3019 1904; x_wconf 87' lang='lat' dir='ltr'><strong>sine</strong></span> <span class='ocrx_word' id='word_1_349' title='bbox 3052 1850 3260 1905; x_wconf 88' lang='lat' dir='ltr'><strong>semine</strong></span> <span class='ocrx_word' id='word_1_350' title='bbox 3304 1867 3433 1905; x_wconf 88' lang='lat' dir='ltr'><strong>con-</strong></span> 
     </span>
    </p>
   </div>
   <div class='ocr_carea' id='block_1_48' title="bbox 1799 1928 3430 2013">
    <p class='ocr_par' dir='ltr' id='par_1_48' title="bbox 1799 1928 3430 2013">
     <span class='ocr_line' id='line_1_48' title="bbox 1799 1928 3430 2013; baseline 0.009 -29"><span class='ocrx_word' id='word_1_351' title='bbox 1799 1928 1840 1984; x_wconf 89' lang='lat' dir='ltr'>B</span> <span class='ocrx_word' id='word_1_352' title='bbox 1864 1935 2190 2005; x_wconf 81' lang='lat' dir='ltr'><strong>ceptionem,</strong></span> <span class='ocrx_word' id='word_1_353' title='bbox 2229 1945 2285 1990; x_wconf 89' lang='lat' dir='ltr'><strong>et</strong></span> <span class='ocrx_word' id='word_1_354' title='bbox 2320 1937 2617 2006; x_wconf 85' lang='lat' dir='ltr'><strong>perfectam</strong></span> <span class='ocrx_word' id='word_1_355' title='bbox 2670 1938 2903 1993; x_wconf 74' lang='lat' dir='ltr'><strong>hominis</strong></span> <span class='ocrx_word' id='word_1_356' title='bbox 2940 1943 3211 2009; x_wconf 89' lang='lat' dir='ltr'><strong>speciem,</strong></span> <span class='ocrx_word' id='word_1_357' title='bbox 3251 1942 3430 2013; x_wconf 88' lang='lat' dir='ltr'><strong>perfe-</strong></span> 
     </span>
    </p>
   </div>
   <div class='ocr_carea' id='block_1_49' title="bbox 1866 2032 2931 2099">
    <p class='ocr_par' dir='ltr' id='par_1_49' title="bbox 1866 2032 2931 2099">
     <span class='ocr_line' id='line_1_49' title="bbox 1866 2032 2931 2099; baseline 0.003 -18"><span class='ocrx_word' id='word_1_358' title='bbox 1866 2037 2120 2097; x_wconf 82' lang='lat' dir='ltr'><strong>ctamque</strong></span> <span class='ocrx_word' id='word_1_359' title='bbox 2150 2039 2396 2083; x_wconf 81' lang='lat' dir='ltr'><strong>naturam</strong></span> <span class='ocrx_word' id='word_1_360' title='bbox 2428 2045 2589 2099; x_wconf 81' lang='lat' dir='ltr'><strong>quam</strong></span> <span class='ocrx_word' id='word_1_361' title='bbox 2621 2032 2931 2099; x_wconf 70' lang='lat' dir='ltr'><strong>assumpsit.</strong></span> 
     </span>
    </p>
   </div>
   <div class='ocr_carea' id='block_1_50' title="bbox 1936 2117 3432 2194">
    <p class='ocr_par' dir='ltr' id='par_1_50' title="bbox 1936 2117 3432 2194">
     <span class='ocr_line' id='line_1_50' title="bbox 1936 2117 3432 2194; baseline 0.007 -23"><span class='ocrx_word' id='word_1_362' title='bbox 1936 2117 2027 2172; x_wconf 84' lang='lat' dir='ltr'><strong>Sic</strong></span> <span class='ocrx_word' id='word_1_363' title='bbox 2055 2131 2245 2172; x_wconf 87' lang='lat' dir='ltr'><strong>omnes</strong></span> <span class='ocrx_word' id='word_1_364' title='bbox 2272 2119 2388 2188; x_wconf 88' lang='lat' dir='ltr'><strong>qui,</strong></span> <span class='ocrx_word' id='word_1_365' title='bbox 2422 2120 2603 2173; x_wconf 82' lang='lat' dir='ltr'><strong>divina</strong></span> <span class='ocrx_word' id='word_1_366' title='bbox 2647 2128 2971 2189; x_wconf 69' lang='lat' dir='ltr'><strong>praestantes</strong></span> <span class='ocrx_word' id='word_1_367' title='bbox 3014 2125 3299 2194; x_wconf 77' lang='lat' dir='ltr'><strong>sapientia,</strong></span> <span class='ocrx_word' id='word_1_368' title='bbox 3347 2127 3432 2181; x_wconf 87' lang='lat' dir='ltr'><strong>di-</strong></span> 
     </span>
    </p>
   </div>
   <div class='ocr_carea' id='block_1_51' title="bbox 1866 2212 3429 2290">
    <p class='ocr_par' dir='ltr' id='par_1_51' title="bbox 1866 2212 3429 2290">
     <span class='ocr_line' id='line_1_51' title="bbox 1866 2212 3429 2290; baseline 0.007 -25"><span class='ocrx_word' id='word_1_369' title='bbox 1866 2213 2017 2267; x_wconf 81' lang='lat' dir='ltr'><strong>viuas</strong></span> <span class='ocrx_word' id='word_1_370' title='bbox 2065 2212 2446 2281; x_wconf 84' lang='lat' dir='ltr'><strong>inspirationes</strong></span> <span class='ocrx_word' id='word_1_371' title='bbox 2494 2216 2940 2286; x_wconf 87' lang='lat' dir='ltr'><strong>interpretantur,</strong></span> <span class='ocrx_word' id='word_1_372' title='bbox 2970 2235 2999 2273; x_wconf 93' lang='lat' dir='ltr'><strong>a</strong></span> <span class='ocrx_word' id='word_1_373' title='bbox 3034 2221 3197 2275; x_wconf 82' lang='lat' dir='ltr'><strong>rebus</strong></span> <span class='ocrx_word' id='word_1_374' title='bbox 3229 2221 3429 2290; x_wconf 86' lang='lat' dir='ltr'><strong>imper-</strong></span> 
     </span>
    </p>
   </div>
   <div class='ocr_carea' id='block_1_52' title="bbox 1868 2304 3431 2376">
    <p class='ocr_par' dir='ltr' id='par_1_52' title="bbox 1868 2304 3431 2376">
     <span class='ocr_line' id='line_1_52' title="bbox 1868 2304 3431 2376; baseline 0.006 -18"><span class='ocrx_word' id='word_1_375' title='bbox 1868 2304 2021 2359; x_wconf 78' lang='lat' dir='ltr'><strong>fectis</strong></span> <span class='ocrx_word' id='word_1_376' title='bbox 2050 2319 2115 2358; x_wconf 88' lang='lat' dir='ltr'><strong>ac</strong></span> <span class='ocrx_word' id='word_1_377' title='bbox 2161 2305 2406 2373; x_wconf 78' lang='lat' dir='ltr'><strong>profanis</strong></span> <span class='ocrx_word' id='word_1_378' title='bbox 2465 2306 2661 2361; x_wconf 83' lang='lat' dir='ltr'><strong>Sancta</strong></span> <span class='ocrx_word' id='word_1_379' title='bbox 2697 2318 3007 2362; x_wconf 80' lang='lat' dir='ltr'><strong>sanctorum</strong></span> <span class='ocrx_word' id='word_1_380' title='bbox 3042 2323 3350 2376; x_wconf 78' lang='lat' dir='ltr'><strong>secernunt,</strong></span> <span class='ocrx_word' id='word_1_381' title='bbox 3380 2324 3431 2368; x_wconf 90' lang='lat' dir='ltr'><strong>et</strong></span> 
     </span>
    </p>
   </div>
   <div class='ocr_carea' id='block_1_53' title="bbox 1866 2394 3428 2467">
    <p class='ocr_par' dir='ltr' id='par_1_53' title="bbox 1866 2394 3428 2467">
     <span class='ocr_line' id='line_1_53' title="bbox 1866 2394 3428 2467; baseline 0.006 -20"><span class='ocrx_word' id='word_1_382' title='bbox 1866 2394 2185 2450; x_wconf 82' lang='lat' dir='ltr'><strong>dissimilem</strong></span> <span class='ocrx_word' id='word_1_383' title='bbox 2218 2396 2510 2465; x_wconf 77' lang='lat' dir='ltr'><strong>ﬁgurarum</strong></span> <span class='ocrx_word' id='word_1_384' title='bbox 2548 2411 2820 2450; x_wconf 84' lang='lat' dir='ltr'><strong>sacrarunt</strong></span> <span class='ocrx_word' id='word_1_385' title='bbox 2853 2398 3124 2453; x_wconf 90' lang='lat' dir='ltr'><strong>ﬁctionem</strong></span> <span class='ocrx_word' id='word_1_386' title='bbox 3156 2402 3386 2467; x_wconf 84' lang='lat' dir='ltr'><strong>probant</strong></span> <span class='ocrx_word' id='word_1_387' title='bbox 3414 2422 3428 2455; x_wconf 88' lang='lat'><strong>:</strong></span> 
     </span>
    </p>
   </div>
   <div class='ocr_carea' id='block_1_54' title="bbox 1866 2488 3432 2560">
    <p class='ocr_par' dir='ltr' id='par_1_54' title="bbox 1866 2488 3432 2560">
     <span class='ocr_line' id='line_1_54' title="bbox 1866 2488 3432 2560; baseline 0.003 -18"><span class='ocrx_word' id='word_1_388' title='bbox 1866 2499 1924 2543; x_wconf 86' lang='lat' dir='ltr'><strong>ut</strong></span> <span class='ocrx_word' id='word_1_389' title='bbox 1966 2504 2068 2543; x_wconf 89' lang='lat' dir='ltr'><strong>nec</strong></span> <span class='ocrx_word' id='word_1_390' title='bbox 2094 2504 2123 2541; x_wconf 85' lang='lat' dir='ltr'><strong>a</strong></span> <span class='ocrx_word' id='word_1_391' title='bbox 2163 2488 2413 2556; x_wconf 83' lang='lat' dir='ltr'><strong>profanis</strong></span> <span class='ocrx_word' id='word_1_392' title='bbox 2447 2503 2534 2542; x_wconf 83' lang='lat' dir='ltr'><strong>res</strong></span> <span class='ocrx_word' id='word_1_393' title='bbox 2582 2489 2779 2542; x_wconf 67' lang='lat' dir='ltr'><strong>divinae</strong></span> <span class='ocrx_word' id='word_1_394' title='bbox 2815 2489 2969 2544; x_wconf 78' lang='lat' dir='ltr'><strong>facile</strong></span> <span class='ocrx_word' id='word_1_395' title='bbox 3017 2503 3432 2560; x_wconf 75' lang='lat' dir='ltr'><strong>cognoscantur,</strong></span> 
     </span>
    </p>
   </div>
   <div class='ocr_carea' id='block_1_55' title="bbox 1864 2581 3427 2652">
    <p class='ocr_par' dir='ltr' id='par_1_55' title="bbox 1864 2581 3427 2652">
     <span class='ocr_line' id='line_1_55' title="bbox 1864 2581 3427 2652; baseline 0.001 -16"><span class='ocrx_word' id='word_1_396' title='bbox 1864 2596 2039 2651; x_wconf 87' lang='lat' dir='ltr'><strong>neque</strong></span> <span class='ocrx_word' id='word_1_397' title='bbox 2076 2581 2298 2635; x_wconf 84' lang='lat' dir='ltr'><strong>studiosi</strong></span> <span class='ocrx_word' id='word_1_398' title='bbox 2348 2596 2631 2635; x_wconf 75' lang='lat' dir='ltr'><strong>sacrorum</strong></span> <span class='ocrx_word' id='word_1_399' title='bbox 2690 2582 3150 2652; x_wconf 84' lang='lat' dir='ltr'><strong>contemplatores</strong></span> <span class='ocrx_word' id='word_1_400' title='bbox 3199 2586 3427 2639; x_wconf 84' lang='lat' dir='ltr'><strong>simula—</strong></span> 
     </span>
    </p>
   </div>
   <div class='ocr_carea' id='block_1_56' title="bbox 1866 2670 3425 2742">
    <p class='ocr_par' dir='ltr' id='par_1_56' title="bbox 1866 2670 3425 2742">
     <span class='ocr_line' id='line_1_56' title="bbox 1866 2670 3425 2742; baseline 0.003 -18"><span class='ocrx_word' id='word_1_401' title='bbox 1866 2685 2101 2735; x_wconf 73' lang='lat' dir='ltr'><strong>crorum,</strong></span> <span class='ocrx_word' id='word_1_402' title='bbox 2133 2670 2329 2726; x_wconf 88' lang='lat' dir='ltr'><strong>talibus</strong></span> <span class='ocrx_word' id='word_1_403' title='bbox 2374 2671 2580 2741; x_wconf 79' lang='lat' dir='ltr'><strong>ﬁguris,</strong></span> <span class='ocrx_word' id='word_1_404' title='bbox 2612 2682 2867 2742; x_wconf 87' lang='lat' dir='ltr'><strong>tanquam</strong></span> <span class='ocrx_word' id='word_1_405' title='bbox 2913 2675 3080 2736; x_wconf 78' lang='lat' dir='ltr'><strong>veris,</strong></span> <span class='ocrx_word' id='word_1_406' title='bbox 3128 2675 3425 2728; x_wconf 86' lang='lat' dir='ltr'><strong>immoren-</strong></span> 
     </span>
    </p>
   </div>
   <div class='ocr_carea' id='block_1_57' title="bbox 1869 2763 3427 2836">
    <p class='ocr_par' dir='ltr' id='par_1_57' title="bbox 1869 2763 3427 2836">
     <span class='ocr_line' id='line_1_57' title="bbox 1869 2763 3427 2836; baseline 0.001 -17"><span class='ocrx_word' id='word_1_407' title='bbox 1869 2774 1973 2819; x_wconf 89' lang='lat' dir='ltr'><strong>tur.</strong></span> <span class='ocrx_word' id='word_1_408' title='bbox 2020 2763 2133 2818; x_wconf 83' lang='lat' dir='ltr'><strong>Hoc</strong></span> <span class='ocrx_word' id='word_1_409' title='bbox 2174 2773 2353 2816; x_wconf 86' lang='lat' dir='ltr'><strong>autem</strong></span> <span class='ocrx_word' id='word_1_410' title='bbox 2403 2764 2471 2816; x_wconf 82' lang='lat' dir='ltr'><strong>ab</strong></span> <span class='ocrx_word' id='word_1_411' title='bbox 2505 2764 2739 2818; x_wconf 79' lang='lat' dir='ltr'><strong>ethnicis</strong></span> <span class='ocrx_word' id='word_1_412' title='bbox 2786 2773 3112 2833; x_wconf 81' lang='lat' dir='ltr'><strong>acceptum:</strong></span> <span class='ocrx_word' id='word_1_413' title='bbox 3161 2768 3427 2836; x_wconf 75' lang='lat' dir='ltr'><strong>siquidem</strong></span> 
     </span>
    </p>
   </div>
   <div class='ocr_carea' id='block_1_58' title="bbox 1867 2854 3433 2925">
    <p class='ocr_par' dir='ltr' id='par_1_58' title="bbox 1867 2854 3433 2925">
     <span class='ocr_line' id='line_1_58' title="bbox 1867 2854 3433 2925; baseline 0.003 -17"><span class='ocrx_word' id='word_1_414' title='bbox 1867 2855 1964 2925; x_wconf 84' lang='lat' dir='ltr'><strong>ipsi</strong></span> <span class='ocrx_word' id='word_1_415' title='bbox 2005 2854 2277 2910; x_wconf 79' lang='lat' dir='ltr'><strong>faciebant</strong></span> <span class='ocrx_word' id='word_1_416' title='bbox 2323 2856 2473 2923; x_wconf 87' lang='lat' dir='ltr'><strong>quasi</strong></span> <span class='ocrx_word' id='word_1_417' title='bbox 2526 2854 2770 2922; x_wconf 67' lang='lat' dir='ltr'><strong>quaedam</strong></span> <span class='ocrx_word' id='word_1_418' title='bbox 2821 2856 3117 2910; x_wconf 87' lang='lat' dir='ltr'><strong>simulacra</strong></span> <span class='ocrx_word' id='word_1_419' title='bbox 3176 2859 3433 2913; x_wconf 85' lang='lat' dir='ltr'><strong>manibus</strong></span> 
     </span>
    </p>
   </div>
   <div class='ocr_carea' id='block_1_59' title="bbox 1867 2931 3432 3014">
    <p class='ocr_par' dir='ltr' id='par_1_59' title="bbox 1867 2931 3432 3014">
     <span class='ocr_line' id='line_1_59' title="bbox 1867 2931 3432 3014; baseline 0 -16"><span class='ocrx_word' id='word_1_420' title='bbox 1867 2944 2193 3014; x_wconf 83' lang='lat' dir='ltr'><strong>pedibusque</strong></span> <span class='ocrx_word' id='word_1_421' title='bbox 2240 2944 2518 3007; x_wconf 82' lang='lat' dir='ltr'><strong>destituta,</strong></span> <span class='ocrx_word' id='word_1_422' title='bbox 2546 2960 2667 3013; x_wconf 69' lang='lat' dir='ltr'><strong>qua:</strong></span> <span class='ocrx_word' id='word_1_423' title='bbox 2711 2931 3053 3000; x_wconf 65' lang='lat' dir='ltr'><strong>Mercuriales</strong></span> <span class='ocrx_word' id='word_1_424' title='bbox 3087 2957 3292 3001; x_wconf 87' lang='lat' dir='ltr'><strong>statuas</strong></span> <span class='ocrx_word' id='word_1_425' title='bbox 3339 2963 3432 2999; x_wconf 81' lang='lat' dir='ltr'><strong>vo-</strong></span> 
     </span>
    </p>
   </div>
   <div class='ocr_carea' id='block_1_60' title="bbox 1867 3037 3431 3107">
    <p class='ocr_par' dir='ltr' id='par_1_60' title="bbox 1867 3037 3431 3107">
     <span class='ocr_line' id='line_1_60' title="bbox 1867 3037 3431 3107; baseline 0.003 -15"><span class='ocrx_word' id='word_1_426' title='bbox 1867 3040 2086 3102; x_wconf 78' lang='lat' dir='ltr'><strong>cabant,</strong></span> <span class='ocrx_word' id='word_1_427' title='bbox 2117 3038 2317 3107; x_wconf 83' lang='lat' dir='ltr'><strong>quippe</strong></span> <span class='ocrx_word' id='word_1_428' title='bbox 2344 3037 2488 3107; x_wconf 88' lang='lat' dir='ltr'><strong>quod</strong></span> <span class='ocrx_word' id='word_1_429' title='bbox 2525 3038 2736 3091; x_wconf 86' lang='lat' dir='ltr'><strong>occulte</strong></span> <span class='ocrx_word' id='word_1_430' title='bbox 2767 3039 2911 3092; x_wconf 87' lang='lat' dir='ltr'><strong>intus</strong></span> <span class='ocrx_word' id='word_1_431' title='bbox 2940 3040 3289 3094; x_wconf 86' lang='lat' dir='ltr'><strong>simulacrum</strong></span> <span class='ocrx_word' id='word_1_432' title='bbox 3329 3044 3431 3097; x_wconf 84' lang='lat' dir='ltr'><strong>ali-</strong></span> 
     </span>
    </p>
   </div>
   <div class='ocr_carea' id='block_1_61' title="bbox 1866 3131 3427 3200">
    <p class='ocr_par' dir='ltr' id='par_1_61' title="bbox 1866 3131 3427 3200">
     <span class='ocr_line' id='line_1_61' title="bbox 1866 3131 3427 3200; baseline 0.001 -15"><span class='ocrx_word' id='word_1_433' title='bbox 1866 3131 2005 3199; x_wconf 85' lang='lat' dir='ltr'><strong>quod</strong></span> <span class='ocrx_word' id='word_1_434' title='bbox 2042 3131 2470 3184; x_wconf 82' lang='lat' dir='ltr'><strong>absconderem:</strong></span> <span class='ocrx_word' id='word_1_435' title='bbox 2504 3144 2627 3185; x_wconf 86' lang='lat' dir='ltr'><strong>nam</strong></span> <span class='ocrx_word' id='word_1_436' title='bbox 2665 3144 2785 3200; x_wconf 73' lang='lat' dir='ltr'><strong>quae</strong></span> <span class='ocrx_word' id='word_1_437' title='bbox 2823 3132 3037 3183; x_wconf 83' lang='lat' dir='ltr'><strong>occulta</strong></span> <span class='ocrx_word' id='word_1_438' title='bbox 3070 3143 3255 3199; x_wconf 84' lang='lat' dir='ltr'><strong>erant,</strong></span> <span class='ocrx_word' id='word_1_439' title='bbox 3284 3133 3427 3189; x_wconf 77' lang='lat' dir='ltr'><strong>Mer-</strong></span> 
     </span>
    </p>
   </div>
   <div class='ocr_carea' id='block_1_62' title="bbox 197 3222 1803 3325">
    <p class='ocr_par' dir='ltr' id='par_1_62' title="bbox 197 3234 1803 3320">
     <span class='ocr_line' id='line_1_62' title="bbox 197 3234 1803 3320; baseline -0.006 -21"><span class='ocrx_word' id='word_1_440' title='bbox 197 3243 351 3299; x_wconf 86' lang='grc' dir='ltr'>θεῶν.</span> <span class='ocrx_word' id='word_1_441' title='bbox 398 3241 708 3312; x_wconf 82' lang='grc' dir='ltr'>Ἐφαίνοντο</span> <span class='ocrx_word' id='word_1_442' title='bbox 749 3236 841 3294; x_wconf 79' lang='grc' dir='ltr'><strong>οὖν</strong></span> <span class='ocrx_word' id='word_1_443' title='bbox 867 3240 917 3291; x_wconf 81' lang='grc' dir='ltr'>οι</span> <span class='ocrx_word' id='word_1_444' title='bbox 959 3235 1152 3310; x_wconf 81' lang='grc' dir='ltr'>Ἑρμαῖ</span> <span class='ocrx_word' id='word_1_445' title='bbox 1195 3234 1457 3299; x_wconf 77' lang='grc' dir='ltr'>εὐτελεῖς,</span> <span class='ocrx_word' id='word_1_446' title='bbox 1487 3236 1685 3289; x_wconf 80' lang='grc' dir='ltr'>ἔσωθεν</span> <span class='ocrx_word' id='word_1_447' title='bbox 1710 3237 1765 3290; x_wconf 78' lang='grc' dir='ltr'>δὲ</span> <span class='ocrx_word' id='word_1_448' title='bbox 1793 3274 1803 3320; x_wconf 49' lang='grc'><strong>4</strong></span> 
     </span>
    </p>
   </div>
   <div class='ocr_carea' id='block_1_63' title="bbox 1840 3222 3421 3325">
    <p class='ocr_par' dir='ltr' id='par_1_63' title="bbox 1864 3222 3421 3281">
     <span class='ocr_line' id='line_1_63' title="bbox 1864 3222 3421 3281; baseline 0.001 -3"><span class='ocrx_word' id='word_1_449' title='bbox 1864 3224 2018 3278; x_wconf 84' lang='lat' dir='ltr'><strong>curio</strong></span> <span class='ocrx_word' id='word_1_450' title='bbox 2061 3223 2432 3278; x_wconf 85' lang='lat' dir='ltr'><strong>ascribebant.</strong></span> <span class='ocrx_word' id='word_1_451' title='bbox 2486 3222 2783 3277; x_wconf 81' lang='lat' dir='ltr'><strong>Faciehant</strong></span> <span class='ocrx_word' id='word_1_452' title='bbox 2834 3233 3015 3278; x_wconf 87' lang='lat' dir='ltr'><strong>autem</strong></span> <span class='ocrx_word' id='word_1_453' title='bbox 3071 3226 3125 3278; x_wconf 90' lang='lat' dir='ltr'><strong>in</strong></span> <span class='ocrx_word' id='word_1_454' title='bbox 3184 3226 3247 3280; x_wconf 89' lang='lat' dir='ltr'><strong>iis</strong></span> <span class='ocrx_word' id='word_1_455' title='bbox 3300 3243 3421 3281; x_wconf 80' lang='lat' dir='ltr'><strong>cum</strong></span> 
     </span>
    </p>
   </div>
   <div class='ocr_carea' id='block_1_64' title="bbox 196 3326 1767 3403">
    <p class='ocr_par' dir='ltr' id='par_1_64' title="bbox 196 3326 1767 3403">
     <span class='ocr_line' id='line_1_64' title="bbox 196 3326 1767 3403; baseline -0.004 -13"><span class='ocrx_word' id='word_1_456' title='bbox 196 3340 323 3401; x_wconf 74' lang='grc' dir='ltr'>τοὺς</span> <span class='ocrx_word' id='word_1_457' title='bbox 350 3338 460 3390; x_wconf 84' lang='grc' dir='ltr'><strong>τῶν</strong></span> <span class='ocrx_word' id='word_1_458' title='bbox 495 3336 630 3390; x_wconf 83' lang='grc' dir='ltr'>θεῶν</span> <span class='ocrx_word' id='word_1_459' title='bbox 656 3332 1069 3403; x_wconf 80' lang='grc' dir='ltr'>καλλωπισμοὺς</span> <span class='ocrx_word' id='word_1_460' title='bbox 1093 3326 1234 3401; x_wconf 81' lang='grc' dir='ltr'>εἶχον</span> <span class='ocrx_word' id='word_1_461' title='bbox 1255 3348 1268 3360; x_wconf 75' lang='grc' dir='ltr'><strong>ο</strong></span> <span class='ocrx_word' id='word_1_462' title='bbox 1300 3329 1348 3382; x_wconf 85' lang='grc' dir='ltr'><strong>οί</strong></span> <span class='ocrx_word' id='word_1_463' title='bbox 1374 3330 1503 3398; x_wconf 83' lang='grc' dir='ltr'>γοῦν</span> <span class='ocrx_word' id='word_1_464' title='bbox 1530 3329 1767 3397; x_wconf 87' lang='grc' dir='ltr'>φιλοθεά-</span> 
     </span>
    </p>
   </div>
   <div class='ocr_carea' id='block_1_65' title="bbox 200 3418 1764 3496">
    <p class='ocr_par' dir='ltr' id='par_1_65' title="bbox 200 3418 1764 3496">
     <span class='ocr_line' id='line_1_65' title="bbox 200 3418 1764 3496; baseline -0.004 -17"><span class='ocrx_word' id='word_1_465' title='bbox 200 3444 361 3496; x_wconf 88' lang='grc' dir='ltr'>μονες</span> <span class='ocrx_word' id='word_1_466' title='bbox 403 3424 629 3488; x_wconf 83' lang='grc' dir='ltr'>τούτων,</span> <span class='ocrx_word' id='word_1_467' title='bbox 662 3426 773 3488; x_wconf 86' lang='grc' dir='ltr'>τοῖς</span> <span class='ocrx_word' id='word_1_468' title='bbox 811 3421 1037 3494; x_wconf 78' lang='grc' dir='ltr'>Ἑρμαῖς</span> <span class='ocrx_word' id='word_1_469' title='bbox 1066 3420 1126 3473; x_wconf 85' lang='grc' dir='ltr'><strong>οὐ</strong></span> <span class='ocrx_word' id='word_1_470' title='bbox 1156 3422 1459 3490; x_wconf 81' lang='grc' dir='ltr'>προσεῖχον,</span> <span class='ocrx_word' id='word_1_471' title='bbox 1492 3418 1625 3471; x_wconf 84' lang='grc' dir='ltr'>ἀλλὰ</span> <span class='ocrx_word' id='word_1_472' title='bbox 1652 3422 1764 3483; x_wconf 84' lang='grc' dir='ltr'>τοῖς</span> 
     </span>
    </p>
   </div>
   <div class='ocr_carea' id='block_1_66' title="bbox 198 3510 1766 3587">
    <p class='ocr_par' dir='ltr' id='par_1_66' title="bbox 198 3510 1766 3587">
     <span class='ocr_line' id='line_1_66' title="bbox 198 3510 1766 3587; baseline -0.004 -16"><span class='ocrx_word' id='word_1_473' title='bbox 198 3517 404 3571; x_wconf 77' lang='grc' dir='ltr'>ἔσωθεν</span> <span class='ocrx_word' id='word_1_474' title='bbox 452 3517 747 3587; x_wconf 85' lang='grc' dir='ltr'>ἀγάλμασι.</span> <span class='ocrx_word' id='word_1_475' title='bbox 802 3513 903 3567; x_wconf 87' lang='grc' dir='ltr'>Διά</span> <span class='ocrx_word' id='word_1_476' title='bbox 932 3512 1105 3565; x_wconf 82' lang='grc' dir='ltr'>ταῦτα</span> <span class='ocrx_word' id='word_1_477' title='bbox 1130 3511 1324 3575; x_wconf 87' lang='grc' dir='ltr'>τοίνυν,</span> <span class='ocrx_word' id='word_1_478' title='bbox 1388 3511 1482 3563; x_wconf 75' lang='grc' dir='ltr'>καὶ</span> <span class='ocrx_word' id='word_1_479' title='bbox 1530 3510 1667 3565; x_wconf 74' lang='grc' dir='ltr'>ὥστε</span> <span class='ocrx_word' id='word_1_480' title='bbox 1696 3512 1766 3565; x_wconf 80' lang='grc' dir='ltr'>τὰ</span> 
     </span>
    </p>
   </div>
   <div class='ocr_carea' id='block_1_67' title="bbox 199 3604 1764 3681">
    <p class='ocr_par' dir='ltr' id='par_1_67' title="bbox 199 3604 1764 3681">
     <span class='ocr_line' id='line_1_67' title="bbox 199 3604 1764 3681; baseline -0.003 -18"><span class='ocrx_word' id='word_1_481' title='bbox 199 3610 317 3663; x_wconf 86' lang='grc' dir='ltr'>θεῖα</span> <span class='ocrx_word' id='word_1_482' title='bbox 346 3608 507 3663; x_wconf 79' lang='grc' dir='ltr'>πάλιν</span> <span class='ocrx_word' id='word_1_483' title='bbox 538 3608 801 3681; x_wconf 83' lang='grc' dir='ltr'>τιμᾶσθαι</span> <span class='ocrx_word' id='word_1_484' title='bbox 829 3606 952 3669; x_wconf 81' lang='grc' dir='ltr'>ταῖς</span> <span class='ocrx_word' id='word_1_485' title='bbox 984 3604 1237 3675; x_wconf 81' lang='grc' dir='ltr'>ἀληθέσιν</span> <span class='ocrx_word' id='word_1_486' title='bbox 1264 3604 1600 3673; x_wconf 83' lang='grc' dir='ltr'>ἀποφάσεσιν</span> <span class='ocrx_word' id='word_1_487' title='bbox 1621 3618 1635 3635; x_wconf 75' lang='grc' dir='ltr'><strong>ο</strong></span> <span class='ocrx_word' id='word_1_488' title='bbox 1682 3606 1764 3658; x_wconf 84' lang='grc' dir='ltr'><strong>ὅτι</strong></span> 
     </span>
    </p>
   </div>
   <div class='ocr_carea' id='block_1_68' title="bbox 199 3694 1766 3771">
    <p class='ocr_par' dir='ltr' id='par_1_68' title="bbox 199 3694 1766 3771">
     <span class='ocr_line' id='line_1_68' title="bbox 199 3694 1766 3771; baseline -0.001 -16"><span class='ocrx_word' id='word_1_489' title='bbox 199 3704 302 3757; x_wconf 77' lang='grc' dir='ltr'><strong>κᾶν</strong></span> <span class='ocrx_word' id='word_1_490' title='bbox 339 3704 391 3768; x_wconf 85' lang='grc' dir='ltr'>ὃ,</span> <span class='ocrx_word' id='word_1_491' title='bbox 422 3722 474 3757; x_wconf 90' lang='grc' dir='ltr'><strong>τι</strong></span> <span class='ocrx_word' id='word_1_492' title='bbox 506 3702 698 3766; x_wconf 80' lang='grc' dir='ltr'>εἴποις,</span> <span class='ocrx_word' id='word_1_493' title='bbox 742 3699 802 3755; x_wconf 83' lang='grc' dir='ltr'><strong>ού</strong></span> <span class='ocrx_word' id='word_1_494' title='bbox 831 3699 990 3754; x_wconf 83' lang='grc' dir='ltr'>τοῦτό</span> <span class='ocrx_word' id='word_1_495' title='bbox 1025 3702 1145 3754; x_wconf 74' lang='grc' dir='ltr'>ἐστι</span> <span class='ocrx_word' id='word_1_496' title='bbox 1182 3694 1243 3752; x_wconf 76' lang='grc' dir='ltr'><strong>τὸ</strong></span> <span class='ocrx_word' id='word_1_497' title='bbox 1271 3697 1443 3761; x_wconf 87' lang='grc' dir='ltr'>Θεῖον,</span> <span class='ocrx_word' id='word_1_498' title='bbox 1486 3699 1624 3752; x_wconf 81' lang='grc' dir='ltr'>κατά</span> <span class='ocrx_word' id='word_1_499' title='bbox 1669 3699 1766 3771; x_wconf 79' lang='grc' dir='ltr'>τὴν</span> 
     </span>
    </p>
   </div>
   <div class='ocr_carea' id='block_1_69' title="bbox 200 3787 1768 3866">
    <p class='ocr_par' dir='ltr' id='par_1_69' title="bbox 200 3787 1768 3866">
     <span class='ocr_line' id='line_1_69' title="bbox 200 3787 1768 3866; baseline -0.003 -17"><span class='ocrx_word' id='word_1_500' title='bbox 200 3795 543 3866; x_wconf 81' lang='grc' dir='ltr'>ἀποφατικὴν</span> <span class='ocrx_word' id='word_1_501' title='bbox 570 3794 865 3861; x_wconf 82' lang='grc' dir='ltr'>θεολογίαν.</span> <span class='ocrx_word' id='word_1_502' title='bbox 902 3792 1011 3845; x_wconf 73' lang='grc' dir='ltr'>Καὶ</span> <span class='ocrx_word' id='word_1_503' title='bbox 1064 3790 1221 3845; x_wconf 79' lang='grc' dir='ltr'>πάλιν</span> <span class='ocrx_word' id='word_1_504' title='bbox 1247 3787 1404 3841; x_wconf 78' lang='grc' dir='ltr'>τοῦτο</span> <span class='ocrx_word' id='word_1_505' title='bbox 1431 3788 1642 3858; x_wconf 88' lang='grc' dir='ltr'>λέγεται</span> <span class='ocrx_word' id='word_1_506' title='bbox 1672 3808 1768 3845; x_wconf 86' lang='grc' dir='ltr'>κα-</span> 
     </span>
    </p>
   </div>
   <div class='ocr_carea' id='block_1_70' title="bbox 200 3881 1763 3959">
    <p class='ocr_par' dir='ltr' id='par_1_70' title="bbox 200 3881 1763 3959">
     <span class='ocr_line' id='line_1_70' title="bbox 200 3881 1763 3959; baseline -0.003 -18"><span class='ocrx_word' id='word_1_507' title='bbox 200 3888 270 3941; x_wconf 81' lang='grc' dir='ltr'>τὰ</span> <span class='ocrx_word' id='word_1_508' title='bbox 299 3890 400 3959; x_wconf 76' lang='grc' dir='ltr'>τὴν</span> <span class='ocrx_word' id='word_1_509' title='bbox 432 3884 832 3956; x_wconf 78' lang='grc' dir='ltr'>καταφατικὴν,</span> <span class='ocrx_word' id='word_1_510' title='bbox 877 3883 989 3937; x_wconf 85' lang='grc' dir='ltr'>ἀλλ’</span> <span class='ocrx_word' id='word_1_511' title='bbox 1023 3884 1119 3953; x_wconf 84' lang='grc' dir='ltr'><strong>οὐχ</strong></span> <span class='ocrx_word' id='word_1_512' title='bbox 1160 3881 1345 3943; x_wconf 82' lang='grc' dir='ltr'>ἀπλῶς</span> <span class='ocrx_word' id='word_1_513' title='bbox 1402 3884 1496 3937; x_wconf 75' lang='grc' dir='ltr'><strong>καὶ</strong></span> <span class='ocrx_word' id='word_1_514' title='bbox 1540 3884 1763 3955; x_wconf 83' lang='grc' dir='ltr'>κυρίως,</span> 
     </span>
    </p>
   </div>
   <div class='ocr_carea' id='block_1_71' title="bbox 200 3973 1769 4048">
    <p class='ocr_par' dir='ltr' id='par_1_71' title="bbox 200 3973 1769 4048">
     <span class='ocr_line' id='line_1_71' title="bbox 200 3973 1769 4048; baseline -0.004 -15"><span class='ocrx_word' id='word_1_515' title='bbox 200 3980 335 4033; x_wconf 84' lang='grc' dir='ltr'><strong>ἀλλά</strong></span> <span class='ocrx_word' id='word_1_516' title='bbox 358 3982 482 4043; x_wconf 87' lang='grc' dir='ltr'>ταῖς</span> <span class='ocrx_word' id='word_1_517' title='bbox 525 3975 661 4048; x_wconf 78' lang='grc' dir='ltr'>πρὸς</span> <span class='ocrx_word' id='word_1_518' title='bbox 691 3974 759 4029; x_wconf 89' lang='grc' dir='ltr'><strong>τά</strong></span> <span class='ocrx_word' id='word_1_519' title='bbox 779 3975 1032 4047; x_wconf 87' lang='grc' dir='ltr'>χθαμαλά</span> <span class='ocrx_word' id='word_1_520' title='bbox 1051 3973 1313 4047; x_wconf 77' lang='grc' dir='ltr'>ἐτεροίαις</span> <span class='ocrx_word' id='word_1_521' title='bbox 1358 3978 1452 4030; x_wconf 70' lang='grc' dir='ltr'>καὶ</span> <span class='ocrx_word' id='word_1_522' title='bbox 1491 3976 1769 4047; x_wconf 79' lang='grc' dir='ltr'>ὲτεροτρό-</span> 
     </span>
    </p>
   </div>
   <div class='ocr_carea' id='block_1_72' title="bbox 200 4060 1767 4137">
    <p class='ocr_par' dir='ltr' id='par_1_72' title="bbox 200 4060 1767 4137">
     <span class='ocr_line' id='line_1_72' title="bbox 200 4060 1767 4137; baseline -0.005 -16"><span class='ocrx_word' id='word_1_523' title='bbox 200 4085 321 4130; x_wconf 86' lang='grc' dir='ltr'>ποις</span> <span class='ocrx_word' id='word_1_524' title='bbox 348 4065 718 4137; x_wconf 84' lang='grc' dir='ltr'>ἀφομοιώσεσι</span> <span class='ocrx_word' id='word_1_525' title='bbox 753 4062 865 4116; x_wconf 85' lang='grc' dir='ltr'>τῶν</span> <span class='ocrx_word' id='word_1_526' title='bbox 892 4063 1292 4132; x_wconf 84' lang='grc' dir='ltr'>ἀπηχημάτων,</span> <span class='ocrx_word' id='word_1_527' title='bbox 1327 4063 1491 4115; x_wconf 77' lang='grc' dir='ltr'>οἱονεὶ</span> <span class='ocrx_word' id='word_1_528' title='bbox 1541 4060 1648 4113; x_wconf 83' lang='grc' dir='ltr'><strong>τῶν</strong></span> <span class='ocrx_word' id='word_1_529' title='bbox 1671 4062 1767 4131; x_wconf 87' lang='grc' dir='ltr'>δη-</span> 
     </span>
    </p>
   </div>
   <div class='ocr_carea' id='block_1_73' title="bbox 206 4152 1769 4231">
    <p class='ocr_par' dir='ltr' id='par_1_73' title="bbox 206 4152 1769 4231">
     <span class='ocr_line' id='line_1_73' title="bbox 206 4152 1769 4231; baseline -0.005 -18"><span class='ocrx_word' id='word_1_530' title='bbox 206 4158 649 4231; x_wconf 78' lang='grc' dir='ltr'>μιουργημάτων.</span> <span class='ocrx_word' id='word_1_531' title='bbox 705 4155 792 4217; x_wconf 82' lang='grc' dir='ltr'>Ὦς</span> <span class='ocrx_word' id='word_1_532' title='bbox 846 4158 955 4225; x_wconf 82' lang='grc' dir='ltr'>γὰρ</span> <span class='ocrx_word' id='word_1_533' title='bbox 1030 4155 1297 4225; x_wconf 85' lang='grc' dir='ltr'>ἀπήχημά</span> <span class='ocrx_word' id='word_1_534' title='bbox 1350 4158 1465 4207; x_wconf 76' lang='grc' dir='ltr'>ἐστι</span> <span class='ocrx_word' id='word_1_535' title='bbox 1518 4152 1579 4206; x_wconf 81' lang='grc' dir='ltr'>τὸ</span> <span class='ocrx_word' id='word_1_536' title='bbox 1634 4152 1769 4224; x_wconf 75' lang='grc' dir='ltr'><strong>μετά</strong></span> 
     </span>
    </p>
   </div>
   <div class='ocr_carea' id='block_1_74' title="bbox 201 4242 1770 4320">
    <p class='ocr_par' dir='ltr' id='par_1_74' title="bbox 201 4242 1770 4320">
     <span class='ocr_line' id='line_1_74' title="bbox 201 4242 1770 4320; baseline -0.006 -17"><span class='ocrx_word' id='word_1_537' title='bbox 201 4250 292 4303; x_wconf 76' lang='grc' dir='ltr'>τὸν</span> <span class='ocrx_word' id='word_1_538' title='bbox 315 4245 451 4320; x_wconf 77' lang='grc' dir='ltr'>ἦχον</span> <span class='ocrx_word' id='word_1_539' title='bbox 480 4246 845 4316; x_wconf 82' lang='grc' dir='ltr'>ὲναπομεϊναν</span> <span class='ocrx_word' id='word_1_540' title='bbox 877 4246 943 4318; x_wconf 80' lang='grc' dir='ltr'>τῇ</span> <span class='ocrx_word' id='word_1_541' title='bbox 996 4245 1133 4316; x_wconf 84' lang='grc' dir='ltr'>ἀκοῇ</span> <span class='ocrx_word' id='word_1_542' title='bbox 1179 4242 1418 4315; x_wconf 76' lang='grc' dir='ltr'>ἀμυδρόν</span> <span class='ocrx_word' id='word_1_543' title='bbox 1440 4261 1492 4295; x_wconf 91' lang='grc' dir='ltr'><strong>τι</strong></span> <span class='ocrx_word' id='word_1_544' title='bbox 1534 4244 1631 4314; x_wconf 84' lang='grc' dir='ltr'><strong>τῆς</strong></span> <span class='ocrx_word' id='word_1_545' title='bbox 1660 4260 1770 4311; x_wconf 87' lang='grc' dir='ltr'>φω-</span> 
     </span>
    </p>
   </div>
   <div class='ocr_carea' id='block_1_75' title="bbox 203 4332 1769 4413">
    <p class='ocr_par' dir='ltr' id='par_1_75' title="bbox 203 4332 1769 4413">
     <span class='ocr_line' id='line_1_75' title="bbox 203 4332 1769 4413; baseline -0.006 -18"><span class='ocrx_word' id='word_1_546' title='bbox 203 4343 297 4413; x_wconf 86' lang='grc' dir='ltr'>νῆς</span> <span class='ocrx_word' id='word_1_547' title='bbox 351 4340 632 4410; x_wconf 77' lang='grc' dir='ltr'>λείψανον·</span> <span class='ocrx_word' id='word_1_548' title='bbox 677 4335 818 4390; x_wconf 80' lang='grc' dir='ltr'>οὕτω</span> <span class='ocrx_word' id='word_1_549' title='bbox 878 4336 971 4389; x_wconf 64' lang='grc' dir='ltr'><strong>κα)⁵</strong></span> <span class='ocrx_word' id='word_1_550' title='bbox 999 4334 1069 4389; x_wconf 84' lang='grc' dir='ltr'>τὰ</span> <span class='ocrx_word' id='word_1_551' title='bbox 1120 4336 1569 4407; x_wconf 70' lang='grc' dir='ltr'>δημιουργήματα</span> <span class='ocrx_word' id='word_1_552' title='bbox 1604 4374 1619 4403; x_wconf 85' lang='grc'><strong>,</strong></span> <span class='ocrx_word' id='word_1_553' title='bbox 1668 4332 1769 4402; x_wconf 78' lang='grc' dir='ltr'>τῆς</span> 
     </span>
    </p>
   </div>
   <div class='ocr_carea' id='block_1_76' title="bbox 205 4418 1769 4501">
    <p class='ocr_par' dir='ltr' id='par_1_76' title="bbox 205 4418 1769 4501">
     <span class='ocr_line' id='line_1_76' title="bbox 205 4418 1769 4501; baseline -0.007 -18"><span class='ocrx_word' id='word_1_554' title='bbox 205 4430 354 4493; x_wconf 79' lang='grc' dir='ltr'>θείας</span> <span class='ocrx_word' id='word_1_555' title='bbox 386 4428 839 4501; x_wconf 80' lang='grc' dir='ltr'>ὑπερουσιάτητος</span> <span class='ocrx_word' id='word_1_556' title='bbox 886 4424 1103 4497; x_wconf 89' lang='grc' dir='ltr'>ἀμυδρά</span> <span class='ocrx_word' id='word_1_557' title='bbox 1127 4426 1211 4487; x_wconf 89' lang='grc' dir='ltr'><strong>τίς</strong></span> <span class='ocrx_word' id='word_1_558' title='bbox 1231 4425 1345 4477; x_wconf 68' lang='grc' dir='ltr'>ἐστι</span> <span class='ocrx_word' id='word_1_559' title='bbox 1366 4425 1598 4496; x_wconf 78' lang='grc' dir='ltr'>δήλωσις</span> <span class='ocrx_word' id='word_1_560' title='bbox 1620 4439 1634 4451; x_wconf 70' lang='grc'>⁸</span> <span class='ocrx_word' id='word_1_561' title='bbox 1667 4418 1769 4473; x_wconf 75' lang='grc' dir='ltr'>οὐκ</span> 
     </span>
    </p>
   </div>
   <div class='ocr_carea' id='block_1_77' title="bbox 203 4512 1771 4589">
    <p class='ocr_par' dir='ltr' id='par_1_77' title="bbox 203 4512 1771 4589">
     <span class='ocr_line' id='line_1_77' title="bbox 203 4512 1771 4589; baseline -0.006 -15"><span class='ocrx_word' id='word_1_562' title='bbox 203 4522 266 4574; x_wconf 76' lang='grc' dir='ltr'><strong>ὲκ</strong></span> <span class='ocrx_word' id='word_1_563' title='bbox 303 4518 550 4574; x_wconf 79' lang='grc' dir='ltr'>τῶνκαθ’</span> <span class='ocrx_word' id='word_1_564' title='bbox 584 4518 752 4589; x_wconf 73' lang='grc' dir='ltr'>αὐτὴν</span> <span class='ocrx_word' id='word_1_565' title='bbox 772 4520 788 4539; x_wconf 90' lang='grc'><strong>·</strong></span> <span class='ocrx_word' id='word_1_566' title='bbox 818 4515 945 4588; x_wconf 85' lang='grc' dir='ltr'>γὰρ,</span> <span class='ocrx_word' id='word_1_567' title='bbox 976 4515 1088 4568; x_wconf 80' lang='grc' dir='ltr'>ἀλλ’</span> <span class='ocrx_word' id='word_1_568' title='bbox 1120 4516 1184 4568; x_wconf 77' lang='grc' dir='ltr'><strong>ὲκ</strong></span> <span class='ocrx_word' id='word_1_569' title='bbox 1216 4515 1322 4568; x_wconf 86' lang='grc' dir='ltr'><strong>τῶν</strong></span> <span class='ocrx_word' id='word_1_570' title='bbox 1354 4516 1481 4587; x_wconf 71' lang='grc' dir='ltr'>περὶ</span> <span class='ocrx_word' id='word_1_571' title='bbox 1508 4514 1676 4585; x_wconf 67' lang='grc' dir='ltr'>αὐτὴν</span> <span class='ocrx_word' id='word_1_572' title='bbox 1709 4512 1771 4566; x_wconf 75' lang='grc' dir='ltr'>τὸ</span> 
     </span>
    </p>
   </div>
   <div class='ocr_carea' id='block_1_78' title="bbox 1865 3311 3433 3383">
    <p class='ocr_par' dir='ltr' id='par_1_78' title="bbox 1865 3311 3433 3383">
     <span class='ocr_line' id='line_1_78' title="bbox 1865 3311 3433 3383; baseline 0.003 -17"><span class='ocrx_word' id='word_1_573' title='bbox 1865 3313 2031 3379; x_wconf 89' lang='lat' dir='ltr'><strong>ostia,</strong></span> <span class='ocrx_word' id='word_1_574' title='bbox 2064 3322 2173 3366; x_wconf 91' lang='lat' dir='ltr'><strong>tum</strong></span> <span class='ocrx_word' id='word_1_575' title='bbox 2202 3313 2593 3376; x_wconf 78' lang='lat' dir='ltr'><strong>concavitates,</strong></span> <span class='ocrx_word' id='word_1_576' title='bbox 2630 3311 2825 3379; x_wconf 87' lang='lat' dir='ltr'><strong>quibus</strong></span> <span class='ocrx_word' id='word_1_577' title='bbox 2856 3312 3079 3366; x_wconf 83' lang='lat' dir='ltr'><strong>deorum</strong></span> <span class='ocrx_word' id='word_1_578' title='bbox 3123 3330 3259 3383; x_wconf 89' lang='lat' dir='ltr'><strong>quos</strong></span> <span class='ocrx_word' id='word_1_579' title='bbox 3289 3316 3433 3370; x_wconf 85' lang='lat' dir='ltr'><strong>cole-</strong></span> 
     </span>
    </p>
   </div>
   <div class='ocr_carea' id='block_1_79' title="bbox 1873 3404 3434 3476">
    <p class='ocr_par' dir='ltr' id='par_1_79' title="bbox 1873 3404 3434 3476">
     <span class='ocr_line' id='line_1_79' title="bbox 1873 3404 3434 3476; baseline 0.003 -18"><span class='ocrx_word' id='word_1_580' title='bbox 1873 3405 2034 3469; x_wconf 88' lang='lat' dir='ltr'><strong>bant,</strong></span> <span class='ocrx_word' id='word_1_581' title='bbox 2084 3406 2375 3459; x_wconf 86' lang='lat' dir='ltr'><strong>simulacra</strong></span> <span class='ocrx_word' id='word_1_582' title='bbox 2428 3404 2799 3468; x_wconf 87' lang='lat' dir='ltr'><strong>imponebant.</strong></span> <span class='ocrx_word' id='word_1_583' title='bbox 2851 3406 3198 3474; x_wconf 82' lang='lat' dir='ltr'><strong>Apparebant</strong></span> <span class='ocrx_word' id='word_1_584' title='bbox 3253 3408 3434 3476; x_wconf 84' lang='lat' dir='ltr'><strong>itaque</strong></span> 
     </span>
    </p>
   </div>
   <div class='ocr_carea' id='block_1_80' title="bbox 1866 3494 3441 3565">
    <p class='ocr_par' dir='ltr' id='par_1_80' title="bbox 1866 3494 3441 3565">
     <span class='ocr_line' id='line_1_80' title="bbox 1866 3494 3441 3565; baseline 0.003 -17"><span class='ocrx_word' id='word_1_585' title='bbox 1866 3496 1997 3550; x_wconf 75' lang='lat' dir='ltr'><strong>viles</strong></span> <span class='ocrx_word' id='word_1_586' title='bbox 2011 3497 2336 3565; x_wconf 85' lang='lat' dir='ltr'><strong>ejuscemodi</strong></span> <span class='ocrx_word' id='word_1_587' title='bbox 2361 3505 2551 3549; x_wconf 71' lang='lat' dir='ltr'><strong>statuae</strong></span> <span class='ocrx_word' id='word_1_588' title='bbox 2578 3494 3047 3560; x_wconf 71' lang='lat' dir='ltr'><strong>Mercuriales,sed</strong></span> <span class='ocrx_word' id='word_1_589' title='bbox 3072 3498 3215 3551; x_wconf 89' lang='lat' dir='ltr'><strong>intra</strong></span> <span class='ocrx_word' id='word_1_590' title='bbox 3233 3513 3293 3552; x_wconf 90' lang='lat' dir='ltr'><strong>se</strong></span> <span class='ocrx_word' id='word_1_591' title='bbox 3313 3500 3441 3554; x_wconf 81' lang='lat' dir='ltr'><strong>deo-</strong></span> 
     </span>
    </p>
   </div>
   <div class='ocr_carea' id='block_1_81' title="bbox 1866 3587 3430 3657">
    <p class='ocr_par' dir='ltr' id='par_1_81' title="bbox 1866 3587 3430 3657">
     <span class='ocr_line' id='line_1_81' title="bbox 1866 3587 3430 3657; baseline 0 -16"><span class='ocrx_word' id='word_1_592' title='bbox 1866 3602 1985 3641; x_wconf 89' lang='lat' dir='ltr'><strong>rum</strong></span> <span class='ocrx_word' id='word_1_593' title='bbox 2009 3595 2326 3643; x_wconf 84' lang='lat' dir='ltr'><strong>ornamenta</strong></span> <span class='ocrx_word' id='word_1_594' title='bbox 2353 3587 2700 3641; x_wconf 83' lang='lat' dir='ltr'><strong>continebant</strong></span> <span class='ocrx_word' id='word_1_595' title='bbox 2721 3603 2739 3652; x_wconf 90' lang='lat'><strong>;</strong></span> <span class='ocrx_word' id='word_1_596' title='bbox 2760 3589 2983 3641; x_wconf 83' lang='lat' dir='ltr'><strong>studiosi</strong></span> <span class='ocrx_word' id='word_1_597' title='bbox 3015 3589 3194 3657; x_wconf 87' lang='lat' dir='ltr'><strong>itaque</strong></span> <span class='ocrx_word' id='word_1_598' title='bbox 3221 3589 3430 3643; x_wconf 85' lang='lat' dir='ltr'><strong>illarum</strong></span> 
     </span>
    </p>
   </div>
   <div class='ocr_carea' id='block_1_82' title="bbox 1866 3664 3433 3749">
    <p class='ocr_par' dir='ltr' id='par_1_82' title="bbox 1866 3664 3433 3749">
     <span class='ocr_line' id='line_1_82' title="bbox 1866 3664 3433 3749; baseline -0.001 -15"><span class='ocrx_word' id='word_1_599' title='bbox 1866 3680 1972 3749; x_wconf 78' lang='grc'><strong>27</strong></span> <span class='ocrx_word' id='word_1_600' title='bbox 1996 3678 2450 3749; x_wconf 83' lang='lat' dir='ltr'><strong>contemplatores</strong></span> <span class='ocrx_word' id='word_1_601' title='bbox 2483 3718 2498 3742; x_wconf 92' lang='lat'><strong>,</strong></span> <span class='ocrx_word' id='word_1_602' title='bbox 2540 3693 2642 3731; x_wconf 82' lang='lat' dir='ltr'><strong>non</strong></span> <span class='ocrx_word' id='word_1_603' title='bbox 2672 3687 2781 3733; x_wconf 85' lang='lat' dir='ltr'><strong>tam</strong></span> <span class='ocrx_word' id='word_1_604' title='bbox 2831 3664 3026 3733; x_wconf 77' lang='lat' dir='ltr'><strong>statuis</strong></span> <span class='ocrx_word' id='word_1_605' title='bbox 3055 3680 3174 3733; x_wconf 85' lang='lat' dir='ltr'><strong>istis</strong></span> <span class='ocrx_word' id='word_1_606' title='bbox 3204 3681 3433 3748; x_wconf 80' lang='lat' dir='ltr'><strong>quadra-</strong></span> 
     </span>
    </p>
   </div>
   <div class='ocr_carea' id='block_1_83' title="bbox 1868 3770 3434 3839">
    <p class='ocr_par' dir='ltr' id='par_1_83' title="bbox 1868 3770 3434 3839">
     <span class='ocr_line' id='line_1_83' title="bbox 1868 3770 3434 3839; baseline 0.001 -15"><span class='ocrx_word' id='word_1_607' title='bbox 1868 3775 1937 3827; x_wconf 83' lang='lat' dir='ltr'><strong>tis</strong></span> <span class='ocrx_word' id='word_1_608' title='bbox 1963 3772 2342 3835; x_wconf 81' lang='lat' dir='ltr'><strong>attendebant,</strong></span> <span class='ocrx_word' id='word_1_609' title='bbox 2368 3783 2530 3839; x_wconf 80' lang='lat' dir='ltr'><strong>quam</strong></span> <span class='ocrx_word' id='word_1_610' title='bbox 2562 3770 2918 3825; x_wconf 81' lang='lat' dir='ltr'><strong>interioribus</strong></span> <span class='ocrx_word' id='word_1_611' title='bbox 2944 3772 3274 3825; x_wconf 71' lang='lat' dir='ltr'><strong>simulacris.</strong></span> <span class='ocrx_word' id='word_1_612' title='bbox 3328 3771 3434 3826; x_wconf 77' lang='lat' dir='ltr'><strong>Per</strong></span> 
     </span>
    </p>
   </div>
   <div class='ocr_carea' id='block_1_84' title="bbox 1869 3861 3433 3933">
    <p class='ocr_par' dir='ltr' id='par_1_84' title="bbox 1869 3861 3433 3933">
     <span class='ocr_line' id='line_1_84' title="bbox 1869 3861 3433 3933; baseline -0.003 -14"><span class='ocrx_word' id='word_1_613' title='bbox 1869 3866 1981 3920; x_wconf 64' lang='lat' dir='ltr'><strong>haec</strong></span> <span class='ocrx_word' id='word_1_614' title='bbox 2012 3865 2193 3933; x_wconf 85' lang='lat' dir='ltr'><strong>itaque</strong></span> <span class='ocrx_word' id='word_1_615' title='bbox 2216 3865 2380 3918; x_wconf 84' lang='lat' dir='ltr'><strong>etiam</strong></span> <span class='ocrx_word' id='word_1_616' title='bbox 2413 3862 2592 3916; x_wconf 84' lang='lat' dir='ltr'><strong>divina</strong></span> <span class='ocrx_word' id='word_1_617' title='bbox 2650 3863 2796 3915; x_wconf 77' lang='lat' dir='ltr'><strong>veris</strong></span> <span class='ocrx_word' id='word_1_618' title='bbox 2849 3862 3230 3931; x_wconf 80' lang='lat' dir='ltr'><strong>negationibus</strong></span> <span class='ocrx_word' id='word_1_619' title='bbox 3287 3861 3433 3914; x_wconf 89' lang='lat' dir='ltr'><strong>cele-</strong></span> 
     </span>
    </p>
   </div>
   <div class='ocr_carea' id='block_1_85' title="bbox 1869 3951 3430 4021">
    <p class='ocr_par' dir='ltr' id='par_1_85' title="bbox 1869 3951 3430 4021">
     <span class='ocr_line' id='line_1_85' title="bbox 1869 3951 3430 4021; baseline -0.001 -12"><span class='ocrx_word' id='word_1_620' title='bbox 1869 3956 2071 4009; x_wconf 69' lang='lat' dir='ltr'><strong>branda</strong></span> <span class='ocrx_word' id='word_1_621' title='bbox 2100 3964 2263 4009; x_wconf 86' lang='lat' dir='ltr'><strong>sunt:</strong></span> <span class='ocrx_word' id='word_1_622' title='bbox 2294 3956 2394 4008; x_wconf 83' lang='lat' dir='ltr'><strong>etsi</strong></span> <span class='ocrx_word' id='word_1_623' title='bbox 2431 3954 2574 4008; x_wconf 84' lang='lat' dir='ltr'><strong>enim</strong></span> <span class='ocrx_word' id='word_1_624' title='bbox 2602 3954 2728 4021; x_wconf 86' lang='lat' dir='ltr'><strong>quid</strong></span> <span class='ocrx_word' id='word_1_625' title='bbox 2757 3951 3080 4018; x_wconf 78' lang='lat' dir='ltr'><strong>eiuscemodi</strong></span> <span class='ocrx_word' id='word_1_626' title='bbox 3108 3954 3430 4016; x_wconf 53' lang='lat' dir='ltr'><strong>dixeris,“-</strong></span> 
     </span>
    </p>
   </div>
   <div class='ocr_carea' id='block_1_86' title="bbox 1870 4044 3419 4115">
    <p class='ocr_par' dir='ltr' id='par_1_86' title="bbox 1870 4044 3419 4115">
     <span class='ocr_line' id='line_1_86' title="bbox 1870 4044 3419 4115; baseline -0.003 -14"><span class='ocrx_word' id='word_1_627' title='bbox 1870 4046 2165 4115; x_wconf 74' lang='lat' dir='ltr'><strong>tnenjuxta</strong></span> <span class='ocrx_word' id='word_1_628' title='bbox 2196 4054 2480 4115; x_wconf 77' lang='lat' dir='ltr'><strong>negantem</strong></span> <span class='ocrx_word' id='word_1_629' title='bbox 2526 4044 2875 4115; x_wconf 79' lang='lat' dir='ltr'><strong>theologiam,</strong></span> <span class='ocrx_word' id='word_1_630' title='bbox 2908 4044 3039 4097; x_wconf 88' lang='lat' dir='ltr'><strong>illud</strong></span> <span class='ocrx_word' id='word_1_631' title='bbox 3068 4059 3173 4097; x_wconf 92' lang='lat' dir='ltr'><strong>non</strong></span> <span class='ocrx_word' id='word_1_632' title='bbox 3206 4053 3291 4098; x_wconf 91' lang='lat' dir='ltr'><strong>est</strong></span> <span class='ocrx_word' id='word_1_633' title='bbox 3317 4060 3419 4097; x_wconf 85' lang='lat' dir='ltr'><strong>nu-</strong></span> 
     </span>
    </p>
   </div>
   <div class='ocr_carea' id='block_1_87' title="bbox 1870 4134 3429 4193">
    <p class='ocr_par' dir='ltr' id='par_1_87' title="bbox 1870 4134 3429 4193">
     <span class='ocr_line' id='line_1_87' title="bbox 1870 4134 3429 4193; baseline -0.003 0"><span class='ocrx_word' id='word_1_634' title='bbox 1870 4155 2013 4193; x_wconf 86' lang='lat' dir='ltr'><strong>men.</strong></span> <span class='ocrx_word' id='word_1_635' title='bbox 2042 4139 2104 4191; x_wconf 90' lang='lat' dir='ltr'><strong>Et</strong></span> <span class='ocrx_word' id='word_1_636' title='bbox 2137 4152 2327 4191; x_wconf 89' lang='lat' dir='ltr'><strong>rursus</strong></span> <span class='ocrx_word' id='word_1_637' title='bbox 2360 4138 2462 4190; x_wconf 90' lang='lat' dir='ltr'><strong>hoc</strong></span> <span class='ocrx_word' id='word_1_638' title='bbox 2492 4136 2696 4189; x_wconf 80' lang='lat' dir='ltr'><strong>dicitur</strong></span> <span class='ocrx_word' id='word_1_639' title='bbox 2728 4138 3024 4191; x_wconf 84' lang='lat' dir='ltr'><strong>secundum</strong></span> <span class='ocrx_word' id='word_1_640' title='bbox 3069 4134 3429 4189; x_wconf 76' lang='lat' dir='ltr'><strong>afﬁrmantem</strong></span> 
     </span>
    </p>
   </div>
   <div class='ocr_carea' id='block_1_88' title="bbox 1871 4227 3432 4298">
    <p class='ocr_par' dir='ltr' id='par_1_88' title="bbox 1871 4227 3432 4298">
     <span class='ocr_line' id='line_1_88' title="bbox 1871 4227 3432 4298; baseline -0.003 -14"><span class='ocrx_word' id='word_1_641' title='bbox 1871 4230 2219 4298; x_wconf 72' lang='lat' dir='ltr'><strong>theologiam,</strong></span> <span class='ocrx_word' id='word_1_642' title='bbox 2241 4227 2334 4283; x_wconf 83' lang='lat' dir='ltr'><strong>sed</strong></span> <span class='ocrx_word' id='word_1_643' title='bbox 2352 4244 2459 4283; x_wconf 89' lang='lat' dir='ltr'><strong>non</strong></span> <span class='ocrx_word' id='word_1_644' title='bbox 2485 4228 2812 4298; x_wconf 87' lang='lat' dir='ltr'><strong>simpliciter</strong></span> <span class='ocrx_word' id='word_1_645' title='bbox 2835 4242 2901 4281; x_wconf 84' lang='lat' dir='ltr'><strong>ac</strong></span> <span class='ocrx_word' id='word_1_646' title='bbox 2930 4241 3077 4289; x_wconf 83' lang='lat' dir='ltr'><strong>vere,</strong></span> <span class='ocrx_word' id='word_1_647' title='bbox 3098 4227 3193 4279; x_wconf 88' lang='lat' dir='ltr'><strong>sed</strong></span> <span class='ocrx_word' id='word_1_648' title='bbox 3226 4241 3322 4295; x_wconf 91' lang='lat' dir='ltr'><strong>per</strong></span> <span class='ocrx_word' id='word_1_649' title='bbox 3352 4228 3432 4280; x_wconf 87' lang='lat' dir='ltr'><strong>af-</strong></span> 
     </span>
    </p>
   </div>
   <div class='ocr_carea' id='block_1_89' title="bbox 1870 4316 3432 4374">
    <p class='ocr_par' dir='ltr' id='par_1_89' title="bbox 1870 4316 3432 4374">
     <span class='ocr_line' id='line_1_89' title="bbox 1870 4316 3432 4374; baseline -0.003 0"><span class='ocrx_word' id='word_1_650' title='bbox 1870 4319 2130 4374; x_wconf 85' lang='lat' dir='ltr'><strong>ﬁnitatem</strong></span> <span class='ocrx_word' id='word_1_651' title='bbox 2163 4334 2284 4373; x_wconf 90' lang='lat' dir='ltr'><strong>cum</strong></span> <span class='ocrx_word' id='word_1_652' title='bbox 2318 4320 2477 4372; x_wconf 90' lang='lat' dir='ltr'><strong>rebus</strong></span> <span class='ocrx_word' id='word_1_653' title='bbox 2511 4319 2742 4370; x_wconf 86' lang='lat' dir='ltr'><strong>terrenis</strong></span> <span class='ocrx_word' id='word_1_654' title='bbox 2770 4332 2835 4370; x_wconf 83' lang='lat' dir='ltr'><strong>ac</strong></span> <span class='ocrx_word' id='word_1_655' title='bbox 2863 4316 3241 4370; x_wconf 86' lang='lat' dir='ltr'><strong>diversimodis</strong></span> <span class='ocrx_word' id='word_1_656' title='bbox 3282 4316 3432 4370; x_wconf 83' lang='lat' dir='ltr'><strong>simi-</strong></span> 
     </span>
    </p>
   </div>
   <div class='ocr_carea' id='block_1_90' title="bbox 1870 4409 3429 4479">
    <p class='ocr_par' dir='ltr' id='par_1_90' title="bbox 1870 4409 3429 4479">
     <span class='ocr_line' id='line_1_90' title="bbox 1870 4409 3429 4479; baseline -0.003 -13"><span class='ocrx_word' id='word_1_657' title='bbox 1870 4412 2193 4467; x_wconf 82' lang='lat' dir='ltr'><strong>iitudinibus</strong></span> <span class='ocrx_word' id='word_1_658' title='bbox 2262 4412 2701 4465; x_wconf 77' lang='lat' dir='ltr'><strong>resonantiarum</strong></span> <span class='ocrx_word' id='word_1_659' title='bbox 2780 4409 3181 4479; x_wconf 82' lang='lat' dir='ltr'><strong>quodaminodo</strong></span> <span class='ocrx_word' id='word_1_660' title='bbox 3249 4422 3429 4462; x_wconf 88' lang='lat' dir='ltr'><strong>rerum</strong></span> 
     </span>
    </p>
   </div>
   <div class='ocr_carea' id='block_1_91' title="bbox 1871 4499 3433 4567">
    <p class='ocr_par' dir='ltr' id='par_1_91' title="bbox 1871 4499 3433 4567">
     <span class='ocr_line' id='line_1_91' title="bbox 1871 4499 3433 4567; baseline -0.006 -6"><span class='ocrx_word' id='word_1_661' title='bbox 1871 4513 2201 4561; x_wconf 72' lang='lat' dir='ltr'><strong>creaturam.</strong></span> <span class='ocrx_word' id='word_1_662' title='bbox 2231 4500 2384 4556; x_wconf 83' lang='lat' dir='ltr'><strong>Sicut</strong></span> <span class='ocrx_word' id='word_1_663' title='bbox 2412 4503 2557 4557; x_wconf 88' lang='lat' dir='ltr'><strong>enim</strong></span> <span class='ocrx_word' id='word_1_664' title='bbox 2588 4500 2897 4556; x_wconf 79' lang='lat' dir='ltr'><strong>resonantia</strong></span> <span class='ocrx_word' id='word_1_665' title='bbox 2937 4509 3021 4552; x_wconf 85' lang='lat' dir='ltr'><strong>est</strong></span> <span class='ocrx_word' id='word_1_666' title='bbox 3050 4499 3101 4552; x_wconf 89' lang='lat' dir='ltr'><strong>id</strong></span> <span class='ocrx_word' id='word_1_667' title='bbox 3130 4499 3271 4567; x_wconf 84' lang='lat' dir='ltr'><strong>quod</strong></span> <span class='ocrx_word' id='word_1_668' title='bbox 3312 4511 3433 4565; x_wconf 82' lang='lat' dir='ltr'><strong>post</strong></span> 
     </span>
    </p>
   </div>
   <div class='ocr_carea' id='block_1_92' title="bbox 203 4590 1803 4677">
    <p class='ocr_par' dir='ltr' id='par_1_92' title="bbox 203 4602 1803 4677">
     <span class='ocr_line' id='line_1_92' title="bbox 203 4602 1803 4677; baseline -0.003 -14"><span class='ocrx_word' id='word_1_669' title='bbox 203 4610 441 4665; x_wconf 81' lang='grc' dir='ltr'>τοιοῦτον</span> <span class='ocrx_word' id='word_1_670' title='bbox 470 4607 753 4677; x_wconf 77' lang='grc' dir='ltr'>συνάγεται</span> <span class='ocrx_word' id='word_1_671' title='bbox 781 4604 1029 4676; x_wconf 75' lang='grc' dir='ltr'>ἰνδαλμα.</span> <span class='ocrx_word' id='word_1_672' title='bbox 1064 4606 1303 4675; x_wconf 81' lang='grc' dir='ltr'>Ἔσχατα</span> <span class='ocrx_word' id='word_1_673' title='bbox 1328 4604 1387 4658; x_wconf 80' lang='grc' dir='ltr'>δὲ</span> <span class='ocrx_word' id='word_1_674' title='bbox 1430 4606 1769 4676; x_wconf 81' lang='grc' dir='ltr'>ἀπηχήματσ.</span> <span class='ocrx_word' id='word_1_675' title='bbox 1799 4602 1803 4659; x_wconf 64' lang='grc' dir='ltr'>Ι</span> 
     </span>
    </p>
   </div>
   <div class='ocr_carea' id='block_1_93' title="bbox 1840 4590 3427 4677">
    <p class='ocr_par' dir='ltr' id='par_1_93' title="bbox 1840 4590 3427 4662">
     <span class='ocr_line' id='line_1_93' title="bbox 1840 4590 3427 4662; baseline -0.005 -12"><span class='ocrx_word' id='word_1_676' title='bbox 1840 4621 1843 4643; x_wconf 80' lang='grc' dir='ltr'><strong>ι</strong></span> <span class='ocrx_word' id='word_1_677' title='bbox 1871 4609 2088 4659; x_wconf 87' lang='lat' dir='ltr'><strong>sonum,</strong></span> <span class='ocrx_word' id='word_1_678' title='bbox 2116 4608 2207 4649; x_wconf 81' lang='lat' dir='ltr'><strong>seu</strong></span> <span class='ocrx_word' id='word_1_679' title='bbox 2235 4594 2391 4648; x_wconf 81' lang='lat' dir='ltr'><strong>exilis</strong></span> <span class='ocrx_word' id='word_1_680' title='bbox 2418 4592 2639 4662; x_wconf 85' lang='lat' dir='ltr'><strong>quidam</strong></span> <span class='ocrx_word' id='word_1_681' title='bbox 2686 4592 2834 4646; x_wconf 78' lang='lat' dir='ltr'><strong>vocis</strong></span> <span class='ocrx_word' id='word_1_682' title='bbox 2880 4591 3087 4655; x_wconf 88' lang='lat' dir='ltr'><strong>sibilus,</strong></span> <span class='ocrx_word' id='word_1_683' title='bbox 3120 4591 3323 4642; x_wconf 65' lang='lat' dir='ltr'><strong>auditu:</strong></span> <span class='ocrx_word' id='word_1_684' title='bbox 3351 4590 3427 4642; x_wconf 90' lang='lat' dir='ltr'><strong>in—</strong></span> 
     </span>
    </p>
   </div>
   <div class='ocr_carea' id='block_1_94' title="bbox 204 4695 1764 4772">
    <p class='ocr_par' dir='ltr' id='par_1_94' title="bbox 204 4695 1764 4772">
     <span class='ocr_line' id='line_1_94' title="bbox 204 4695 1764 4772; baseline -0.006 -16"><span class='ocrx_word' id='word_1_685' title='bbox 204 4701 271 4757; x_wconf 87' lang='grc' dir='ltr'><strong>τά</strong></span> <span class='ocrx_word' id='word_1_686' title='bbox 314 4702 579 4772; x_wconf 80' lang='grc' dir='ltr'>ἡμέτερα,</span> <span class='ocrx_word' id='word_1_687' title='bbox 637 4698 773 4769; x_wconf 81' lang='grc' dir='ltr'>πρὸς</span> <span class='ocrx_word' id='word_1_688' title='bbox 830 4696 1230 4767; x_wconf 84' lang='grc' dir='ltr'>ἀντιδιαστολὴν</span> <span class='ocrx_word' id='word_1_689' title='bbox 1272 4696 1381 4749; x_wconf 82' lang='grc' dir='ltr'><strong>τῶν</strong></span> <span class='ocrx_word' id='word_1_690' title='bbox 1424 4695 1764 4765; x_wconf 87' lang='grc' dir='ltr'>ἀγγελικῶν·</span> 
     </span>
    </p>
   </div>
   <div class='ocr_carea' id='block_1_95' title="bbox 204 4786 1768 4860">
    <p class='ocr_par' dir='ltr' id='par_1_95' title="bbox 204 4786 1768 4860">
     <span class='ocr_line' id='line_1_95' title="bbox 204 4786 1768 4860; baseline -0.004 -16"><span class='ocrx_word' id='word_1_691' title='bbox 204 4793 282 4845; x_wconf 77' lang='grc' dir='ltr'>ὅτι</span> <span class='ocrx_word' id='word_1_692' title='bbox 304 4792 397 4845; x_wconf 73' lang='grc' dir='ltr'><strong>καὶ</strong></span> <span class='ocrx_word' id='word_1_693' title='bbox 426 4794 483 4841; x_wconf 83' lang='grc' dir='ltr'>ὲν</span> <span class='ocrx_word' id='word_1_694' title='bbox 530 4792 596 4860; x_wconf 81' lang='grc' dir='ltr'>τῇ</span> <span class='ocrx_word' id='word_1_695' title='bbox 626 4788 745 4842; x_wconf 84' lang='grc' dir='ltr'>καθ’</span> <span class='ocrx_word' id='word_1_696' title='bbox 790 4790 938 4859; x_wconf 79' lang='grc' dir='ltr'>ἡμᾶς</span> <span class='ocrx_word' id='word_1_697' title='bbox 979 4787 1079 4860; x_wconf 78' lang='grc' dir='ltr'>ὕλῃ</span> <span class='ocrx_word' id='word_1_698' title='bbox 1116 4788 1458 4858; x_wconf 81' lang='grc' dir='ltr'>εὑρίσκονται</span> <span class='ocrx_word' id='word_1_699' title='bbox 1490 4786 1768 4855; x_wconf 84' lang='grc' dir='ltr'>ἀναλόγως</span> 
     </span>
    </p>
   </div>
   <div class='ocr_carea' id='block_1_96' title="bbox 206 4877 1769 4952">
    <p class='ocr_par' dir='ltr' id='par_1_96' title="bbox 206 4877 1769 4952">
     <span class='ocr_line' id='line_1_96' title="bbox 206 4877 1769 4952; baseline -0.004 -16"><span class='ocrx_word' id='word_1_700' title='bbox 206 4883 341 4938; x_wconf 78' lang='grc' dir='ltr'>θεῖαι</span> <span class='ocrx_word' id='word_1_701' title='bbox 374 4882 682 4952; x_wconf 79' lang='grc' dir='ltr'>ὲμφέρειαι,</span> <span class='ocrx_word' id='word_1_702' title='bbox 712 4881 844 4933; x_wconf 87' lang='grc' dir='ltr'>ὅπου</span> <span class='ocrx_word' id='word_1_703' title='bbox 875 4881 968 4932; x_wconf 78' lang='grc' dir='ltr'><strong>καὶ</strong></span> <span class='ocrx_word' id='word_1_704' title='bbox 998 4880 1055 4930; x_wconf 80' lang='grc' dir='ltr'>ὲν</span> <span class='ocrx_word' id='word_1_705' title='bbox 1082 4879 1327 4949; x_wconf 81' lang='grc' dir='ltr'>βοτάναις</span> <span class='ocrx_word' id='word_1_706' title='bbox 1361 4879 1455 4931; x_wconf 73' lang='grc' dir='ltr'><strong>καὶ</strong></span> <span class='ocrx_word' id='word_1_707' title='bbox 1487 4877 1769 4948; x_wconf 83' lang='grc' dir='ltr'>μετάλλοις</span> 
     </span>
    </p>
   </div>
   <div class='ocr_carea' id='block_1_97' title="bbox 202 4968 1767 5043">
    <p class='ocr_par' dir='ltr' id='par_1_97' title="bbox 202 4968 1767 5043">
     <span class='ocr_line' id='line_1_97' title="bbox 202 4968 1767 5043; baseline -0.004 -15"><span class='ocrx_word' id='word_1_708' title='bbox 202 4974 262 5028; x_wconf 81' lang='grc' dir='ltr'>τὸ</span> <span class='ocrx_word' id='word_1_709' title='bbox 290 4972 534 5043; x_wconf 76' lang='grc' dir='ltr'>ὠφελοῦν</span> <span class='ocrx_word' id='word_1_710' title='bbox 565 4972 657 5025; x_wconf 74' lang='grc' dir='ltr'>καὶ</span> <span class='ocrx_word' id='word_1_711' title='bbox 702 4968 965 5038; x_wconf 80' lang='grc' dir='ltr'>ζωογόνον</span> <span class='ocrx_word' id='word_1_712' title='bbox 1010 4969 1344 5039; x_wconf 84' lang='grc' dir='ltr'>εὑρίσκεται,</span> <span class='ocrx_word' id='word_1_713' title='bbox 1380 4971 1473 5022; x_wconf 76' lang='grc' dir='ltr'>καὶ</span> <span class='ocrx_word' id='word_1_714' title='bbox 1497 4972 1555 5021; x_wconf 79' lang='grc' dir='ltr'>ὲν</span> <span class='ocrx_word' id='word_1_715' title='bbox 1589 4969 1767 5033; x_wconf 78' lang='grc' dir='ltr'>ἀλλοις</span> 
     </span>
    </p>
   </div>
   <div class='ocr_carea' id='block_1_98' title="bbox 204 5058 1770 5137">
    <p class='ocr_par' dir='ltr' id='par_1_98' title="bbox 204 5058 1770 5137">
     <span class='ocr_line' id='line_1_98' title="bbox 204 5058 1770 5137; baseline -0.005 -19"><span class='ocrx_word' id='word_1_716' title='bbox 204 5066 363 5137; x_wconf 72' lang='grc' dir='ltr'>ἕτερα</span> <span class='ocrx_word' id='word_1_717' title='bbox 397 5064 519 5118; x_wconf 80' lang='grc' dir='ltr'>θεῖα</span> <span class='ocrx_word' id='word_1_718' title='bbox 556 5063 649 5114; x_wconf 75' lang='grc' dir='ltr'><strong>καὶ</strong></span> <span class='ocrx_word' id='word_1_719' title='bbox 686 5061 981 5133; x_wconf 77' lang='grc' dir='ltr'>παράδοξα.</span> <span class='ocrx_word' id='word_1_720' title='bbox 1020 5060 1189 5114; x_wconf 80' lang='grc' dir='ltr'>Οὐδὲν</span> <span class='ocrx_word' id='word_1_721' title='bbox 1222 5058 1312 5115; x_wconf 84' lang='grc' dir='ltr'><strong>οὑν</strong></span> <span class='ocrx_word' id='word_1_722' title='bbox 1364 5060 1587 5121; x_wconf 75' lang='grc' dir='ltr'>ἄτοπον,</span> <span class='ocrx_word' id='word_1_723' title='bbox 1646 5058 1770 5111; x_wconf 79' lang='grc' dir='ltr'>ἐπεὶ</span> 
     </span>
    </p>
   </div>
   <div class='ocr_carea' id='block_1_99' title="bbox 205 5147 1769 5222">
    <p class='ocr_par' dir='ltr' id='par_1_99' title="bbox 205 5147 1769 5222">
     <span class='ocr_line' id='line_1_99' title="bbox 205 5147 1769 5222; baseline -0.007 -11"><span class='ocrx_word' id='word_1_724' title='bbox 205 5159 295 5211; x_wconf 69' lang='grc' dir='ltr'>καὶ</span> <span class='ocrx_word' id='word_1_725' title='bbox 328 5155 425 5210; x_wconf 73' lang='grc' dir='ltr'><strong>ἐπὶ</strong></span> <span class='ocrx_word' id='word_1_726' title='bbox 470 5151 607 5209; x_wconf 85' lang='grc' dir='ltr'><strong>Θεοῦ</strong></span> <span class='ocrx_word' id='word_1_727' title='bbox 658 5153 718 5205; x_wconf 80' lang='grc' dir='ltr'>τὸ</span> <span class='ocrx_word' id='word_1_728' title='bbox 762 5151 1004 5205; x_wconf 80' lang='grc' dir='ltr'>τοιοῦτον</span> <span class='ocrx_word' id='word_1_729' title='bbox 1052 5150 1370 5222; x_wconf 83' lang='grc' dir='ltr'>πράττεται,</span> <span class='ocrx_word' id='word_1_730' title='bbox 1418 5152 1466 5202; x_wconf 80' lang='grc' dir='ltr'>εἰ</span> <span class='ocrx_word' id='word_1_731' title='bbox 1520 5150 1614 5203; x_wconf 81' lang='grc' dir='ltr'>καὶ</span> <span class='ocrx_word' id='word_1_732' title='bbox 1670 5147 1769 5213; x_wconf 75' lang='grc' dir='ltr'>τὰς</span> 
     </span>
    </p>
   </div>
   <div class='ocr_carea' id='block_1_100' title="bbox 203 5240 1769 5319">
    <p class='ocr_par' dir='ltr' id='par_1_100' title="bbox 203 5240 1769 5319">
     <span class='ocr_line' id='line_1_100' title="bbox 203 5240 1769 5319; baseline -0.004 -17"><span class='ocrx_word' id='word_1_733' title='bbox 203 5248 486 5319; x_wconf 87' lang='grc' dir='ltr'>οὐρανίους</span> <span class='ocrx_word' id='word_1_734' title='bbox 540 5245 797 5315; x_wconf 80' lang='grc' dir='ltr'>δυνάμεις</span> <span class='ocrx_word' id='word_1_735' title='bbox 838 5245 903 5295; x_wconf 77' lang='grc' dir='ltr'><strong>ὲκ</strong></span> <span class='ocrx_word' id='word_1_736' title='bbox 942 5242 1052 5295; x_wconf 88' lang='grc' dir='ltr'>τῶν</span> <span class='ocrx_word' id='word_1_737' title='bbox 1095 5243 1338 5312; x_wconf 77' lang='grc' dir='ltr'>ἐσχάτων</span> <span class='ocrx_word' id='word_1_738' title='bbox 1369 5240 1465 5294; x_wconf 83' lang='grc' dir='ltr'>καὶ</span> <span class='ocrx_word' id='word_1_739' title='bbox 1497 5240 1769 5310; x_wconf 81' lang='grc' dir='ltr'>ἀνομοίων</span> 
     </span>
    </p>
   </div>
   <div class='ocr_carea' id='block_1_101' title="bbox 204 5331 1771 5409">
    <p class='ocr_par' dir='ltr' id='par_1_101' title="bbox 204 5331 1771 5409">
     <span class='ocr_line' id='line_1_101' title="bbox 204 5331 1771 5409; baseline -0.005 -19"><span class='ocrx_word' id='word_1_740' title='bbox 204 5340 534 5409; x_wconf 74' lang='grc' dir='ltr'>ὁμοιοτήτων</span> <span class='ocrx_word' id='word_1_741' title='bbox 583 5335 980 5389; x_wconf 66' lang='grc' dir='ltr'>ἀναπλάττουσι</span> <span class='ocrx_word' id='word_1_742' title='bbox 1010 5350 1025 5364; x_wconf 68' lang='grc' dir='ltr'><strong><em>υ</em></strong></span> <span class='ocrx_word' id='word_1_743' title='bbox 1053 5331 1210 5385; x_wconf 79' lang='grc' dir='ltr'>τοῦτο</span> <span class='ocrx_word' id='word_1_744' title='bbox 1231 5332 1341 5403; x_wconf 84' lang='grc' dir='ltr'><strong>γὰρ</strong></span> <span class='ocrx_word' id='word_1_745' title='bbox 1396 5331 1525 5395; x_wconf 78' lang='grc' dir='ltr'>ἴσως</span> <span class='ocrx_word' id='word_1_746' title='bbox 1580 5331 1674 5383; x_wconf 77' lang='grc' dir='ltr'><strong>καὶ</strong></span> <span class='ocrx_word' id='word_1_747' title='bbox 1702 5333 1771 5402; x_wconf 81' lang='grc' dir='ltr'><strong>ή-</strong></span> 
     </span>
    </p>
   </div>
   <div class='ocr_carea' id='block_1_102' title="bbox 208 5422 1768 5501">
    <p class='ocr_par' dir='ltr' id='par_1_102' title="bbox 208 5422 1768 5501">
     <span class='ocr_line' id='line_1_102' title="bbox 208 5422 1768 5501; baseline -0.006 -18"><span class='ocrx_word' id='word_1_748' title='bbox 208 5425 583 5501; x_wconf 62' lang='grc' dir='ltr'>μᾱςταράξαν</span> <span class='ocrx_word' id='word_1_749' title='bbox 603 5426 691 5480; x_wconf 82' lang='grc' dir='ltr'>διὰ</span> <span class='ocrx_word' id='word_1_750' title='bbox 714 5425 775 5479; x_wconf 70' lang='grc' dir='ltr'>τὺ</span> <span class='ocrx_word' id='word_1_751' title='bbox 802 5424 1039 5487; x_wconf 68' lang='grc' dir='ltr'>δυσειδὲς</span> <span class='ocrx_word' id='word_1_752' title='bbox 1065 5422 1165 5492; x_wconf 80' lang='grc' dir='ltr'>τῆς</span> <span class='ocrx_word' id='word_1_753' title='bbox 1195 5422 1495 5493; x_wconf 82' lang='grc' dir='ltr'>δηλωτικῆς</span> <span class='ocrx_word' id='word_1_754' title='bbox 1526 5423 1622 5475; x_wconf 79' lang='grc' dir='ltr'><strong>καὶ</strong></span> <span class='ocrx_word' id='word_1_755' title='bbox 1662 5438 1768 5492; x_wconf 74' lang='grc' dir='ltr'>φα-</span> 
     </span>
    </p>
   </div>
   <div class='ocr_carea' id='block_1_103' title="bbox 206 5512 1771 5591">
    <p class='ocr_par' dir='ltr' id='par_1_103' title="bbox 206 5512 1771 5591">
     <span class='ocr_line' id='line_1_103' title="bbox 206 5512 1771 5591; baseline -0.004 -18"><span class='ocrx_word' id='word_1_756' title='bbox 206 5516 487 5591; x_wconf 77' lang='grc' dir='ltr'>νεροποιοῦ</span> <span class='ocrx_word' id='word_1_757' title='bbox 521 5516 894 5579; x_wconf 69' lang='grc' dir='ltr'>ἀναπλάσως,</span> <span class='ocrx_word' id='word_1_758' title='bbox 927 5513 1214 5584; x_wconf 74' lang='grc' dir='ltr'>κεκίνηκεν</span> <span class='ocrx_word' id='word_1_759' title='bbox 1257 5514 1338 5575; x_wconf 87' lang='grc' dir='ltr'><strong>είς</strong></span> <span class='ocrx_word' id='word_1_760' title='bbox 1366 5512 1465 5585; x_wconf 76' lang='grc' dir='ltr'><strong>τὴν</strong></span> <span class='ocrx_word' id='word_1_761' title='bbox 1514 5514 1771 5584; x_wconf 81' lang='grc' dir='ltr'>τοιαύτην</span> 
     </span>
    </p>
   </div>
   <div class='ocr_carea' id='block_1_104' title="bbox 278 5670 767 5739">
    <p class='ocr_par' dir='ltr' id='par_1_104' title="bbox 278 5670 767 5739">
     <span class='ocr_line' id='line_1_104' title="bbox 278 5670 767 5739; baseline -0.004 -10"><span class='ocrx_word' id='word_1_762' title='bbox 278 5687 304 5715; x_wconf 76' lang='grc' dir='ltr'><strong><em>ο</em></strong></span> <span class='ocrx_word' id='word_1_763' title='bbox 333 5673 497 5729; x_wconf 69' lang='lat' dir='ltr'><strong>loeti.</strong></span> <span class='ocrx_word' id='word_1_764' title='bbox 533 5685 637 5739; x_wconf 77' lang='lat' dir='ltr'><strong>vu,</strong></span> <span class='ocrx_word' id='word_1_765' title='bbox 673 5670 767 5728; x_wconf 79' lang='lat'><strong>38.</strong></span> 
     </span>
    </p>
   </div>
   <div class='ocr_carea' id='block_1_105' title="bbox 275 5804 1746 5880">
    <p class='ocr_par' dir='ltr' id='par_1_105' title="bbox 275 5804 1746 5880">
     <span class='ocr_line' id='line_1_105' title="bbox 275 5804 1746 5880; baseline -0.006 -14"><span class='ocrx_word' id='word_1_766' title='bbox 275 5810 379 5868; x_wconf 82' lang='lat' dir='ltr'><strong>&#39;F.</strong></span> <span class='ocrx_word' id='word_1_767' title='bbox 410 5811 535 5868; x_wconf 77' lang='grc' dir='ltr'>κατ’</span> <span class='ocrx_word' id='word_1_768' title='bbox 566 5810 751 5879; x_wconf 78' lang='grc' dir='ltr'>αὑτήν.</span> <span class='ocrx_word' id='word_1_769' title='bbox 777 5804 870 5865; x_wconf 75' lang='lat' dir='ltr'><strong>Sic</strong></span> <span class='ocrx_word' id='word_1_770' title='bbox 891 5808 1020 5880; x_wconf 78' lang='lat' dir='ltr'><strong>legit</strong></span> <span class='ocrx_word' id='word_1_771' title='bbox 1052 5810 1341 5878; x_wconf 82' lang='lat' dir='ltr'><strong>interpres.</strong></span> <span class='ocrx_word' id='word_1_772' title='bbox 1372 5808 1468 5864; x_wconf 82' lang='lat' dir='ltr'><strong>En.</strong></span> <span class='ocrx_word' id='word_1_773' title='bbox 1505 5805 1746 5861; x_wconf 69' lang='lat' dir='ltr'><strong>Pnaot.</strong></span> 
     </span>
    </p>
   </div>
   <div class='ocr_carea' id='block_1_106' title="bbox 1871 4682 3432 4752">
    <p class='ocr_par' dir='ltr' id='par_1_106' title="bbox 1871 4682 3432 4752">
     <span class='ocr_line' id='line_1_106' title="bbox 1871 4682 3432 4752; baseline -0.008 -8"><span class='ocrx_word' id='word_1_774' title='bbox 1871 4690 2037 4744; x_wconf 67' lang='lat' dir='ltr'><strong>haeret</strong></span> <span class='ocrx_word' id='word_1_775' title='bbox 2069 4702 2084 4752; x_wconf 91' lang='lat'><strong>;</strong></span> <span class='ocrx_word' id='word_1_776' title='bbox 2120 4688 2200 4741; x_wconf 87' lang='lat' dir='ltr'><strong>sic</strong></span> <span class='ocrx_word' id='word_1_777' title='bbox 2226 4685 2390 4741; x_wconf 83' lang='lat' dir='ltr'><strong>etiam</strong></span> <span class='ocrx_word' id='word_1_778' title='bbox 2446 4701 2533 4739; x_wconf 84' lang='lat' dir='ltr'><strong>res</strong></span> <span class='ocrx_word' id='word_1_779' title='bbox 2579 4696 2777 4739; x_wconf 71' lang='lat' dir='ltr'><strong>creata:</strong></span> <span class='ocrx_word' id='word_1_780' title='bbox 2835 4692 2962 4736; x_wconf 84' lang='lat' dir='ltr'><strong>sunt</strong></span> <span class='ocrx_word' id='word_1_781' title='bbox 3015 4682 3243 4735; x_wconf 85' lang='lat' dir='ltr'><strong>obscura</strong></span> <span class='ocrx_word' id='word_1_782' title='bbox 3287 4695 3432 4751; x_wconf 68' lang='lat' dir='ltr'><strong>quae-</strong></span> 
     </span>
    </p>
   </div>
   <div class='ocr_carea' id='block_1_107' title="bbox 1870 4771 3430 4844">
    <p class='ocr_par' dir='ltr' id='par_1_107' title="bbox 1870 4771 3430 4844">
     <span class='ocr_line' id='line_1_107' title="bbox 1870 4771 3430 4844; baseline -0.007 -10"><span class='ocrx_word' id='word_1_783' title='bbox 1870 4783 1991 4835; x_wconf 88' lang='lat' dir='ltr'><strong>dam</strong></span> <span class='ocrx_word' id='word_1_784' title='bbox 2024 4777 2394 4833; x_wconf 83' lang='lat' dir='ltr'><strong>manifestatio</strong></span> <span class='ocrx_word' id='word_1_785' title='bbox 2444 4776 2640 4829; x_wconf 63' lang='lat' dir='ltr'><strong>divina:</strong></span> <span class='ocrx_word' id='word_1_786' title='bbox 2697 4771 3277 4844; x_wconf 80' lang='lat' dir='ltr'><strong>superessentialitatis</strong></span> <span class='ocrx_word' id='word_1_787' title='bbox 3308 4794 3318 4826; x_wconf 90' lang='lat'><strong>:</strong></span> <span class='ocrx_word' id='word_1_788' title='bbox 3352 4772 3430 4824; x_wconf 87' lang='lat' dir='ltr'><strong>si-</strong></span> 
     </span>
    </p>
   </div>
   <div class='ocr_carea' id='block_1_108' title="bbox 1869 4861 3435 4940">
    <p class='ocr_par' dir='ltr' id='par_1_108' title="bbox 1869 4861 3435 4940">
     <span class='ocr_line' id='line_1_108' title="bbox 1869 4861 3435 4940; baseline -0.007 -14"><span class='ocrx_word' id='word_1_789' title='bbox 1869 4871 2085 4940; x_wconf 89' lang='lat' dir='ltr'><strong>quidem</strong></span> <span class='ocrx_word' id='word_1_790' title='bbox 2111 4885 2216 4924; x_wconf 88' lang='lat' dir='ltr'><strong>non</strong></span> <span class='ocrx_word' id='word_1_791' title='bbox 2247 4883 2311 4923; x_wconf 79' lang='lat' dir='ltr'><strong>ex</strong></span> <span class='ocrx_word' id='word_1_792' title='bbox 2344 4869 2409 4922; x_wconf 91' lang='lat' dir='ltr'><strong>iis</strong></span> <span class='ocrx_word' id='word_1_793' title='bbox 2435 4868 2595 4921; x_wconf 88' lang='lat' dir='ltr'><strong>rebus</strong></span> <span class='ocrx_word' id='word_1_794' title='bbox 2624 4881 2743 4936; x_wconf 70' lang='lat' dir='ltr'><strong>qua:</strong></span> <span class='ocrx_word' id='word_1_795' title='bbox 2775 4867 2825 4919; x_wconf 92' lang='lat' dir='ltr'><strong>in</strong></span> <span class='ocrx_word' id='word_1_796' title='bbox 2854 4868 2987 4934; x_wconf 80' lang='lat' dir='ltr'><strong>ipsa,</strong></span> <span class='ocrx_word' id='word_1_797' title='bbox 3008 4864 3100 4917; x_wconf 87' lang='lat' dir='ltr'><strong>sed</strong></span> <span class='ocrx_word' id='word_1_798' title='bbox 3129 4878 3191 4915; x_wconf 80' lang='lat' dir='ltr'><strong>ex</strong></span> <span class='ocrx_word' id='word_1_799' title='bbox 3221 4861 3284 4915; x_wconf 90' lang='lat' dir='ltr'><strong>iis</strong></span> <span class='ocrx_word' id='word_1_800' title='bbox 3312 4876 3435 4929; x_wconf 80' lang='lat' dir='ltr'><strong>quae</strong></span> 
     </span>
    </p>
   </div>
   <div class='ocr_carea' id='block_1_109' title="bbox 1869 4951 3433 5030">
    <p class='ocr_par' dir='ltr' id='par_1_109' title="bbox 1869 4951 3433 5030">
     <span class='ocr_line' id='line_1_109' title="bbox 1869 4951 3433 5030; baseline -0.008 -12"><span class='ocrx_word' id='word_1_801' title='bbox 1869 4964 1938 5018; x_wconf 86' lang='lat' dir='ltr'><strong>ab</strong></span> <span class='ocrx_word' id='word_1_802' title='bbox 1965 4963 2077 5030; x_wconf 87' lang='lat' dir='ltr'><strong>ipsa</strong></span> <span class='ocrx_word' id='word_1_803' title='bbox 2092 4970 2239 5026; x_wconf 86' lang='lat' dir='ltr'><strong>sunt,</strong></span> <span class='ocrx_word' id='word_1_804' title='bbox 2260 4961 2469 5029; x_wconf 82' lang='lat' dir='ltr'><strong>species</strong></span> <span class='ocrx_word' id='word_1_805' title='bbox 2492 4958 2817 5029; x_wconf 76' lang='lat' dir='ltr'><strong>ejuscemodi</strong></span> <span class='ocrx_word' id='word_1_806' title='bbox 2836 4955 3183 5025; x_wconf 87' lang='lat' dir='ltr'><strong>imprimitur.</strong></span> <span class='ocrx_word' id='word_1_807' title='bbox 3221 4951 3433 5007; x_wconf 74' lang='lat' dir='ltr'><strong>Ultima:</strong></span> 
     </span>
    </p>
   </div>
   <div class='ocr_carea' id='block_1_110' title="bbox 1871 5052 3433 5120">
    <p class='ocr_par' dir='ltr' id='par_1_110' title="bbox 1871 5052 3433 5120">
     <span class='ocr_line' id='line_1_110' title="bbox 1871 5052 3433 5120; baseline -0.009 -11"><span class='ocrx_word' id='word_1_808' title='bbox 1871 5066 2052 5109; x_wconf 70' lang='lat' dir='ltr'><strong>autem</strong></span> <span class='ocrx_word' id='word_1_809' title='bbox 2083 5053 2405 5109; x_wconf 62' lang='lat' dir='ltr'><strong>resonantia</strong></span> <span class='ocrx_word' id='word_1_810' title='bbox 2434 5066 2531 5107; x_wconf 84' lang='lat' dir='ltr'><strong>seu</strong></span> <span class='ocrx_word' id='word_1_811' title='bbox 2558 5052 2767 5120; x_wconf 87' lang='lat' dir='ltr'><strong>species</strong></span> <span class='ocrx_word' id='word_1_812' title='bbox 2787 5059 2914 5105; x_wconf 90' lang='lat' dir='ltr'><strong>sunt</strong></span> <span class='ocrx_word' id='word_1_813' title='bbox 2936 5057 3433 5112; x_wconf 65' lang='lat' dir='ltr'><strong>nostrae,compara-</strong></span> 
     </span>
    </p>
   </div>
   <div class='ocr_carea' id='block_1_111' title="bbox 1871 5140 3433 5216">
    <p class='ocr_par' dir='ltr' id='par_1_111' title="bbox 1871 5140 3433 5216">
     <span class='ocr_line' id='line_1_111' title="bbox 1871 5140 3433 5216; baseline -0.008 -16"><span class='ocrx_word' id='word_1_814' title='bbox 1871 5147 2018 5202; x_wconf 72' lang='lat' dir='ltr'><strong>tione</strong></span> <span class='ocrx_word' id='word_1_815' title='bbox 2040 5146 2403 5216; x_wconf 64' lang='lat' dir='ltr'><strong>angelicarum</strong></span> <span class='ocrx_word' id='word_1_816' title='bbox 2423 5158 2437 5195; x_wconf 88' lang='lat'><strong>:</strong></span> <span class='ocrx_word' id='word_1_817' title='bbox 2458 5144 2715 5211; x_wconf 77' lang='lat' dir='ltr'><strong>quoniam</strong></span> <span class='ocrx_word' id='word_1_818' title='bbox 2740 5144 2789 5193; x_wconf 90' lang='lat' dir='ltr'><strong>in</strong></span> <span class='ocrx_word' id='word_1_819' title='bbox 2812 5140 2975 5193; x_wconf 85' lang='lat' dir='ltr'><strong>rebus</strong></span> <span class='ocrx_word' id='word_1_820' title='bbox 2991 5151 3201 5210; x_wconf 90' lang='lat' dir='ltr'><strong>quoque</strong></span> <span class='ocrx_word' id='word_1_821' title='bbox 3231 5144 3433 5189; x_wconf 79' lang='lat' dir='ltr'><strong>nostra-</strong></span> 
     </span>
    </p>
   </div>
   <div class='ocr_carea' id='block_1_112' title="bbox 1870 5228 3431 5307">
    <p class='ocr_par' dir='ltr' id='par_1_112' title="bbox 1870 5228 3431 5307">
     <span class='ocr_line' id='line_1_112' title="bbox 1870 5228 3431 5307; baseline -0.01 -15"><span class='ocrx_word' id='word_1_822' title='bbox 1870 5240 2038 5301; x_wconf 86' lang='lat' dir='ltr'><strong>tibus,</strong></span> <span class='ocrx_word' id='word_1_823' title='bbox 2056 5237 2405 5307; x_wconf 90' lang='lat' dir='ltr'><strong>proportione</strong></span> <span class='ocrx_word' id='word_1_824' title='bbox 2429 5235 2689 5305; x_wconf 77' lang='lat' dir='ltr'><strong>quadam,</strong></span> <span class='ocrx_word' id='word_1_825' title='bbox 2719 5233 2917 5287; x_wconf 71' lang='lat' dir='ltr'><strong>divina:</strong></span> <span class='ocrx_word' id='word_1_826' title='bbox 2938 5228 3323 5284; x_wconf 87' lang='lat' dir='ltr'><strong>similitudines</strong></span> <span class='ocrx_word' id='word_1_827' title='bbox 3345 5239 3431 5277; x_wconf 88' lang='lat' dir='ltr'><strong>re-</strong></span> 
     </span>
    </p>
   </div>
   <div class='ocr_carea' id='block_1_113' title="bbox 1872 5312 3429 5399">
    <p class='ocr_par' dir='ltr' id='par_1_113' title="bbox 1872 5312 3429 5399">
     <span class='ocr_line' id='line_1_113' title="bbox 1872 5312 3429 5399; baseline -0.012 -15"><span class='ocrx_word' id='word_1_828' title='bbox 1872 5330 2191 5399; x_wconf 88' lang='lat' dir='ltr'><strong>periuntur;</strong></span> <span class='ocrx_word' id='word_1_829' title='bbox 2215 5343 2337 5381; x_wconf 88' lang='lat' dir='ltr'><strong>cum</strong></span> <span class='ocrx_word' id='word_1_830' title='bbox 2354 5327 2521 5383; x_wconf 84' lang='lat' dir='ltr'><strong>etiam</strong></span> <span class='ocrx_word' id='word_1_831' title='bbox 2564 5325 2615 5381; x_wconf 88' lang='lat' dir='ltr'><strong>in</strong></span> <span class='ocrx_word' id='word_1_832' title='bbox 2658 5324 2840 5378; x_wconf 85' lang='lat' dir='ltr'><strong>herbis</strong></span> <span class='ocrx_word' id='word_1_833' title='bbox 2862 5337 2926 5377; x_wconf 89' lang='lat' dir='ltr'><strong>ac</strong></span> <span class='ocrx_word' id='word_1_834' title='bbox 2948 5319 3182 5375; x_wconf 87' lang='lat' dir='ltr'><strong>metallis</strong></span> <span class='ocrx_word' id='word_1_835' title='bbox 3212 5316 3262 5370; x_wconf 91' lang='lat' dir='ltr'><strong>id</strong></span> <span class='ocrx_word' id='word_1_836' title='bbox 3291 5312 3429 5383; x_wconf 86' lang='lat' dir='ltr'><strong>quod</strong></span> 
     </span>
    </p>
   </div>
   <div class='ocr_carea' id='block_1_114' title="bbox 1870 5406 3432 5492">
    <p class='ocr_par' dir='ltr' id='par_1_114' title="bbox 1870 5406 3432 5492">
     <span class='ocr_line' id='line_1_114' title="bbox 1870 5406 3432 5492; baseline -0.015 -14"><span class='ocrx_word' id='word_1_837' title='bbox 1870 5423 2045 5492; x_wconf 81' lang='lat' dir='ltr'><strong>prosit</strong></span> <span class='ocrx_word' id='word_1_838' title='bbox 2060 5431 2115 5476; x_wconf 86' lang='lat' dir='ltr'><strong>et</strong></span> <span class='ocrx_word' id='word_1_839' title='bbox 2130 5419 2364 5475; x_wconf 67' lang='lat' dir='ltr'><strong>riviﬁcet</strong></span> <span class='ocrx_word' id='word_1_840' title='bbox 2391 5417 2883 5484; x_wconf 72' lang='lat' dir='ltr'><strong>iuveniatumtque</strong></span> <span class='ocrx_word' id='word_1_841' title='bbox 2908 5414 2959 5468; x_wconf 87' lang='lat' dir='ltr'><strong>in</strong></span> <span class='ocrx_word' id='word_1_842' title='bbox 2982 5412 3103 5467; x_wconf 84' lang='lat' dir='ltr'><strong>aliis</strong></span> <span class='ocrx_word' id='word_1_843' title='bbox 3128 5408 3234 5463; x_wconf 81' lang='lat' dir='ltr'><strong>alia</strong></span> <span class='ocrx_word' id='word_1_844' title='bbox 3252 5406 3432 5461; x_wconf 75' lang='lat' dir='ltr'><strong>divina</strong></span> 
     </span>
    </p>
   </div>
   <div class='ocr_carea' id='block_1_115' title="bbox 1874 5501 3431 5584">
    <p class='ocr_par' dir='ltr' id='par_1_115' title="bbox 1874 5501 3431 5584">
     <span class='ocr_line' id='line_1_115' title="bbox 1874 5501 3431 5584; baseline -0.014 -15"><span class='ocrx_word' id='word_1_845' title='bbox 1874 5514 2271 5584; x_wconf 75' lang='lat' dir='ltr'><strong>mirabilisque.</strong></span> <span class='ocrx_word' id='word_1_846' title='bbox 2332 5507 2476 5565; x_wconf 74' lang='lat' dir='ltr'><strong>Nihil</strong></span> <span class='ocrx_word' id='word_1_847' title='bbox 2501 5507 2683 5577; x_wconf 79' lang='lat' dir='ltr'><strong>itaque</strong></span> <span class='ocrx_word' id='word_1_848' title='bbox 2712 5505 2938 5562; x_wconf 84' lang='lat' dir='ltr'><strong>absurdi</strong></span> <span class='ocrx_word' id='word_1_849' title='bbox 2967 5508 3055 5571; x_wconf 74' lang='lat' dir='ltr'><strong>sit,</strong></span> <span class='ocrx_word' id='word_1_850' title='bbox 3108 5516 3230 5559; x_wconf 89' lang='lat' dir='ltr'><strong>cum</strong></span> <span class='ocrx_word' id='word_1_851' title='bbox 3266 5501 3431 5554; x_wconf 84' lang='lat' dir='ltr'><strong>etiam</strong></span> 
     </span>
    </p>
   </div>
   <div class='ocr_carea' id='block_1_116' title="bbox 846 5667 2234 5737">
    <p class='ocr_par' dir='ltr' id='par_1_116' title="bbox 846 5667 2234 5737">
     <span class='ocr_line' id='line_1_116' title="bbox 846 5667 2234 5737; baseline -0.002 -10"><span class='ocrx_word' id='word_1_852' title='bbox 846 5670 866 5705; x_wconf 80' lang='grc'>¹</span> <span class='ocrx_word' id='word_1_853' title='bbox 898 5670 1058 5728; x_wconf 81' lang='lat' dir='ltr'><strong>Cant.</strong></span> <span class='ocrx_word' id='word_1_854' title='bbox 1107 5684 1147 5735; x_wconf 86' lang='lat' dir='ltr'><strong>t,</strong></span> <span class='ocrx_word' id='word_1_855' title='bbox 1169 5668 1225 5724; x_wconf 73' lang='grc'><strong>2.</strong></span> <span class='ocrx_word' id='word_1_856' title='bbox 1295 5670 1320 5709; x_wconf 72' lang='grc' dir='ltr'><strong>ε</strong></span> <span class='ocrx_word' id='word_1_857' title='bbox 1344 5669 1482 5724; x_wconf 84' lang='lat' dir='ltr'><strong>Osee</strong></span> <span class='ocrx_word' id='word_1_858' title='bbox 1511 5683 1630 5734; x_wconf 79' lang='lat' dir='ltr'><strong>sui,</strong></span> <span class='ocrx_word' id='word_1_859' title='bbox 1664 5670 1716 5722; x_wconf 89' lang='lat'><strong>7.</strong></span> <span class='ocrx_word' id='word_1_860' title='bbox 1792 5671 1821 5711; x_wconf 76' lang='grc' dir='ltr'>ιι</span> <span class='ocrx_word' id='word_1_861' title='bbox 1844 5668 1982 5725; x_wconf 78' lang='lat' dir='ltr'><strong>Psal.</strong></span> <span class='ocrx_word' id='word_1_862' title='bbox 2017 5685 2133 5737; x_wconf 78' lang='lat' dir='ltr'><strong>xxi,</strong></span> <span class='ocrx_word' id='word_1_863' title='bbox 2179 5667 2234 5724; x_wconf 84' lang='lat'><strong>7.</strong></span> 
     </span>
    </p>
   </div>
  </div>
