4202 6300
754 414 857 472 [63
1878 406 1934 463 8.
1975 405 2276 464 DIONYSII
2311 406 2776 463 AREOPAGITE
3912 406 4019 463 16$

752 529 809 585 in
864 530 972 584 Deo
1024 527 1075 583 id
1104 528 1219 593 ﬂat,
1250 530 1294 583 si
1356 527 1608 585 cmlestes
1670 542 1884 597 quoque
1942 528 2177 583 virtutes
2219 542 2316 596 per

2438 528 2683 599 ζήτησιν,
2728 529 2826 581 οὐκ
2865 528 2967 581 ἐῶν
3016 526 3171 599 ἡμῶν
3202 526 3292 581 τὸν
3347 525 3471 584 νοῦν
3511 530 3855 600 ὲναπομείναι
3887 532 4005 589 τοῖς

750 619 967 674 ultimas
1012 629 1069 673 et
1105 619 1396 673 dissimiles
1454 619 1839 675 similitudines
1877 620 2255 687 exprimantur
2292 639 2305 673 :

2422 618 2821 688 ἱστορουμένοις
2899 617 2973 679 ὡς
3043 618 3253 687 ἔχουσιν
3284 659 3298 679 ,
3363 618 3475 670 ἀλλ’
3531 618 3768 688 ἐρεθίζον
3848 622 4004 673 ἀπα-

750 724 872 762 nsm
900 717 956 763 et
1008 709 1110 763 hoc
1137 708 1275 762 forte
1298 709 1423 762 dum
1446 724 1544 763 nos
1590 709 1820 778 perculit
1847 719 2068 777 propter
2119 709 2306 764 ditl‘or-

2418 709 2685 762 ναίνεσθαι
2714 709 2933 773 ταύτας,
2975 711 3067 761 καὶ
3091 709 3403 779 προσεθίζων
3429 710 3535 763 ἀπὸ
3562 710 3764 763 τούτων
3790 712 3852 783 δὴ
3884 712 4008 767 τῶν

752 801 992 854 unitatem
1026 800 1273 865 ﬁctiouis,
1310 817 1415 869 qua
1465 800 1956 855 manifestabuntur
1985 814 2050 853 ac
2076 800 2319 854 declara-

2432 802 2767 872 φαινομένων
2794 803 2873 864 εἰς
2927 802 3215 871 ἀναγωγάς
3238 803 3631 856 ἀνατείνεσθαι.

751 893 969 956 bantur,
1027 894 1191 946 simul
1248 894 1415 947 movit
1470 894 1535 947 ad
1577 893 1908 962 ejuscemodi
1986 893 2542 960 inquisitionem,non
2572 896 2801 948 sinendo
2827 906 3062 948 mentem
3104 905 3339 949 nostram
3400 896 3484 959 iis,
3522 897 3719 965 quibus
3783 896 3997 952 deseri-

749 994 1033 1057 bebantur,
1066 991 1249 1060 liguris
1305 991 1606 1053 immorari,
1662 990 1755 1045 sed
1804 990 2076 1045 excitabat
2112 992 2178 1044 ad
2213 990 2339 1045 illas
2374 992 2702 1055 renuendas,
2743 992 3117 1061 iucitabalque
3164 1003 3223 1047 ut
3258 994 3325 1049 ab
3357 994 3470 1058 bis,
3497 1010 3615 1063 quae
3640 994 4006 1063 apparebant,

757 1085 823 1138 ad
858 1098 1152 1153 anagogus,
1182 1085 1297 1136 sive
1324 1096 1519 1136 sensus
1570 1097 1598 1133 a
1662 1082 1893 1135 terrenis
1956 1081 2310 1145 abducentes,
2341 1082 2769 1136 intenderemus.

802 1179 925 1233 Haec
948 1182 1013 1233 de
1043 1167 1812 1233 istiusmodi°similitudinibus
1830 1179 1940 1231 sint
1964 1179 2129 1231 dicta.
2166 1178 2331 1233 Recte

755 1283 933 1324 autem
970 1271 1087 1324 illas
1117 1269 1520 1338 angelil’orntes,
1552 1285 1657 1323 non
1688 1269 1958 1339 angelicas
1990 1271 2318 1339 appellavit:

2504 1180 2750 1232 Τοσαῦτα
2817 1180 2914 1250 μὲν
2956 1179 3194 1251 εἰρήσθω
3222 1181 3349 1251 περὶ
3380 1179 3487 1231 τῶν
3518 1179 3772 1232 τοιούτων
3796 1181 4007 1251 ὁμοιω-

2437 1274 2639 1343 μάτων.
2703 1273 2897 1336 Καλῶς
2965 1275 3018 1327 δὲ
3077 1272 3468 1342 ἁγγελοειδεϊς,
3529 1272 3633 1329 οὐκ,
3699 1270 4005 1339 ἀγγελικὰς

747 1380 852 1416 non
870 1364 1012 1416 enim
1033 1361 1513 1430 angelorum,sicut
1530 1362 1582 1414 in
1602 1376 1659 1415 se
1676 1361 2092 1430 sunt,imagincs
2110 1361 2319 1430 depicta

2432 1362 2618 1420 εἶπεν·
2679 1367 2738 1419 οὑ
2792 1368 2899 1437 γὰρ
2942 1365 3118 1419 αὐτῶν
3150 1364 3258 1418 τῶν
3314 1364 3559 1433 ἀγγέλων
3614 1364 3689 1426 ὥς
3743 1365 3876 1415 εἰσιν
3933 1360 4002 1416 αἱ

746 1464 891 1517 sunt,
916 1454 1005 1506 sed
1037 1451 1431 1506 elinrmatiouis
1456 1448 1635 1506 rerum
1659 1454 2103 1522 incorporearum
2129 1468 2325 1521 quam-

747 1549 871 1598 dam
904 1546 1141 1612 speciem
1168 1560 1279 1613 prce
1302 1560 1361 1600 se
1393 1543 1592 1599 ferunt.
1618 1545 1883 1599 Caeterum
1912 1546 2023 1614 jam
2062 1545 2327 1599 deﬁnien-

746 1639 871 1690 dum
900 1648 954 1689 et
990 1637 1373 1691 declarandum
1398 1678 1411 1699 ,
1446 1639 1573 1706 quid
1599 1653 1760 1707 porro
1787 1638 2072 1706 ipsammet
2103 1639 2315 1692 hierar-

746 1729 925 1783 cbiam
957 1742 1080 1783 esse
1106 1730 1471 1793 arbitremur;
1508 1729 1706 1797 quidve
1734 1730 1799 1782 ab
1844 1744 1906 1783 ea
1932 1730 2066 1782 lucri
2098 1728 2319 1797 capiant

748 1821 1049 1874 liierarclitn
1074 1836 1137 1874 ex
1168 1823 1340 1874 sacris
1367 1822 1715 1874 caeremoniis
1743 1820 2145 1890 mysteriisuue.
2193 1817 2315 1874 Uti-

747 1929 868 1967 nam
900 1923 1079 1967 autem
1136 1913 1276 1967 viam
1312 1922 1525 1966 sternat
1574 1912 1844 1978 Christus,
1882 1911 1927 1965 si
1955 1912 2082 1965 mibi
2120 1911 2201 1966 fas
2232 1912 2303 1965 sit

745 2003 947 2065 dicere,
1008 2018 1180 2066 meus,
1218 2004 1624 2072 sppropriando
1679 2003 1807 2057 mihi
1844 2005 1985 2071 quod
2014 2018 2310 2057 commune

2431 1462 2638 1524 είκόνες
2663 1463 3077 1532 ἀπεγράφησαν,
3129 1460 3241 1513 ἀλλ’
3272 1458 3505 1529 ἔμφασίν
3538 1474 3657 1510 τινα
3694 1456 4002 1518 είδοποιίας

2430 1552 2538 1604 τῶν
2572 1554 2875 1622 ἀσωμάτων
2931 1551 3387 1622 ἀπεμφαίνουσιν.
3456 1549 3615 1618 Ἑξῆς
3682 1548 3738 1601 δὲ
3784 1546 4000 1618 πρέπει

2421 1642 2782 1713 ἀφορίσασθαι
2850 1642 2943 1695 καὶ
3002 1641 3354 1710 διασαφῆσαι,
3410 1640 3463 1691 τί
3527 1638 3625 1710 μὲν
3674 1636 3839 1706 αὐτὴν
3889 1636 4001 1709 τὴν

2422 1734 2697 1804 ίεραρχίαν
2728 1730 2865 1786 εἶναι
2897 1732 3136 1803 οἰόμεθα,
3164 1732 3215 1784 τί
3247 1734 3304 1785 δὲ
3332 1733 3460 1803 παρ’
3496 1732 3663 1802 αὐτῆς
3703 1731 3769 1805 οί’
3802 1729 4000 1801 ίεράρ-

2418 1844 2511 1896 χαι
2541 1826 2871 1895 ὠφελοῦνται
2919 1827 3008 1879 διὰ
3038 1824 3336 1895 τῶν.ίιρῶν
3364 1822 3597 1876 τελετῶν
3643 1822 3738 1875 καὶ
3778 1837 3996 1893 μυστη-

2422 1922 2574 1991 ρίων.
2626 1920 2749 1973 Εἴθε
2779 1919 2834 1971 δὲ
2869 1918 3278 1989 προοδοποιήσοι
3309 1916 3584 1986 Χριστὸςό
3614 1914 3764 1985 ὲμδς,
3801 1912 3876 1984 (εἴ
3893 1930 3997 1984 μοι

2422 2010 2580 2061 τοῦτο
2611 2008 2767 2080 θέμις
2804 2010 2999 2071 εἰπεῖν,
3037 2007 3444 2077 ίδιοποιουμένῳ
3478 2006 3538 2057 τὸ
3572 2007 3793 2076 κοινὸν,)
3825 2007 3857 2074 ἡ
3892 2004 3998 2057 πά-

744 2103 846 2151 est.
882 2094 974 2162 qui
1018 2094 1290 2146 universa
1316 2092 1674 2146 sacerdotalis
1717 2090 2081 2145 institutionis
2112 2100 2197 2143 est
2226 2090 2309 2143 in-

2422 2118 2518 2169 σης
2568 2100 2847 2171 ἱερατικῆς
2880 2100 3264 2161 καταστάσεως
3294 2098 3547 2151 ἐπίπνοια
3591 2100 3682 2150 καὶ
3712 2098 3994 2161 διάδοσιςι

744 2187 967 2253 spiratio
1022 2185 1399 2259 traditioquel.
1434 2183 1512 2238 Tu
1564 2197 1735 2247 vero,
1790 2182 1860 2235 lili
1918 2183 2181 2251 (loquitur
2240 2186 2306 2236 ad

744 2274 1463 2344 Timotheum),secundum
1537 2276 1668 2346 legis
1718 2286 1914 2329 nostrae
1972 2276 2317 2329 traditionem

744 2367 948 2434 (sancta
999 2368 1143 2420 enim
1177 2366 1427 2437 sanctis),
1463 2368 1726 2437 ipsemet,
1786 2375 1847 2421 ut
1890 2376 2079 2421 sancta
2136 2367 2315 2431 decet,

742 2470 797 2511 et
840 2474 944 2512 non
984 2468 1199 2513 terrena
1235 2460 1450 2513 ratione
1511 2458 1658 2523 audi,
1698 2458 1749 2513 in
1804 2459 2177 2527 explicatione
2230 2473 2315 2514 re-

746 2564 859 2602 rum
896 2550 1201 2604 divinarum
1218 2550 1437 2605 divinus
1465 2549 1677 2616 factus;
1711 2559 1875 2619 atque
1907 2565 2110 2605 arcana
2138 2560 2317 2604 mente

742 2657 861 2709 qua:
878 2653 1063 2696 sancta
1091 2652 1242 2707 sunt,
1268 2658 1297 2695 a
1322 2643 1566 2712 profanis
1631 2644 1764 2696 viris
1797 2642 2169 2707 abscondens,
2201 2651 2319 2696 tan-

742 2749 900 2802 quam
926 2733 1212 2789 uniformia
1250 2734 1642 2804 simpliciaque,
1666 2736 1776 2805 28
1799 2746 1857 2788 ut
1879 2749 1997 2803 quae
2032 2736 2315 2788 verborum

740 2827 1128 2894 compositione
1180 2834 1343 2893 atque
1394 2825 1685 2878 involucris
1741 2824 1965 2877 minime
2030 2822 2313 2891 indigent,

743 2930 912 2972 tuere.
939 2916 1175 2971 Observa
1201 2926 1404 2980 autem,
1439 2925 1497 2969 ut
1533 2914 1863 2969 multitudini
1887 2915 2313 2971 uniformitatem

740 3010 1121 3079 subjuuxerit:
1167 3025 1254 3065 res
1291 3011 1435 3065 enim
1468 3020 1667 3063 sancta:
1714 3009 1993 3072 uuilicaut,
2073 3007 2316 3077 profanae

740 3118 869 3157 vero
890 3103 1212 3157 distrahunt.
1270 3102 1386 3157 Non
1427 3102 1572 3155 enim
1603 3116 1818 3169 aquom
1846 3110 1951 3167 est,
1978 3102 2131 3171 juxta
2158 3116 2313 3155 sacra

742 3196 1062 3264 Evangelia,
1096 3195 1366 3263 projicere
1399 3197 1581 3265 porcis
1620 3195 1941 3264 spiritalium
1998 3195 2315 3264 margarita-

740 3305 857 3343 rum
883 3303 1073 3356 purum
1103 3289 1169 3341 ab
1193 3289 1339 3342 omni
1370 3296 1586 3342 terrena
1609 3288 1987 3343 commistione
2023 3287 2315 3340 illustrem-

739 3396 845 3449 que
876 3381 1246 3447 splendorem.
1276 3378 1472 3434 Filium
1504 3396 1631 3435 vero
1661 3388 1820 3435 vocat
1867 3380 2167 3449 apostolum
2221 3379 2314 3432 Ti-

2420 2194 2492 2245 Σὺ
2526 2193 2602 2255 δὲ,
2632 2185 2675 2243 ὦ
2706 2193 2822 2254 παῖ,
2860 2190 3015 2261 (φησὶ
3068 2191 3205 2261 πρὸς
3242 2190 3563 2260 Τιμόθεον,)
3590 2190 3730 2243 κατά
3764 2189 3860 2260 τὴν
3890 2187 3998 2242 τοῦ

2421 2286 2687 2357 ἡμετέρου
2722 2285 2885 2354 νόμου
2926 2283 3222 2353 παράδοσιν
3248 2282 3337 2353 (τὰ
3369 2282 3497 2350 ἆγια
3514 2282 3619 2351 γάρ
3641 2283 3751 2344 τοῖς
3780 2279 3997 2351 ἁγίοις)

2420 2374 2579 2438 αὑτός
2615 2394 2674 2427 τε
2726 2372 3071 2447 ἱεροπρεπῶς
3125 2372 3322 2444 καὶμὴ
3358 2370 3651 2442 χθαμαλῶς
3694 2372 3879 2433 ἄκουε,
3927 2373 3993 2422 ὲν

2423 2471 2619 2539 μυήσει
2665 2469 2772 2521 τῶν
2818 2469 3013 2523 ἐνθέων
3059 2468 3337 2538 γινόμενος
3369 2464 3569 2529 ῐνθεος,
3612 2465 3705 2516 καὶ
3740 2464 3997 2534 κρυφίως

2421 2556 2791 2629 περικαλύψας
2818 2557 2887 2611 τὰ
2918 2557 3047 2626 ἅγια
3082 2555 3220 2608 κατὰ
3248 2554 3369 2607 νοῦν
3402 2555 3466 2606 ἐκ
3494 2554 3600 2606 τῶν
3629 2553 3856 2623 ἀνιέρων
3886 2552 3977 2604 ἀν-

2417 2656 2591 2727 δρῶν,
2636 2657 2709 2714 ὡς
2736 2651 2939 2721 ὲνοειδῆ
2976 2650 3069 2703 καὶ
3100 2649 3247 2703 ἀπλᾶ
3302 2648 3397 2700 καὶ
3442 2647 3518 2718 μὴ
3554 2648 3780 2717 δεόμενα
3812 2646 3995 2713 λόγων

2420 2750 2717 2810 συνθέσεως
2741 2742 3083 2813 διαφύλαξον.
3142 2741 3281 2811 Ὅρα
3330 2739 3406 2801 δὲ,
3462 2739 3597 2809 πρὸς
3625 2737 3687 2789 τὺ
3714 2736 3994 2803 πληθύος

2415 2842 2477 2896 τὸ
2528 2830 2755 2907 ἑνοειδῆ
2818 2838 3060 2907 ἐπήγαγε
3086 2850 3100 2863 '
3145 2833 3215 2885 τὰ
3267 2832 3361 2902 μὲν
3397 2831 3501 2901 γὰρ
3548 2831 3676 2897 ἆγια
3708 2828 3945 2880 ὲνοποιεϊ
3972 2842 3988 2858 ·

2416 2930 2483 2983 τὰ
2532 2929 2587 2983 δὲ
2628 2927 2826 2999 βέϐηλα
2876 2924 3337 2979 διασκεδάννυσιν.
3397 2921 3473 2973 Οὐ
3512 2920 3618 2991 γὰρ
3648 2920 3873 2980 δίκαιον,

2414 3021 2485 3075 τὰ
2506 3021 2626 3093 ίερά
2658 3004 2817 3089 φασιν
2848 3016 3173 3085 Εὐαγγέλια,
3200 3016 3279 3077 εἰς
3308 3014 3523 3084 χοίρους
3551 3012 3852 3084 ἀπορρίψω
3875 3025 3992 3080 την

2413 3115 2521 3169 τῶν
2554 3114 2755 3185 νοητῶν
2791 3110 3142 3183 μαργαριτῶν
3195 3111 3370 3181 ἀμιγῆ
3413 3108 3511 3178 τῆς
3559 3108 3707 3160 κάτω
3778 3104 3987 3174 συγχύ-

2417 3223 2552 3269 σεως
2583 3206 2674 3259 καὶ
2707 3204 2961 3275 λαμπρὰν
2995 3204 3343 3275 φαιδρότητα.
3398 3198 3571 3252 Παῖδα
3599 3198 3654 3249 δὲ
3700 3195 3842 3263 λέγει
3876 3194 3984 3247 τὸν

2414 3298 2708 3354 ἀπόστολον
2753 3295 3037 3366 Τιμόθεον,
3070 3294 3102 3365 ἢ
3137 3295 3211 3357 ὡς
3263 3288 3616 3363 προϐεϐηκὼς
3656 3290 3765 3349 τοῖς
3798 3286 3993 3339 ἔτεσιν

2414 3388 2584 3455 οὗτος,
2611 3392 2643 3462 ἦ
2676 3390 2762 3443 διὰ
2796 3388 2855 3441 τὸ
2898 3385 3209 3459 ἐρωτᾶσθαι
3241 3383 3369 3453 παρ’
3402 3374 3585 3443 αὑτοῦ,
3611 3380 3856 3432 κάκεῖνον
3898 3377 3980 3429 δυ-

744 3476 1046 3536 motbeum,
1072 3474 1155 3527 vel
1184 3474 1327 3543 quod
1356 3475 1513 3528 anuis
1532 3482 1672 3527 esset
1706 3473 2029 3541 provectior,
2069 3472 2149 3525 vel
2170 3470 2310 3539 quod

2418 3485 2703 3539 δάσκεσθαι
2729 3502 2741 3513 ·
2800 3480 2909 3553 εἶχε
2950 3483 3057 3551 γὰρ
3094 3475 3329 3549 μεγάλας
3356 3475 3453 3538 τὰς
3492 3474 3798 3544 ὲνοχλήσεις
3826 3470 3991 3541 παρᾶ

741 3573 810 3624 ab
833 3568 1027 3624 eodem
1060 3580 1280 3639 rogatus
1303 3578 1451 3624 esset
1488 3570 1600 3623 haec
1626 3570 1859 3621 edocere
1887 3584 1901 3619 :
1941 3566 2211 3635 siquidem
2238 3566 2314 3619 illi

743 3678 962 3731 magnas
979 3662 1163 3716 turbas
1179 3660 1517 3716 lacessebant
1534 3658 1663 3713 Ionii
1681 3659 1985 3729 philosophi
1999 3697 2014 3712 .
2044 3657 2139 3712 Vel
2152 3659 2315 3713 etiam

742 3754 1063 3807 innocentia:
1101 3752 1375 3807 studiosos
1409 3766 1609 3821 pueros
1667 3748 1957 3813 vocabant,
1996 3750 2135 3805 sicut
2183 3749 2313 3817 qui-

742 3849 864 3900 dam
896 3857 1100 3901 veteres
1138 3845 1362 3901 historia
1400 3844 1762 3908 tradiderunt,
1787 3842 1959 3913 ipsum
1992 3843 2315 3899 innocentiae

743 3939 898 3991 laude
928 3938 1194 3993 celebrem
1241 3937 1534 3992 exstitisse.

2418 3576 2526 3629 τῶν
2550 3578 2627 3629 -ὲν
2667 3575 2840 3644 Ἰωνίᾳ
2879 3574 3203 3643 φιλοσόφων.
3252 3570 3321 3622 Ἦ
3352 3568 3477 3630 τοὺς
3509 3564 3606 3635 τὴν
3644 3564 3880 3617 ἀκακίαν
3918 3563 3987 3615 ἁν-

2420 3668 2678 3729 σκοῦντας
2738 3667 2931 3727 παῖδας
2982 3663 3238 3725 ἐκάλουν,
3302 3656 3482 3721 καθώς
3548 3672 3691 3717 τινες
3755 3652 3987 3706 παλαιοὶ

2416 3757 2688 3828 ἱστοροῦσι
2716 3757 2846 3808 περὶ
2869 3753 3055 3807 τούτου
3076 3792 3090 3805 .
3138 3752 3217 3803 ὅτι
3248 3752 3313 3814 τῇ
3344 3744 3553 3801 ἀκακία
3576 3742 3917 3809 ὲσεμνύνετα

747 4053 3940 4093 _______________________.______.___________-——-

1209 4171 1587 4263 CAPUT
1650 4174 1833 4260 Ill.

820 4312 954 4373 Quid
1004 4312 1067 4363 sit
1104 4310 1428 4375 hierarchta,
1475 4317 1525 4363 et
1570 4322 1811 4378 quanam
1847 4304 1961 4375 ejus
2005 4304 2230 4357 utilitas.

2761 4152 3400 4241 ΚΕΦΑΛΑΙΟΝ
3472 4150 3595 4233 Γ’.

2484 4300 2542 4352 Τί
2565 4298 2733 4353 ἐστιν
2760 4293 3187 4417 ἱεραρχίαὶκαὶσ
3206 4293 3297 4357 τίς
3336 4292 3375 4359 ὴ
3422 4289 3570 4344 κατὰ
3599 4286 3903 4355 ίεραρχίαν

3068 4382 3141 4417 rn
3192 4382 3263 4417 ιο.

3068 4382 3263 4431 νησις.

2034 4482 2364 4539 SYNOPSIS
2404 4483 2695 4541 CAPITIS.

746 4608 784 4657 1.
829 4605 1000 4668 Deﬁnit
1034 4602 1613 4668 hierarchiqm._eamque
1660 4596 1903 4668 trifqriqm
1924 4598 2114 4668 dividit.
2139 4600 2199 4648 ll.
2230 4597 2557 4668 Eaponitqup
2576 4596 2640 4668 sit

2735 4595 2777 4645 is
2800 4594 2898 4647 sive
2943 4608 3112 4658 scapus
3149 4588 3453 4658 bierqrchiw,
3477 4597 3522 4641 et
3548 4588 3706 4658 qualis
3733 4586 3878 4658 inuea
3906 4586 3982 4658 si:

805 4648 1396 4732 siib'iliiiiiiib'éiijgiiiigt
1415 4648 1641 4732 osleridit,
1659 4648 2002 4732 perfectionem
2014 4648 2403 4731 ejus_ronsis'tere
2425 4648 2475 4729 in.
2499 4648 2887 4732 Deiirnitatimieg
2910 4648 3120 4732 ejusduer
3137 4654 3397 4732 functiones
3421 4648 3975 4732 ὲξρῇςειξιξίᾳὲξ-

802 4714 1207 4794 ξιξτέξρέτβαινέξ
1235 4714 1316 4774 ill.
1342 4724 1576 4794 ξῳιὶςαι,
1730 4714 1965 4772 incumbat
1988 4714 2082 4771 utin
2120 4721 2181 4772 iis
2200 4721 2282 4785 qui
2323 4720 2597 4783 expiantur,
2616 4714 2965 4778 illuminanlur,
2998 4714 3328 4782 perﬁciuntur,
3348 4729 3490 4781 quam
3510 4714 3607 4765 illis
3638 4714 3721 4775 qui
3752 4714 3979 4774 expiant,

804 4788 1069 4839 illumith
1090 4797 1225 4848 atque
1248 4788 1516 4851 perﬁciunt.

745 5166 795 5209 et
827 5153 1067 5217 scicntia,
1094 5162 1147 5206 et
1177 5152 1316 5205 actio
1341 5166 1458 5216 qua;
1512 5149 1577 5201 ad
1631 5145 2075 5206 deifurmitatem,
2126 5160 2301 5212 quan-

748 5260 856 5302 tum
888 5248 967 5300 fas
993 5255 1095 5311 est,
1152 5244 1378 5306 accedit,
1426 5251 1587 5309 atque
1639 5240 1814 5292 insitis
1872 5238 1972 5291 sibi
2042 5223 2323 5289 divinitus.

744 5338 1193 5394 illustratiouibus
1248 5336 1595 5404 proportione
1623 5332 1857 5399 quadam
1883 5332 1946 5382 ad
1980 5329 2072 5381 Dei
2110 5330 2303 5383 subve-

745 5435 890 5488 liitur
912 5431 1281 5485 imitationem.
1307 5428 1474 5481 Porro
1516 5440 1578 5478 ea
1612 5439 1728 5492 qua:
1758 5422 1923 5476 Deum
1958 5421 2137 5483 decet,
2176 5420 2296 5485 pul-

2336 4890 2445 4963 δι.

817 5060 909 5114 Est
939 5057 1264 5118 bierarchia.
1306 5070 1426 5108 meo
1451 5054 1669 5124 quidem
1692 5053 1919 5122 judicio,
1957 5066 2111 5106 sacer
2140 5052 2297 5117 ordo,
2336 5058 2376 5112 D

2476 5054 2629 5105 Ἔστι
2649 5056 2745 5122 μὲν
2778 5052 3044 5123 ίεραρχία,
3065 5054 3183 5103 κατ’
3216 5049 3333 5119 ἐμὲ,
3366 5046 3515 5111 τάξις
3548 5045 3685 5116 ἱερὰ,
3722 5046 3815 5097 καὶ
3844 5044 3977 5097 ἐπι-

2410 5143 2609 5211 στήμη,
2646 5142 2738 5194 καὶ
2777 5141 3024 5211 ἐνέργεια.
3068 5139 3202 5209 πρὸς
3252 5138 3311 5189 τὸ
3358 5136 3584 5198 θεοειδὲς
3634 5136 3707 5197 ὡς
3748 5133 3976 5202 ἐφικτὸν

2406 5233 2833 5303 ἀφομοιουμένη,
2881 5234 2970 5283 καὶ
2999 5230 3133 5300 πρὸς
3162 5229 3262 5291 τὰς
3302 5228 3638 5296 ἐνδιδομένας
3677 5226 3812 5294 αὐτῇ
3846 5224 3975 5277 θεό-

2407 5328 2496 5380 θεν
2529 5326 2817 5397 ὲλλάμψεις
2868 5323 3137 5391 ἀναλόγως
3183 5322 3273 5373 ἐπὶ
3303 5322 3363 5375 τὸ
3393 5320 3719 5389 θεομίμητον
3766 5318 3977 5384 ἀναγο-

2409 5420 2563 5489 μένη.
2597 5420 2669 5471 Τὸ
2698 5419 2754 5470 δὲ
2790 5417 3087 5488 θεοπρεπὲς
3113 5415 3329 5477 κάλλος,
3364 5413 3440 5475 ὼς
3467 5411 3690 5472 ἁπλοῦν,
3721 5409 3795 5471 ὼς
3826 5409 3977 5475 ἁγα-

742 5523 1012 5582 cbritudo,
1038 5530 1095 5574 ttt
1125 5520 1369 5589 simplex,
1402 5528 1459 5571 ut
1516 5518 1676 5573 bona.
1722 5524 1780 5567 ttt
1810 5514 1964 5581 origo
2012 5512 2297 5581 perfectio-

2418 5514 2524 5575 )bv,
2569 5514 2643 5574 ὼς
2692 5510 3105 5580 τελεταρχικὺν,
3158 5505 3353 5575 ἀμιγὲς
3414 5504 3509 5572 μέν
3571 5504 3686 5553 ἐστι
3736 5499 3975 5589 καθόλου

746 5613 847 5671 nis.
882 5610 1007 5663 nulli
1057 5609 1275 5663 omnino
1315 5618 1397 5661 est
1435 5607 1658 5660 admista
1698 5602 2153 5665 dissimilitudini,
2201 5602 2295 5655 sed

746 5721 840 5773 pro
869 5704 1125 5769 cujusque
1158 5702 1350 5753 merito
1388 5701 1608 5754 cuilibet
1635 5699 1811 5752 lumen
1846 5711 2001 5750 suum
2053 5696 2297 5763 imperti-

749 5807 932 5853 tur.ct
993 5797 1043 5846 in
1087 5806 1425 5847 sacramento
1475 5792 1835 5852 divinissimo,
1863 5790 1928 5843 ad
1981 5788 2295 5843 immutabi-

755 5890 919 5941 litatis
969 5903 1075 5941 sua:
1108 5887 1337 5955 speciem
1372 5886 1805 5940 transforutando
1855 5893 2213 5937 consummat.

2404 5603 2581 5671 πάσης
2646 5598 3053 5669 ἀνομοιότητος,
3114 5591 3455 5664 μεταδοτικὸν
3525 5590 3581 5642 δὲ
3636 5589 3754 5639 κατ’
3806 5586 3978 5652 ἀξίαν

2404 5696 2615 5763 ἑκάστῳ
2677 5690 2769 5741 τοῦ
2826 5692 3025 5740 οἰκείου
3088 5686 3299 5753 φωτὸς,
3359 5683 3451 5735 καὶ
3514 5678 3851 5731 τελειωτικὺν
3905 5679 3975 5731 ὲν

2400 5787 2586 5853 τελετῇ
2641 5779 2890 5847 θειοτάτῃ
2954 5776 3093 5829 κατὰ
3147 5774 3241 5841 τὴν
3291 5772 3421 5840 πρὸς
3487 5770 3643 5820 ἑαυτὸ
3704 5768 3810 5819 τῶν
3868 5784 3966 5819 τεο

2403 5877 2671 5946 λουμένων
2710 5871 3037 5942 ὲναρμονίως
3079 5866 3490 5935 ἀπαράλλακτον
3533 5863 3835 5931 μόρφωσιν.
