4196 6306
196 403 308 462 ’65

1210 404 1296 456 DE
1328 396 1651 458 COELESTI
1685 395 2130 455 HIERARCIIIA.
2168 394 2321 452 CAP.
2364 394 2452 453 lll.

3339 395 3440 456 166

1788 520 1931 595 gn.

271 687 483 750 Σκοπὸς
522 683 618 742 οὖν
655 685 937 760 ίεραρχίας
981 687 1125 739 ἐστὶν
1155 724 1169 747 ,
1214 688 1246 756 ή
1289 687 1428 758 πρὸς
1478 687 1611 741 Θεὸν
1644 727 1658 751 ,
1691 686 1767 748 ὡς
1799 689 1837 744 Α

1799 689 1837 744 Α
1941 680 2146 749 Scopas
2177 677 2712 750 igitur‘hierarcliiaa
2744 685 2864 741 est,
2914 675 3034 743 Dei,
3079 688 3275 746 quanta
3313 678 3435 736 ﬁeri

197 779 784 852 ὲφικτὸν,ἀφομοίωσίς
806 798 864 832 τε
892 781 985 832 καὶ
1018 778 1226 842 ἓνωσις,
1254 779 1414 834 αὐτὸν
1449 778 1646 850 ἔχουσα
1681 783 1780 836 πά-

200 890 307 943 σης
352 875 506 944 ἱερᾶς
541 875 849 942 ἐπιστήμης
901 890 960 924 τε
988 874 1082 925 καὶ
1102 872 1378 944 ἐνεργείας
1404 872 1773 943 καθηγεμόνα,

197 965 298 1018 καὶ
331 966 468 1036 πρὸς
494 965 594 1035 τὴν
641 961 802 1017 αὐτοῦ
848 963 1124 1036 θειοτάτην
1173 963 1502 1034 εὐπρέπειαν
1549 965 1779 1029 ἀκλινῶς

202 1056 310 1125 μὲν
345 1054 511 1126 όρῶν,
552 1055 628 1118 ὼς
658 1053 881 1108 δυνατὸν
915 1054 972 1107 δὲ
1008 1055 1475 1124 ἀποτυπούμενος,
1507 1057 1601 1107 καὶ
1647 1058 1775 1119 τοὺς

199 1144 406 1199 ἑαυτοῦ
448 1144 746 1212 θιασώτας,
785 1147 1073 1218 ἀγάλματα
1121 1145 1238 1198 θεῖα
1283 1145 1471 1208 τελῶν,
1543 1133 1779 1219 ἔσοπτρα

196 1240 244 1271 τ¹
281 1233 616 1290 διειδεστατα
636 1238 730 1291 καὶ
757 1237 1080 1307 ἀκηλίδωτα,
1107 1237 1328 1290 δεκτικά
1348 1238 1447 1308 τῆς
1469 1238 1777 1309 ἀρχιφώτου

197 1330 298 1383 καὶ
335 1329 632 1401 θεαρχικῆς
661 1330 906 1392 ἀκτῖνος
939 1330 1034 1383 καὶ
1065 1329 1162 1400 τῆς
1215 1329 1312 1400 μὲν
1335 1330 1672 1402 ἐνδιδομένης
1696 1331 1780 1384 αἵ-

197 1423 343 1494 γλης
381 1424 541 1495 ἰερῶς
571 1424 1063 1496 ἀποπληρούμενα,
1090 1425 1292 1496 ταύτην
1337 1428 1392 1480 δὲ
1424 1423 1574 1490 αὖθις
1609 1427 1778 1497 ἀφθό-

198 1531 313 1576 νως
345 1515 427 1576 εἰς
450 1513 518 1566 τὰ
543 1515 671 1583 ἑξῆς
693 1514 1097 1585 ἀναλάμποντα,
1130 1515 1274 1569 κατὰ
1300 1518 1426 1580 τοὺς
1451 1517 1776 1588 θεαρχικοὺς

200 1605 464 1676 θεσμούς.
514 1605 588 1657 Οὐ
616 1604 722 1676 γάρ
753 1604 972 1675 θεμιτόν
1003 1607 1120 1658 ἐστι
1144 1610 1256 1670 τοῖς
1288 1607 1396 1660 τῶν
1433 1608 1594 1680 ἱερῶν
1628 1609 1778 1661 τελε-

196 1701 326 1760 ταῖς
349 1699 418 1762 τ’,
449 1697 481 1767 ἢ
510 1697 622 1760 τοῖς
648 1697 807 1768 ἱερῶς
831 1696 1192 1768 τελουμένοις,
1236 1700 1522 1770 ἐνεργῆσαί
1568 1718 1620 1752 τι
1650 1699 1779 1753 καθο

194 1788 348 1850 όλου,
401 1788 550 1859 παρά
599 1787 697 1851 τὰς
729 1788 828 1858 τῆς
849 1789 1052 1852 οἰκείας
1083 1791 1430 1859 τελεταρχίας
1480 1789 1629 1861 ίεράς
1664 1791 1777 1844 δια-

197 1878 393 1943 τάξεις
418 1894 430 1906 ο
456 1877 568 1930 ἀλλ’
592 1878 711 1931 οὐδὲ
752 1879 1016 1950 ὑπάρχειν
1050 1879 1269 1950 ἑτέρως,
1304 1882 1351 1932 εἰ
1375 1881 1475 1950 τῆς
1508 1880 1774 1951 θεωτικῆς

198 1967 384 2038 αὐτῆς
435 1969 661 2037 ἀγλαίας
696 1970 958 2039 ἐφίενται,
989 1970 1084 2023 καὶ
1120 1971 1254 2041 πρὸς
1301 1971 1467 2043 αὐτὴν
1527 1973 1774 2044 ἱεροπρε-

197 2060 329 2124 πῶς
357 2061 402 2092 ⁷³
425 2060 820 2126 ἀποσκοποῦσι,
874 2062 969 2114 καὶ
1021 2062 1422 2116 ἀποτυποῦνται
1482 2063 1625 2116 κατά
1680 2062 1775 2134 τὴν

199 2153 440 2207 ἑκάστου
465 2154 573 2206 τῶν
611 2154 770 2224 ίερῶν
818 2153 952 2206 νόων
1004 2154 1310 2223 ἀναλογίαν.
1373 2154 1578 2207 Οὐκοῦν
1616 2155 1644 2206 ὁ
1690 2155 1778 2208 λέ-

198 2262 318 2314 γων
367 2246 672 2317 ἰεραρχίαν,
755 2247 906 2317 ίεράν
962 2264 1083 2299 τινα
1145 2246 1370 2299 καθόλου
1427 2246 1780 2316 διακόσμησιν

198 2337 379 2408 δηλοῖ.
413 2338 596 2391 εἰκόνα
644 2339 744 2408 τῆς
799 2337 1094 2410 θεαρχικῆς
1119 2337 1449 2409 ιῦραιότητος
1469 2378 1483 2401 ,
1513 2339 1569 2391 ὲν
1596 2338 1779 2404 τάξεσι

201 2430 303 2483 καὶ
327 2432 662 2502 ἐπιστήμαις
702 2433 1062 2504 ίεραρχικαῖς,
1095 2429 1163 2483 τά
1192 2431 1292 2500 τῆς
1328 2430 1534 2494 οἰκείας
1588 2431 1782 2502 ἐλλάμ-

199 2523 357 2593 ψεως
382 2523 768 2594 ίερουργοῦσαν
794 2524 1086 2596 μυστήρια,
1133 2524 1228 2576 καὶ
1267 2521 1404 2594 πρὸς
1441 2523 1540 2594 τὴν
1576 2524 1780 2576 οἰκείαν

200 2614 384 2685 ἀρχὴν
408 2613 482 2676 ὼς
510 2613 727 2683 θεμιτὸν
757 2614 1215 2685 ἀφομοιουμένην.
1263 2612 1539 2684 Ἐστιγάρ
1568 2613 1781 2683 ἑκάστῳ

201 2707 317 2759 τῶν
364 2706 642 2778 ἰεραρχίαν
685 2706 1114 2778 κεκληρωμένων
1157 2708 1190 2778 ἡ
1223 2705 1533 2771 τελείωσις,
1574 2706 1634 2758 τὺ
1660 2707 1779 2759 κατ’

202 2797 419 2849 οἰκείαν
479 2796 766 2864 ἀναλογίαν
817 2797 906 2848 ἐπὶ
957 2795 1017 2849 τὸ
1072 2796 1397 2866 θεομίμητον
1457 2796 1777 2866 ἀναχθῆναι.

205 2892 323 2945 Καὶ
350 2890 412 2943 τὸ
440 2889 501 2960 δὴ
526 2891 742 2944 πάντων
765 2889 1053 2960 θειότερον,
1080 2890 1155 2952 ὡς
1178 2889 1247 2942 τὰ
1270 2889 1440 2958 Λόγιά
1463 2906 1614 2960 φησι,
1644 2887 1778 2943 Θεοῦ

207 2981 476 3054 συνεργὸν
502 2982 780 3051 γενέσθαι,
813 2982 906 3035 καὶ
927 2982 1093 3048 δεῖξαι
1121 2982 1220 3054 τὴν
1244 2982 1395 3036 θείαν
1419 2981 1698 3054 ἐνέργειαν
1723 2985 1779 3037 ὲν

205 3073 392 3144 ἑαυτῷ
427 3072 567 3126 κατὰ
601 3072 662 3125 τὸ
683 3072 906 3125 δυνατὸν
927 3072 1356 3142 ἀναφαινομένην
1375 3089 1389 3103 ο
1416 3066 1524 3125 οἷον
1545 3113 1558 3135 ,
1597 3073 1780 3145 ἐπειδὴ

203 3165 369 3231 τάξις
411 3162 697 3234 ἰεραρχίας
740 3163 857 3216 ἐστὶ
880 3162 939 3215 τὸ
965 3163 1090 3224 τοὺς
1127 3161 1226 3230 μὲν
1251 3161 1628 3233 καθαίρεσθαι,
1655 3161 1781 3225 τοὺς

205 3256 265 3308 δὲ
296 3254 580 3325 καθαίρειν
607 3271 620 3283 ·
660 3255 748 3307 καί
781 3256 906 3317 τοὺς
934 3254 1031 3324 μὲν
1060 3252 1405 3324 φωτίζεσθαι,
1435 3253 1560 3316 τοὺς
1584 3253 1640 3306 δὲ
1667 3273 1780 3322 φω-

1881 781 2076 840 potest,
2109 770 2424 824 assituilatio
2475 768 2893 836 conjunctioque
2928 785 2940 818 :
2977 783 3134 835 quem
3186 783 3307 822 cum
3341 771 3438 824 lia-

1879 865 2004 919 beat
2031 868 2206 919 omnis
2234 879 2401 918 sacrae
2428 873 2481 916 et
2508 862 2745 916 scientim
2770 873 2821 914 et
2853 861 3182 927 operationis
3214 863 3432 928 ducem,

1880 960 1945 1012 ad
1974 957 2500 1024 divinissimumejus
2530 958 2777 1009 decorem
2807 964 3118 1007 constanter
3148 955 3430 1021 intuendo,

1880 1053 2127 1104 eumdem
2167 1051 2339 1116 quoad
2397 1058 2572 1118 potest
2625 1048 2896 1117 exprimit,
2936 1063 3032 1100 nec
3072 1062 3175 1102 non
3228 1048 3437 1102 divinos

1883 1145 1964 1198 sui
2015 1154 2294 1196 consortes
2340 1157 2492 1195 sacra
2542 1142 2786 1210 quaedam
2835 1139 3041 1208 perﬁcit
3118 1139 3430 1208 simulacra,

1878 1234 2200 1304 speculaquc
2228 1235 2523 1287 clarissima
2573 1244 2624 1287 et
2672 1232 3014 1286 innuaculata
3069 1246 3189 1296 quae
3233 1233 3431 1298 primi-

1882 1328 2001 1381 tivae
2058 1329 2190 1380 lucis
2235 1341 2562 1393 summmque
2586 1325 2802 1377 deitatis
2851 1323 3055 1376 radium
3109 1323 3434 1391 excipiant:

1876 1419 2030 1487 cujus
2053 1421 2221 1473 indito
2251 1419 2533 1486 splendore
2557 1433 2713 1471 sacro
2753 1417 2928 1484 plena,
2981 1417 3156 1469 denuo
3187 1418 3435 1470 eumdem

1877 1526 1940 1564 ex
1967 1509 2160 1563 divinis
2205 1509 2433 1576 legibus,
2471 1506 2523 1559 in
2569 1523 2630 1560 ea
2673 1516 3133 1575 quzesequuntur,
3193 1510 3306 1560 sine
3358 1509 3438 1558 in-

1878 1603 2019 1654 vidia
2071 1599 2463 1653 transfundam.
2528 1597 2711 1667 Neque
2770 1601 2911 1652 enim
2989 1599 3065 1650 fas
3096 1607 3178 1652 cst
3256 1601 3432 1653 sacris

1883 1694 2297 1763 professoribus,
2335 1692 2412 1746 vel
2575 1691 2819 1752 initiatis,
2854 1690 3142 1758 quidquam
3212 1705 3436 1757 prorsus

1877 1785 2113 1855 operari,
2151 1786 2292 1854 quod
2321 1791 2462 1838 sacri
2492 1785 2573 1836 sui
2604 1784 2813 1836 ordinis
2845 1782 3207 1835 sacrosanctis
3243 1783 3440 1834 consti-

1885 1880 2182 1933 tutionibus
2211 1887 2500 1947 repugnet;
2551 1880 2656 1930 imo
2736 1893 2834 1930 nec
2900 1878 3088 1930 iisdem
3128 1877 3440 1938 dissentire,

1878 1971 1922 2025 si
1971 1971 2202 2024 divinam
2260 1970 2374 2037 ejus
2407 1978 2659 2038 appetant
2709 1969 3034 2034 claritatem,
3088 1979 3140 2021 et
3177 1969 3240 2021 ad
3293 1968 3438 2020 illam

1882 2071 2112 2127 sancte,
2174 2062 2246 2114 uti
2323 2061 2498 2124 decet,
2571 2060 2859 2128 aspiciant,
2910 2075 2974 2113 ac
3037 2074 3134 2127 pro
3179 2058 3440 2127 cujusque

1880 2169 2162 2209 sacrarum
2242 2153 2504 2206 mentium
2576 2151 2883 2220 capacitate
2958 2151 3438 2203 transforuientur.

1880 2247 2062 2315 Itaque
2090 2247 2178 2314 qui
2210 2245 2571 2299 hierarchiam
2603 2243 2863 2300 nominat,
2897 2243 3182 2310 quamdam
3211 2243 3436 2296 omnino

1881 2353 2088 2393 sacram
2120 2338 2361 2403 designat
2387 2336 2815 2403 dispositionem,
2867 2336 2958 2388 Dei
2992 2334 3303 2402 principalis
3330 2334 3444 2401 pulo

1878 2429 2201 2488 'chritudinis
2225 2429 2526 2497 imaginem,
2549 2427 2831 2480 ordinibus
2882 2427 3233 2492 scientiisque
3265 2441 3447 2479 sacro-

1881 2521 2306 2592 principalibus,
2375 2519 2749 2573 illustratiouis
2804 2535 2911 2572 sum
2989 2519 3245 2588 mysteria
3301 2517 3446 2571 cele-

1881 2615 2146 2676 brantem,
2175 2621 2333 2680 atque
2375 2613 2611 2679 proprio,
2638 2621 2895 2680 quantum
2932 2609 3012 2662 fas
3041 2619 3143 2668 est,
3175 2610 3446 2678 principio

1883 2702 2234 2757 conformem.
2281 2701 2488 2754 Etenim
2524 2699 2810 2767 cujuslibet
2861 2715 3046 2754 eorum
3097 2700 3186 2767 qui
3222 2714 3443 2753 sacrum

1881 2792 2123 2846 ordinem
2162 2791 2335 2845 sortiti
2363 2800 2509 2856 sunt,
2539 2791 2588 2842 in
2641 2792 2741 2846 hoc
2781 2790 2879 2844 sila
2915 2789 3168 2858 perfectio
3189 2789 3449 2850 est,utad

1882 2885 2134 2945 divinam,
2156 2898 2250 2951 pro
2281 2894 2436 2950 captu
2463 2883 2693 2949 quisque
2767 2897 2882 2942 suo,
2922 2891 3296 2951 promet-eatur
3325 2880 3449 2935 imi-

1884 2978 2156 3038 tationem,
2177 2976 2422 3042 quodque
2439 2974 2670 3025 divinius
2717 2983 2796 3025 est
2818 2973 3077 3034 omnium,
3100 2971 3263 3039 ipsius
3284 2973 3449 3025 etiam

1882 3066 2000 3138 Dei,
2029 3076 2082 3119 ut
2116 3064 2335 3133 Eloquia
2375 3064 2684 3130 loquuntur,
2721 3074 3040 3131 cooperator
3065 3061 3311 3123 exsistat,
3369 3061 3452 3113 di-

1881 3161 2164 3228 viuamque
2209 3159 2260 3210 in
2304 3157 2591 3224 semetipso
2641 3158 2968 3208 demonstret
3062 3153 3447 3220 operationem,

1881 3251 2056 3320 quoad
2095 3257 2289 3317 potest,
2323 3245 2622 3300 elucentem
2653 3260 2666 3296 :
2698 3245 2893 3313 quippe
2913 3258 3031 3296 cum
3057 3243 3108 3294 in
3136 3244 3235 3296 hoc
3260 3243 3329 3294 sit
3359 3257 3451 3294 sa-

207 3350 386 3414 σι-ίζειν
414 3365 428 3378 ·
469 3349 715 3411 καὶτοὺς
764 3348 861 3418 μὲν
899 3347 1166 3400 τελεῖσθαι
1195 3347 1264 3409 ⁷⁸,
1291 3349 1418 3409 τοὺς
1461 3346 1518 3399 δὲ
1572 3345 1777 3398 τελεσι-
1807 3371 1849 3429 C

1807 3371 1849 3429 ο
1880 3355 1986 3395 cra:
2017 3337 2422 3409 gubernationis
2505 3336 2659 3396 ordo,
2697 3343 2754 3387 ut
2806 3333 2963 3400 aliqui
3012 3343 3322 3401 purgentur,
3361 3331 3447 3384 alii

207 3444 452 3512 ουργείν,
505 3441 717 3509 ἑκάστῳ
737 3441 797 3492 τὸ
827 3439 1152 3510 θεομίμητον
1177 3439 1405 3510 ἁρμόσει
1455 3439 1595 3492 κατά
1633 3439 1782 3491 τόνδε

209 3533 305 3585 τὸν
334 3533 554 3604 τρόπον.
595 3533 658 3584 Ἦ
686 3531 803 3584 θεία
835 3532 880 3563 ⁷⁸
912 3531 1269 3604 μακαριότης,
1300 3530 1374 3593 ὡς
1406 3531 1462 3582 ἐν
1484 3529 1786 3600 ἀνθρώποις

213 3627 414 3687 εἰπεῖν,
434 3624 635 3696 ἀμιγὴς
655 3625 750 3695 μέν
769 3626 918 3677 ἐστιν
934 3625 1149 3694 ἀπάσης
1164 3624 1558 3694 ἀνομοιότητος,
1581 3622 1790 3693 πλήρης

213 3718 273 3771 δὲ
316 3717 490 3785 φωτὸς
524 3717 715 3780 ἀϊδίου,
738 3715 916 3768 τελεία
956 3717 1046 3768 καὶ
1076 3714 1322 3785 ἀνενδεὴς
1347 3715 1564 3783 ἀπάσης
1591 3710 1791 3765 τελειό-

215 3825 402 3878 τητος,
447 3807 800 3876 καθαίρουσα,
859 3807 950 3858 καὶ
998 3805 1326 3874 φωτίζουσα,
1368 3804 1462 3858 καλ⁸
1487 3802 1791 3872 τελεσιουρ-

216 3900 394 3969 γοῦσα
426 3917 438 3929 ·
491 3899 687 3969 μᾶλλον
730 3899 785 3952 δὲ
842 3898 1106 3971 κάθαρσις
1158 3898 1296 3970 ἱερὰ,
1343 3900 1436 3950 καὶ
1480 3895 1788 3967 φωτισμὺς,

220 3995 320 4046 καὶ
347 3992 640 4054 τελείωσις,
674 3991 813 4062 ὑπὲρ
839 3990 1122 4062 κάθαρσιν,
1153 3991 1292 4060 ὑπὲρ
1320 3989 1453 4058 φῶς,
1486 3987 1792 4059 πρωὲλειος

221 4083 678 4154 αὑτοτελεταρχία
717 4083 796 4146 ⁷⁸,
842 4083 935 4134 καὶ
1009 4082 1188 4150 πάσης
1237 4081 1332 4151 μὲν
1392 4080 1668 4150 ίεραρχίας
1703 4080 1789 4132 αἰ-

221 4179 348 4239 τία,
397 4177 596 4238 παντὸς
641 4175 697 4229 δὲ
752 4174 895 4245 ἱεροῦ
950 4174 1088 4228 κατά
1142 4173 1201 4226 τὸ
1250 4172 1514 4244 ὑπερέχον
1591 4171 1790 4242 ἐξῃρη-

228 4264 382 4334 μένης

1890 3437 2114 3498 purgent
2151 3443 2164 3493 ;
2199 3426 2359 3495 aliqui
2388 3424 2774 3487 illmniucntnr,
2838 3423 2926 3474 alii
2955 3421 3254 3476 illuminent
3287 3438 3301 3486 ;
3330 3422 3453 3488 qui-

1893 3519 2013 3571 dam
2067 3516 2435 3584 perliciantur,
2501 3512 2738 3566 nonnulli
2792 3511 3260 3580 veroperiiciant;
3293 3511 3453 3563 modo

1896 3611 2088 3677 cuique
2109 3623 2207 3662 suo
2235 3607 2409 3660 divina
2440 3615 2697 3675 congruet
2753 3606 2997 3657 imitatio.
3065 3603 3249 3655 Divina
3285 3603 3454 3670 siqni-

1897 3703 2016 3756 dem
2049 3699 2338 3764 beatitudo,
2368 3707 2442 3776 ut‘
2471 3711 2616 3750 more
2666 3698 2937 3749 hominum
3009 3694 3215 3762 loquar,
3263 3707 3456 3761 expers

1893 3803 1974 3846 est
2013 3792 2185 3845 omnis
2234 3788 2709 3850 dissimilitudinis,
2751 3804 2815 3841 ac
2883 3791 3034 3854 plena
3084 3785 3213 3837 lucis
3262 3783 3457 3852 sempi-

1893 3893 2080 3947 ternae,
2115 3881 2371 3950 perlecta,
2420 3880 2615 3933 nullius
2648 3879 2822 3945 indiga
2873 3875 3243 3943 pertectionis,
3289 3890 3452 3925 mun-

1893 3977 2064 4036 dans,
2105 3975 2438 4036 illuminans,
2502 3986 2932 4034 consummatis;
2982 3970 3224 4037 quinimo
3273 3968 3448 4035 potius

1895 4069 2125 4135 ipsamet
2154 4065 2628 4125 sacra‘mundatio,
2664 4074 2717 4118 et
2752 4061 3096 4126 illuminatio,
3121 4069 3173 4112 et
3200 4074 3455 4112 consum-

1898 4161 2082 4223 matio,
2115 4173 2274 4227 supra
2305 4156 2730 4220 mundationem,
2765 4170 2926 4223 supra
2976 4154 3170 4215 lucem,
3220 4166 3458 4221 prmper-

1900 4253 2060 4309 lecta.
2097 4265 2188 4320 per
2212 4265 2270 4303 se
2300 4250 2450 4317 origo
2480 4247 2847 4318 perfectionis,
2895 4257 3054 4314 atque
3121 4244 3296 4296 omnis
3337 4243 3455 4311 qui-

1900 4345 2019 4397 dem
2053 4341 2189 4395 sacri
2219 4339 2424 4392 ordinis
2464 4354 2624 4392 causa
2648 4379 2662 4401 ,
2707 4349 3075 4392 verumtamen
3107 4334 3174 4388 ab
3208 4334 3349 4388 omni
3401 4349 3457 4387 re

1902 4449 2055 4489 sacra
2116 4446 2208 4502 per
2237 4428 2613 4484 excellentiam
2649 4437 2897 4496 excepta.

1802 4576 1974 4652 §lll.

305 4759 423 4828 Χρὴ
447 4752 758 4825 τοιγαροῦν,
807 4751 882 4816 ὡς
922 4745 1097 4821 οἶμαι,
1141 4751 1267 4812 τοὺς
1320 4747 1417 4818 μὲν
1467 4745 1795 4817 καθαιρομέ-
1829 4748 1872 4802 D

1829 4748 1872 4802 D
1972 4742 2193 4811 Oportet
2225 4741 2409 4809 igitur,
2437 4748 2493 4793 ut
2527 4739 2781 4799 arbitror,
2840 4750 2936 4789 eos
2992 4750 3082 4803 qui
3133 4741 3457 4801 purgantur,

233 4867 355 4911 νους
379 4848 597 4918 ἀμιγεῖς
624 4835 994 4897 ἀποτελεῖσθαι
1036 4838 1289 4907 καθόλου,
1317 4838 1411 4893 καὶ
1437 4838 1615 4906 πάσης
1643 4835 1804 4904 ἠλευ-

235 4935 502 5010 θερῶσθαι
546 4937 646 5005 τῆς
671 4935 918 5005 ἀνομοίου
954 4930 1341 5002 συμφύρσεωςθ
1394 4929 1521 4990 τοὺς
1556 4927 1611 4979 δὲ
1638 4943 1803 4994 φωτι-

237 5029 493 5101 ζομένους
519 5024 963 5095 ἀποπληροῦσθαι
992 5021 1086 5074 τοῦ
1118 5020 1260 5072 θείου
1286 5018 1480 5088 φωτὸς,
1507 5016 1640 5087 πρὸς
1669 5017 1806 5068 θεω-

241 5125 468 5195 ρητικὴν
520 5121 634 5185 ἕξιν
663 5119 755 5171 καὶ
795 5117 1019 5186 δύναμιν
1053 5117 1108 5167 ὲν
1137 5114 1430 5180 πανάγνοις
1453 5110 1572 5172 νοὸς
1601 5107 1804 5177 ὀφθαλ-

243 5217 362 5283 μοῖς
397 5211 762 5281 ἀναγομένους
786 5227 799 5239 ·
854 5209 977 5270 τοὺς
1013 5206 1068 5258 δὲ
1095 5204 1446 5275 τελουμένους
1478 5203 1545 5263 ⁷⁷,
1600 5202 1664 5252 ἐκ
1707 5199 1801 5252 τοῦ

241 5306 466 5367 ἀτελοῦς
524 5301 1038 5374 μεταταττομένους,
1095 5297 1354 5368 μετόχους
1401 5292 1648 5361 γίνεσθαι
1703 5292 1806 5361 τῆς

241 5413 348 5451 των
373 5394 813 5450 ὲποπτευθέντων
861 5391 1023 5463 ιερῶν
1073 5387 1417 5456 τελειωτικῆς
1467 5383 1801 5453 ἐπιστήμης.

1908 4851 2070 4904 puros
2102 4831 2234 4887 efﬁci
2288 4833 2533 4896 omnino,
2581 4840 2739 4897 atque
2789 4827 2936 4882 omni
2997 4823 3460 4878 dissimilitudinis

1906 4926 2279 4981 commistione
2319 4926 2573 4989 liberari;
2625 4938 2716 4976 eos
2769 4935 2897 4974 vero
2929 4920 3018 4986 qui
3082 4916 3463 4970 illuminantor

1908 5018 2089 5071 divino
2122 5017 2324 5070 lumine
2354 5015 2566 5084 repleri,
2624 5017 2687 5066 ad
2731 5010 3206 5077 contemplativum
3260 5014 3461 5060 statum

1907 5119 2067 5178 atque
2084 5111 2334 5162 virtutem
2361 5107 2676 5160 castissimis
2703 5104 2894 5158 mentis
2919 5103 3093 5155 oculis
3122 5096 3461 5159 eveliendos;

1909 5201 2146 5269 denique
2178 5215 2273 5252 eos
2333 5199 2420 5266 qui
2479 5198 2872 5267 perﬁciuntur,
2925 5195 2992 5246 ab
3056 5185 3460 5256 iiuperl'ectione

1918 5292 2234 5353 translatos,
2272 5289 2487 5343 illorum
2543 5303 2663 5357 quae
2716 5285 2942 5340 contuiti
3006 5292 3151 5346 sunt,
3187 5298 3460 5336 sacrorum

1911 5381 2217 5449 perfectiva:
2267 5381 2510 5437 scientia:
2534 5379 2824 5450 participes
2873 5374 3156 5429 exsistere.
3219 5370 3452 5439 Expiato—

1524 5538 1755 5593 VARI/E
1795 5533 2192 5591 LECTIONES.

318 5669 360 5698 "
394 5665 524 5718 Bud.
565 5665 800 5718 ἐσοπτοά
830 5678 909 5713 τε.
985 5661 1028 5689 ⁷²
1062 5659 1160 5713 Cli.
1201 5659 1259 5712 υ.
1304 5657 1359 5708 P.
1394 5656 1452 5708 ἓ.
1484 5652 1779 5712 τελεσταῖς,
1819 5650 1900 5702 cui
1951 5647 2169 5700 lectioni
2205 5637 2823 5718 veteres‘astitnil‘autur‘
2865 5635 3208 5718 interpretes.
3266 5629 3461 5718 f’ntl'li.

251 5738 429 5808 ἱερῶς.
507 5737 682 5808 ’δἀἰι.

779 5703 800 5782 Γ
832 5703 1452 5783 ééiuoscéal."v-'CIIJ
1478 5703 1631 5776 aliter
1681 5703 1806 5787 leéit
1850 5729 1902 5770 et
1941 5718 2260 5782 distinguit,
2306 5710 2532 5788 ἀρμόςξει
2556 5703 2662 5760 διὰ
2704 5703 2991 5788 τόνδεητὸν
3027 5703 3225 5788 τρόπον
3255 5704 3288 5771 ή

3325 5699 3462 5752 θεία.

248 5771 436 5860 3‘3”;
474 5771 817 5875 ιπέῇζέὼτζξ.
843 5771 1622 5866 's‘l”2:1"ti?'5ujuiigdiit1365i
1667 5771 1994 5860 προτέλειος,
2022 5771 2625 5841 ιἐὧυιιιάὑτὸτὲλειος,
2664 5779 2806 5846 quod
2856 5775 3048 5829 Status
3068 5771 3233 5827 etiam
3269 5773 3464 5825 reddit.

252 5879 291 5911 "
335 5878 387 5932 S-
440 5875 499 5928 P.
530 5871 595 5929 υ(
627 5871 1045 5943 τελειουμένους.
