4196 6306
854 375 942 428 l'i'l

1969 373 2023 426 S.
2064 372 2217 427 DIOLV
2231 373 2358 427 YSII
2403 373 2862 430 ΑΒΕΟΡΑΟΙΤᾸΞ

2421 373 2862 430 ΚΒΕΟΡΑΟΙΤᾸΞ
3976 392 4078 443 179.

4011 528 4082 561 ιεν

850 478 969 545 chia
1001 505 1104 544 non
1147 489 1317 543 solum
1364 490 1612 549 scientia,
1643 489 1734 542 sed
1785 500 1837 543 et
1876 491 2124 558 operatio
2171 491 2404 558 appella-
2432 499 2479 555 Α

2349 508 2404 544 a-
2432 499 2479 555 Α
2508 495 2600 545 xui
2632 495 2896 564 ἐνέργεια,
2927 494 3010 546 ἵνα
3056 496 3193 547 κατὰ
3226 499 3322 567 τὴν
3355 500 3550 571 ἑαυτῆς
3599 502 3707 564 egw
3743 506 3999 577 ἐνεργήσε

852 595 958 648 tur,
1009 591 1068 635 ut
1111 583 1404 637 secundum
1461 583 1696 636 habitutn
1739 598 1895 636 suum
1927 594 2178 651 operetur
2203 584 2251 636 in
2286 582 2404 636 aliis

849 673 1318 729 illuminationem.
1368 674 1710 744 Quapropter
1755 676 1916 728 etiam
1961 676 2027 729 ad
2077 674 2406 728 deiformita-

848 778 959 822 tem
991 768 1266 822 refertur:
1313 783 1436 822 nam
1468 771 1763 822 secundum
1804 769 2001 822 inditas
2045 769 2143 823 sibi
2177 769 2405 823 illustra-

848 859 1051 920 tiones,
1083 874 1179 926 pro
1197 867 1353 926 captu
1386 875 1483 912 suo
1505 859 1568 912 ad
1596 860 1686 914 Dei
1719 860 2069 914 imitationem
2095 861 2402 925 adducitur,

852 954 978 1007 dum
1012 963 1302 1020 extraneos
1332 953 1526 1008 divinae
1556 954 1688 1008 locis
1722 954 2013 1023 participes
2044 955 2232 1008 reddit.
2261 954 2404 1021 Quo-

851 1045 996 1098 niam
1035 1061 1164 1114 ergo
1193 1045 1498 1100 hierarchia
1532 1047 1814 1116 quamdam
1848 1047 1936 1099 Dei
1969 1046 2192 1100 formam
2224 1047 2405 1116 expri-

851 1139 968 1203 mit,
999 1139 1264 1206 qnomodo
1309 1138 1359 1192 id
1406 1139 1498 1192 fiat
1528 1140 1735 1208 pandit.
1770 1139 1857 1192 Illa
1903 1155 2020 1207 qua:
2063 1140 2226 1192 Deum
2254 1142 2408 1194 decet

850 1230 1197 1298 pulchritudo
1230 1245 1293 1284 ac
1327 1241 1599 1294 venustas.
1637 1231 1702 1284 ab
1735 1231 1881 1286 omni
1930 1242 2140 1286 terrena
2172 1232 2407 1286 dissimi-

851 1321 1074 1375 litudine
1101 1331 1304 1377 remota
1336 1333 1452 1385 est;
1486 1321 1683 1376 nullam
1709 1323 1852 1377 enim
1883 1337 2002 1377 cum
2030 1324 2190 1376 rebus
2213 1325 2406 1393 genitis

853 1415 1321 1482 participationem
1356 1415 1520 1469 habet
1547 1431 1560 1468 ε
1589 1424 1697 1468 tum
1745 1413 1995 1483 quoniam
2037 1414 2261 1484 simplex
2301 1425 2404 1479 est,

853 1506 964 1559 haec
1000 1521 1128 1560 vero
1162 1505 1342 1560 omnia
1371 1506 1668 1574 composita
1697 1521 1760 1560 ex
1794 1506 2097 1567 elementis,
2132 1506 2215 1560 vel
2240 1516 2406 1561 mate-

852 1599 928 1651 ria
956 1610 1009 1652 et
1039 1600 1209 1668 ﬁgura
1242 1608 1526 1662 constant;
1570 1609 1680 1652 tum
1708 1601 1832 1667 quia
1873 1599 2012 1653 bona
2049 1609 2152 1662 est,
2185 1600 2290 1653 imo
2326 1602 2406 1668 ip-

853 1705 969 1742 sum
1023 1692 1261 1746 bonum:
1302 1691 1498 1745 bonum
1549 1703 1727 1746 autem
1776 1693 1955 1746 omnia
2004 1702 2283 1760 appetunt,
2314 1694 2406 1747 sed

853 1782 1050 1834 bonum
1090 1797 1192 1835 non
1247 1782 1448 1850 appetit
1477 1781 1616 1836 aliud
1660 1799 1687 1835 a
1737 1798 1834 1837 se:
1876 1780 2084 1835 Numen
2122 1782 2298 1851 itaque
2325 1784 2406 1837 di-

2509 584 2595 634 ἐπ’
2629 584 2806 646 ἄλλοις
2830 585 2919 637 τὸν
2947 589 3240 656 φωτισμόν.
3267 590 3364 641 Διὰ
3387 591 3542 643 τοῦτο
3565 595 3655 646 καὶ
3680 595 3813 664 πρὸς
3835 598 3895 648 τὸ
3919 599 4082 652 θεοειο

2507 675 2593 738 δὲς
2619 677 2988 747 ἁφωμοίωται·
3020 679 3158 732 κατὰ
3189 680 3295 750 γὰρ
3312 681 3407 743 τὰς
3431 683 3762 754 ἐνδιδομένας
3790 687 4079 758 at).an

2508 767 2781 834 ἀναλόγως
2814 770 2891 831 εἰς
2927 768 3286 841 θεομιμησίαν
3320 773 3593 841 ἀνάγεται,
3628 777 3684 828 ὲν
3731 778 3806 847 τῷ
3839 779 4079 850 ἐνεργεῖν

2509 857 2595 908 τὸν
2634 859 2908 928 φωτισμόν
2931 863 3041 922 τοῖς
3074 861 3290 925 ἔξωθεν.
3332 864 3481 916 Ἐπεὶ
3581 867 3824 937 ἰεραρχία
3858 869 3992 939 πρὸς
4021 873 4079 923 τὸ

2509 947 2734 1012 θεοειδές
2779 951 3153 1021 ἀφωμοίωται,
3196 954 3327 1024 φησί
3371 955 3487 1018 πῶς
3536 956 3692 1010 τοῦτο
3735 960 3960 1026 γίνεται.
4010 961 4080 1013 Τὸ

2507 1041 2635 1110 γοῦν
2668 1041 2964 1114 θεοπρεπὲς
3007 1044 3099 1096 xui.
3131 1044 3247 1115 Θεῷ
3281 1046 3486 1116 πρέπον
3521 1048 3712 1112 κάλλος
3751 1052 3928 1122 πάσης
3951 1053 4077 1121 ἀερί-

2508 1155 2696 1192 σταται
2718 1140 2909 1210 γηῖνης
2946 1140 3345 1211 ἀνομοιότητος·
3372 1145 3432 1196 οὺ
3474 1147 3686 1216 μετέχει
3714 1148 3821 1220 γὰρ
3859 1150 3992 1220 πρὸς
4013 1151 4078 1204 τὰ

2506 1230 2564 1284 ἐν
2585 1230 2808 1297 γενέσει·
2838 1231 2917 1282 ὅτι
2940 1233 3115 1284 ἐκεῖνο
3163 1234 3258 1303 μὲν
3303 1235 3526 1299 ἁπλοῦν,
3571 1237 3740 1291 ταῦτα
3779 1241 3832 1292 δὲ
3868 1242 4078 1294 ᾶπαντα

2509 1321 2734 1375 σύνθετα
2767 1324 2830 1374 ἐκ
2859 1325 3152 1394 στοιχείων,
3187 1326 3218 1396 ἢ
3255 1326 3310 1392 ἐξ
3350 1327 3498 1398 ὕλης,
3536 1331 3628 1382 xui.
3667 1332 3836 1394 εἴδους
3861 1336 4077 1401 συγκεί-

2511 1432 2642 1485 μενα
2660 1454 2673 1475 ,
2709 1416 2800 1467 καὶ
2825 1418 2901 1468 ὅτι
2939 1417 3113 1468 ἐκεῖνο
3139 1418 3236 1487 μὲν
3256 1418 3476 1486 ἀγαθὸν,
3517 1423 3607 1474 καὶ
3633 1424 3955 1491 αὐτάγαθον·
3984 1426 4078 1478 τοῦ

2507 1506 2561 1558 δὲ
2587 1504 2788 1574 ἀγαθοῦ
2821 1507 2975 1559 πάντ’
3019 1508 3251 1576 ἐφίεται,
3282 1511 3372 1561 καὶ
3398 1511 3457 1562 οὐ
3495 1511 3652 1564 τοῦτο
3684 1514 3889 1583 ἐτέρου·
3926 1515 4078 1567 ἀνελ-

2507 1597 2659 1661 λιπὲς
2694 1597 2822 1666 γοῦν
2866 1599 2926 1650 τὺ
2971 1598 3141 1662 Θεῖον,
3176 1599 3321 1653 τὰδὲ
3352 1601 3617 1672 κτίσματα
3653 1604 3805 1656 ἐνδεᾶ
3832 1621 3845 1633 ·
3883 1606 3974 1658 καὶ
3998 1606 4078 1658 ὅτι

2507 1691 2679 1742 ἐκεῖνο
2711 1690 3108 1762 τελεταρχικὸν,
3155 1694 3317 1746 οἱονεὶ
3362 1693 3586 1765 ἐξάρχον
3627 1696 3806 1766 πάσης
3837 1697 4070 1768 τελετῆς.

2507 1779 2692 1849 τελετὴ
2725 1779 2781 1832 δέ
2824 1782 2938 1832 ἐστι
2980 1782 3085 1834 πᾶν
3137 1783 3449 1852 μυστήριον,
3487 1784 3560 1846 ὡς
3612 1785 3943 1842 τελειωτικίιν
3978 1789 4076 1857 τῆς

853 1874 1030 1927 vinum
1061 1875 1372 1929 indeficiens
1421 1884 1524 1935 est.
1571 1877 1662 1929 sed
1711 1890 1969 1930 creaturae
2025 1885 2148 1929 sunt
2181 1891 2399 1946 egenze;
2436 1853 2510 1917 Bt

2436 1853 2475 1907 Β
2503 1870 2703 1942 ψυχῆς
2731 1870 2900 1924 ταῦτα
2933 1873 2987 1925 δὲ
3023 1872 3096 1943 μὴ
3134 1873 3290 1941 μόνον
3321 1874 3419 1926 οὐκ
3461 1875 3746 1947 ἐξάρχουσι
3776 1879 3873 1947 τῆς
3898 1853 4076 1931 retud-

855 1976 966 2017 tmn
1034 1966 1219 2030 etiam,
1265 1967 1389 2035 quia
1433 1965 1774 2034 pulchritudo
1805 1966 1893 2019 illa
1949 1967 2271 2035 principium
2322 1974 2403 2020 est

853 2057 1218 2126 perfectionis,
1256 2058 1449 2126 quippe
1498 2057 1708 2110 auctrix
1754 2068 1806 2112 et
1861 2059 2010 2128 origo
2042 2057 2196 2126 ejus:
2245 2074 2404 2113 omne

853 2159 1031 2204 autem
1069 2150 1379 2221 mysterium
1431 2149 1688 2218 perfectio
1735 2159 1841 2212 est,
1883 2150 1933 2203 in
1980 2161 2234 2219 quantum
2291 2153 2406 2206 ani-

855 2257 993 2294 main
1043 2242 1286 2310 perlicit;
1323 2251 1378 2294 at
1423 2250 1685 2294 creatura:
1735 2256 1836 2293 non
1889 2249 2095 2294 tantum
2140 2258 2242 2296 non
2276 2244 2404 2296 dant

852 2332 1063 2385 initium
1108 2331 1229 2386 talis
1263 2331 1626 2400 perfectionis,
1665 2331 1756 2385 sed
1814 2331 1914 2385 illa:
1955 2333 2080 2399 ipsa!
2121 2342 2244 2385 sunt
2287 2349 2403 2402 qua:

851 2425 1222 2493 perficiuntur.
1254 2423 1462 2478 Idcirco
1487 2424 1666 2476 divina
1703 2423 2039 2492 pulchritudo
2062 2439 2400 2493 nequaquam

853 2516 916 2568 iis
943 2524 1025 2568 est
1055 2515 1342 2582 permista;
1380 2512 1630 2581 quoniam
1676 2521 1760 2564 est
1793 2512 2015 2579 ipsumet
2042 2511 2399 2576 uniformitas,

850 2614 902 2658 et
931 2603 1231 2670 aequalitas,
1264 2613 1317 2656 et
1366 2601 1642 2663 identitas,
1675 2599 1914 2668 quinimo
1954 2615 2052 2652 una
2088 2611 2166 2652 est
2202 2609 2256 2653 et
2288 2601 2403 2652 nni-

851 2699 972 2760 llca,
1008 2705 1192 2766 utpote
1239 2694 1462 2764 simplex
1509 2702 1563 2747 et
1610 2691 1940 2759 impermista
1995 2700 2155 2758 atque
2197 2691 2404 2744 incom-

850 2792 1021 2858 posita
1053 2829 1066 2840 .
1105 2788 1245 2858 quod
1273 2801 1399 2840 vero
1443 2783 1691 2840 dill‘ortne
1732 2794 1815 2838 est
1843 2793 1896 2836 et
1936 2781 2220 2849 inmquale,
2246 2790 2403 2849 atque

851 2880 1103 2945 alterum,
1134 2888 1187 2933 et
1219 2893 1464 2947 parvum,
1494 2885 1548 2930 et
1571 2875 1848 2939 mutabile,
1881 2875 1928 2925 id
1956 2873 2119 2926 etiam
2151 2871 2403 2925 materia-

854 2986 963 3030 tum
1002 2985 1103 3030 est.
1141 2973 1300 3041 Quod
1351 2974 1530 3040 itaque
1567 2986 1730 3025 unum
1773 2979 1875 3032 est,
1907 2966 2291 3037 impermistum
2322 2974 2404 3020 est

851 3069 1214 3130 multitudini;
1271 3081 1373 3119 non
1410 3071 1586 3118 tamen
1616 3064 1709 3128 ita,
1749 3072 1807 3115 ut
1857 3077 1961 3114 non
1997 3076 2094 3129 pro
2144 3060 2402 3128 dignitate

851 3163 1042 3230 cuique
1066 3161 1242 3214 lumen
1269 3174 1422 3214 suum
1440 3156 1826 3220 communicet;
1856 3154 2056 3209 idcirco
2075 3152 2218 3207 enim
2239 3154 2399 3207 etiam

853 3259 1050 3313 dicitur
1075 3257 1216 3312 Deus
1245 3257 1786 3326 appropinquans,ut
1811 3251 1901 3320 qui
1937 3261 2125 3304 natura
2153 3265 2244 3304 sua
2279 3265 2406 3319 pro-

851 3347 934 3402 cul
964 3349 1101 3404 absit
1129 3363 1155 3400 a
1181 3348 1376 3402 nobis.
1408 3346 1544 3413 Quin
1573 3355 1626 3399 et
1654 3346 1704 3398 in
1732 3344 2062 3399 divinissimo
2087 3358 2205 3396 cum
2236 3344 2406 3412 bapti-

853 3443 1038 3494 smatis
1062 3440 1165 3511 33
1192 3450 1300 3492 tum
1334 3439 1622 3494 sacerdotii
1656 3446 1992 3492 sacramento
2024 3437 2404 3505 perfectionem

855 3533 1065 3597 tribuit,
1093 3549 1195 3602 qua
1229 3547 1412 3588 eorum
1442 3531 1530 3601 qui
1558 3529 1841 3584 initiantur
1863 3529 2062 3592 anima,
2096 3526 2406 3583 immanenti

854 3620 1137 3688 stabilique
1171 3620 1458 3674 sanctitate
1512 3619 1838 3674 informetur
1875 3627 2036 3687 atque
2093 3629 2404 3673 exornetur.

854 3710 910 3765 Si
945 3714 1086 3764 enim
1121 3713 1170 3765 id
1213 3713 1354 3781 quod
1383 3709 1607 3777 alicujus
1647 3711 1912 3780 particeps
1943 3709 2171 3775 exsistit,
2197 3708 2404 3764 differat

855 3805 1092 3858 varietve
1139 3803 1204 3857 ab
1234 3819 1298 3857 eo
1326 3805 1465 3873 quod
1508 3804 1813 3873 participat,
1862 3817 2132 3870 nunquam
2165 3802 2241 3856 illi
2270 3818 2402 3858 con-

2504 1983 2602 2034 της
2633 1964 2870 2036 τελετῆς,
2908 1965 3041 2018 ἁλλὰ
3073 1966 3165 2018 xui.
3195 1965 3490 2036 τελούμενα
3534 1969 3658 2020 εἰσι.
3695 1968 3795 2020 Διά
3823 1969 3980 2022 τοῦτο
4016 1970 4076 2022 τὸ

2506 2057 2645 2109 θεῖον
2679 2057 2868 2119 κάλλος
2901 2058 3014 2110 ἐστὶ
3065 2058 3161 2128 μὲν
3195 2059 3386 2129 ἀμιγὲς
3428 2059 3563 2129 πρὸς
3605 2059 3792 2112 ταῦτα·
3827 2061 4079 2130 ὁμοιότης

2505 2149 2612 2220 γὰρ
2644 2151 2737 2202 xui.
2767 2149 2945 2220 ἰσότης
2969 2148 3061 2201 xui.
3082 2150 3362 2219 ταύτότης,
3393 2149 3452 2201 τὸ
3477 2149 3534 2203 ἓν
3567 2151 3659 2203 xui
3695 2152 3950 2210 ἑνοποιὸν,
3981 2153 4076 2204 ac:

2503 2243 2706 2297 ἁπλοῦν
2739 2244 2829 2296 xui.
2883 2243 3078 2313 ἀμιγὲς
3111 2244 3204 2296 xui.
3253 2244 3559 2296 ἀσύνθετον.
3609 2244 3855 2312 ἀνόμοιον
3894 2245 3947 2296 δὲ
3983 2245 4072 2297 xui

2503 2336 2706 2398 ἄνισον,
2743 2336 2835 2387 xui.
2868 2334 3138 2404 ἑτερότης,
3171 2335 3263 2385 καὶ
3306 2335 3516 2404 μικρὸν,
3551 2336 3646 2387 καὶ
3689 2334 3746 2386 ἐν
3783 2334 4073 2404 μεταϐολῇ,

2503 2428 2562 2480 τὸ
2598 2426 2878 2497 πρόσυλον.
2916 2427 2988 2478 Τό
3021 2425 3147 2493 γοῦν
3176 2425 3231 2476 ἓν
3266 2426 3460 2494 ἀμιγές
3525 2427 3638 2478 ἐστι
3671 2426 3806 2495 πρὸς
3835 2426 3901 2478 τὰ
3936 2427 4078 2496 πλή-

2506 2517 2594 2587 θη,
2629 2495 2688 2570 οὐ
2720 2495 2822 2587 μὴν
2867 2515 2923 2569 δὲ
2967 2516 3160 2577 οὕτως,
3195 2515 3270 2577 ὡς
3307 2514 3380 2586 μὴ
3411 2515 3479 2568 δι’
3514 2515 3822 2584 ἀγαθότητα
3856 2495 4078 2586 μεταδο-

2503 2608 2652 2662 τικὸν
2707 2604 2843 2661 εἶναι
2877 2609 2994 2660 κατ’
3051 2608 3206 2673 ἀξίαν
3252 2609 3464 2679 ἑκάστῳ
3510 2608 3602 2660 τοῦ
3642 2609 3842 2661 οἰκείου
3876 2609 4073 2676 φωτόςσ

2503 2702 2590 2755 διὰ
2623 2701 2776 2754 τοῦτο
2808 2701 2914 2772 γὰρ
2945 2701 3159 2770 λέγεται
3193 2703 3286 2754 xui.
3319 2701 3449 2764 Θεὸς
3481 2701 3710 2768 ἐγγίζων
3742 2702 3770 2752 ὁ
3802 2701 3936 2754 κατὰ
3973 2700 4075 2768 φύ-

2506 2811 2588 2847 σιν
2621 2794 2952 2865 πορρωτάτω
2984 2794 3139 2864 ήμῶν
3173 2794 3267 2847 ὢν.
3307 2796 3423 2846 Ἔτι
3450 2794 3504 2847 δὲ
3538 2796 3629 2847 xui.
3654 2793 3993 2847 τελειωτικὸν
4017 2796 4079 2846 ἐν

2503 2885 2686 2955 τελετῇ
2723 2886 2966 2957 θειοτάτῃ
3006 2889 3070 2955 τῇ
3116 2884 3208 2938 τοῦ
3254 2885 3640 2955 βαπτίσματος,
3673 2887 3738 2955 τῇ
3787 2886 3882 2954 τῆς
3919 2886 4078 2953 ἱερωσ-

2506 2977 2687 3048 σύνης,
2706 2977 2843 3030 κατὰ
2873 2977 2970 3047 τὴν
2997 2976 3270 3047 μόρφωσιν
3282 2976 3388 3029 τῶν
3410 2976 3762 3047 τελουμένων,
3797 2976 3885 3027 καὶ
3910 2976 4082 3044 ἁρμο-

2503 3070 2603 3141 γὴν
2635 3071 2732 3140 τῆς
2784 3070 2960 3140 ψυχῆς
3011 3067 3188 3121 αὐτῶν
3233 3070 3324 3121 ἀπ’
3361 3069 3594 3139 ἐμμόνου
3649 3069 3741 3120 καὶ
3795 3066 4079 3135 διηνεκοῦς

2431 3198 2472 3254 C
2506 3162 2808 3232 ἁγιότητος.
2835 3162 2897 3214 Εἰ
2931 3161 3037 3233 γάρ
3065 3162 3427 3234 παραλλάττει
3453 3161 3511 3213 τὸ
3540 3159 3760 3230 μετέχον
3790 3159 3881 3212 τοῦ
3920 3175 4079 3227 μετε-

2506 3252 2756 3322 χομένου,
2782 3252 2882 3304 οὐκ
2915 3251 2981 3304 ἂν
3014 3252 3268 3322 ἁρμόσειε
3294 3249 3529 3303 πώποτε.
3569 3249 3726 3303 Ὅθεν
3752 3249 4079 3314 ἀποξεστέον

2509 3341 2622 3397 ἐστί
2653 3343 2749 3406 τὰς
2784 3343 3097 3414 σωματικὰς
3124 3344 3527 3405 ἐπαναστάσεις,
3555 3343 3645 3394 καὶ
3675 3343 3768 3404 τὰς
3807 3341 3901 3412 τῆς
3935 3340 4080 3408 γνὼ-

2511 3453 2618 3508 μης
2647 3435 2976 3506 ἀνωμαλίας,
3003 3436 3093 3488 xui
3124 3437 3202 3499 είς
3239 3437 3363 3506 μίαν
3396 3435 3750 3488 καταστατέον
3775 3433 4076 3504 ἁπλότητα,

2509 3531 2682 3581 εἴτουν
2720 3527 2956 3598 ἰσότητα,
2996 3527 3073 3598 τῷ
3117 3528 3357 3597 μέλλοντι
3379 3525 3791 3598 προσκαλεῖσθαι
3805 3525 3940 3595 Θεῷ.
3968 3528 4081 3579 Καὶ

2510 3623 2666 3678 τοῦτό
2689 3624 2832 3675 ἐστιν
2858 3623 2930 3685 ὼς
2953 3620 3171 3690 ἐφικτὸν
3202 3622 3298 3692 τῆς
3333 3622 3609 3692 ἰεραρχίας
3633 3620 3692 3673 τὸ
3726 3619 4078 3689 θεομίμητον,

2512 3715 2593 3767 ὅτι
2626 3716 2718 3767 xui.
2769 3714 2902 3784 αὕτη
2941 3712 3252 3783 μεταδίδωσι
3284 3712 3376 3766 τοῦ
3417 3712 3613 3765 οἰκείου
3661 3710 3938 3781 φωτισμοῦ
3967 3715 4081 3773 τοῖς

2515 3803 2803 3865 θιασώταις
2829 3803 3015 3872 αὐτῆς.

854 3896 1120 3949 cordabit.
1151 3896 1488 3966 Quapropter
1558 3896 1899 3958 insurgentes
1950 3908 2135 3948 omnes
2187 3904 2361 3949 motus
2407 3897 2649 3964 corporis
2689 3897 2964 3964 animique
3006 3895 3394 3964 inaequalitates
3435 3894 3766 3952 abradendze,
3808 3907 3970 3961 atque
4025 3893 4078 3945 in

858 3988 1013 4042 unica
1041 3988 1405 4058 simplicitate,
1476 4002 1565 4040 seu
1621 3985 1929 4055 a-qualitate
1974 3986 2137 4039 animi
2197 3988 2593 4054 persistendum
2625 3998 2709 4042 est
2734 3988 2780 4040 ei
2826 3987 2916 4056 qui
2952 3988 3015 4039 ad
3047 3986 3141 4040 Dei
3173 3987 3501 4040 consortium
3556 3997 3636 4039 est
3691 3986 4077 4038 admittendus.

859 4079 1036 4148 Atque
1063 4081 1176 4132 haec
1207 4089 1287 4133 est
1313 4079 1400 4132 illa
1452 4079 1542 4132 Dei
1577 4077 1804 4130 imitatio
1841 4077 1904 4131 ad
1933 4092 2091 4147 quam
2123 4077 2424 4132 hierarchia
2454 4094 2551 4148 pro
2597 4081 2802 4135 viribus
2846 4080 3055 4141 nititur,
3101 4078 3355 4146 quoniam
3408 4088 3460 4131 et
3511 4078 3621 4146 ipsa
3673 4077 3754 4131 sui
3800 4078 4081 4131 studiosos

862 4174 1122 4228 lucis.suaz
1163 4174 1450 4242 participes
1480 4171 1674 4227 reddit.

866 4369 871 4373 -
929 4331 957 4402 §
999 4328 1059 4383 ll.
1100 4327 1231 4384 Hinc
1261 4329 1576 4383 hierarchiae
1604 4329 1883 4384 utilitatem
1917 4331 2183 4401 lluemque
2207 4347 2406 4402 ςοειιοο

2586 4332 2611 4401 ᾗ
2643 4330 2704 4384 ll.
2760 4329 3032 4382 Ἐντεῦθεν
3061 4328 3156 4397 τὴν
3195 4329 3292 4398 τῆς
3323 4328 3598 4399 ἱεραρχίας
3623 4327 3905 4400 γνωρίζεις
3933 4331 4086 4398 ὠφὲ-

861 4435 979 4476 sces
1034 4420 1474 4475 assnnilationem
1525 4434 1646 4475 esse
1703 4421 2060 4490 unionemque
2101 4438 2220 4476 cum
2280 4425 2406 4488 Deo,
2442 4425 2518 4492 pi

2442 4438 2484 4492 ο
2512 4425 2660 4477 λειαν
2686 4423 2779 4476 xui.
2809 4423 2906 4474 τὸν
2928 4420 3145 4482 σκοπὸν,
3169 4419 3248 4471 ὃτι
3274 4419 3603 4488 ἁφομοίωσίς
3630 4421 3741 4472 ἐστι
3767 4423 3860 4472 καὶ
3887 4422 4085 4486 ’ἐνωσις

858 4532 1018 4585 quem
1065 4526 1118 4569 et
1165 4516 1397 4569 scientia:
1437 4525 1492 4570 et
1535 4512 1826 4568 functionis
1853 4529 1960 4568 sua:
2001 4518 2184 4570 ducem
2219 4518 2410 4582 habet;

861 4623 918 4666 ut
949 4611 1199 4664 nimirum
1236 4610 1504 4678 particeps
1535 4609 1624 4661 fiat
1655 4607 2122 4675 illuminationum,
2149 4610 2272 4663 dum
2294 4625 2416 4664 sco-

859 4719 959 4774 pus
1009 4701 1125 4770 ejus
1177 4702 1241 4754 ad
1294 4701 1684 4755 divinissitnum
1723 4700 1991 4762 decorem,
2042 4709 2290 4767 tanquam
2349 4701 2413 4753 ad

862 4796 1234 4867 primigenium
1261 4793 1554 4862 exemplar,
1578 4786 1802 4860 spectat,
1839 4801 1892 4844 et
1918 4792 2222 4852 secundum.
2244 4794 2414 4861 ipsum

862 4887 1270 4941 similitudinum
1303 4885 1603 4938 divinarum
1628 4885 1915 4940 simulacra
1941 4884 2154 4951 format,
2184 4900 2280 4938 nec
2311 4901 2412 4938 non

863 4980 1071 5033 divinas
1120 4979 1378 5049 exprimit
1419 4978 1700 5046 imagines,
1743 4977 1892 5046 juxta
1930 4977 2056 5031 illud
2091 4994 2103 5030 :
2140 4975 2250 5046 Ego
2285 4977 2412 5037 dixi,

861 5071 935 5123 dii
966 5072 1108 5135 estis,
1140 5080 1183 5122 et
1224 5069 1319 5135 ﬁlii
1357 5067 1560 5121 Επειεὶ
1589 5084 1762 5122 omnes
1789 5080 1848 5120 In.
1872 5070 2043 5136 Atque
2076 5067 2412 5121 immaculata

864 5165 1077 5232 specula
1115 5163 1280 5215 reddit
1307 5176 1415 5221 eos,
1442 5163 1530 5230 qui
1563 5161 1626 5214 ad
1653 5160 1833 5214 divina
1876 5167 2294 5214 convertuntur:
2317 5158 2414 5212 hos

863 5264 1038 5308 autem
1051 5253 1334 5315 θιασώτας,
1357 5253 1406 5305 id
1420 5264 1499 5305 est
1517 5252 1718 5305 sodales
1733 5262 1903 5315 vocat;
1919 5251 2099 5312 θίασος
2117 5250 2255 5303 enim
2273 5250 2410 5304 idem

861 5345 1003 5414 quod
1020 5345 1228 5397 chorus.
1251 5343 1456 5396 Idcirco
1474 5342 1635 5404 etiam
1668 5342 1821 5406 dixit,
1839 5355 1958 5395 eam
1987 5343 2151 5418 Deum
2172 5340 2413 5395 scientia:

865 5454 926 5493 ac
951 5438 1244 5492 (unctionis
1274 5452 1382 5491 sua:
1415 5438 1600 5491 ducem
1629 5437 1905 5490 obtinere:
1932 5435 2180 5504 quoniam
2207 5434 2274 5489 ab
2299 5433 2414 5502 ipso

865 5541 1032 5584 totum
1058 5541 1160 5594 est,
1189 5540 1242 5581 et
1272 5546 1375 5582 non
1403 5543 1466 5582 ex
1502 5529 1699 5583 nostris
1731 5527 1955 5582 meritis.
1993 5526 2198 5580 Etenim
2234 5526 2334 5579 hoc
2363 5525 2413 5577 in

866 5623 1062 5676 nostris
1087 5624 1290 5675 artibus
1319 5638 1381 5676 ac
1408 5623 1647 5677 scientiis
1677 5637 2008 5691 nequaquam
2038 5622 2206 5675 locum
2233 5621 2409 5674 habet:

938 5817 973 5844 ω
1009 5805 1142 5858 l’sal.
1186 5821 1366 5868 Lxxxl,
1404 5808 1451 5858 ti.

2519 4517 2653 4588 πρὸς
2687 4516 2839 4579 Θεὸν,
2863 4515 3020 4567 αὑτὸν
3049 4513 3242 4582 ἔχουσα
3272 4512 3614 4582 καθηγεμόνα
3650 4514 3746 4582 τῆς
3771 4515 4088 4585 ἐπιστήμης

2519 4611 2611 4661 καὶ
2636 4610 2732 4679 τῆς
2760 4607 3061 4678 ἐνεργείας·
3097 4606 3180 4657 ἵνα
3211 4604 3509 4674 μεταδιδοίη
3530 4604 3766 4672 δηλονότι
3786 4604 3892 4656 τῶν
3919 4622 4088 4672 φωτι-

2521 4702 2690 4770 σμῶν,
2726 4700 2864 4770 ὁρῶν
2884 4698 3119 4769 δηλονότι
3161 4699 3188 4748 ό
3227 4699 3424 4760 σκοπὸς
3453 4698 3527 4758 ὡς
3551 4700 3629 4759 εἰς
3661 4697 3963 4768 ἀρχέτυπον
3985 4699 4090 4767 τὴν

2520 4791 2796 4859 θειοτάτην
2845 4788 3194 4858 εὐπρέπειαν,
3240 4789 3330 4839 xui.
3355 4787 3788 4856 ἀποτυπούμενος
3831 4787 3966 4855 πρὸς
3991 4789 4091 4839 αὑ-

2517 4884 2636 4953 τὴν,
2661 4882 2944 4952 ἀγάλματα
2989 4881 3143 4934 θείων
3187 4881 3471 4951 ἐμφάσεων
3508 4879 3946 4949 ἀπεργαζόμενος
3994 4882 4092 4932 καὶ

2518 4974 2665 5037 θείας
2687 4975 2917 5036 εἰκόνας,
2949 4973 3086 5025 κατά
3126 4972 3206 5034 τὸ,
3251 4971 3395 5039 Ἐγὼ
3422 4972 3585 5025 εἶπα·
3623 4970 3753 5022 Θεοί
3794 4970 3952 5033 ἐστε,
3989 4971 4093 5023 καὶ

2517 5067 2632 5121 vlol
2677 5068 2966 5136 ’Υψίστου
2997 5064 3236 5129 πάντες.
3269 5065 3376 5117 Καὶ
3397 5061 3699 5133 ἁκηλίδωτα
3729 5061 3965 5132 ἔσοπτρα
3998 5063 4093 5113 ἐκ·

2515 5160 2680 5212 τελῶν
2708 5161 2831 5222 τοὺς
2877 5160 3002 5228 περί
3042 5158 3109 5209 τὰ
3153 5157 3269 5209 θεῖα
3308 5154 3828 5227 ἀναστρεφομένους·
3865 5154 4094 5217 τούτους

2515 5252 2620 5321 γὰρ
2663 5250 2808 5316 λέγει
2835 5249 3120 5311 θιασώτας,
3155 5247 3335 5307 θίασος
3363 5246 3467 5313 γὰρ
3510 5247 3536 5295 ὁ
3582 5244 3756 5313 χορός.
3799 5242 3898 5294 Διὰ
3928 5241 4094 5294 τοῦτο

2516 5341 2622 5412 γὰρ
2643 5337 2809 5400 εἶπεν,
2859 5340 2938 5390 ὅτι
2971 5340 3063 5390 xui.
3104 5338 3200 5406 τῆς
3231 5336 3533 5404 ἐπιστήμης
3560 5333 3652 5385 xui.
3680 5333 3776 5402 τῆς
3805 5331 4094 5400 ἐνεργείας

2517 5432 2628 5502 ἔχει
2662 5431 2749 5483 τὸν
2775 5430 2904 5482 Θεὸν
2931 5427 3295 5498 καθηγεμόνα,
3328 5427 3410 5477 ὅτι
3440 5424 3500 5476 τὸ
3524 5425 3628 5476 πᾶν
3648 5421 3875 5480 ἐκεῖθεν,
3901 5423 3998 5473 καὶ
4031 5423 4092 5472 οὐ

2519 5527 2616 5596 τῆς
2639 5525 2909 5595 ἡμετέρας
2943 5523 3088 5574 ἐστὶν
3118 5519 3288 5584 ἀξίας.
3335 5517 3455 5571 Ἐπὶ
3499 5516 3595 5587 μὲν
3617 5514 3723 5584 γὰρ
3738 5513 3845 5565 τῶν
3866 5511 3991 5565 καθ’
4025 5514 4093 5582 η-

2524 5618 2628 5686 μᾶς
2659 5615 2858 5684 τεχνῶν
2886 5615 2975 5666 καὶ
2996 5609 3308 5680 ἐπιστημῶν
3333 5609 3430 5660 οὐκ
3457 5606 3569 5658 ἔστι
3599 5604 3779 5656 τοῦτο’
3816 5601 3952 5655 ἀλλὰ
3980 5603 4091 5656 τῶν
