4202 6300
218 422 317 476 1ῗῦ

722 414 811 469 DE
842 412 1166 471 C(ELESTI
1198 409 1641 476 HIERARCHIA,
1678 409 1831 466 CAP.
1870 406 1956 461 lll.
1984 435 2052 445 —
2084 403 2427 459 PABAPHR.
2471 400 2942 460 PACHYMERA‘I.

3338 398 3439 451 174

218 538 313 608 μὲν
334 531 655 604 ἐπιστημῶν
682 531 878 601 ἔχομεν
932 529 1329 600 καθηγεμόνας,
1377 529 1483 582 τῶν
1533 529 1589 581 δέ
1642 531 1785 598 ἐνερο

1814 532 1857 584 Α
1888 538 2010 577 nam
2041 522 2387 577 scientiarum
2419 519 2636 589 quidem
2664 526 3018 588 praeceptores
3050 516 3332 580 habemus,
3351 518 3443 569 sed

215 628 376 697 γειῶν
414 624 683 695 οὐδαμῶς,
726 620 839 674 ἀλλ’
861 620 1026 691 αὐτὴν
1048 620 1145 689 τὴν
1166 620 1263 688 τῆς
1292 620 1504 687 φύσεως
1536 618 1743 688 κίνησιν
1762 635 1776 650 ι

216 722 305 775 ἐπὶ
329 720 387 773 δὲ
401 720 503 790 τῆς
533 718 681 778 θείας
709 713 984 786 ἱεραρχίας
1008 713 1100 767 καὶ
1121 715 1153 781 ή
1183 712 1478 783 ἐπιστήμη,
1509 712 1653 782 καὶὴ
1699 710 1783 761 ἐν-

217 814 424 885 έργεια,
456 808 665 863 ἐκεῖθέν
694 808 831 860 ἐστι.
867 806 946 858 Τά
983 804 1111 873 γοῦν
1151 804 1389 875 ἔσοπτρα
1415 804 1654 872 δέχονται
1686 803 1784 873 μὲν

214 905 338 965 τοὺς
364 902 697 971 φωτισμοὺς,
725 899 842 953 κατ’
876 897 1166 951 ἀνάκλασιν
1199 895 1255 949 δὲ
1286 895 1420 966 πρὸς
1440 896 1564 956 τοὺς
1587 891 1784 961 ἔξωθεν

215 994 662 1064 ἀποπέμπουσιν
690 991 831 1045 οὕτω
861 993 953 1045 καὶ
995 991 1087 1043 ἐπὶ
1128 992 1239 1051 τοῖς
1278 988 1440 1050 θείοις
1478 986 1623 1040 ἐστιν
1659 985 1786 1038 ίδειν

216 1065 441 1157 θεσμοῖξ
460 1102 472 1115 ’
505 1086 533 1137 ό
573 1086 880 1156 ἀρχιερεὺς,
908 1084 1035 1155 παρ’
1065 1084 1233 1153 αὐτῆς
1254 1082 1353 1153 τῆς
1381 1081 1654 1153 ἱεραρχίας
1696 1080 1786 1147 τὸν

217 1180 496 1249 φωτισμὸν
517 1178 820 1250 δεχόμενος,
850 1181 964 1240 τοῖς
992 1174 1378 1247 πρεσϐυτέροις
1400 1176 1492 1231 καὶ
1524 1173 1787 1235 διακόνοις

218 1272 572 1343 μεταδίδωσιν
594 1288 607 1301 ⁶
634 1265 779 1324 οὗτοι
806 1270 883 1329 δέ,
908 1269 1283 1342 πληρωθέντες
1300 1270 1398 1340 τῆς
1426 1268 1784 1339 λαμπηδόνος,

216 1363 352 1435 πρὸς
387 1365 514 1427 τοὺς
557 1362 774 1435 ἐτέρους
800 1361 969 1432 αὐτὴν
1001 1360 1367 1415 ἀποπάλλουσι
1388 1377 1401 1390 ⁸
1441 1361 1501 1413 τὸ
1543 1360 1651 1432 γὰρ
1678 1362 1785 1430 χεῖ-

220 1470 308 1525 ρον
336 1455 444 1507 ὑπὸ
469 1451 564 1507 τοῦ
596 1452 903 1525 κρείττονος
922 1451 1238 1520 εὐλογεῖται.
1267 1452 1339 1505 Οὐ
1365 1451 1468 1522 μὴν
1488 1450 1544 1505 δὲ
1571 1450 1789 1521 θεμιτόν

215 1544 333 1597 ἐστι
351 1543 505 1616 παρὰ
531 1543 630 1607 τὰς
654 1541 1087 1614 ίεράςδιατάξεις
1114 1544 1352 1615 ἐνεργεῖν
1375 1544 1499 1606 τοὺς
1524 1542 1684 1614 ίερῶς
1703 1560 1790 1596 τε-

214 1635 508 1706 λουμένους
528 1650 542 1664 ·
575 1628 705 1697 οἷον,
736 1632 855 1704 φέρ’
882 1634 1076 1695 εἰπεῖν,
1103 1632 1344 1685 διάκονον
1370 1632 1720 1705 προσφέρειν,
1754 1634 1788 1705 ἢ

216 1726 586 1799 πρεσϐύτερον
615 1727 962 1803 χειροτονεῖν.
1014 1724 1118 1777 Ἴδε
1160 1726 1269 1797 γὰρ
1298 1726 1356 1778 ἐν
1381 1728 1501 1788 ταῖς
1528 1726 1789 1798 Πράξεσι,

215 1820 332 1882 πῶς
354 1820 383 1870 ό
418 1817 682 1880 Φίλιππος
706 1818 764 1870 οὐ
790 1816 968 1870 δίδωσι
1001 1818 1061 1871 τὸ
1088 1818 1313 1890 Πνεῦμα
1334 1818 1395 1871 τὸ
1428 1818 1599 1887 ἅγιον.
1643 1818 1787 1873 Ἀλλ’

214 1909 333 1962 οὐδὲ
370 1910 639 1982 ὑπάρχειν
668 1908 867 1979 ἐτέρως
904 1910 1082 1974 αὐτοῖς
1118 1910 1243 1975 τοὺς
1269 1910 1571 1981 άγιασμούς
1602 1929 1781 1984 φησιν,

215 2001 263 2052 εί
295 1999 367 2071 μὴ
398 1999 542 2053 κατά
563 2000 663 2071 τὴν
700 1998 935 2070 ἀρχῆθεν
972 1998 1078 2053 τῶν
1106 2000 1275 2069 ἁγίων
1323 2001 1629 2056 ἀποστόλων
1672 2001 1787 2056 διά-

213 2092 389 2158 ταξιν,
414 2092 569 2163 εἴπερ
592 2092 691 2163 τῆς
722 2090 1076 2163 ἱεροπρεποῦς
1098 2093 1323 2162 ἀγλαΐας
1344 2094 1600 2165 ἐφίενται,
1626 2097 1705 2159 είς
1725 2095 1786 2148 τὸ

213 2176 624 2239 ἀπο-τυποῦσθαι
669 2181 809 2236 κατά
837 2183 935 2255 τὴν
972 2184 1123 2252 τάξιν
1171 2184 1279 2238 τῶν
1324 2186 1585 2259 οὐρανίων
1626 2186 1786 2241 δυνά-

220 2292 391 2346 μεων·
426 2278 647 2329 κάκεῖσε
680 2275 788 2349 γὰρ
812 2276 871 2329 τὸ
898 2276 1111 2347 πρῶτόν
1145 2280 1260 2331 ἐστι
1296 2279 1391 2332 καὶ
1430 2278 1490 2331 τὸ
1514 2278 1785 2352 δεύτερον,

217 2370 310 2425 καὶ
336 2370 396 2423 τὸ
424 2371 692 2443 προσεχὲς
718 2369 853 2442 πρὸς
884 2368 1035 2435 Θεὸν,
1061 2372 1152 2425 καὶ
1178 2372 1240 2425 τὸ
1268 2372 1475 2445 πόρρω,
1495 2372 1568 2436 ὡς
1590 2373 1686 2444 τῆς
1702 2374 1792 2427 τά·

216 2460 351 2527 ξεως
385 2461 715 2533 συνεχούσης
742 2462 810 2515 τά
827 2479 887 2515 τε
917 2463 1141 2533 οὐράνια
1170 2462 1264 2517 καὶ
1283 2462 1350 2516 τὰ
1378 2464 1611 2533 ἐπίγεια.
1649 2464 1789 2518 Οὐκ-

216 2552 307 2606 οῦν
335 2554 363 2606 ό
392 2554 564 2621 λέγων
589 2554 865 2626 ἱεραρχίαν
891 2555 990 2611 οὐκ
1018 2555 1144 2609 ἄλλο
1160 2574 1211 2609 τι
1233 2556 1527 2629 λέγει,ἦτά
1552 2557 1663 2611 ἄνω
1692 2560 1788 2629 ρη-

218 2642 393 2707 θέντα,
416 2644 656 2716 δηλονότι
678 2645 767 2699 τόν
788 2663 846 2699 τε
878 2631 1102 2717 ὁρισμὸν
1138 2647 1305 2717 αὐτῆς
1331 2648 1425 2701 καλ⁵
1447 2647 1538 2701 τὸν
1566 2646 1784 2711 σκοπὸν,

218 2736 383 2807 ἠγουν
416 2736 477 2790 τὸ
498 2736 648 2801 τέλος
679 2737 741 2791 τὸ
767 2738 1140 2802 τελικώτατον,
1169 2740 1196 2792 ὃ
1221 2739 1284 2811 δὴ
1312 2742 1405 2794 καὶ
1435 2740 1584 2805 αὐτὸ,
1624 2741 1785 2813 μέρος

216 2826 308 2879 τοῦ
340 2828 573 2900 ὁρισμοῦ
605 2831 769 2884 ἐστιν’
824 2831 899 2894 ὠς
926 2830 1003 2893 τὸ,
1046 2832 1099 2884 τί
1140 2834 1256 2885 ἐστι
1294 2833 1578 2904 τρυϐλίον,
1625 2834 1786 2906 τυχὸν

218 2920 411 2983 σκεῦος
462 2920 661 2974 τοιόνδε
700 2922 836 2993 πρὸς
885 2923 1183 2995 ὑπηρεσίαν
1217 2925 1422 2997 τροφῆς
1452 2928 1781 2999 ἐπιτήδειον,

214 3011 371 3064 τοῦτο
419 3010 481 3065 τὸ
508 3012 679 3076 τέλος.
716 3014 940 3084 Συνάγει
970 3015 1146 3070 τοίνυν
1185 3019 1263 3081 είς
1282 3016 1479 3072 ταύτὸν
1505 3018 1583 3081 τὸ,
1632 3020 1713 3082 τίς
1749 3024 1782 3093 ἡ

217 3103 489 3176 ἱεραρχία,
516 3106 607 3158 καί
627 3105 709 3169 τίς
730 3108 763 3177 ἡ
796 3106 995 3178 ταύτης
1014 3108 1271 3177 ὠφέλεια·
1297 3110 1410 3174 καὶ,
1430 3112 1611 3183 φησὶν,
1635 3112 1663 3165 ό
1696 3112 1783 3166 λέ-

1886 630 1989 669 ηοιι
2034 613 2430 681 operationum,
2473 626 2702 681 quarum
2748 611 2973 678 ipsemet
3019 618 3224 662 natura:
3270 617 3446 663 motus

1883 706 2035 775 quasi
2067 705 2172 759 dux
2205 703 2439 765 exsistit,
2460 714 2508 757 et
2546 713 2761 756 auctor:
2789 702 2839 754 in
2873 702 3047 755 divina
3083 716 3210 756 vero
3233 701 3444 756 liierar—

1888 795 2031 859 chia,
2060 804 2115 850 et
2163 793 2391 849 scientia
2424 803 2479 848 et
2500 794 2743 862 operatio
2768 807 2797 844 a
2832 790 2939 847 Deo
2967 803 3068 847 est.
3113 792 3341 863 Specula
3368 794 3445 850 si-

1884 885 2099 955 quidem
2152 884 2573 940 illuminationes
2622 884 2909 952 rccipiunt,
2958 883 3049 939 sed
3076 900 3170 955 per
3198 885 3446 942 reﬁexio-

1886 988 2009 1027 nem
2043 974 2109 1027 ad
2135 973 2407 1028 exteriora
2445 974 2726 1029 remittunt
2771 986 2787 1027 :
2835 974 2974 1029 idem
3007 976 3061 1028 in
3089 975 3282 1057 divinis
3317 982 3444 1033 san-

1886 1063 2156 1119 ctionibus
2208 1064 2388 1117 videre
2426 1062 2573 1128 licet,
2623 1064 2749 1120 dum
2795 1080 3041 1119 summus
3072 1066 3327 1122 sacerdos
3378 1069 3446 1122 ab

1890 1156 2123 1226 ipsamet
2188 1156 2489 1211 hierarchia
2557 1150 2969 1213 illustrationem
3047 1169 3326 1229 acceptam
3392 1161 3445 1217 in

1888 1248 2232 1321 presbyteros
2278 1264 2343 1303 ac
2383 1249 2636 1305 diaconos
2680 1250 2915 1318 trajicit;
2945 1254 3058 1319 qui,
3105 1252 3227 1307 luce
3277 1251 3443 1322 pleni,

1888 1340 1944 1396 in
1965 1351 2188 1396 caeteros
2219 1342 2462 1395 eamdem
2497 1341 2912 1408 transfundunt;
2947 1360 3069 1400 nam
3102 1346 3153 1401 id
3177 1347 3444 1416 quod-mi-

1888 1450 1989 1489 nus
2008 1443 2090 1489 cst
2117 1450 2145 1487 a
2179 1435 2368 1501 majori
2396 1434 2747 1489 benedicitur.
2780 1435 2958 1506 Neque
2981 1439 3123 1493 enim
3161 1439 3245 1495 fas
3274 1449 3356 1497 est
3381 1442 3446 1497 iis

1889 1524 1978 1593 qui
2001 1526 2172 1580 sacris
2200 1526 2393 1581 initiati
2426 1534 2571 1591 sunt,
2609 1527 2903 1597 quidquam
2930 1541 3117 1584 contra
3146 1546 3327 1588 sacras
3351 1549 3444 1588 or-

1891 1616 2195 1672 dinationes
2217 1630 2396 1688 agere,
2440 1618 2587 1673 verbi
2613 1619 2806 1687 gratia,
2847 1620 3074 1675 diacono
3108 1623 3441 1689 sacriﬁcare,

1889 1706 1977 1761 vel
2016 1708 2328 1779 presbytero
2363 1710 2707 1765 conﬁrmare.
2762 1711 3001 1767 Observa
3031 1713 3174 1767 enim
3207 1715 3260 1767 in
3298 1718 3445 1774 Actis

1884 1798 2247 1868 apostolorum
2266 1840 2283 1866 ,
2312 1802 2576 1869 quomodo
2607 1800 2880 1873 Philippus
2910 1818 3013 1857 non
3053 1803 3143 1857 det
3184 1803 3442 1873 Spiritum

1814 1875 2153 1946 Bsanctum.
2213 1888 2317 1945 Sed
2369 1907 2544 1961 neque
2598 1892 2753 1946 aliter
2803 1893 2867 1947 iis
2918 1893 3112 1948 asserit
3160 1907 3444 1963 suppetere

1889 1981 2383 2048 sanctiﬁcationes,
2445 1998 2607 2054 quam
2662 1983 2814 2052 juxta
2881 1984 3127 2053 primitus
3192 1987 3438 2041 traditam

1887 2092 2197 2135 sanctorum
2226 2082 2591 2150 apostolorum
2622 2082 3054 2150 ordinationem;
3108 2084 3150 2140 si
3178 2087 3333 2139 modo
3356 2099 3441 2138 sa-

1886 2172 1963 2226 cri
1997 2170 2300 2241 splendoris
2330 2173 2572 2228 ambiant
2598 2174 3081 2245 participationem,
3132 2190 3236 2244 qua
3291 2172 3443 2243 juxta

1886 2263 2185 2320 ccelesdum
2211 2265 2466 2320 virtutum
2518 2268 2762 2322 ordinem
2798 2266 3255 2322 transformentur
3278 2284 3292 2322 :
3318 2284 3440 2337 nant

1888 2366 1943 2410 et
1973 2356 2043 2412 ibi
2074 2365 2157 2412 est
2188 2357 2418 2427 primum
2450 2373 2511 2412 ac
2540 2357 2648 2430 34
2685 2358 3002 2422 secundum,
3047 2370 3100 2413 et
3133 2359 3238 2415 Deo
3262 2360 3444 2429 proxio

1890 2465 2057 2514 mum,
2107 2460 2163 2505 et
2209 2458 2496 2518 remotum,
2556 2452 2630 2506 ita
2678 2462 2736 2505 ut
2779 2451 2867 2506 ille
2894 2452 3026 2507 ordo
3050 2451 3445 2521 complectatur

1888 2550 1997 2594 tam
2028 2540 2270 2597 etelestia
2298 2557 2463 2612 quam
2495 2543 2797 2598 terrestria.
2850 2542 3034 2614 itaque
3093 2544 3182 2612 qui
3233 2544 3443 2599 hierar-

1887 2635 2069 2689 cliiam
2104 2636 2366 2699 nominat,
2423 2635 2556 2689 nihil
2600 2635 2734 2691 dicit
2778 2635 2923 2690 aliud
2967 2651 3126 2707 quam
3159 2651 3278 2707 quae
3302 2638 3444 2692 ditta

1888 2735 2017 2777 sunt
2047 2727 2315 2795 superius,
2355 2729 2563 2783 scilicet
2607 2728 2723 2797 ejus
2750 2729 3117 2785 deﬁnitionem
3158 2745 3222 2785 ac
3260 2729 3439 2797 ﬁnem,

1886 2813 1965 2869 id
1996 2825 2076 2870 est
2132 2818 2295 2872 ﬁnem
2349 2820 2617 2886 ultimum,
2675 2824 2764 2893 qui
2806 2834 2859 2879 et
2885 2825 3021 2894 ipse,
3050 2836 3331 2891 cenlpars,
3376 2823 3441 2874 ad

1886 2906 2249 2965 deﬁnitionem
2290 2920 2525 2980 spectat;
2552 2913 2713 2981 sicut,
2743 2916 2892 2970 verbi
2925 2915 3121 2987 gratia,
3150 2915 3194 2969 si
3219 2915 3444 2969 deﬁnias

1884 3000 2136 3068 patellam
2162 3017 2282 3060 esse
2312 3017 2405 3057 vas
2433 3004 2647 3074 aliquod
2673 3008 2740 3061 ad
2771 3008 2919 3063 cibos
2950 3007 3333 3063 ministrandos
3356 3021 3447 3061 ac-

1883 3094 2282 3149 commodatum
2316 3112 2329 3159 ;
2381 3096 2470 3165 qui
2506 3096 2629 3153 ﬁnis
2666 3099 2781 3166 ejus
2815 3110 2916 3154 est.
2961 3099 3132 3154 lnstar
3155 3100 3313 3155 unius
3344 3100 3445 3153 ita-

213 3213 326 3264 γων
349 3196 554 3267 ταύτην
583 3199 731 3251 οὐδὲν
761 3199 943 3271 ἕτερον
970 3199 1116 3267 λέγει
1157 3201 1189 3273 ἢ
1226 3202 1376 3274 ίεράν
1405 3180 1779 3276 διακόσμησιν.

1814 3224 1852 3282 C
1884 3200 1989 3256 que
2023 3180 2320 3254 conjungit,
2352 3201 2470 3256 qua:
2491 3190 2561 3241 sit
2591 3188 2917 3254 hierarchia,
2959 3199 3013 3244 et
3053 3206 3297 3260 quaenam
3326 3192 3445 3262 ejus

212 3288 461 3341 Καθόλου
517 3288 572 3341 δὲ
608 3288 749 3355 εἶπε,
791 3293 1034 3361 συνάγων
1066 3295 1163 3365 τήν
1188 3311 1246 3348 τε
1284 3295 1536 3365 οὐρανίαν
1566 3296 1659 3351 καὶ
1685 3297 1785 3368 τὴν

1822 3279 1850 3282 ’“
1888 3279 2127 3344 utilitas;
2169 3281 2354 3350 aitque
2387 3280 2535 3335 illum
2576 3284 2666 3351 qui
2699 3284 2800 3338 hoc
2824 3283 2976 3349 dicit,
3007 3283 3141 3339 nihil
3174 3284 3319 3338 aliud
3360 3285 3442 3339 di-

214 3380 513 3453 καθ’
550 3384 729 3437 είκόνα
767 3385 866 3455 τῆς
895 3385 1043 3451 θείας
1072 3386 1401 3458 ὡραιότητος
1441 3385 1532 3439 καὶ
1551 3388 1785 3455 ἁγιωσύ-

213 3490 331 3544 νηςο
369 3474 691 3546 μεταδοτικὴ
718 3474 827 3548 γὰρ
849 3477 938 3530 καὶ
961 3476 1097 3549 α’ύτη
1122 3478 1215 3531 τοῦ
1252 3478 1529 3550 φωτισμοῦ
1559 3481 1616 3532 ἐν
1638 3480 1782 3547 τάξε-

216 3579 269 3615 σι
286 3581 299 3592 ·
332 3563 476 3617 κατά
498 3565 607 3637 γάρ
628 3565 879 3637 διάφορον
905 3567 997 3620 καὶ
1025 3567 1398 3639 ὑπερϐεϐηκὸς
1422 3568 1781 3637 τῶντάξεων,

214 3658 311 3709 καί
340 3656 406 3710 τὸ
426 3658 841 3729 ἐπιστημονικὸν
872 3654 1010 3712 εἶναι
1037 3659 1140 3712 δεῖ·
1176 3660 1307 3733 ἄλλη
1341 3661 1449 3733 γάρ
1477 3662 1625 3729 τάξις
1654 3678 1794 3737 πρετ

217 3748 502 3819 σϐυτέρου,
536 3751 628 3803 καὶ
667 3749 796 3822 άλλη
823 3750 1141 3823 ἀρχιερέως,
1190 3754 1283 3807 καὶ
1330 3752 1461 3825 άλλη
1502 3756 1779 3809 διακόνου·

214 3840 310 3890 καὶ
336 3840 667 3909 ἐπιστήμαις
693 3841 1042 3912 ἱεραρχικαίς,
1070 3843 1238 3914 ἡγουν
1258 3844 1620 3916 ἐξορκισμοῖς,
1654 3865 1785 3919 προ-

214 3931 521 4001 τελεσμοῖς,
564 3930 819 3997 τελεταῖς,
859 3932 928 3987 τὰ
973 3933 1073 4004 τῆς
1101 3934 1413 4006 ἐλλάμψεως
1445 3938 1603 4010 ἱερῶς
1636 3940 1784 4013 ἐνερ-

214 4021 443 4092 γοῦσαν⁹
468 4022 758 4095 μυστήρια.
783 4025 891 4078 Καὶ
906 4024 1161 4095 ἐχειςέως
1180 4019 1280 4080 ὦδε
1299 4027 1377 4091 τὸ,
1394 4028 1444 4081 τί
1470 4029 1584 4081 ἐστι
1607 4028 1779 4095 τάξις,

215 4117 518 4188 ἐπιστήμη,
545 4117 638 4170 καὶ
666 4119 937 4191 ἐνέργειαο
978 4119 1159 4175 λοιπὸν
1180 4121 1208 4174 ὁ
1242 4124 1459 4187 σκοπὸς,
1489 4124 1780 4197 ἀφομοιού-

219 4225 381 4279 μενος
412 4208 547 4280 πρὸς
570 4208 724 4274 Θεὸν,
763 4210 821 4275 ἐξ
861 4205 922 4265 οὗ
960 4212 1067 4265 πᾶν
1106 4213 1325 4281 ἀγαθὸν,
1355 4215 1446 4268 καὶ
1476 4215 1610 4288 αὐτη
1638 4218 1783 4273 ἐστὶν

214 4302 251 4372 ἠ
281 4302 548 4373 ἱεραρχία.
583 4303 738 4356 Ἔστι
774 4304 880 4376 γὰρ
911 4306 1123 4377 ἑκάστῳ
1161 4306 1268 4361 τῶν
1302 4308 1605 4380 ἱερωμένων
1635 4312 1667 4382 ἡ
1696 4329 1784 4365 τε-

214 4394 455 4459 λείωσις,
481 4395 542 4448 τὸ
564 4395 836 4465 ἀναλόγως
857 4397 949 4450 ἐπὶ
965 4398 1063 4469 τὴν
1082 4397 1438 4472 θεομιμησίαν
1464 4401 1779 4474 ἀναχθῆναι,

215 4490 310 4541 καὶ
354 4488 421 4542 τὸ
462 4489 735 4560 μέγιστον,
767 4490 901 4545 Θεοῦ
931 4494 1184 4565 συνεργὸν
1210 4494 1481 4563 γενέσθαι,
1530 4496 1672 4551 κατά
1690 4498 1780 4551 τὸν

1886 3384 2010 3425 cere
2038 3387 2197 3442 quam
2245 3386 2459 3427 sacrum
2509 3374 2776 3427 ordinem.
2829 3374 3051 3429 Demum
3077 3375 3444 3431 concludendo

1884 3460 2041 3529 dixit,
2096 3472 2205 3516 tam
2264 3463 2537 3520 caelestem
2574 3480 2733 3533 quam
2781 3477 3022 3520 nostram
3067 3468 3203 3522 hanc
3249 3467 3445 3523 divina:

1885 3550 2309 3621 pulchritudinis
2357 3570 2421 3610 ac
2476 3556 2786 3611 sanctitatis
2850 3557 3137 3628 imaginem
3196 3557 3438 3613 referre.

1886 3660 2010 3698 nam
2051 3655 2102 3700 et
2146 3647 2259 3700 haec
2296 3648 2589 3702 secundum
2621 3647 2839 3703 ordines
2868 3647 3037 3702 lucem
3074 3664 3225 3703 suam
3252 3650 3440 3704 distri-

1887 3734 2035 3801 buit;
2085 3736 2350 3805 siquidem
2383 3752 2481 3807 pro
2510 3736 2807 3792 diﬁ’ereutia
2848 3740 3263 3809 praestantiaque
3291 3739 3440 3795 ordi-

1885 3843 2012 3881 num
2065 3830 2228 3884 etiam
2284 3831 2490 3885 sciendi
2536 3831 2761 3887 facultas
2813 3832 3204 3888 accommodari
3250 3832 3438 3888 debet:

1885 3933 2009 3972 nam
2056 3920 2193 3975 alius
2220 3930 2304 3975 est
2326 3922 2460 3976 ordo
2492 3923 2809 3989 sacerdotis,
2845 3923 2984 3977 alius
3011 3924 3269 3992 episcopi,
3302 3924 3440 3979 alius

1882 4007 2092 4066 diaconi
2119 4026 2135 4077 ;
2164 4021 2219 4067 et
2248 4012 2603 4068 hierarclticis
2633 4015 2895 4081 scientiis,
2947 4013 3202 4069 videlicet
3224 4017 3438 4071 exorci-

1884 4102 2038 4172 smis,
2102 4104 2534 4175 expiatio-tibus,
2603 4105 2998 4162 initiationibus
3056 4106 3438 4162 illustrationis

1885 4197 2138 4267 mysteria
2198 4208 2541 4254 sacrosancte
2597 4208 2877 4270 peragunt.
2930 4199 3106 4270 Atque
3174 4202 3437 4255 hactenus

1884 4290 2053 4346 habes
2088 4291 2215 4362 quid
2240 4291 2311 4346 sit
2337 4291 2490 4361 ordo,
2524 4293 2750 4347 scientia
2780 4302 2835 4347 et
2859 4294 3134 4364 operatio;
3190 4295 3436 4364 reliquus

1884 4395 1964 4439 est
1986 4398 2199 4453 scopus,
2228 4400 2335 4455 quo
2377 4385 2504 4453 Deo,
2536 4401 2566 4437 a
2593 4400 2697 4454 quo
2736 4387 2933 4441 bonum
2962 4400 3123 4441 omne
3164 4388 3432 4453 dimanat,

1885 4476 2235 4543 assimilatur,
2257 4488 2310 4532 et
2334 4477 2423 4532 hic
2444 4489 2527 4533 est
2556 4478 3185 4548 Itierarchia._Siquidem
3213 4489 3296 4538 est
3319 4482 3436 4534 cui-

218 4578 392 4648 μέγαν
433 4580 775 4636 Ἀπόστολον·
825 4584 946 4637 ἐπεὶ
982 4586 1012 4637 ό
1050 4585 1384 4657 τελούμενος,
1424 4588 1512 4642 διὰ
1537 4588 1644 4643 τῶν
1672 4608 1783 4658 φω-

1814 4577 1858 4636 D
1884 4570 2014 4626 libet
2042 4584 2227 4626 eorum
2266 4572 2357 4639 qui
2381 4583 2766 4626 consecrantur
2801 4572 2903 4627 ista
2930 4572 3212 4642 perfectio,
3243 4582 3301 4625 ut
3333 4587 3434 4640 pro

214 4670 474 4724 τιπικῶν
519 4672 711 4743 εὐχῶν,
737 4675 827 4729 τὸν
853 4676 917 4729 ἐκ
952 4674 1084 4730 Θεοῦ
1109 4677 1383 4749 φωτισμὸν
1407 4679 1615 4750 δέχεται
1641 4697 1653 4709 ·
1685 4681 1779 4734 καὶ

215 4758 383 4827 δεῖξαι
424 4762 484 4814 ἐν
528 4762 703 4833 ἐαυτῷ
744 4765 842 4835 τὴν
896 4764 1045 4819 θείαν
1099 4768 1447 4839 μεταδοτικὴν
1478 4769 1775 4841 ἐνέργειαν,

213 4850 461 4929 τουτέστι
507 4850 575 4904 τά
602 4852 736 4924 ἔργα
765 4852 835 4905 τὰ
859 4852 995 4915 θεῖα,
1023 4855 1080 4906 ἐν
1107 4853 1186 4925 τῷ
1212 4855 1467 4925 σοφίζειν,
1499 4857 1556 4909 ἐν
1589 4856 1667 4926 τῷ
1693 4875 1780 4909 τε-

216 4938 412 5003 λειοῦν,
451 4942 546 4995 καὶ
568 4942 639 4995 τὰ
683 4944 842 5014 ὃμοια
873 4948 1043 4998 ποιεῖν
1084 4948 1210 5009 τοὺς
1240 4948 1779 5018 παιδαγωγουμένους

216 5032 353 5101 πρὸς
404 5033 657 5104 δύναμιν·
712 5036 882 5089 ταῦτα
930 5036 1039 5108 γάρ
1077 5040 1182 5091 είσι
1222 5038 1291 5093 τὰ
1330 5039 1464 5111 ἔργα
1490 5038 1584 5093 τοῦ
1619 5038 1772 5093 Θεοῦ.

227 5123 457 5195 Ἒφεξῆς
479 5126 534 5178 δὲ
557 5128 802 5199 ἐκτίθησι
833 5131 926 5183 καί
951 5129 1070 5183 καθ’
1100 5130 1158 5184 ἐν
1186 5132 1284 5201 τὴν
1310 5131 1462 5199 τάξιν
1482 5133 1588 5185 τῶν
1611 5148 1667 5184 τε
1690 5148 1779 5185 τε-

213 5212 447 5268 λούντων
466 5216 688 5271 καὶτῶν
728 5217 1078 5290 τελουμένων.
1111 5222 1173 5274 Οἱ
1205 5222 1301 5292 μὲν
1332 5222 1704 5293 καθαίρουσιν,
1730 5225 1779 5276 οἱ

214 5303 273 5357 δὲ
297 5303 641 5376 καθαίρονται
667 5307 912 5378 (πάντως
952 5312 1003 5363 οἱ
1030 5310 1109 5363 ἔτι
1135 5311 1426 5384 ἐμπαθεῖς)
1469 5314 1558 5367 διὰ
1585 5314 1684 5384 τῆς
1704 5314 1781 5366 δι-

211 5399 501 5463 δασκαλίας
526 5399 632 5453 τῶν
658 5402 918 5457 διακόνων
954 5404 1101 5468 ἴσως.
1142 5408 1248 5460 Καὶ
1288 5408 1335 5460 οἱ
1381 5408 1477 5479 μὲν
1519 5409 1777 5477 φωτίζου-

1884 4674 2045 4734 captu
2091 4679 2189 4721 suo
2235 4666 2303 4720 ad
2355 4665 2587 4720 divinam
2632 4665 2985 4721 imitationem
3033 4662 3347 4729 adducatur,
3378 4675 3434 4719 et

1884 4757 2026 4825 quod
2049 4765 2134 4811 est
2150 4758 2469 4823 maximum,
2488 4766 2541 4811 ut
2566 4757 2655 4810 Dei
2686 4769 3005 4827 cooperator
3020 4757 3267 4823 exsistat,
3282 4756 3430 4823 juxta

1884 4866 2137 4921 magnum
2164 4850 2512 4920 Apostolum;
2566 4850 2820 4919 quoniam
2848 4850 2893 4904 is
2922 4850 3011 4919 qui
3038 4850 3304 4916 initiatur,
3339 4867 3433 4920 per

1884 4959 2073 5014 preces
2096 4944 2512 5000 illuminatorias
2537 4942 2702 5006 illam,
2729 4959 2848 5013 qua:
2879 4959 2943 4996 ex
2972 4942 3083 4999 Deo
3112 4952 3212 5006 est,
3237 4944 3433 5013 accipit

1882 5039 2320 5102 illustrationem,
2357 5050 2411 5093 et
2439 5039 2491 5091 in
2525 5037 2817 5106 semetipso
2842 5038 3034 5092 divinae
3062 5036 3430 5107 participatio-

1882 5133 1966 5188 nis
1996 5133 2128 5197 vim,
2165 5134 2215 5187 id
2252 5142 2335 5187 est
2364 5146 2523 5201 opera
2555 5132 2755 5196 divina,
2809 5131 3186 5186 demonstrare
3239 5131 3429 5195 debet;

1882 5225 2078 5295 partim
2107 5226 2371 5289 docendo,
2406 5225 2600 5293 partim
2626 5222 2905 5289 initiando,
2935 5236 2989 5277 et
3010 5222 3207 5278 similia
3237 5237 3335 5292 pro
3355 5223 3433 5274 vi-

1888 5318 1970 5371 rili
2011 5316 2317 5372 exercendo
2358 5317 2633 5386 erga'illos
2666 5317 2757 5386 qui
2802 5316 3115 5370 instituendi
3145 5324 3299 5381 sunt;
3341 5314 3432 5367 illa

1882 5411 2023 5463 enim
2047 5420 2172 5464 sunt
2192 5424 2354 5478 opera
2386 5409 2497 5463 Dei.
2525 5408 2724 5464 Deinde
2741 5410 2956 5477 exponit
2976 5409 3138 5461 etiam
3159 5407 3431 5478 sigillatim

215 5506 321 5554 σιν,
370 5491 497 5544 οίδέ
550 5493 867 5561 φωτίζονται
902 5495 1145 5565 (πάντως
1171 5499 1219 5550 οἱ
1243 5499 1649 5571 μετριοπαθείς)
1692 5502 1778 5556 δια

1875 5503 2116 5557 ordinem
2160 5501 2484 5554 initiantium
2528 5510 2579 5553 et
2628 5501 2982 5555 initialorum.
3030 5500 3308 5568 Siquidem
3360 5503 3435 5555 illi

212 5581 319 5635 τῶν
341 5582 517 5651 εὐχῶν
538 5582 647 5635 τῶν
670 5585 1051 5657 πρεσϐυτέρων
1089 5588 1306 5659 δηλαδή.
1344 5590 1452 5645 Kal.
1489 5592 1538 5644 οἱ
1567 5591 1662 5661 μὲν
1690 5609 1778 5645 τε·

211 5668 635 5740 λεσιουργοῦσιν,
678 5675 725 5725 οἰ
758 5673 814 5726 δέ
841 5674 1189 5739 τελειοῦνται,
1218 5679 1376 5731 οἱονεὶ
1406 5678 1776 5733 θεοποιοῦνται

298 5850 314 5867 '
347 5847 498 5906 ισως
528 5848 828 5922 ἐνεργοῦσι.

1873 5593 2116 5663 expiant,
2144 5594 2193 5645 lii
2226 5608 2353 5647 vero
2376 5594 2680 5660 expiantur,
2712 5608 2804 5662 per
2834 5591 3217 5647 institutionem
3236 5591 3435 5647 videli-

1877 5693 1961 5740 cet
1992 5686 2359 5749 diaconorum,
2386 5695 2567 5754 utpote
2595 5686 2773 5740 adhuc
2800 5683 3015 5739 obnoxii
3060 5682 3430 5750 passionibus.
