4196 6306
784 385 882 438 na

1915 388 1968 441 Β.
2011 387 2301 444 DlONYSil
2344 383 2804 444 ΑιὶΕΟΡΑΟΙΤᾸΞ

3913 391 4017 444 180

2331 506 2470 580 §ll.

857 671 1195 738 Quapropter
1242 679 1441 722 sancta:
1485 668 1787 723 caelestium
1824 670 2182 725 essentiarum
2221 674 2336 726 dis~
2368 675 2412 730 A
2513 715 2514 719 η

2368 675 2412 730 Α
2513 671 2576 722 Αἱ
2601 670 2731 738 γοῦν
2756 672 2905 738 ἅγιαι
2934 671 3038 722 τῶν
3064 671 3327 742 οὐρανίων
3365 670 3560 723 οὐσιῶν
3602 669 4009 739 διακοσμήσεις,

785 761 1100 825 positiones,
1135 761 1298 814 rebus
1333 761 1397 814 iis
1425 774 1546 829 quae
1597 753 1938 815 solummodo
1971 763 2259 820 exsistunt.
2291 775 2344 819 et

792 855 910 906 sine
942 869 1038 907 usu
1090 853 1318 907 rationis
1378 855 1589 916 vivunt,
1642 853 1947 905 ltumanave
2002 863 2226 907 utuntur
2258 870 2346 908 ra-

791 947 958 1009 tione,
1002 945 1168 997 divini
1201 943 1539 1014 principatus
1571 958 1792 998 munere
1833 958 1896 995 ac
1929 944 2346 1014 participatione

788 1039 1138 1094 antecellunt.
1195 1039 1327 1091 Cum
1379 1039 1521 1092 enim
1584 1055 1642 1094 se
1681 1040 1746 1092 ad
1803 1040 2122 1093 imitandum
2178 1038 2344 1091 Deum

790 1132 1232 1185 intellectualiter
1272 1140 1623 1200 componant,
1656 1142 1820 1199 atque
1871 1132 1960 1186 Dei
1995 1129 2344 1200 principalem

787 1223 1201 1277 similitudinem
1239 1223 1755 1291 supermundialiter
1805 1222 2256 1290 contemplantes,
2279 1221 2347 1274 ad

788 1313 1032 1366 eamdem
1081 1314 1315 1381 speciem
1359 1329 1512 1367 suam
1577 1314 1798 1381 cupiant
1845 1312 2134 1367 efformare
2169 1327 2184 1374 ;
2223 1311 2346 1379 jure

790 1405 986 1457 merito
1021 1405 1270 1457 uberiore
1319 1405 1554 1473 gaudent
1602 1405 1716 1471 ejus
1743 1403 2173 1473 participatione,
2202 1400 2346 1469 quod

793 1500 906 1550 sint
938 1497 1197 1556 assiduas,
1223 1512 1284 1549 ac
1309 1512 1519 1564 semper
1548 1497 1612 1549 ad
1635 1500 1934 1558 anteriora,
1965 1503 2232 1563 quantum
2264 1493 2347 1548 fas

789 1599 892 1650 est,
931 1588 1093 1641 divini
1131 1603 1402 1656 nunquam
1437 1588 1739 1642 fatiscentis
1779 1587 1980 1640 amoris
2005 1587 2348 1641 contentione

789 1682 1174 1746 extendantur,
1201 1692 1254 1732 et
1288 1680 1660 1749 primordiales
1714 1678 2098 1732 illustrationes
2155 1677 2347 1730 imma~

793 1776 1054 1829 terialiter
1097 1776 1404 1843 liquidoque
1435 1775 1756 1842 suscipiant,
1787 1782 1951 1842 atque
1983 1773 2046 1826 ad
2076 1788 2166 1826 eas
2195 1789 2346 1827 com-

791 1879 1087 1936 ponantur,
1127 1870 1400 1938 vitamque
1431 1883 1642 1921 omnem
1701 1865 1935 1919 habeant
1990 1863 2346 1933 Spiritualem.

794 1959 886 2011 "re
939 1961 1102 2029 igitur
1166 1969 1316 2020 sunt,
1370 1973 1486 2026 quae
1549 1957 1810 2026 primario
1871 1966 1924 2009 et
1981 1953 2348 2021 multipliciter

2450 763 2588 832 ὑπὲρ
2630 763 2697 814 τὰ
2752 763 2908 832 μόνον
2965 763 3138 825 δντα,.
3167 762 3258 814 καὶ
3304 761 3510 829 ἀλόγως
3562 760 3755 825 ζῶντα,
3805 762 3897 811 καὶ
3945 759 4014 811 τὰ

2449 853 2567 906 καθ’
2597 855 2742 924 ἡμᾶς
2771 854 2981 923 λογικὰ,
3009 855 3105 924 τῆς
3133 854 3426 925 θεαρχικῆς
3456 852 3786 925 μεταδόσεως
3823 851 3880 903 ἐν
3912 869 4011 920 με-

2447 946 2633 1015 τουσίᾳ
2685 947 2956 1015 γεγόνασι.
3008 946 3228 1016 Νοητῶς
3277 948 3382 1016 γὰρ
3431 948 3522 1008 ἐπὶ
3576 945 3636 997 τὸ
3685 943 4012 1018 θεομίμητον

2449 1037 2647 1099 ἑαυτὰς
2681 1036 3072 1104 ᾁποτυποῦσαι,
3101 1041 3193 1091 καὶ
3238 1038 3371 1108 πρὸς
3397 1037 3491 1109 τὴν
3519 1038 3812 1108 θεαρχικὴν
3841 1035 4011 1104 ἐμφέ-

2452 1146 2597 1200 ρειαν
2626 1129 3008 1199 ὐπερκοσμίως
3056 1129 3278 1198 ὁρῶσαι,
3325 1131 3416 1182 καὶ
3467 1129 3702 1200 μορφοῦν
3734 1128 4009 1197 ἐφιέμεναι

2447 1221 2508 1273 τὸ
2532 1221 2713 1292 νοερὸν
2742 1220 2919 1274 αὐτῶν
2946 1218 3102 1284 εἶδος,
3151 1220 3528 1290 ἀφθονωτέρας
3574 1221 3795 1282 εἰκότως
3832 1219 4009 1288 έχουσι

2447 1313 2545 1375 τὰς
2571 1313 2707 1383 πρὸς
2751 1315 2918 1384 αὐτὴν
2969 1313 3268 1376 κοινωνίας,
3320 1316 3602 1386 προσεχεῖς
3645 1313 3741 1383 μὲν
3786 1309 3937 1365 οὖσαι
3963 1312 4011 1344 ⁸⁸

2450 1404 2543 1457 καὶ
2567 1404 2650 1456 ἀεὶ
2677 1404 2816 1474 πρὸς
2843 1403 2901 1457 τὸ
2925 1405 3168 1468 ἄναντες,
3189 1463 3195 1468 ,
3218 1404 3292 1468 ὼς
3319 1404 3533 1474 θεμιτὸν
3557 1405 3614 1456 ὲν
3645 1403 3888 1472 συντονίᾳ
3915 1401 4007 1454 τοῦ

2451 1495 2592 1548 θείου
2636 1495 2729 1547 καὶ
2771 1494 3020 1559 ἀκλινοῦς
3067 1496 3265 1567 ἔρωτος
3314 1494 3734 1564 ἁνατεινόμεναι,
3782 1494 3876 1546 καὶ
3913 1491 4009 1554 τὰς

2449 1586 2677 1656 ἀρχικὰς
2729 1586 3023 1658 ὲλλάμψεις
3074 1588 3249 1650 ἁΰλως
3273 1585 3597 1656 καὶὰμιγῶς
3622 1585 4006 1655 εἰσδεχόμεναι,

2448 1681 2542 1733 καὶ
2573 1679 2708 1752 πρὸς
2736 1681 2903 1744 αὐτὰς
2929 1681 3266 1753 ταττόμεναι,
3306 1683 3398 1735 καὶ
3437 1682 3627 1751 νοερὰν
3663 1679 3876 1749 ἔχουσαι
3916 1678 4012 1748 τὴν

2450 1772 2628 1824 πᾶσαν
2657 1770 2820 1844 ζωήν.
2848 1769 3012 1827 Αὐται
3050 1772 3178 1840 γοῦν
3202 1776 3335 1826 είσιν
3356 1774 3409 1826 αἱ
3445 1771 3671 1843 πρώτως
3709 1773 3801 1823 καὶ
3831 1770 4014 1822 πολλα-

2449 1861 2559 1932 χῶς
2584 1864 2918 1937 ὲνμετουσία
2970 1863 3063 1917 τοῦ
3105 1864 3259 1916 Θείου
3301 1865 3598 1933 γινόμεναι,
3648 1863 3736 1914 καὶ
3788 1860 4016 1931 τνρώτως

2451 1954 2543 2007 καὶ
2568 1954 2844 2024 πολλαχῶς
2894 1956 3279 2027 ὲκφαντορικαὶ
3301 1955 3396 2026 τῆς
3413 1941 3702 2025 θεαρχικῆς
3723 1953 4014 2023 κρυφιότη-

793 2053 963 2105 Deum
1003 2052 1348 2119 participant,
1379 2059 1435 2103 et
1464 2043 1729 2119 imprimis
1757 2064 1817 2102 ac
1850 2048 2030 2100 multis
2059 2047 2230 2098 modis
2259 2059 2347 2097 ar-
2381 2053 2418 2106 Β

2381 2053 2418 2106 Β
2450 2063 2540 2108 τος
2561 2063 2572 2074 ·
2605 2045 2682 2098 διὸ
2704 2047 2796 2098 καὶ
2846 2048 2994 2117 παρὰ
3041 2048 3216 2100 πάντα
3243 2048 3342 2116 τῆς
3380 2047 3675 2115 ἀγγελικῆς
3706 2045 4014 2114 ἐπωνυμίας

792 2158 987 2196 canum
1023 2142 1116 2196 Dei
1163 2141 1547 2204 manifestam;
1578 2141 1927 2208 quamobrem
1981 2154 2087 2205 pra:
2139 2137 2349 2190 caeteris

791 2236 1044 2289 omnibus
1103 2249 1198 2302 per
1256 2232 1633 2286 excellentiam
1691 2229 1988 2296 angelicum
2053 2243 2348 2298 cognomen

792 2337 1131 2387 meruerunt,
1163 2324 1284 2393 quia
1324 2325 1449 2392 ipsae
1474 2322 1702 2392 primum
1746 2337 1772 2373 a
1805 2321 1913 2374 Deo
1958 2321 2349 2382 illuminantur,

791 2427 848 2472 et
873 2433 966 2486 per
1014 2417 1159 2484 ipsas
1192 2415 1347 2469 nobis
1402 2424 1601 2486 nostra:
1663 2412 2021 2466 revelationes
2079 2411 2355 2465 transmit-

793 2491 1006 2561 tuntur.
1040 2506 1132 2560 Sic
1167 2507 1331 2573 igitur
1381 2504 1488 2569 lex,
1526 2513 1583 2557 ut
1614 2502 1823 2555 divinus
1857 2501 2047 2554 Sermo
2104 2509 2350 2564 testatur,

793 2615 890 2667 per
921 2598 1141 2667 angelos
1174 2598 1326 2651 nobis
1354 2598 1474 2648 data
1502 2606 1580 2650 est
1611 2605 1638 2632 ν
1675 2613 1687 2648 :
1727 2604 1780 2647 et
1805 2594 1923 2646 illos
1957 2593 2201 2646 celebres
2230 2602 2355 2644 ante

795 2690 992 2758 legem,
1044 2699 1098 2741 et
1156 2698 1275 2757 post
1327 2688 1493 2756 legem
1539 2697 1718 2755 patres
1774 2695 2022 2746 nostros,
2066 2684 2239 2753 angeli
2281 2685 2347 2736 ad

795 2779 960 2832 Deum
992 2779 1331 2832 adducebant
1361 2785 1408 2837 ι,
1444 2787 1535 2828 aut
1573 2767 1712 2844 quod
1751 2776 2012 2844 agendum
2044 2784 2161 2828 erat
2190 2789 2353 2843 expo-

798 2879 1011 2927 nentes.
1062 2877 1117 2920 et
1169 2869 1236 2921 ab
1280 2881 1465 2919 errore
1506 2875 1560 2918 ct
1616 2866 1724 2917 vita
1789 2864 2012 2933 profana
2048 2866 2113 2918 ad
2149 2875 2348 2918 rectam

796 2964 941 3014 viam
1002 2960 1254 3013 veritatis
1285 2960 1638 3011 traducentes
1669 2973 1682 3020 ;
1708 2964 1800 3009 aut
1824 2956 2232 3010 manifestantes
2264 2972 2352 3010 su-

796 3057 926 3106 crod
948 3052 1184 3112 ordines,
1240 3060 1334 3105 aut
1387 3049 1788 3116 mysteriorum,
1847 3062 1965 3116 quae
2006 3063 2166 3118 supra
2196 3063 2352 3101 mun-

2454 2138 2717 2204 ὲκκρίτως
2741 2137 3014 2206 ἠξίωνται,
3041 2136 3126 2189 διὰ
3151 2138 3208 2189 τὸ
3240 2135 3466 2206 πρώτως
3503 2137 3580 2197 είς
3604 2133 3768 2195 αὐτὰς
3805 2132 4015 2199 ἐγγίνε-

2453 2225 2573 2277 σθαι
2605 2227 2702 2296 τὴν
2729 2226 3019 2298 θεαρχικὴν
3047 2226 3327 2296 ἔλλαμψιν,
3364 2227 3455 2278 καὶ
3478 2225 3543 2276 δι’
3568 2222 3744 2278 αὐτῶν
3769 2223 3845 2284 εἰς
3871 2223 4017 2290 ἡμᾶς

2452 2318 2944 2390 διαπορθμεύεσθαι
2971 2319 3067 2383 τὰς
3109 2321 3245 2390 ὑπὲρ
3289 2320 3433 2389 ἡμᾶς
3461 2315 3831 2386 ὲκφαντορίας.
3861 2312 4018 2366 Οὕτω

2454 2407 2584 2476 γοῦν
2608 2412 2634 2462 ό
2661 2411 2841 2480 νόμος,
2871 2411 2944 2473 ὡς
2971 2414 3001 2482 ή
3034 2411 3278 2479 θεολογία
3327 2411 3477 2479 φησὶ,
3521 2409 3584 2461 δι’
3615 2406 3855 2475 ἀγγέλων
3880 2407 4016 2475 ἡμῖν

2454 2501 2698 2572 ἐδωρήθη
2721 2519 2733 2532 ·
2766 2503 2858 2555 καὶ
2906 2504 3032 2566 τοὺς
3078 2502 3318 2564 κλεινους
3345 2502 3397 2554 δὲ
3423 2501 3526 2572 πρδ
3574 2501 3734 2569 νόμου
3764 2499 3852 2551 καὶ
3882 2496 4021 2567 μετὰ

2455 2593 2615 2664 νόμον
2641 2593 2796 2664 ἡμῶν
2823 2595 3059 2665 πατέρας
3108 2594 3327 2664 ἄγγελοι
3370 2594 3504 2663 πρὸς
3528 2593 3586 2644 τὸ
3609 2593 3758 2644 Θεῖον
3795 2591 4017 2660 ἀνῆγον,

2455 2685 2576 2755 ἢτὺ
2615 2687 2883 2758 πρακτέον
2928 2687 3320 2758 εἰσηγούμενοι,
3361 2687 3453 2738 καὶ
3484 2684 3618 2755 πρὸς
3646 2684 3851 2737 εὐθεῖαν
3888 2683 4021 2753 ἀλη-

2456 2778 2602 2842 θείας
2627 2781 2742 2833 όδὸν
2785 2781 2846 2834 ὲκ
2886 2780 3092 2850 πλάνης
3120 2781 3211 2832 καὶ
3257 2778 3398 2848 ζωῆς
3422 2779 3633 2848 ἀνιέρου
3667 2778 4017 2847 μετάγοντες·

2455 2870 2694 2942 ἢτάξεις
2746 2874 2965 2944 ίερὰς,ἦ
2997 2873 3304 2943 μυστηρίων
3339 2871 3718 2942 ὑπερκοσμίων
3758 2870 4022 2940 κρυφίους

2456 2965 2672 3034 ὁράσεις
2697 2966 2762 3029 ⁸⁷,
2795 2966 2825 3034 ἢ
2862 2964 3010 3028 θείας
3034 2963 3180 3027 τινὰς
3209 2964 3644 3034 προαναρρήσεις
3669 2959 4021 3031 ὐποιρητικῶς

2457 3057 2854 3126 ἀναφαίνοντες.

798 3150 929 3200 dum
984 3157 1129 3207 sunt,
1186 3145 1392 3197 abditas
1435 3143 1695 3204 visiones,
1740 3151 1828 3194 aut
1890 3141 2101 3196 divinas
2153 3145 2409 3210 quasdam
2471 3152 2871 3218 praedictiones,
2925 3160 3180 3220 tanquam
3229 3150 3404 3205 nuntii
3454 3156 3508 3203 et
3539 3147 3774 3202 ministri
3832 3145 4023 3211 explu-

799 3248 988 3293 nanles
1014 3250 1040 3287 y

2321 3389 2348 3460 ς
2388 3387 2496 3445 ιιι.

873 3547 928 3601 Si
959 3549 1080 3615 quis
1106 3561 1232 3601 vero
1262 3549 1427 3610 dicat,
1457 3550 1775 3618 quibusdam
1806 3552 2008 3605 sanctis
2041 3551 2351 3604 imruediate
2382 3557 2421 3611 C
2525 3551 2530 3601 l

2382 3557 2421 3611 C
2525 3549 2585 3601 Εί
2605 3549 2660 3602 δέ
2684 3567 2766 3613 τις
2795 3551 2945 3619 φαίη,
2973 3552 3062 3603 καὶ
3085 3549 3305 3603 αὐτόθεν
3325 3550 3542 3620 ἀμέσως
3564 3547 3876 3616 ἐγγενέσθαι
3907 3549 4021 3601 τισὶ

803 3639 973 3694 Deum
1018 3654 1082 3693 ex
1118 3655 1175 3693 se
1201 3643 1533 3710 apparuisse,
1586 3642 1760 3696 discat
1814 3644 1975 3696 etiam
2014 3644 2116 3697 hoc
2169 3654 2358 3714 aperte

803 3747 868 3785 ex
909 3731 1204 3799 Scripturis
1247 3735 1439 3794 sacris,
1472 3732 1642 3799 ipsum
1680 3733 1827 3797 illud,
1856 3736 1996 3800 quod
2027 3735 2116 3788 Dei
2148 3744 2230 3788 est
2261 3750 2357 3788 oc-

805 3824 1030 3888 cultum,
1077 3826 1343 3878 neminem
1395 3826 1592 3878 vidisse
1618 3835 1664 3891 ³,
1717 3840 1888 3893 neque
1932 3826 2171 3879 visurum
2216 3842 2355 3889 esse,

805 3917 897 3969 sed
926 3917 1237 3983 apparuisse
1288 3917 1492 3970 sanctis
1551 3916 1742 3980 Deum,
1788 3917 2160 3970 ostendentem
2187 3932 2265 3981 se,
2301 3928 2358 3969 ut

805 4022 928 4059 eum
959 4007 1205 4066 decebat,
1229 4021 1323 4073 per
1347 4009 1460 4060 visa
1491 4007 1732 4075 quaedam
1765 4021 1940 4069 sacra,
1970 4016 2023 4059 et
2056 4007 2141 4069 iis,
2173 4010 2262 4074 qui
2296 4022 2358 4060 ea

805 4097 1089 4158 videbant,
1141 4097 1488 4164 congruentia
1516 4109 1562 4149 ³.
1629 4095 1820 4148 Scrtno
1888 4104 2063 4148 autem
2121 4097 2356 4158 divinus,

807 4189 1174 4256 ntnni'plenus
1228 4189 1513 4254 sapientia,
1549 4188 1721 4240 visum
1759 4187 1886 4240 illud
1936 4187 2076 4254 quod
2124 4188 2359 4240 divinam

806 4281 1213 4334 similitudinem
1270 4283 1320 4334 in
1379 4281 1471 4334 illo
1521 4281 1634 4345 ipso
1676 4279 1793 4331 viso
1827 4278 2073 4346 figuram,
2107 4285 2360 4346 tanquam

807 4373 860 4425 in
894 4374 1061 4441 ﬁgura
1092 4388 1278 4425 eorum
1333 4388 1451 4440 qua:
1503 4373 1717 4437 figurari
1773 4379 2063 4438 nequeunt,
2109 4371 2362 4424 ostende-

807 4466 919 4525 bat,
954 4466 1020 4515 ab
1047 4465 1367 4515 intuentium
1403 4465 1466 4516 ad
1504 4463 1672 4516 Deum
1725 4464 2070 4524 adductione,
2098 4461 2218 4530 jure
2251 4477 2354 4514 me»

808 4557 915 4609 rito
953 4554 1354 4624 Theopltattiam
1409 4571 1500 4608 seu
1565 4557 1653 4608 llei
1705 4558 2098 4624 apparitiouetn
2152 4566 2359 4619 vocat;

807 4649 920 4719 38
948 4659 1133 4714 utpote
1164 4664 1280 4715 qum
1308 4649 1542 4701 divinum
1579 4647 2022 4702 illuminationem
2052 4646 2359 4699 videntibus

810 4743 1090 4813 immittat,
1126 4751 1176 4794 et
1233 4741 1436 4808 aliquid
1481 4742 1544 4793 de
1599 4741 1792 4793 divinis
1821 4755 1915 4793 eos
1953 4755 2108 4794 sacre
2153 4742 2362 4794 doceat.

811 4833 907 4886 llis
937 4835 1132 4886 divinis
1179 4836 1308 4886 visis
1361 4834 1601 4901 praeclari
1647 4834 1719 4888 illi
1767 4843 1947 4901 patres
1989 4833 2156 4886 nostri
2206 4834 2363 4885 mini-

812 4927 979 4980 sterio
1027 4926 1336 4991 angelorum
1391 4925 1768 4978 initiabantur.
1817 4925 2005 4978 Annon
2061 4924 2224 4976 etiam
2271 4938 2358 4975 sa-

812 5031 963 5068 cram
990 5017 1130 5068 illaut
1175 5017 1562 5083 Iegislationcm
1601 5016 1668 5068 ab
1727 5017 1842 5082 ipso
1874 5014 1980 5066 Deo
2009 5014 2170 5068 fuisse
2197 5013 2359 5082 Moysi

812 5107 1068 5159 traditam
1112 5107 1160 5170 δ,
1197 5109 1377 5160 divina
1438 5109 1648 5174 Scripta
1707 5108 2096 5161 tradiderunt?
2135 5115 2195 5159 ut
2239 5120 2366 5158 vere

815 5212 913 5249 nos
940 5198 1211 5258 docerent,
1245 5201 1438 5252 divina:
1461 5218 1574 5252 eam
1601 5213 1718 5250 csse
1740 5214 1802 5251 ac
1833 5201 1960 5267 legis
2003 5208 2365 5253 sacrosancta:

885 5358 912 5386 ν
936 5351 1050 5403 Gal.
1081 5369 1155 5416 ιιι,
1185 5356 1266 5408 lll.

813 5435 839 5462 δ
879 5421 1012 5474 Gen.
1061 5439 1136 5485 ιιι,
1170 5429 1239 5484 8;
1290 5441 1440 5486 xvnt,
1473 5428 1519 5476 l.
1595 5428 1620 5464 h
1655 5428 1810 5483 Num,
1848 5443 1921 5478 ιχ.

2458 3642 2565 3695 τῶν
2595 3643 2761 3709 ἁγίων
2785 3641 3114 3710 θεοφανείας,
3168 3642 3478 3712 μανθανέτω
3515 3641 3608 3693 καὶ
3655 3639 3809 3692 τοῦτο
3833 3641 4022 3708 σαφῶς

2460 3735 2521 3787 ἐκ
2563 3735 2668 3786 τῶν
2723 3736 3024 3804 ίερωτόιτων
3078 3733 3290 3799 λογίων,
3346 3732 3420 3794 ὡς
3465 3730 3592 3783 αὐτὸ
3639 3731 3856 3800 μὲνὸτι
3890 3735 4024 3783 ποτέ

2459 3826 2570 3877 ἐστι
2594 3825 2652 3875 τὸ
2692 3823 2784 3876 τοῦ
2818 3824 2949 3876 Θεοῦ
2993 3823 3237 3893 κρύφιον,
3269 3822 3439 3883 οὐδεὶς
3464 3820 3722 3891 ἑώρακεν,
3756 3821 3874 3872 οὐδὲ
3895 3821 4024 3890 ὂψε-

2458 3924 2578 3969 ται·
2636 3918 2937 3985 θεοφάνειαι
2986 3901 3059 3967 as‘
3088 3919 3197 3977 τοῖς
3256 3913 3419 3976 ὁσίοις
3457 3913 3705 3980 γεγόνασι
3735 3911 3874 3964 κατὰ
3919 3911 4025 3974 τὰς

2463 4008 2772 4076 πρεπούσας
2807 4007 2943 4076 Θεῷ,
2985 4005 3070 4059 διὰ
3093 4005 3155 4076 δή
3189 4003 3232 4034 ⁸⁸
3257 4020 3413 4054 τινων
3442 4002 3599 4074 ἱερῶν
3629 4003 3850 4063 καὶτοῖς
3873 4001 4022 4070 ὀρῶ-

2464 4115 2544 4152 σιν
2570 4099 2841 4168 ἀναλόγων
2868 4100 3126 4169 ὁράσεων,
3167 4097 3538 4167 ὲκφαντορίας.
3580 4097 3641 4147 Ἠ
3665 4096 3934 4162 πάνσοφος
3961 4095 4022 4146 δὲ

2463 4191 2703 4259 θεολογία
2733 4193 2829 4261 τὴν
2871 4191 3057 4260 ὅρασιν
3105 4191 3336 4259 ἐκείνην,
3369 4189 3402 4258 ἤ
3433 4206 3516 4251 τις
3545 4189 3600 4240 ἐν
3646 4189 3806 4256 ἑαυτῇ
3834 4187 4022 4254 διαγε-

2463 4284 2782 4354 γραμμένην
2813 4285 3061 4350 ἀνέφαινε
3085 4282 3182 4350 τὴν
3213 4281 3380 4342 θείαν,
3410 4282 3484 4342 ὠς
3513 4283 3570 4332 ἐν
3596 4278 3865 4350 μορφώσει
3908 4278 4024 4330 τῶν

2464 4377 2799 4449 ἀμορφώτων
2829 4377 2871 4409 ⁸³
2897 4376 3167 4445 ὁμοίωσιν,
3201 4377 3264 4427 ὲκ
3291 4377 3386 4444 τῆς
3418 4374 3524 4425 τῶν
3561 4373 3807 4444 ὁρώντων
3846 4371 3936 4423 ἐπὶ
3961 4372 4027 4423 τὸ

2465 4470 2607 4521 θεῖον
2661 4468 2969 4536 ἀναγωγῆς,
3039 4467 3260 4528 εἰκότως
3334 4465 3488 4516 καλεῖ
3549 4463 3884 4530 θεοφάνειαν,
3945 4461 4026 4525 ὡς

2463 4561 2527 4612 δι’
2552 4561 2717 4629 αὐτῆς
2743 4563 2852 4620 τοῖς
2890 4557 3075 4627 ὁρῶσι,
3110 4557 3256 4618 θείας
3302 4555 3652 4624 ἐγγινομένης
3687 4551 4023 4619 ἐλλάμψεως,

2466 4652 2557 4704 καί
2584 4669 2633 4703 τι
2656 4650 2762 4702 τῶν
2785 4650 2939 4701 θείων
2965 4649 3139 4701 αὐτῶν
3172 4648 3331 4716 ἱερῶς
3356 4645 3686 4715 μυουμένων.
3731 4642 3943 4705 Ταύτας
3968 4644 4026 4695 δὲ

2465 4742 2560 4804 τὰς
2591 4741 2736 4803 θείας
2763 4740 2976 4809 ὁράσεις
3001 4740 3048 4790 οἱ
3079 4738 3274 4790 κλεινοὶ
3305 4737 3541 4806 Πατέρες
3581 4735 3736 4804 ἡμῶν
3763 4733 4028 4803 ὲμυοῦντο

2466 4836 2553 4887 διὰ
2594 4835 2768 4903 μέσων
2796 4833 2900 4884 τῶν
2939 4831 3198 4902 οὐρανίων
3228 4830 3521 4899 δυνάμεων.
3555 4829 3624 4880 ’Ἡ
3665 4828 3782 4896 οὐχὶ
3806 4826 3898 4877 καὶ
3924 4826 4028 4894 τὴν

2470 4925 2617 4994 ἱερὰν
2646 4924 2736 4976 τοῦ
2761 4925 2922 4992 νόμου
2968 4922 3341 4992 θεσμοθεσίαν,
3375 4923 3406 4990 ἡ
3437 4918 3543 4970 τῶν
3571 4917 3760 4986 λογίων
3787 4915 4029 4985 παράδῬ

2471 5031 2552 5075 σις
2587 5015 2660 5076 ὡς
2695 5013 2916 5065 αὐτόθεν
2955 5013 3050 5081 μέν
3098 5029 3258 5081 φησιν
3286 5007 3492 5063 ἑκΘεοῦ
3523 5008 3599 5077 τῷ
3629 5007 3832 5072 Μωῦσῇ
3862 5006 4028 5057 δεδω-

2472 5107 2708 5176 ρημένην
2743 5122 2755 5168 ;
2789 5106 2933 5166 ὅπως
2962 5104 3023 5155 ἂν
3051 5106 3082 5172 ἡ
3094 5105 3196 5172 μᾶς
3242 5101 3450 5170 ἀληθῶς
3499 5101 3760 5168 μυήσαιτο
3783 5095 3849 5157 ’⁸,
3877 5095 4031 5156 θείας

2470 5196 2635 5266 αὐτὴν
2672 5192 2804 5248 εἶναι
2843 5195 2934 5247 καὶ
2963 5195 3111 5262 ἱερᾶς
3154 5193 3512 5245 ὑποτύπωσιν.
3571 5188 3814 5240 Διδάσκει
3855 5184 4030 5236 δὲκαὶ

1344 5363 1366 5388 ι
1396 5358 1514 5408 Act.
1545 5373 1636 5416 vn,
1685 5357 1768 5409 53.
1841 5366 1866 5403 γ
1895 5357 2075 5409 Matth.
2135 5373 2187 5418 ιι,
2219 5357 2314 5417 15;
2347 5356 2466 5407 Act.
2520 5371 2596 5416 ιι,
2631 5355 2730 5417 15;
2762 5354 2897 5406 Dan.
2954 5367 3001 5404 \‘l

2367 5356 2466 5407 let.
2520 5371 2596 5416 ιι,
2631 5355 2730 5417 15;
2762 5354 2897 5406 Dan.
2954 5367 3050 5415 vn,
3107 5350 3208 5416 10;
3247 5350 3347 5404 lsa.
3403 5365 3458 5402 κ.
3526 5357 3547 5386 ι
3579 5345 3777 5400 lJoan.
3813 5358 3887 5406 tv,
3935 5342 4024 5396 19..

2053 5537 2283 5590 VARle
2324 5537 2717 5594 LECTIONES.

887 5650 929 5678 ³⁸
968 5650 1063 5699 Ch.
1100 5651 1159 5699 1).
1217 5651 1271 5701 Ι).
1313 5655 1582 5718 μένουσαι.

1661 5657 1699 5724 ’ἦτ
1733 5654 1790 5704 ll.
1843 5654 1896 5704 S.
1952 5655 2008 5706 l’.
2055 5658 2304 5724 κρυφίας.
2338 5655 2380 5681 ’⁵⁸
2525 5669 2626 5703 non
2658 5651 2817 5703 ltttltcl
2840 5651 2920 5724 _D.

3838 5638 3884 5670 ’⁸
3926 5637 4030 5695 Ch.

2996 5653 3038 5681 ⁸⁹
3080 5650 3147 5702 Μ.
3182 5650 3244 5699 ἐκ
3277 5647 3383 5698 τῶν
3409 5640 3763 5712 ἀμορφώτῳν,

919 5718 972 5768 l’.
1021 5720 1201 5788 μνήσῃ
1230 5709 1481 5793 talking,
1511 5735 1615 5772 etc.
1668 5723 1731 5774 Μ.
1778 5724 1922 5782 θείας
1963 5742 2010 5776 ιιι
2046 5709 2328 5776 accusandi
2361 5709 2664 5788 casulegit;
2703 5722 2946 5789 sequitur
2968 5721 3107 5774 enim
3142 5720 3232 5770 καὶ
3267 5717 3414 5786 ἱερὰς
3452 5709 3849 5772 ὖτέοτυπώσειςν
3885 5709 4031 5775 (111οά

821 5792 1012 5838 Motus
1050 5803 1243 5842 \ctttt:
1281 5792 1490 5842 Divinos
1526 5811 1632 5844 cum
1678 5811 1787 5844 csse
1834 5805 1878 5843 rt
1919 5812 2089 5846 annos
2126 5797 2464 5845 (Iutructcrcs.
