4196 6306
152 322 270 380 181
1167 315 1255 372 DE
1291 314 1614 374 C(ELESTI
1648 313 2087 379 HIERARCHIA,
2126 313 2276 369 CAP.
2317 315 2405 371 IV.
3298 314 3405 380 {8!

147 438 334 492 τοῦτο
366 438 597 510 σοφῶςή
629 437 895 506 θεολογίαα
926 436 985 491 τὸ
1037 436 1100 489 δι’
1152 434 1395 504 ἀγγέλων
1451 435 1620 504 αὐτὴν
1667 435 1747 497 είς
1775 439 1804 494 Α

1739 451 1747 495 ς
1775 439 1823 495 Α
1849 433 2260 488 delineationem
2290 444 2336 485 ο.
2368 431 2619 498 Quiuimo
2667 431 2944 504 sapienter
2985 432 3148 486 etiam
3189 433 3396 490 theolo-

146 532 324 603 ἡμᾶς
355 531 657 603 προελθεῖν,
706 531 782 593 ὡς
823 529 923 600 τῆς
970 527 1291 598 θεονομικῆς
1329 525 1534 590 τάξεως
1577 527 1750 578 ἐκεῖνο

1742 545 1750 576 ι
1852 527 1938 598 gia
2000 527 2177 589 docet,
2231 541 2349 582 eam
2400 538 2492 593 per
2541 525 2762 594 angelos
2811 526 2877 580 ad
2921 540 3020 580 nos
3076 525 3399 593 dimanasse,

147 622 628 696 θεσμοθετούσης,
657 623 720 676 τὸ
743 622 831 676 διὰ
871 621 978 674 τῶν
1018 619 1247 692 πρώτων
1272 619 1338 673 τὰ
1364 619 1589 690 δεύτερα
1614 619 1747 690 πρὸς

1744 637 1747 674 :
1851 621 2002 691 quasi
2034 620 2085 674 id
2113 621 2244 688 ordo
2292 619 2489 672 divinae
2547 618 2683 687 legis
2731 621 2993 684 sanxerit,
3040 631 3098 675 ut
3127 635 3222 690 per
3242 636 3401 691 supe-

143 715 219 770 τὺ
243 718 407 770 Θεῖον
436 716 749 785 ἀνάγεσθαι.
787 717 895 770 Καὶ
922 715 1030 787 γὰρ
1063 715 1124 766 οὑ
1163 713 1319 784 μόνον
1341 712 1558 766 ἐπὶτῶν
1590 714 1749 783 ὑπερ-

1745 742 1749 753 ·
1849 714 2017 776 riora,
2049 712 2149 766 ἰδίει
2182 727 2301 779 qua:
2351 710 2608 764 inferiora
2653 719 2799 773 sunt,
2832 712 2897 764 ad
2930 712 3171 766 divinum
3189 709 3402 767 Numen

146 809 438 880 κειμένων
480 824 542 860 τε
593 808 687 861 καὶ
736 794 1038 880 δφειμὲνων
1081 805 1239 870 νοῶν,
1291 804 1428 858 ἀλλά
1477 803 1582 858 κάν
1634 807 1745 865 τοῖς

1852 807 2206 860 adducantur.
2264 803 2473 858 Etenim
2507 818 2614 859 non
2657 803 2830 858 solum
2861 806 3232 874 superioribus
3267 805 3403 860 iule-

144 902 497 973 ὁμοταγέσιν
527 901 729 966 οῦτοςό
765 900 964 973 θεσμὸς
995 900 1219 971 ὥρισται
1272 898 1424 970 παρὰ
1473 897 1572 967 τῆς
1609 897 1744 950 πάν-

1742 929 1744 936 ι
1847 898 2188 966 rioribusque
2223 897 2512 960 mentibus,
2539 911 2729 952 verum
2765 888 2929 955 etiam
2957 898 3272 966 aequalibus,
3293 912 3399 956 .seu

144 1010 275 1047 των
304 994 630 1065 ὑπερουσίου
675 993 1012 1066 ταξιαρχίας,
1033 993 1094 1046 τὸ
1127 991 1247 1045 καθ’
1284 992 1517 1062 ἑκάστην
1557 992 1743 1062 ίεραρσ-

1738 1019 1743 1029 ›
1841 988 2200 1050 coordinatis,
2253 1000 2284 1038 a
2339 987 2854 1056 supersubstantiali
2931 1003 3110 1042 rerum
3159 989 3395 1047 omnium

145 1085 293 1155 χίαν
322 1087 544 1158 πρώτας
571 1086 664 1140 καὶ
689 1086 860 1157 μέσας
891 1086 985 1139 καὶ
1012 1084 1324 1147 τελευταίας
1377 1079 1512 1136 εἶναι
1559 1081 1744 1148 τάξεις

1742 1101 1744 1109 ι
1841 1079 2176 1149 primordiali
2207 1078 2400 1133 ordine
2445 1078 2530 1136 lex
2589 1080 2692 1135 ista
2737 1080 3048 1134 constituta,
3084 1087 3188 1145 est,
3216 1090 3274 1135 ut
3302 1093 3399 1148 per

144 1191 215 1228 τε
240 1176 340 1229 καὶ
368 1175 646 1247 δυνάμεις,
679 1176 772 1229 καὶ
801 1175 909 1229 τῶν
938 1174 1174 1247 ἡττόνων
1201 1170 1337 1228 εἶναι.
1385 1174 1512 1238 τοὺς
1542 1171 1743 1228 θειοτέ-

1742 1205 1743 1208 η
1841 1172 2079 1242 singulas
2110 1170 2446 1254 hierarcbias
2481 1172 2642 1240 primi
2693 1182 2893 1238 essent,
2928 1188 2991 1229 ac
3036 1173 3194 1229 medii
3219 1173 3399 1229 novis-

145 1283 297 1337 ρους
361 1267 569 1339 μύστας
617 1269 709 1322 καὶ
782 1273 824 1304 οι
867 1267 1232 1340 χειραγωγοὺς
1297 1267 1391 1320 ἐπὶ
1438 1265 1536 1338 τὴν
1587 1265 1739 1319 θείαν

1837 1264 2070 1332 simique
2109 1262 2326 1316 ordines
2355 1276 2420 1316 ac
2447 1261 2694 1329 virtutes,
2745 1263 3202 1334 inferioribusque
3257 1263 3398 1321 divi.-

147 1362 535 1434 προσαγωγὴν
562 1362 656 1416 καὶ
685 1361 945 1433 ἐλλαμψιν
975 1360 1066 1414 καὶ
1103 1359 1402 1414 κοινωνίαν.

1845 1355 2024 1411 niores
2069 1364 2256 1424 mystae
2307 1362 2512 1415 essent,
2567 1371 2631 1410 ac
2691 1355 3116 1412 manuductores
3155 1355 3222 1409 ad
3253 1355 3394 1410 divi-

1845 1460 1975 1500 num
2005 1459 2310 1510 accessum,
2343 1452 2398 1497 et
2425 1443 2847 1524 illustratiouem
2880 1456 3042 1518 atque
3063 1447 3399 1504 communio-

1843 1551 1986 1592 nem.

1701 1693 1864 1765 διν.

238 1860 384 1932 Ὀρῶ
419 1861 497 1924 δὲ,
532 1861 614 1915 ὅτι
645 1861 738 1915 καὶ
787 1861 846 1914 τὸ
879 1860 1018 1915 θεῖον
1070 1859 1170 1930 τῆς
1208 1859 1382 1933 Ἰησοῦ
1434 1859 1736 1934 φιλανθρω-
1767 1877 1809 1936 Β

1732 1891 1736 1899 ι
1767 1877 1809 1936 Β
1909 1858 2154 1914 Divinum
2187 1861 2349 1917 etiam
2381 1861 2735 1919 lnnnanitatis
2777 1863 2902 1918 Jesu
2957 1866 3272 1935 mysterium
3296 1882 3389 1923 an-

143 1954 291 2020 πίας
336 1956 631 2026 μυστήριον
690 1953 908 2023 ἄγγελοι
971 1951 1184 2024 πρῶτον
1241 1951 1575 2025 ὲμυήθησαν,
1620 1949 1735 2005 εἶτα

1733 1994 1735 2003 ,
1834 1947 1967 2024 ςειίε
1995 1954 2224 2024 primum
2255 1954 2581 2021 patefactum
2605 1972 2726 2012 esse
2758 1957 2930 2022 video,
2962 1971 3056 2027 per
3082 1958 3223 2028 quos'
3245 1961 3390 2014 dein-

140 2048 218 2100 6t'
255 2047 438 2101 αὐτῶν
468 2048 548 2111 είς
584 2049 784 2119 ήμᾶςή
809 2046 909 2118 τῆς
945 2045 1196 2115 γνώσεως
1237 2047 1397 2117 χάρις
1451 2045 1733 2100 διέϐαινεν.

1729 2087 1733 2097 ,
1837 2043 1902 2098 de
1928 2045 1991 2098 ad
2025 2061 2123 2099 nos
2151 2061 2364 2116 quoque
2410 2047 2732 2116 cognitionis
2756 2048 2877 2118 eius
2917 2051 3090 2120 gratia
3123 2053 3386 2122 pervenit.

140 2139 315 2195 Οὕτω
351 2139 483 2208 γοῦν
520 2142 547 2193 ό
603 2139 874 2203 θειότατος
927 2138 1163 2211 Γαϐριὴλ
1217 2139 1486 2210 Ζαχαρίαν
1525 2137 1622 2207 μὲν
1642 2136 1731 2190 τὸν

144 2233 425 2303 ἱεράρχην
486 2231 887 2301 ὲμυσταγώγει,
934 2230 996 2284 τὸ
1042 2234 1330 2304 προφήτην
1382 2230 1600 2284 ἔσεσθαι
1641 2230 1736 2283 τὸν

141 2319 219 2390 ἐξ
243 2323 412 2377 αὐτοῦ
443 2324 572 2394 παρ’
605 2324 796 2379 ἐλπίδα
823 2326 1005 2397 χάριτι
1046 2325 1165 2396 Θείᾳ
1189 2327 1578 2398 γεννησόμενον
1605 2327 1732 2379 παῖ·-

139 2417 237 2481 δα,
270 2415 374 2486 τῆς
423 2415 824 2489 ἀγαθοπρεπῶς
865 2419 959 2471 καὶ
988 2420 1267 2492 σωτηρίως
1298 2420 1375 2492 τῷ
1403 2421 1590 2491 κόσμῳ
1616 2423 1734 2473 ὲπι-

141 2509 541 2580 φανησομένης
587 2509 846 2582 ἀνδρικῆς
901 2509 994 2579 τοῦ
1065 2512 1236 2582 Ἰησοῦ
1287 2513 1601 2585 θεουργίας’
1633 2512 1732 2582 τὴν

139 2602 202 2655 δὲ
233 2601 492 2674 Μαριὰμ,
548 2603 695 2666 ὅπως
733 2605 790 2656 ὲν
817 2603 953 2675 αὐτῇ
1007 2606 1320 2676 γεννήσεται
1356 2606 1417 2659 τὸ
1446 2601 1731 2678 θεαρχικὸν

139 2694 257 2764 τῆς
291 2694 605 2764 ἀφθέγκτου
647 2696 1003 2760 θεοπλαστίας
1057 2699 1367 2769 μυστήριον.
1421 2701 1642 2770 Ἕτερος
1671 2701 1728 2754 δὲ

139 2787 261 2839 τῶν
287 2787 535 2856 ἀγγέλων
558 2787 648 2841 τὸν
685 2789 881 2859 Ἰωσὴφ
930 2789 1304 2854 ὲξεπαίδευσεν
1331 2792 1396 2856 ",
1425 2793 1570 2856 ὅπως
1599 2793 1730 2864 ἀλη-

141 2878 262 2942 θῶς
285 2879 708 2953 ἐκπεπλήρωται
731 2881 798 2935 τὰ
823 2881 1054 2947 Θειωδῶς
1095 2885 1478 2956 ἐπηγγελμένα
1509 2885 1585 2955 τῷ
1606 2903 1732 2957 προ-

141 2973 293 3044 γόνῳ
339 2974 521 3028 Δαυίδ.
569 2976 760 3040 Ἀλλος
812 2978 868 3031 δὲ
904 2978 1031 3041 τοὺς
1079 2980 1359 3050 ποιμένας,
1389 2980 1464 3043 ὡς
1509 2983 1573 3051 τῇ
1620 2980 1728 3033 τῶν

141 3065 363 3120 πολλῶν
439 3068 781 3140 ἀναχωρήσει
847 3072 939 3124 καὶ
1004 3071 1204 3144 ἡσυχίᾳ
1266 3071 1726 3144 κεκαθαρμένους,

141 3155 552 3228 εὐηγγελίζετο,
592 3159 685 3212 κα)⁸
713 3162 809 3213 σὺν
852 3162 998 3233 αὑτῷ
1042 3161 1244 3232 πλῆθος
1271 3164 1526 3233 στρατιᾶς
1566 3163 1729 3236 οὐρα-

141 3253 262 3304 νίου
286 3250 388 3322 τὴν
420 3251 794 3324 πολυύμνητον
828 3256 1041 3326 ἐκείνην
1068 3255 1351 3327 παρεδίδου
1371 3260 1481 3320 τοῖς
1507 3257 1598 3309 ἐπὶ
1622 3257 1726 3328 γῆς
1752 3279 1794 3336 C

137 3345 475 3413 δοξολογίαν.
523 3347 928 3419 Ἀνανεύσωμεν
964 3348 1021 3402 δὲ
1051 3350 1144 3402 καὶ
1189 3349 1324 3421 πρὸς
1353 3350 1451 3412 τὰς
1497 3351 1727 3422 ὑπερτά-

137 3453 245 3497 τας
269 3435 318 3466 ’³
366 3435 474 3488 τῶν
516 3436 712 3506 λογίων
769 3439 1142 3508 φωτοφανείας
1166 3457 1178 3469 ·
1204 3439 1316 3510 6ρῶ
1367 3439 1496 3511 γὰρ,
1527 3441 1607 3494 δτι
1632 3443 1725 3496 καὶ

139 3529 312 3591 αὐτὸς
351 3528 555 3597 Ἰησοῦς
577 3530 641 3593 ⁸⁵,
670 3531 762 3583 καὶ
786 3529 892 3582 τῶν
923 3532 1328 3602 ὑπερουρανίων
1344 3532 1539 3585 οὐσιῶν
1559 3535 1725 3605 ὑπερ-

139 3619 332 3680 aucto;
386 3619 555 3683 αἰτία,
591 3621 728 3692 πρὸς
751 3622 812 3674 τὸ
849 3621 970 3675 καθ’
1015 3626 1162 3694 ἡμᾶς
1211 3624 1559 3695 ἀμεταὸόλως
1595 3626 1722 3698 ἐλη-

141 3710 344 3774 λυθὼς,
376 3713 474 3765 οὐκ
496 3714 746 3786 ἀποπηδᾷ
775 3714 872 3785 τῆς
903 3717 994 3769 ὑπ’
1025 3717 1187 3770 αὑτοῦ
1231 3718 1521 3789 ταχθείσης
1544 3737 1601 3772 τε
1630 3721 1723 3774 καί

142 3803 466 3874 αἱρεθείσης
504 3804 1004 3878 ἁνθρωποπρεποῦς
1062 3808 1332 3876 εὐταξίας,
1382 3810 1497 3864 ἀλλ’
1538 3812 1721 3865 εὐπει-

142 3894 258 3958 θῶς
286 3895 332 3926 ⁹³
357 3896 712 3951 ὑποτάττεται
743 3904 864 3963 ταῖς
885 3900 977 3953 τοῦ
1008 3902 1220 3974 Πατρὸς
1246 3903 1340 3956 καὶ
1370 3904 1504 3957 Θεοῦ
1531 3905 1597 3958 δι’
1619 3905 1720 3973 ἀγ-

140 3988 324 4056 γέλων
359 3989 719 4045 διατυπώσεσι
751 3993 795 4025 ’⁸
815 4011 829 4024 ο
862 3996 953 4047 καὶ
981 3995 1067 4048 διὰ
1096 3995 1274 4067 μέσων
1317 3997 1497 4050 αὐτῶν
1524 3999 1721 4067 ἀγγέλ-

141 4079 400 4150 λεταιτῷ
444 4083 700 4156 Ίωσὴφὴ
747 4086 883 4156 πρὸς
926 4087 1018 4140 τοῦ
1046 4089 1257 4160 Πατρὸς
1307 4089 1718 4160 οἰκονομηθεῖσα

140 4171 240 4223 τοῦ
275 4173 404 4226 Υἱοῦ
446 4176 580 4246 πρὸς
627 4176 897 4245 Αἴγυπτον
927 4180 1292 4254 ἀναχώρησις,
1342 4185 1435 4236 καὶ
1483 4180 1635 4246 αὖθις
1681 4187 1714 4255 ή

143 4264 284 4333 πρὸς
323 4267 420 4336 τὴν
499 4269 758 4323 Ἰουδαίαν
807 4270 866 4336 ἐξ
914 4272 1186 4341 Αἰγύπτου
1247 4275 1557 4346 μεταγωγή.
1609 4276 1718 4328 Καὶ

139 4356 210 4410 δι’
263 4359 509 4426 ἀγγέλων
582 4362 740 4414 αὑτὸν
788 4363 898 4434 όρῶ
944 4365 1042 4434 μὲν
1096 4365 1199 4418 ὑπὸ
1248 4369 1367 4428 ταῖς
1424 4370 1717 4438 πατρικαῖς

132 4449 525 4520 θεσμοθεσίαις
564 4456 914 4526 ταττόμενον·
946 4457 1019 4510 ἐῶ
1047 4457 1157 4529 γὰρ
1208 4461 1401 4524 εἰπεῖν,
1453 4461 1528 4524 ὡς
1555 4462 1715 4514 εἰδότι

137 4544 209 4596 τὰ
234 4549 353 4608 ταῖς
382 4546 676 4616 ἱερατικαῖς
703 4551 736 4619 ἡ
747 4548 862 4619 μῶν
905 4550 1262 4621 παραδόσεσιν
1303 4552 1711 4624 ἐκπεφασμὲνα,

1835 2138 1910 2193 Ita
1954 2139 2323 2195 divinissimus
2383 2139 2470 2194 ille
2540 2140 2761 2197 Gabriel
2812 2144 3126 2198 Zachariam
3175 2145 3387 2214 quidem

1835 2230 2138 2302 pontiﬁcem
2168 2233 2371 2297 docuit,
2405 2233 2543 2301 quod
2576 2249 2707 2304 puer
2740 2249 2806 2289 ex
2841 2234 2954 2306 ipso
3001 2247 3196 2304 praeter
3240 2253 3385 2308 spem

1834 2325 2013 2379 divina
2066 2327 2237 2394 gratia
2291 2328 2620 2392 nasciturus,
2675 2330 2936 2397 propheta
2970 2329 3106 2385 foret
3136 2330 3389 2385 humanae

1835 2419 2138 2488 divinaeque
2197 2417 2322 2474 Jesu
2376 2420 2802 2491 dispensationis
2859 2423 3090 2492 benigne
3139 2424 3299 2478 simul
3326 2439 3389 2477 ac

1833 2511 2127 2567 salubriter
2155 2514 2352 2568 mundo
2391 2513 2724 2590 appariturae
2752 2511 2779 2551 ά
2814 2531 2828 2568 :
2859 2514 3080 2569 Mariam
3112 2531 3237 2570 vero
3263 2530 3387 2569 eru-

1831 2605 1984 2670 divit,
2035 2606 2307 2674 quontodo
2354 2606 2405 2660 in
2468 2606 2584 2674 ipsa
2631 2607 2871 2661 divinum
2915 2607 3042 2662 illud
3096 2606 3384 2662 ineﬂ'abilis

1831 2696 2267 2752 Deiformationis
2332 2700 2646 2769 mysterium
2685 2703 3174 2757 consummaretur.
3234 2700 3386 2757 Alius

1831 2804 2040 2864 quoque
2085 2791 2307 2862 angelus
2357 2791 2647 2862 Josepltum
2678 2792 2878 2858 docuit,
2928 2806 3056 2846 vere
3086 2793 3380 2861 adimpleta

1829 2897 1968 2947 esse,
2002 2899 2122 2952 qua:
2145 2883 2476 2953 progenitori
2508 2884 2622 2954 ejus
2655 2885 2816 2938 David
2846 2885 3098 2938 divinitus
3123 2885 3384 2952 promissa

1829 2975 2067 3030 fuerant.
2092 2977 2244 3031 Alius
2290 2977 2419 3031 item
2471 2979 2802 3047 pastoribus,
2839 2979 3036 3048 quippe
3056 2978 3164 3048 jam
3197 2977 3384 3033 solituo

1828 3066 1970 3121 dinis
2003 3083 2218 3122 recessu
2243 3083 2307 3123 ac
2344 3069 2734 3137 tranquillitate
2795 3071 3056 3140 purgatis,
3111 3068 3382 3138 evangeli-

1828 3162 1972 3215 zavit
2001 3180 2014 3227 ;
2043 3177 2278 3232 cumque
2311 3162 2401 3217 illo
2452 3161 2690 3217 caelestis
2735 3164 3007 3216 exercitus
3070 3161 3378 3224 multitudo,

1829 3253 2240 3308 celeberrimum
2274 3255 2436 3309 istunt
2467 3255 2882 3311 collaudationis
2940 3256 3192 3326 hymnum
3225 3255 3382 3310 terri-

1827 3346 2215 3416 genistradidit
2244 3357 2289 3402 θ.
2325 3348 2576 3414 Quinimo
2611 3350 2676 3402 ad
2696 3348 3105 3406 sublimissimas
3131 3347 3246 3401 illas
3270 3347 3380 3402 elo-

1825 3438 2074 3507 quiorum
2125 3439 2513 3496 illusuationes
2553 3442 2748 3496 mentis
2773 3441 3015 3495 obtutum
3069 3441 3374 3511 erigamus;

1826 3531 2194 3587 animadverto
2227 3535 2396 3598 enim,
2436 3535 2721 3602 ipsuutmet
2751 3533 2931 3589 Jesum
2962 3533 3070 3603 (qui
3102 3543 3184 3588 est
3214 3543 3374 3586 natu-

1827 3640 2012 3678 rarum
2065 3640 2226 3696 supra
2281 3629 2581 3683 cuelestium
2633 3642 2795 3696 supra
2863 3636 3111 3680 naturam
3165 3624 3377 3693 auctor)

1824 3717 1914 3771 ubi
1941 3719 2007 3773 ad
2041 3727 2291 3772 naturam
2324 3729 2560 3773 nostram
2589 3719 2704 3772 sine
2732 3719 2812 3771 sui
2852 3718 3222 3771 immutatione
3280 3718 3378 3771 dc-

1822 3811 2059 3878 scendit,
2084 3828 2206 3866 eum
2235 3827 2393 3881 quem
2440 3811 2783 3866 ordinaverat
2818 3804 3158 3881 elegeratque
3184 3810 3374 3863 huma-

1824 3907 2010 3962 nitatis
2054 3908 2300 3962 ordinem
2352 3922 2689 3976 nequaquam
2727 3924 2738 3958 l
2778 3906 2994 3974 .l‘ugere,
3027 3904 3158 3973 quin
3193 3904 3371 3973 potius

1821 3998 2135 4055 obedienter
2161 4015 2233 4054 se
2282 4002 2604 4054 submittere
2658 3998 2849 4052 {unus
2877 4012 2904 4051 a
2929 3997 3037 4051 Deo
3090 3995 3248 4050 Patre
3275 4010 3371 4066 per

1822 4090 2040 4161 angelos
2068 4090 2274 4146 eﬂectis
2302 4107 2319 4157 ;
2349 4106 2578 4160 quorum
2609 4089 2933 4152 ministerio,
2959 4101 2988 4139 a
3011 4087 3168 4140 Patre
3198 4087 3374 4156 dispo-

1820 4185 1923 4237 sita
1959 4183 2053 4236 lilii
2107 4183 2157 4236 iu
2210 4183 2501 4254 Egyptum
2555 4183 3074 4247 recessio;necnon
3130 4179 3370 4247 ejusdem

1819 4294 1883 4333 ex
1919 4274 2150 4345 IEgypto
2174 4277 2227 4330 in
2261 4275 2496 4330 Judaeam
2559 4275 2825 4338 reductio,
2881 4272 3117 4340 Joseplto
3151 4272 3372 4324 tutntia-

1819 4364 1979 4419 batur
2009 4363 2054 4419 ί.
2086 4363 2223 4431 Quin
2257 4374 2312 4418 et
2350 4379 2444 4434 per
2470 4363 2690 4433 angelos
2747 4363 2916 4433 ipsum
2975 4361 3251 4415 cernimus
3278 4376 3370 4430 pa-

1821 4456 1992 4512 ternis
2023 4448 2368 4530 legibus39
2396 4455 2694 4525 subjectum
2729 4474 2742 4509 :
2781 4455 2970 4509 omitto
3003 4454 3144 4507 enim
3169 4453 3366 4510 dicere,

1818 4555 2000 4619 utpote
2025 4550 2360 4617 scienti,quae
2387 4549 2747 4606 sacrosanctis
2766 4546 2965 4601 nostris
2991 4542 3370 4597 traditionibus

142 4637 238 4688 καὶ
270 4635 516 4707 περὶτοῦ
547 4639 776 4706 ἀγγέλου
801 4638 894 4692 τοῦ
926 4640 1014 4694 τὸν
1053 4641 1257 4713 Ἰησοῦν
1301 4642 1678 4713 ὲνισχύσαντος
1697 4659 1709 4672 ⁸
1747 4658 1789 4713 ι)

1747 4658 1789 4713 ι)
1819 4655 2070 4708 expressa
2114 4651 2238 4695 sunt
2269 4643 2336 4696 de
2361 4640 2551 4712 angelo
2577 4652 2794 4709 quoque
2816 4635 2997 4690 Jesum
3040 4632 3369 4688 conﬁrman-

141 4726 176 4795 ἢ
200 4727 282 4779 ὅτι
309 4730 403 4781 καὶ
430 4730 592 4793 αὐτὸς
617 4733 645 4783 ὁ
679 4731 903 4801 Ἰησοῦς,
951 4733 1091 4786 κατὰ
1117 4734 1215 4804 τὴν
1239 4733 1394 4804 ἡμῶν
1443 4734 1710 4804 σωστικὴν

141 4819 528 4891 ἀγαθουργίαν,
556 4825 632 4886 είς
655 4826 1044 4896 ὲκφαντορικὴν
1079 4826 1346 4897 ἐληλυθὼς
1367 4824 1536 4891 τάξιν,
1573 4827 1708 4894 Ἀγ-

141 4915 320 4980 γελος
341 4914 850 4985 μεγάληςβουλῆς
864 4919 1252 4989 ἀνηγόρευται·
1287 4918 1380 4972 καὶ
1405 4918 1512 4989 γὰρ
1534 4919 1607 4982 ὡς
1621 4919 1710 4972 αὺ-

136 5003 230 5065 τὺς
288 5006 715 5077 ἀγγελοπρεπῶς
780 5027 962 5080 φησιν,
1021 5011 1119 5064 ὅσα
1178 5012 1374 5081 ἤκουσε
1423 5010 1572 5082 παρὰ
1613 5010 1706 5064 τοῦ

145 5093 373 5164 Harp/3;,
414 5097 729 5167 ἀνήγγειλεν
756 5103 904 5171 ἡμῖν.

1813 4743 1863 4786 te
1889 4733 1916 4773 ε
1940 4749 1956 4797 ;
1987 4742 2039 4786 et
2061 4742 2117 4786 ut
2162 4733 2385 4801 ipsemet
2414 4731 2587 4798 Jesus,
2621 4747 2716 4798 pro
2738 4729 2954 4785 salutari
2985 4738 3163 4782 nostra
3191 4739 3370 4779 emen-

1813 4825 2052 4890 datione,
2089 4826 2140 4878 in
2171 4827 2455 4895 spirituum
2509 4825 3058 4880 manifestatm'ioruut
3117 4823 3364 4876 ordinem

1811 4918 2122 4983 redactus,’
2152 4921 2326 4988 magni
2371 4919 2580 4973 consilii
2637 4916 2865 4987 Angelus
2911 4916 3073 4970 fuerit
3128 4912 3361 4983 appella-

1812 5021 1897 5065 tus
1929 5011 1954 5050 ιι
1989 5030 2002 5064 :
2033 5013 2255 5076 etenim,
2312 5022 2371 5066 ut
2408 5013 2520 5080 ipse
2571 5029 2667 5081 pro
2711 5011 2882 5065 nuntii
2937 5024 3157 5063 munere
3213 5004 3363 5072 dicit,

1813 5119 2142 5173 quaecunque
2175 5105 2377 5158 audivit
2403 5119 2431 5158 a
2459 5103 2638 5170 Patre,
2670 5112 2791 5159 nota
2817 5103 2946 5158 fecit
2976 5103 3149 5157 nobis.

235 5379 258 5406 α
292 5377 413 5422 Act.
460 5369 532 5433 7;
586 5368 763 5424 Galat.
810 5387 890 5424 ιιι.
965 5377 989 5408 α
1025 5370 1149 5427 Luc.
1182 5389 1216 5437 ι,
1254 5374 1336 5427 l5.
1418 5384 1439 5410 θ
1471 5372 1602 5428 ibid.
1683 5373 1702 5410 ί
1739 5373 1887 5427 Mattl

1683 5373 1702 5410 ί
1739 5373 1928 5430 Matth.
1959 5391 2018 5428 ιι.
2103 5377 2123 5412 ii
2158 5375 2283 5430 an.
2316 5392 2449 5440 χχιι,
2487 5377 2573 5430 45.
2646 5375 2793 5430 hlsa.
2829 5391 2902 5440 ιιι,
2936 5373 2968 5428 6
2999 5376 3047 5428 lu
3070 5375 3319 5444 Septuag.

1378 5554 1614 5610 VARIzE
1657 5556 2058 5613 LECTIONES.

206 5752 247 5784 "
285 5754 381 5823 (Lit.
415 5754 623 5823 μύστας
661 5774 734 5809 τε.

811 5761 854 5790 θ’
889 5760 983 5814 Ch.
1013 5760 1067 5813 ll.
1103 5762 1460 5830 ἐξεπαίδευεν.

149 5825 187 5856 ⁶⁴
219 5823 277 5877 D.
320 5822 717 5880 ὑποτυπώσεσι.

1541 5767 1585 5798 ⁹³
1621 5767 1679 5822 Ι).
1721 5769 1858 5841 ὑπὲρ
1881 5767 2100 5831 ταύτας.

2180 5769 2223 5799 ⁰”’
2263 5768 2288 5818 ὁ
2337 5770 2461 5835 ἰησ.
2542 5764 2586 5795 (³⁸
2622 5761 2719 5818 CII.
2766 5759 2896 5813 ἀλλὰ
2948 5758 3040 5811 καὶ
3093 5754 3354 5818 εὐπ;ιοὦ;
