4202 6300
764 300 864 359 ῑ37

1923 310 1979 363 S.
2021 310 2319 365 DIONYSII
2354 308 2810 366 AREOPAGITA‘I

3907 301 4007 357 188

1853 465 2334 522 PARAPHRASIS
2366 465 2735 522 PACHYMER
2750 465 2809 519 [Ε
2843 464 2937 526 (9).

835 570 863 643 ᾗ
901 573 938 626 1.
981 571 1298 630 llierarclnia
1327 578 1438 646 ipsa
1469 579 1616 634 omni
1662 589 1716 635 et
1759 583 2036 648 universa,
2066 584 2180 638 sive
2217 599 2326 638 coe-

2503 583 2529 653 §
2592 583 2631 636 l.
2671 582 2780 652 Τῆς
2834 578 3112 650 ίεραρχὶας
3158 575 3326 645 αὐτῆς
3387 573 3598 644 ἁπάσης
3647 575 3739 626 καὶ
3790 573 4007 626 καθολι-

765 667 948 718 lestem
1012 668 1235 727 dixeris.
1293 670 1406 723 sive
1462 682 1727 738 nostram,
1777 682 1924 727 recte
1965 674 2209 741 quidem,
2267 685 2326 728 ut

759 760 1032 820 oxistium.
1069 761 1197 828 quid
1229 761 1322 823 sit,
1349 778 1446 830 pro
1473 764 1889 833 philosophandi
1922 767 2140 820 modulo
2191 767 2329 821 deﬁ-

757 851 894 910 nita,
922 863 1019 915 age
1072 866 1214 903 nunc
1255 852 1576 918 angn-licam,
1607 869 1833 923 eamque
1880 856 2072 916 solam.
2103 866 2160 908 ut
2209 870 2329 910 sese

759 939 946 1003 habet,
983 941 1344 995 ltierarchiam
1396 945 1708 1013 indagemus
1755 957 1808 1001 et
1852 948 2150 1011 discamus,
2187 951 2329 1019 quod

757 1031 944 1099 utique
972 1030 1024 1083 in
1057 1033 1302 1086 auctoris
1331 1049 1519 1088 eorum
1560 1038 1649 1090 Dei
1676 1038 1888 1091 laudent
1917 1039 2082 1092 cedit.
2114 1037 2244 1092 Nam
2282 1039 2328 1090 si

756 1122 918 1174 etiam
950 1136 1015 1175 ex
1047 1124 1359 1178 hominibus
1389 1129 1627 1188 Cognitio
1659 1127 1748 1182 Dei
1808 1129 2329 1198 miriﬁcatur,juxta

758 1211 885 1265 illud
914 1227 930 1266 :
961 1209 1222 1265 Mirabilis
1247 1212 1389 1281 facta
1405 1224 1481 1266 est
1503 1212 1716 1264 scientia
1741 1222 1831 1268 tua
1855 1233 1919 1271 ea:
1940 1234 2019 1271 me
2033 1228 2098 1280 υτ
2125 1229 2330 1287 quanto

755 1302 952 1369 magis,
984 1316 1102 1370 qua:
1133 1316 1294 1370 supra
1332 1303 1660 1372 principium
1689 1314 1792 1371 est,
1817 1305 2076 1361 divinitas
2118 1310 2330 1378 magni-

757 1389 1017 1446 ﬁcabitur
1048 1400 1102 1446 et
1123 1391 1488 1448 celebrabitur
1521 1395 1572 1447 in
1605 1408 1671 1448 eo
1701 1397 1841 1463 quod
1868 1396 1937 1451 de
1967 1399 2174 1467 angelis
2195 1415 2328 1454 con-

756 1483 1122 1551 templamur?
1169 1483 1364 1540 Verum
1424 1501 1530 1539 non
1573 1487 1942 1556 sensibilibus,
1987 1491 2081 1546 sed
2139 1506 2332 1559 super-

753 1573 1123 1632 mnndialibus
1148 1586 1200 1632 et
1218 1578 1627 1634 intellectilibus
1645 1581 1842 1646 oculis,
1864 1593 1923 1636 ut
1949 1597 2046 1652 per
2071 1585 2331 1654 mysticas

755 1669 1022 1738 imagines
1045 1669 1098 1722 in
1125 1670 1423 1739 Scripturis
1459 1687 1772 1740 expressas,
1803 1677 1870 1729 ad
1895 1691 2079 1730 eorum
2116 1679 2329 1746 simpli-

753 1760 976 1814 citatem
1039 1763 1393 1819 adducamur.
1446 1767 1726 1836 Siquidem
1785 1771 2034 1823 audimus
2079 1770 2130 1824 in
2178 1772 2328 1824 Scri-

753 1855 929 1923 pturis
956 1855 1122 1909 boves
1148 1867 1201 1910 et
1227 1857 1434 1921 leones,
1467 1860 1709 1930 aliasque
1762 1862 2023 1931 quasdam
2055 1866 2329 1932 composi-

2433 677 2554 746 κῆς,
2583 675 2687 728 κᾶν
2728 675 2823 744 τὴν
2873 670 3124 743 οὐρανίαν
3173 670 3364 732 εἴποις,
3399 667 3500 720 κᾶν
3537 668 3634 737 τὴν
3682 667 3800 720 καθ’
3837 669 4006 736 ἡμᾶς

2431 765 2758 836 ὁρισθείσης,
2795 763 2974 825 καλῶς
3009 763 3083 824 ὡς
3106 759 3472 829 ὑπολαμϐάνω
3499 761 3638 812 κατὰ
3673 757 4008 830 μετριασμὲιν

2436 856 2739 924 φιλόσοφον,
2770 855 2821 906 τί
2868 856 3000 918 ἐστι,
3047 853 3177 922 φέρε
3227 853 3326 922 τὴν
3388 850 3702 921 ἀγγελικὴν,
3737 850 3861 916 τόγε
3912 848 4006 900 νῦν

2433 949 2574 1017 ἕχον,
2626 948 2902 1018 ἱεραρχίαν
2930 946 3021 998 καὶ
3049 948 3211 1016 μόνην
3231 946 3549 1017 ζητήσωμεν
3563 945 3652 997 καὶ
3671 944 3948 1014 μάθωμεν,
3975 942 4007 994 δ

2437 1039 2498 1109 δὴ
2527 1037 2692 1107 ὕμνος
2723 1038 2836 1088 ἐστὶ
2871 1036 3003 1108 πρδς
3033 1035 3124 1089 τὸν
3171 1038 3469 1107 ποιήσαντα
3515 1034 3714 1096 ταύτας
3747 1034 3894 1085 Θεόν.
3940 1033 4004 1085 Et

2435 1129 2541 1197 γὰρ
2573 1129 2666 1180 καὶ
2693 1128 2755 1179 ἐκ
2783 1126 2892 1178 τῶν
2914 1124 3212 1197 ἀνθρώπιον
3241 1119 3644 1196 θαυμστοῦται
3678 1128 3709 1193 ἡ
3749 1124 3840 1176 τοῦ
3867 1123 4005 1176 Θεοῦ

2433 1219 2650 1286 γνῶσις,
2701 1218 2841 1271 κατὰ
2859 1218 2938 1270 τό·
2991 1217 3445 1286 Ἐθαυμαστὼθη
3479 1217 3515 1285 ἠ
3542 1215 3763 1285 γνῶσίς
3794 1233 3908 1269 σου
3942 1210 4007 1279 ἐξ

2431 1310 2595 1381 ἐμοῦ
2628 1310 2776 1379 πόσῳ
2809 1327 2872 1377 γε
2909 1308 3103 1379 μᾶλλον
3143 1298 3600 1378 μεγαλυνθήσεται
3628 1308 3720 1358 καὶ
3771 1306 4006 1377 ὑμνηθή-

2436 1418 2586 1454 σεται
2621 1402 2652 1470 ή
2687 1401 3014 1471 ὑπεράρχιος
3049 1401 3256 1469 θεότης,
3288 1401 3345 1452 ὲν
3373 1393 3418 1466 ᾧ
3463 1401 3590 1470 περὶ
3620 1399 3728 1451 τῶν
3757 1399 4003 1467 ἀγγέλων

2438 1492 2776 1564 θεωροῦμεν;
2811 1492 2946 1545 Ἀλλ’
2968 1494 3067 1545 οὐκ
3097 1491 3390 1568 αἰσθητοῖς,
3408 1491 3792 1562 ὑπερκοσμίοις
3821 1491 3876 1542 δὲ
3909 1492 4004 1542 καὶ

2431 1587 2642 1653 νοητοῖς
2674 1583 2985 1655 ὀφθαλμοῖςο
3022 1585 3170 1648 ὅπως
3223 1583 3310 1637 διὰ
3354 1582 3462 1636 τῶν
3515 1584 3571 1636 ὲν
3599 1586 3717 1646 ταῖς
3761 1584 4004 1654 Γραφαῖς

2435 1679 2712 1750 μυστικῶν
2745 1677 3136 1748 είκονισμάτων
3200 1677 3519 1748 ἀναχθῶμεν
3551 1679 3629 1740 είς
3659 1678 3757 1748 τὴν
3797 1677 4005 1730 τούτων

2436 1772 2727 1841 ἁπλότητα.
2779 1770 3069 1841 Ἀκούομεν
3106 1770 3214 1840 γὰρ
3248 1771 3304 1822 ἐν
3337 1773 3454 1834 ταῖς
3482 1771 3722 1840 Γραφαῖς
3751 1769 3876 1839 βοῦς
3910 1770 4004 1822 καὶ

2433 1864 2670 1926 λέοντας,
2718 1863 2809 1917 καὶ
2855 1863 3044 1934 ἐτέρας
3091 1862 3366 1925 συνθέσεις
3394 1862 3563 1925 τινὰς,
3609 1861 3676 1925 ἃς
3707 1863 3769 1933 δὴ
3814 1863 3890 1932 τῷ
3922 1864 4000 1914 νοῒ

756 1948 955 2011 tiones,
1009 1963 1144 2016 quas
1195 1951 1318 2003 dum
1364 1963 1543 2006 mente
1589 1954 1978 2022 pervolvimus,
2027 1956 2323 2009 secundum

2431 1956 2909 2027 παραπέμποντες,
2944 1954 3084 2008 κατὰ
3106 1957 3204 2027 τὴν
3235 1956 3438 2009 οἰκείαν
3467 1953 3578 2021 ἓξιν
3619 1953 3872 2024 ἀξιοῦμεν
3901 1957 4001 2009 αὑ·-

754 2039 1030 2105 proprium
1088 2040 1330 2096 babitum
1381 2047 1603 2097 easdem
1660 2049 2117 2101 consideramus:
2161 2057 2325 2116 atque

751 2131 828 2184 ita
861 2135 1004 2200 quod
1043 2146 1203 2186 sensu
1239 2137 1592 2205 compositum
1637 2149 1740 2202 est,
1771 2140 1829 2192 ﬁt
1859 2149 2037 2195 mente
2069 2141 2322 2209 simplex,

753 2231 918 2293 atque
953 2225 1309 2281 ltierarcltica:
1337 2228 1640 2296 disciplina:
1672 2240 1886 2294 auctor,
1911 2232 2123 2286 scilicet
2159 2234 2322 2299 Deus,

755 2314 1060 2385 gratiarum
1125 2319 1456 2382 actionibus,
1528 2324 1975 2378 caeremoniarum
2043 2325 2322 2381 Condiwri

753 2412 1211 2479 competentibus,
1261 2413 1526 2470 mirabilis
1570 2416 1917 2484 praedicatur.
1961 2419 2325 2486 Quemadmo-

753 2503 880 2554 dum
925 2502 1066 2555 enim
1097 2517 1190 2556 rex
1235 2505 1416 2559 verbis
1468 2507 1653 2576 regiis,
1699 2523 1818 2576 qua:
1871 2510 2129 2565 nimirum
2163 2513 2325 2582 regiae

751 2590 1000 2653 dignitati
1033 2601 1366 2661 competunt,
1421 2596 1831 2666 magniﬁcatur;
1863 2599 1938 2653 ita
1969 2616 2183 2671 quoque
2231 2619 2326 2657 na-

757 2693 887 2736 tura
915 2684 1014 2749 illi,
1047 2699 1166 2754 qua:
1195 2685 1334 2740 ritus
1384 2702 1568 2744 sacros
1618 2690 1881 2758 instituit,
1921 2695 2101 2750 verbis
2144 2697 2318 2750 ritua-

751 2772 894 2826 libus
925 2773 1027 2842 ipsi
1066 2777 1509 2845 c0ngruentibus,
1542 2781 1728 2849 gratim
1776 2783 2105 2840 referuntur.

822 2866 1063 2921 Primum
1098 2879 1277 2923 autem
1303 2872 1542 2924 omnium
1587 2874 1884 2928 secundum
1919 2879 2206 2933 veritatem
2239 2881 2323 2935 di-

750 2960 948 3025 cimus,
982 2975 1050 3014 ne
1104 2962 1227 3030 quis
1281 2963 1540 3018 virtutum
1581 2966 1806 3020 audiens
1866 2973 2320 3042 magnitudinem,

751 3067 914 3122 supra
964 3065 1246 3110 creaturas
1312 3069 1406 3112 eas
1459 3067 1693 3128 reputet.
1746 3059 2013 3129 Dicimus,
2073 3064 2318 3137 inquam,

755 3147 854 3202 bas
884 3164 1072 3204 omnes
1102 3149 1272 3206 Deum
1303 3151 1568 3218 bonitate,
1604 3170 1712 3210 non
1739 3159 2090 3226 necessitate,
2133 3163 2312 3217 condi-

753 3239 901 3295 disse
949 3260 963 3295 :
1009 3243 1274 3312 siquidem
1331 3244 1433 3298 hoc
1478 3249 1720 3303 auctoris
1769 3251 2009 3305 omnium
2055 3261 2110 3306 et
2159 3267 2322 3322 super

753 3335 934 3388 omnia
981 3333 1075 3390 Dei
1129 3336 1392 3392 bonitatis
1416 3341 1691 3410 proprium
1723 3352 1824 3406 est,
1854 3343 1920 3397 ad
1961 3345 2042 3399 sui
2073 3358 2318 3400 corruun-

753 3424 969 3479 nionem
995 3441 1058 3480 ea
1090 3441 1210 3495 qua:
1233 3431 1502 3484 exsistunt
1527 3431 1945 3502 invitare,juxta
1983 3436 2308 3506 capacitatis

753 3516 1441 3587 cujusquedeﬁnitionem.
1488 3523 1622 3579 Nam
1669 3541 1734 3580 ea
1787 3527 1996 3582 ratione
2040 3543 2147 3597 qua
2179 3528 2308 3597 quid

753 3617 859 3674 est,
880 3610 1119 3666 divinum
1148 3628 1358 3682 quoque
1379 3611 1590 3670 Numen
1618 3617 1907 3686 participat
1932 3634 1947 3684 ;
1982 3629 2040 3672 ut
2077 3620 2120 3674 si
2139 3621 2315 3674 inani-

753 3711 956 3754 matum
982 3704 1072 3768 sit,
1094 3705 1374 3760 entitatetn
1404 3706 1572 3760 solam
1588 3707 1776 3773 habet;
1799 3710 1881 3763 sin
1906 3712 2126 3779 animal,
2145 3715 2310 3767 etiam

755 3790 924 3860 ipsam
978 3794 1176 3859 vitam;
1222 3796 1305 3849 sin
1340 3811 1469 3852 vero
1513 3799 1675 3853 etiam
1725 3800 1999 3870 particeps
2057 3806 2310 3872 rationis,

753 3887 1122 3940 ratiocinandi
1169 3897 1225 3942 et
1267 3889 1613 3960 intelligendi.
1633 3889 1982 3960 facultatem;
2021 3896 2096 3949 uti
2136 3897 2189 3951 in
2226 3899 2318 3953 de-

757 3993 924 4032 cursu
955 3982 1168 4033 astruit.
1191 3981 1532 4052 Quazcunque
1558 3984 1722 4054 igitur
1759 3987 2056 4053 exsistunt,
2082 3988 2315 4043 divinam

754 4072 1086 4144 participant
1107 4073 1504 4142 providentiam
1530 4090 1597 4130 ex
1641 4079 2080 4146 superessentiali
2109 4079 2318 4137 Deitate

753 4175 1185 4234 promanantem.
1243 4165 1348 4238 5,3
1407 4167 1542 4221 Hinc
1585 4171 1731 4225 enim
1767 4211 1782 4237 ,
1859 4173 2037 4242 inquit
2103 4164 2316 4250 Grego-

753 4256 867 4308 rius
892 4253 1218 4326 Theologus,
1246 4259 1444 4314 bonum
1463 4261 1684 4316 dill'undi
1709 4268 1993 4333 oportebat
2017 4285 2030 4322 :
2061 4271 2314 4340 quoniam

753 4345 952 4402 malum
987 4364 1160 4418 neque
1181 4349 1586 4407 subsistentiam
1619 4355 1803 4421 habet,
1831 4373 2003 4427 neque
2038 4362 2308 4419 exsisten-

753 4439 916 4504 tiam;
943 4443 1378 4512 quandoquidem
1413 4445 1506 4500 Dei
1535 4463 1640 4502 non
1692 4451 1765 4503 sit
1792 4453 2085 4522 particeps,
2111 4469 2308 4511 secun-

753 4537 880 4586 dum
914 4534 1131 4590 habitus
1156 4538 1510 4605 privationem
1544 4555 1836 4610 apparens,
1865 4547 1958 4600 sed
1999 4562 2099 4602 nec
2131 4563 2315 4603 exem-

2423 2048 2522 2110 τὰς
2572 2049 2793 2100 ἐννοεῖν·
2860 2047 2952 2100 καὶ
3002 2046 3173 2110 οὕτως
3214 2047 3274 2100 τὸ
3325 2045 3572 2099 σύνθετον
3622 2049 3686 2116 τῇ
3731 2047 3998 2118 αἰσθήσει,

2428 2140 2630 2193 ἁπλοῦν
2655 2140 2732 2211 τῷ
2774 2138 2854 2194 νοῒ
2883 2140 3107 2208 γίνεταιο
3140 2140 3234 2192 καὶ
3262 2138 3597 2210 θαυμάζεται
3640 2142 3672 2210 ἡ
3708 2143 3855 2193 αἰτία
3901 2141 3998 2211 τῆς

2430 2232 2748 2302 ίεραρχικῆς
2782 2233 3106 2303 ἐπιστήμης,
3153 2234 3318 2302 ἤγουν
3348 2236 3375 2286 ό
3412 2232 3565 2298 Θεὸς,
3597 2235 3651 2285 ἐν
3688 2234 4001 2304 τελεταρχι-

2431 2329 2554 2388 καῖς
2583 2326 2676 2378 καὶ
2711 2325 3110 2396 προσηκούσαις
3160 2327 3547 2397 εὐχαριστίαις.
3593 2326 3677 2388 Ὡς
3708 2326 3816 2397 γὰρ
3845 2330 3872 2380 ὁ
3901 2326 3999 2397 βα-

2425 2417 2600 2478 σιλεὺς
2635 2415 2926 2487 βασιλικοῖς
2962 2417 3158 2486 λόγοις,
3210 2416 3372 2469 οἱονεὶ
3417 2418 3482 2487 τῇ
3533 2416 3773 2487 βασιλείᾳ
3827 2434 4000 2488 προσ-

2423 2510 2635 2580 ήκουσι,
2678 2508 3033 2579 μεγαλύνεται
3059 2525 3071 2538 ·
3105 2508 3244 2560 οὕτω
3273 2511 3363 2562 καὶ
3405 2509 3438 2578 ἡ
3483 2508 3794 2580 τελετάρχις
3819 2509 3998 2573 οὐσία,

2424 2602 2603 2672 λόγοις
2631 2602 3034 2674 τελεταρχικοῖς
3069 2603 3486 2672 εὑχαριστεῖται.

2498 2868 2723 2942 Πρῶτον
2753 2870 2799 2924 δ’
2825 2867 3078 2924 ἁπάντων
3101 2869 3274 2922 ἐκεῖνο
3302 2868 3552 2941 λέγομεν,
3579 2871 3693 2923 κατ’
3717 2871 3996 2942 ἀλήθειαν,

2425 2964 2512 3018 ἵνα
2533 2964 2627 3036 μὴ,
2654 2963 2890 3027 ἀκούσας
2911 2979 2994 3028 τις
3013 2963 3073 3017 τὸ
3094 2963 3200 3016 τῶν
3226 2963 3506 3035 δυνάμεων
3531 2965 3830 3035 μεγαλεῖον,
3857 2967 4002 3037 ὑπὲρ.

2422 3056 2492 3109 τὰ
2526 3057 2798 3127 κτίσματα
2842 3057 3114 3126 λογίσαιτο
3151 3057 3369 3120 ταύτας.
3397 3058 3641 3130 Λέγομεν
3673 3059 3870 3124 τοίνυν,
3915 3061 4000 3112 ὅτι

2425 3149 2599 3210 πάσας
2631 3148 2798 3212 αὑτὰς
2830 3131 3254 3218 ἀγαθότητι,καὶ
3267 3148 3325 3200 οὺ
3339 3149 3516 3220 χρείᾳ,
3547 3151 3575 3202 ὁ
3597 3149 3726 3212 Θεὸς
3757 3150 3998 3220 ὑπέστη-

2427 3257 2536 3294 σεν·
2579 3239 2820 3312 ἔστιγὰρ
2843 3238 3000 3292 τοῦτο
3036 3239 3136 3310 τῆς
3165 3240 3508 3312 ἁγαθότητος-
3544 3240 3693 3304 ἴδιον,
3724 3242 3817 3294 τοῦ
3858 3243 3998 3296 Θεοῦ

2422 3334 2520 3406 τῆς
2543 3333 2759 3386 πάντων
2785 3331 2962 3396 αἰτίας
2993 3335 3086 3388 καὶ
3115 3335 3255 3407 ὑπὲρ
3279 3336 3475 3398 πάντα,
3501 3335 3561 3387 τὸ
3600 3337 3734 3406 πρὸς
3762 3339 3998 3407 μετοχὴν

2422 3428 2616 3498 ἑαυτῆς
2641 3427 2708 3480 τὰ
2726 3426 3030 3480 ὑποστάντα
3073 3427 3276 3490 καλεῖν,
3308 3427 3446 3480 κατὰ
3467 3428 3556 3480 τὸν
3578 3428 3673 3498 τῆς
3706 3429 3998 3496 ἀναλογίας

2423 3519 2652 3590 ἑκάστου
2676 3517 2970 3589 διορισμόν.
3015 3518 3309 3587 Ἀναλόγως
3337 3517 3444 3590 γὰρ
3473 3518 3652 3582 καθώς
3683 3521 3796 3572 ἐστι
3830 3521 3889 3572 τὸ
3914 3521 3994 3587 ὃν,

2420 3585 2568 3660 κατά
2608 3585 2774 3661 τοῦτον
2800 3585 3018 3662 καὶτοῦ
3052 3585 3218 3661 Θείου-
3263 3585 3498 3680 μετέχει·
3548 3610 3596 3660 εί
3638 3608 3732 3677 μὲν
3787 3585 3996 3678 ἄψυχόν

2419 3699 2554 3764 ἐστι,
2586 3699 2685 3770 τὴν
2716 3698 2972 3768 όντότητα
2997 3699 3161 3768 μόνην
3191 3697 3323 3769 ἔχει·
3361 3699 3407 3750 εί
3437 3697 3493 3750 δὲ
3523 3695 3678 3760 ζῶον,
3710 3698 3802 3749 καὶ
3823 3700 3999 3770 αὐτὴν

2419 3790 2516 3862 τὴν
2542 3789 2706 3864 ζωήν·
2743 3793 2792 3843 εί
2819 3790 2877 3844 δὲ
2921 3791 3015 3843 καὶ
3054 3790 3287 3857 λογικὸν,
3325 3791 3417 3843 καὶ
3447 3788 3576 3842 αὐτὸ
3608 3789 3668 3841 τὸ
3695 3788 3907 3857 λογικόν
3931 3809 3992 3844 τε

2419 3886 2513 3937 καὶ
2569 3886 2775 3956 νοερὸν,
2841 3883 3023 3946 καθὼς
3061 3881 3412 3954 παρακατιὼν
3455 3882 3653 3954 τίθησι.
3693 3884 3874 3937 Πάντα
3922 3883 3993 3937 τὰ

2421 3979 2548 4031 ὅντα
2589 3979 2769 4031 τοίνυν
2845 3980 3058 4049 μετέχει
3108 3981 3203 4052 τῆς
3252 3979 3399 4042 θείας
3454 3977 3729 4049 προνοίας,
3780 3981 3842 4030 ὲκ
3890 3978 3992 4048 τῆς

2420 4070 2744 4141 ὑπερουσίου
2781 4070 3030 4140 θεότητος
3079 4070 3422 4141 ἐκχεομένης.
3470 4069 3564 4123 Ἐκ
3613 4069 3800 4122 τούτου
3857 4071 3988 4140 γὰρ,

2420 4162 2564 4229 λέγει
2615 4162 2707 4215 καὶ
2744 4164 2771 4214 ὁ
2811 4161 3068 4230 Θεολὸγος
3115 4162 3429 4233 Γρηγόριος,
3463 4162 3577 4215 ἀλλ’
3607 4162 3714 4214 ἔδει
3765 4161 3988 4231 χεθῆναι

2419 4255 2480 4306 τὸ
2514 4253 2735 4322 ἀγαθόν·
2771 4253 2910 4306 ὥστε
2958 4255 3325 4307 ἀνυπόστατον
3365 4254 3426 4306 τὸ
3458 4254 3623 4306 κακὸν
3658 4256 3749 4307 καὶ
3787 4253 3860 4325 μὴ
3903 4256 3984 4306 6v-

2418 4346 2604 4417 ἐπειδὴ
2639 4347 2711 4417 μὴ
2749 4346 2963 4417 μετέχει
2999 4346 3091 4399 τοῦ
3135 4347 3290 4409 Θεοῦ,
3334 4346 3472 4399 κατὰ
3523 4345 3772 4416 στέρησιν
3823 4345 3990 4412 ἕξεως

2421 4437 2758 4506 φαινόμενον,
2793 4435 2906 4488 ἀλλ’
2946 4437 3007 4489 οὺ
3063 4434 3165 4489 κᾶν
3196 4436 3257 4488 τὸ
3297 4435 3682 4507 πρωτοτύπως,
3731 4435 3804 4506 μὴ
3837 4436 3895 4488 ὃν
3929 4438 3990 4488 ὲν

2419 4531 2593 4600 οὐσίᾳ.
2626 4528 2749 4592 Πῶς
2783 4529 2890 4601 γὰρ
2920 4529 2987 4583 ἂν
3016 4524 3083 4600 ἦν
3124 4545 3174 4581 τι
3208 4527 3286 4594 ὃν,
3319 4530 3365 4581 εί
3397 4527 3469 4599 μὴ
3503 4531 3714 4598 μετεῖχε
3752 4528 3849 4597 τῆς
3877 4527 3989 4580 τῶν

751 4624 977 4693 plariter
1001 4626 1053 4679 in
1093 4631 1330 4682 essentia
1360 4632 1646 4684 exsistens.
1680 4631 1959 4698 Quomodo
1983 4638 2125 4691 enim
2154 4641 2310 4707 quid-

2423 4623 2588 4675 όντων
2635 4624 2854 4687 οὑσίας;
2894 4623 3056 4674 Ὀντα
3107 4621 3162 4673 δὲ
3208 4620 3436 4675 ἐνταῦθα
3483 4620 3625 4689 λέγει
3675 4621 3774 4691 τὴν
3824 4621 3988 4688 ἁγίαν

751 4733 915 4786 quam
947 4727 1087 4784 erat,
1138 4721 1183 4772 si
1235 4735 1414 4774 rerum
1458 4725 1746 4779 essentiam
1775 4741 2116 4799 nequaquam
2151 4733 2319 4802 parti-

750 4808 1001 4876 cipabat?
1028 4810 1382 4866 Exsistentem
1403 4823 1582 4868 autem
1615 4827 1772 4872 vocat
1803 4819 1889 4873 hic
1910 4823 2311 4880 sanctissimam

755 4896 1111 4965 Trinitatem;
1147 4918 1266 4971 quae
1319 4920 1440 4958 cum
1492 4923 1673 4960 rerum
1723 4921 2029 4966 creatarum
2060 4916 2129 4969 sit
2156 4932 2315 4971 crea-

751 4989 885 5053 trix,
924 5001 977 5044 et
1006 4992 1357 5061 principium,
1390 5003 1444 5048 et
1478 5011 1664 5062 causa,
1710 4997 1778 5050 ab
1808 5001 1872 5052 iis
1911 5000 2043 5069 ipsis
2073 5019 2191 5070 qua:
2227 5019 2320 5072 per

752 5080 923 5147 ipsam
954 5081 1007 5134 in
1034 5082 1206 5136 lucem
1238 5085 1578 5152 prodierunt,
1613 5089 1931 5157 participari
1964 5092 2182 5145 dicitur.

823 5172 952 5238 Quae
1001 5174 1181 5240 itaque
1212 5175 1509 5230 inanimata
1544 5188 1670 5231 sunt
1704 5182 1886 5233 omnia
1909 5222 1924 5246 ,
1973 5197 2096 5235 cum
2133 5185 2304 5237 solum

751 5267 881 5331 sint,
918 5268 1253 5335 participant
1299 5269 1542 5323 divinum
1577 5271 1782 5328 Numen
1831 5278 2134 5330 secundum
2168 5294 2310 5343 esse,

751 5375 1065 5426 quanquam
1109 5377 1273 5431 supra
1320 5364 1451 5417 illud
1495 5381 1620 5420 esse
1664 5369 1734 5423 sit
1782 5370 1991 5424 Numen
2033 5372 2159 5435 Dei;
2190 5389 2316 5439 quae

754 5467 885 5505 vero
920 5451 1133 5518 vivunt,
1186 5467 1552 5525 praeterquam
1585 5464 1729 5528 quod
1761 5464 2092 5532 participent
2119 5467 2317 5518 entita-

757 5552 906 5608 tem,
948 5546 1054 5598 vim
1101 5563 1319 5616 quoque
1372 5550 1634 5606 viviﬁcam
1688 5569 1752 5608 ac
1797 5555 2034 5610 divinam
2086 5559 2317 5626 partici-

856 5673 897 5697 ·
929 5664 1068 5718 Psal.
1114 5681 1379 5729 CU‘LXVIII,
1428 5669 1482 5722 6.

827 5764 902 5828 (εδ)
943 5759 1070 5815 Vide
1099 5763 1225 5816 εει..
1260 5764 1318 5819 S.
1355 5763 1493 5818 Max.
1544 5773 1586 5818 t.
1615 5767 1678 5830 ll,
1703 5783 1750 5819 (τ.
1783 5767 1828 5820 4.

2427 4714 2652 4785 Τριάδα,
2683 4716 2803 4784 ἥτις
2830 4715 2937 4767 τῶν
2959 4712 3190 4766 κτιστῶν
3219 4709 3350 4766 οὖσα
3381 4713 3724 4782 δημιουργὸς,
3754 4715 3845 4765 καὶ
3895 4714 3990 4784 ἀρ-

2421 4809 2511 4877 χὴ,
2546 4808 2637 4860 καὶ
2679 4807 2842 4870 αἰτία,
2880 4806 2936 4872 ὲξ
2970 4805 3145 4859 αὐτῶν
3175 4805 3281 4858 τῶν
3325 4805 3450 4876 παρ’
3483 4803 3649 4875 αὐτῆς
3675 4805 3754 4867 είς
3798 4806 3986 4858 οὐσίαν

2422 4900 2682 4952 ἐλθόντων
2717 4899 3032 4968 μετέχεσθαι
3056 4899 3288 4965 λέγεται.

2499 5203 2580 5254 Τὰ
2617 5201 2712 5270 μὲν
2747 5195 2836 5252 οὖν
2868 5200 3048 5269 ἄψυχα
3099 5199 3305 5260 πάντα,
3346 5197 3465 5249 ἐπεὶ
3500 5197 3654 5266 μόνον
3679 5193 3808 5245 ὅντα
3844 5190 3982 5251 εἰσὶ,

2430 5289 2756 5360 μετέχειτοῦ
2780 5289 2936 5341 Θείου
2976 5288 3116 5340 κατὰ
3156 5288 3217 5340 τὸ
3263 5284 3398 5340 εἶναι
3437 5288 3527 5338 καὶ
3550 5281 3680 5336 καθό
3707 5283 3844 5344 εἱσι,
3880 5279 3984 5332 κᾶν

2424 5381 2516 5432 καὶ
2541 5380 2678 5448 ὑπὲρ
2700 5380 2758 5431 τὸ
2803 5376 2936 5431 εἷναί
2963 5381 3076 5429 ἐστι
3107 5377 3168 5430 τὸ
3208 5377 3389 5429 Θεῖον·
3420 5376 3485 5427 τὰ
3509 5375 3563 5425 δὲ
3597 5374 3770 5437 ζῶντα
3790 5411 3804 5434 ,
3850 5369 3988 5440 πρὸς

2421 5471 2499 5540 τῷ
2544 5471 2785 5540 μετέχειν
2810 5471 2900 5522 τοῦ
2936 5467 3069 5522 εἶναι
3091 5510 3104 5530 ,
3151 5470 3431 5540 μετέχουσι
3476 5468 3569 5520 καὶ
3599 5465 3696 5532 τῆς
3722 5461 3988 5526 ζωοποιοῦ

2432 5560 2526 5612 καὶ
2575 5559 2722 5622 θείας
2757 5562 3068 5631 δυνάμεως,
3101 5562 3147 5612 εἰ
3182 5562 3273 5613 καὶ
3303 5560 3441 5629 ὑπὲρ
3469 5560 3642 5610 πᾶσαν
3669 5554 3812 5624 ζωήν
3847 5556 3987 5606 ἐστι’
