4176 6308
156 392 255 447 189

644 389 730 444 DE
762 388 1084 445 C(ELESTI
1121 385 1558 452 IIIERARCHIA,
1592 382 1742 442 CAP.
1782 384 1871 443 IV.
1929 400 1995 428 -‘-
2026 386 2371 443 PABAPHR.
2411 384 2876 441 PACHYMERE.
3274 387 3379 435 iUt;

152 510 220 563 τὰ
244 508 302 562 δὲ
325 506 538 575 λογικὰ,
578 508 721 579 ἅπερ
747 506 913 576 ἐσμὲν
946 506 1131 577 ἡμεῖς,
1160 504 1255 559 καλ⁵
1280 504 1460 576 νοερὰ,
1492 504 1639 576 ἅπερ
1671 506 1719 557 οί

1826 512 1989 573 pant,
2044 502 2261 557 tametsi
2321 501 2436 555 haec
2485 515 2699 569 quoque
2746 515 2905 569 supra
2956 514 3170 555 onmem
3218 501 3383 553 vitam

155 601 394 671 ἄγγελοι,
419 601 703 673 μετέχουσι
729 600 827 670 τῆς
848 597 1167 661 αὐτοτελοῦς
1196 597 1383 666 σοφίας
1400 615 1413 627 ·
1438 596 1595 650 τοῦτο
1617 598 1723 668 γάρ

156 698 272 749 ἐστι
302 695 457 764 λόγος
494 695 590 747 καὶ
622 691 805 761 νόησις
833 691 926 743 τοῦ
967 690 1101 744 Θεοῦ
1122 731 1137 753 ,
1189 691 1292 745 κᾶν
1325 689 1419 744 καὶ
1462 690 1602 762 ὑπὲρ
1632 689 1722 744 τὸν

155 785 309 855 λόγον
336 788 428 841 καὶ
452 783 575 837 νοῦν
599 785 713 836 ἐστι
742 782 932 838 ταῦτα.
956 782 1296 853 Ποριζόμεθα
1327 784 1502 837 τοίνυν
1526 785 1589 836 ὲκ
1609 782 1726 835 τού-

154 896 281 942 των,
308 880 388 931 ὅτι
410 876 479 929 τὰ
503 875 663 947 νοερὰ
686 875 902 937 πάντως
923 875 1001 946 τῷ
1029 874 1146 945 Θεῷ
1170 872 1527 944 πλησιάζουσι
1546 891 1559 904 ο
1592 891 1722 946 μετ-

159 969 341 1039 έχουσι
390 967 501 1038 γὰρ
538 965 701 1021 αὑτοῦ
736 965 1019 1036 πολλαχῶς
1049 968 1142 1019 καὶ
1175 965 1316 1019 κατὰ
1338 964 1399 1019 τὸ
1426 962 1596 1029 εἶναι,
1634 967 1725 1018 καὶ

158 1059 297 1112 κατὰ
331 1056 391 1110 τὸ
416 1057 547 1128 ζῇν,
584 1059 677 1111 καὶ
714 1054 854 1110 κατὰ
878 1057 939 1109 τὸ
962 1056 1155 1126 λογικὰ
1193 1053 1351 1123 εἶναι,
1386 1058 1479 1111 καὶ
1517 1057 1595 1112 ἔτι
1630 1060 1724 1113 καὶ

156 1152 335 1223 νοερὰ.

227 1422 255 1495 §
290 1424 351 1480 II.
390 1425 455 1478 Al
486 1424 614 1495 γοῦν
641 1425 793 1494 ὰγιαι
820 1425 911 1479 καὶ
937 1426 1183 1496 οὐράνιαι
1209 1422 1726 1497 διακοσμήσεις,·καὶ

156 1518 296 1588 ὑπὲρ
329 1517 397 1571 τὰ
426 1518 599 1589 μόνως
623 1518 749 1572 ὄντα
779 1519 848 1572 τὰ
882 1518 1095 1589 ἄψυχα,
1131 1520 1223 1571 καὶ
1255 1519 1396 1591 ὑπὲρ
1420 1518 1488 1573 τὰ
1519 1519 1726 1588 ἀλόγως

156 1609 333 1675 ζῶντα
357 1651 371 1674 ,
401 1611 494 1664 καὶ
520 1610 657 1682 ὑπὲρ
688 1610 758 1665 τὰ
793 1610 913 1664 καθ’
938 1612 1087 1681 ἡμᾶς
1125 1611 1316 1679 λογικὰ
1346 1612 1472 1675 τοὺς
1515 1610 1725 1682 ἀνθρώ-

158 1720 320 1766 πους*
344 1702 414 1756 τὰ
441 1704 538 1773 μὲν
560 1703 668 1775 γὰρ
693 1703 886 1774 μόνως,
909 1703 978 1757 τὰ
999 1703 1055 1756 δὲ
1076 1703 1287 1769 διττῶς,
1313 1704 1381 1757 τὰ
1402 1705 1457 1758 δὲ
1497 1703 1726 1775 τριττῶς

155 1794 254 1865 τῆς
280 1795 433 1858 θείας
464 1796 747 1866 μετέχουσι
789 1797 1075 1862 διαδόσεως
1096 1816 1109 1829 ·
1155 1798 1210 1852 αἱ
1256 1798 1385 1867 γοῦν
1417 1798 1598 1868 νοεραὶ
1636 1798 1727 1850 καὶ

1824 598 2081 661 exsistat;
2118 612 2238 664 qua:
2266 610 2401 649 vero
2437 595 2718 649 rationalia
2747 604 2894 659 sunt,
2926 596 3002 650 uti
3038 611 3155 660 nos,
3188 605 3241 649 et
3271 596 3384 664 spi-

1826 689 2001 741 ritalia
2030 729 2044 752 ,
2089 690 2237 742 sicut
2285 688 2501 758 angeli.,
2532 696 2812 756 compotes
2845 698 2970 743 sunt
3002 688 3169 757 ipsius
3200 702 3294 753 per
3326 704 3383 742 se

1814 780 2075 850 perfectae
2102 781 2416 849 sapientiae,
2452 782 2723 851 siquidem
2779 780 2892 836 hac
2931 783 3069 837 ratio
3099 791 3181 838 est
3211 788 3264 835 et
3299 782 3384 835 in-

1826 873 2061 928 tellectio
2102 874 2193 927 Dei
2221 913 2234 939 ,
2271 872 2395 928 licet
2427 873 2585 928 simul
2618 873 2691 927 sit
2730 886 2892 943 supra
2921 876 3182 930 rationem
3211 886 3265 931 et
3295 878 3381 931 in-

1827 965 2199 1034 telligentiam.
2251 965 2326 1020 Ex
2382 966 2467 1020 his
2514 967 2697 1036 itaque
2748 967 3156 1036 prmstantiores
3198 970 3382 1023 evadi-

1827 1073 1972 1117 mus,
2006 1059 2264 1127 quoniam
2315 1058 2583 1126 spiritalia
2639 1057 2753 1113 Deo
2806 1073 3031 1127 prorsus
3086 1060 3380 1129 apprOpin-

1825 1160 2027 1219 quant;
2061 1151 2330 1219 siquidem
2386 1152 2563 1219 ipsum
2617 1151 2989 1222 multipliciter
3036 1152 3381 1222 participant,

1826 1250 1936 1296 tum
1969 1244 2110 1312 quod
2138 1245 2247 1297 sint
2281 1252 2396 1297 tum
2426 1244 2567 1313 quod
2600 1247 2801 1310 vivant,
2835 1255 2946 1300 tum
2976 1245 3121 1317 quod
3147 1247 3384 1301 rationa-

1825 1335 1896 1388 lia
1927 1336 2036 1388 sint
2067 1344 2230 1404 atque
2261 1335 2485 1404 insuper
2521 1337 2806 1405 spiritalia.

1896 1423 1925 1496 ς
1956 1423 2017 1477 Π.
2056 1425 2267 1479 Sancta:
2294 1426 2460 1494 igitur
2482 1426 2839 1497 caelestesque
2871 1428 3261 1498 dispositiones
3290 1443 3380 1483 su-

1829 1530 2021 1585 perant
2050 1532 2111 1571 ea
2141 1532 2262 1586 qua:
2289 1519 2467 1573 solum
2490 1530 2615 1573 sunt
2644 1520 2956 1587 inanimata,
2986 1532 3148 1591 atque
3174 1535 3235 1574 ea
3264 1537 3384 1590 quae

1826 1607 1944 1661 sine
1976 1609 2180 1663 ratione
2212 1610 2405 1665 vivunt
2435 1625 2535 1664 nec
2587 1626 2693 1666 non
2727 1627 2790 1667 ea
2821 1627 2941 1681 qua:
2972 1614 3252 1668 nobiscum
3283 1614 3383 1669 ho-

1825 1702 2062 1757 minibus
2096 1704 2309 1758 ratione
2353 1714 2653 1773 reguntur:
2692 1705 2785 1759 illa
2823 1705 3091 1775 siquidem
3120 1706 3381 1775 simplici-

1828 1796 2061 1856 ter.’ista
2092 1796 2405 1864 dupliciter,
2445 1808 2610 1869 atque
2656 1799 2773 1851 haec
2810 1798 3097 1871 tripliciter
3140 1798 3384 1852 divinum

155 1885 403 1956 οὐράνιαι
444 1887 720 1958 τετραχῶς
766 1905 825 1941 τε
861 1889 955 1942 καὶ
1000 1889 1278 1960 πολλαχῶς
1319 1890 1521 1960 ταύτης
1567 1888 1724 1959 μετέ-

1830 1904 2026 1941 munus
2055 1890 2409 1959 participant;
2459 1893 2551 1946 sed
2584 1890 2855 1959 spiritales
2886 1891 3001 1944 istte
3027 1891 3386 1959 caelestesque

156 1996 330 2049 χουσι.
367 1980 517 2042 Τέως
546 1997 608 2049 γε
636 1982 730 2053 μὴ,
760 1980 950 2052 ῶσπερ
976 1983 1060 2050 ἐφ’
1087 1982 1240 2052 ἡμῶν
1264 1982 1410 2035 ἔστιν
1466 1983 1611 2047 ἰδεῖν,
1645 1985 1726 2038 ὅτι

158 2071 219 2122 ἐκ
250 2069 361 2123 τῶν
388 2071 707 2142 κρειττόνων
741 2071 1011 2142 λεγόμεθα
1031 2111 1044 2135 ,
1074 2074 1166 2126 καὶ
1198 2073 1542 2145 κυριωτέρως
1577 2073 1728 2143 λεγό-

161 2163 298 2233 μεθα
339 2163 545 2232 λογικοὶ
568 2164 696 2236 παρ’
724 2164 751 2217 ὃ
781 2163 927 2228 ζῶα,
963 2164 995 2235 ἢ
1023 2166 1114 2218 καὶ
1145 2166 1298 2229 ὄντα,
1328 2165 1471 2218 οὕτω
1507 2168 1602 2221 καὶ
1635 2168 1727 2220 ἐπὶ

156 2253 266 2307 τῶν
292 2254 452 2309 θείων
475 2255 755 2327 δυνάμεων
776 2275 790 2289 ο
819 2260 911 2312 καὶ
931 2258 1059 2311 ὄντα
1084 2260 1191 2329 γάρ
1219 2260 1355 2312 εἰσιν
1379 2261 1610 2322 ἐκεῖναι,
1636 2260 1728 2313 καὶ

156 2346 290 2410 ζῶσι
312 2388 327 2411 ,
353 2348 446 2401 καὶ
468 2348 679 2417 λογικαί
724 2350 864 2403 εἰσιν
882 2391 895 2413 ,
923 2350 1036 2403 ἀλλ’
1061 2352 1211 2421 ὅμως
1253 2368 1336 2403 vos
1347 2352 1434 2423 ρα“ι
1460 2351 1721 2420 λέγονται.

156 2438 264 2490 Καὶ
293 2436 483 2509 ῶσπερ
509 2440 654 2508 ἡμᾶς
700 2439 951 2510 σεμνύνει
980 2440 1043 2494 τὺ
1068 2440 1209 2493 κατὰ
1232 2440 1385 2511 λόγον
1427 2443 1723 2507 κινεῖσθαι,

156 2526 296 2581 οὕτω
342 2530 623 2594 κάκείναις
673 2532 773 2602 τὴν
818 2531 1177 2607 θεομιμησίαν
1218 2535 1477 2607 παρέχει,
1525 2537 1722 2607 νοερῶς

157 2621 521 2691 κινουμέναις,
551 2625 643 2677 καὶ
668 2624 804 2695 πρὸς
830 2604 933 2695 τὴν
958 2624 1253 2698 θεαρχικὴν
1274 2604 1509 2700 ὁρώσαις
1530 2604 1727 2701 ὁμοίω-

158 2729 271 2777 σιν,
313 2715 561 2768 κάκεῖθεν
612 2705 925 2786 ὲφιεμένσίις
963 2720 1200 2790 μορφοῦν
1240 2723 1301 2775 τὸ
1325 2723 1509 2794 νοερὸν
1548 2724 1726 2779 αὐτῶν

156 2799 290 2867 εἶδος
312 2822 327 2836 ’
364 2808 457 2860 καὶ
478 2806 565 2860 διὰ
593 2808 751 2862 τοῦτο
784 2812 877 2863 καὶ
901 2812 1151 2879 πλείονας
1176 2816 1399 2880 είκότως
1423 2817 1601 2889 ἔχουσι
1628 2817 1727 2881 τὰς

157 2897 294 2963 πρὸς
318 2898 488 2969 αὐτὴν
520 2900 824 2965 κοινωνίας,
853 2902 929 2967 ὼς
951 2900 1130 2969 οὖσαι,
1156 2908 1232 2970 ὡς
1258 2907 1450 2974 ζῶσαι,
1483 2909 1557 2974 ὼς
1583 2904 1727 2980 λογι-

156 2988 268 3052 καὶ,
295 2990 392 3041 καὶ
423 2990 504 3042 ἐτι
536 2990 611 3053 ὡς
637 2993 817 3063 νοεραὶ
859 2995 953 3048 καὶ
988 3001 1270 3069 προσεχεῖς
1306 3000 1596 3068 μένουσαι,
1631 3003 1725 3056 καὶ

154 3080 213 3132 ού
236 3080 683 3152 διεσκεδασμέναι
728 3086 868 3140 κατὰ
892 3088 992 3160 τὴν
1020 3089 1271 3162 διάφορον
1295 3090 1518 3165 γνώμην
1539 3133 1552 3159 ,
1587 3094 1724 3167 ὅπερ

156 3175 301 3228 ἐστὶν
323 3177 381 3228 ὲν
408 3176 534 3246 ἡμῖν
563 3176 633 3249 (οί
656 3177 763 3251 γὰρ
790 3182 848 3234 ὲν
870 3180 990 3251 Θεῷ
1020 3182 1190 3249 ὄντες,
1220 3187 1551 3257 συνημμένοι
1584 3188 1721 3252 εἰσὶ,

156 3265 338 3331 καθὼς
386 3270 477 3322 καὶ
513 3270 662 3341 παρὰ
709 3271 817 3325 τῶν
870 3272 1029 3328 θείων
1073 3275 1305 3346 Γραφῶν
1343 3277 1718 3349 μανθάνομεν’

154 3358 239 3410 ὅτε
275 3359 387 3431 γὰρ
412 3360 551 3413 κατὰ
574 3362 774 3433 κόσμον
804 3362 996 3435 ἔμελλε
1034 3367 1298 3423 κινεῖσθαι
1321 3370 1349 3421 ό
1374 3368 1589 3438 πρῶτος
1613 3370 1723 3424 τῶν

160 3450 441 3523 μαθητῶν,
470 3453 641 3522 ἔλεγεν
677 3454 911 3526 Ὑπάγω
938 3459 1219 3525 ἁλιεύειν,
1260 3461 1530 3532 δηλονότι,
1560 3463 1723 3535 χωρί-

156 3543 317 3613 ζομαι
344 3544 403 3612 ἐξ
425 3548 576 3617 ὑμῶν
596 3567 607 3580 ·
636 3552 723 3603 ὅτε
749 3550 805 3604 δὲ
838 3552 1120 3605 ἐπίστευον
1148 3554 1197 3606 οί
1232 3554 1603 3620 πιστεύοντες,
1627 3557 1721 3611 καὶ

154 3635 293 3688 κατὰ
319 3636 449 3690 θεὸν
473 3634 628 3709 ἦσαν·
666 3637 885 3706 Ἦσαν,
923 3644 1113 3715 φησὶν,
1148 3646 1247 3699 ἐπὶ
1287 3646 1352 3699 τὸ
1381 3647 1526 3701 αὐτὸ
1578 3664 1721 3703 συν-

154 3727 440 3799 ηγμένοι),
483 3731 576 3783 καὶ
627 3732 712 3785 ἀεὶ
736 3733 1147 3804 ὰνατεινόμεναι
1172 3736 1305 3807 πρὸς
1327 3737 1388 3790 τὸ
1410 3736 1636 3802 ἄναντες
1662 3739 1720 3791 ὲν

151 3808 400 3893 συντονίᾳ
436 3823 529 3876 τοῦ
566 3824 708 3878 θείου
736 3826 827 3879 καὶ
858 3827 1110 3893 ὰκλινοῦς
1135 3828 1353 3901 ἔρωτος.
1380 3830 1476 3893 Τίς
1514 3830 1624 3903 γὰρ
1660 3830 1719 3898 ἐξ

154 3909 308 3981 ἡμῶν
340 3912 570 3985 ἐζήτησε
600 3914 816 3970 πώποτε
837 3957 850 3981 ,
876 3920 969 3972 καὶ
1012 3918 1197 3989 ἔφεσιν
1222 3920 1344 3993 ἔσχε
1366 3961 1380 3985 ,
1416 3922 1599 3992 βοείαν
1635 3922 1720 3977 δέ·

154 3999 348 4065 ξασθαι
386 4003 616 4074 κίνησιν,
646 4006 677 4077 ἢ
706 4007 851 4062 λίθου
877 4012 1000 4064 τινὰ
1029 4010 1261 4082 ἰδιότητα
1282 4014 1461 4080 βὰλλὰ
1500 4016 1720 4082 πάντως

154 4090 185 4158 ὴ
213 4090 396 4161 ἔφεσις
418 4096 509 4147 ἐπὶ
533 4096 593 4149 τὸ
620 4095 841 4159 ἄναντες
871 4102 1003 4155 ἐστι.
1034 4102 1202 4157 Τοῦτό
1225 4105 1339 4158 ἑστι
1365 4106 1458 4159 καὶ
1482 4106 1573 4161 ἐπὶ
1596 4111 1716 4173 ταῖς

153 4182 467 4250 ἁγγελικαῖς
496 4188 590 4240 καὶ
632 4188 802 4254 θείαις
830 4191 1121 4263 δυνάμεσιν
1141 4234 1155 4259 ,
1186 4196 1271 4249 ἀεὶ
1314 4198 1409 4250 καὶ
1446 4197 1706 4267 ἐφίενται,

154 4274 243 4325 καὶ
269 4275 596 4346 εἰσδέχονται
622 4278 719 4343 τὰς
748 4282 979 4351 ἀρχικὰς
999 4286 1091 4338 καὶ
1114 4284 1259 4350 θείας
1285 4286 1595 4359 ὲλλάμψεις,
1621 4291 1715 4345 καὶ

154 4364 284 4431 πρὸς
306 4365 407 4430 τὰς
433 4368 725 4440 suspect;
748 4373 1060 4442 τάττονται,
1089 4379 1182 4431 καὶ
1203 4380 1303 4451 τὴν
1326 4379 1469 4453 ζωὴν
1496 4381 1715 4438 ἅπασαν

154 4452 355 4507 ἑαυτῶν
394 4459 587 4529 νοερὰν
620 4460 863 4532 ἔχουσιν
903 4468 959 4518 αἱ
1001 4466 1110 4539 γὰρ
1160 4469 1336 4523 αὐτῶν
1367 4471 1543 4526 οὐσίαι
1591 4474 1715 4539 νοῦς

1828 1990 2037 2033 natura:
2073 1980 2505 2048 quadrupliciter
2551 1997 2615 2036 ac
2669 1981 3052 2050 multipliciter
3085 1981 3199 2047 ejus
3235 1997 3381 2035 com-

1828 2081 1983 2139 potes
2036 2072 2329 2129 exsistunt.
2388 2072 2608 2127 Interim
2664 2074 2901 2138 minime,
2933 2074 3384 2143 quemadmodum

1826 2163 1983 2218 nobis
2037 2179 2135 2218 usu
2182 2166 2325 2219 venit
2379 2175 2437 2220 ut
2479 2182 2544 2221 et
2593 2167 2839 2236 partibus
2891 2165 3248 2220 nobilioribus
3294 2181 3386 2234 ap-

1827 2254 2090 2325 pellemur
2118 2295 2133 2321 ,
2178 2266 2233 2310 et
2267 2257 2438 2325 magis
2476 2258 2692 2327 proprie
2722 2258 2951 2312 rationis
2983 2269 3265 2324 compotes
3298 2258 3384 2311 di-

1827 2363 2014 2401 camur
2042 2363 2202 2417 quam
2236 2349 2317 2402 vel
2347 2349 2623 2410 animalia.
2654 2350 2735 2404 vel
2759 2349 2921 2417 entia,
2945 2351 3016 2403 ita
3050 2351 3211 2403 etiam
3241 2352 3387 2406 circa

1827 2439 2080 2495 etclestes
2113 2439 2235 2499 illas
2267 2440 2493 2494 virtutes
2524 2441 2737 2508 agitur;
2785 2450 2908 2495 sunt
2960 2455 3187 2508 namque
3216 2441 3385 2508 entia,

1825 2541 1878 2587 et
1909 2534 2120 2596 vivunt,
2151 2540 2205 2585 et
2236 2532 2447 2586 ratione
2480 2532 2709 2601 pollent,
2758 2540 2811 2585 et
2843 2531 3194 2585 nihilominus
3224 2530 3385 2585 simul

1825 2624 2098 2693 Spiritales
2128 2633 2541 2693 nuncupantur.
2576 2623 2645 2677 Et
2692 2624 2835 2679 sicut
2883 2623 3039 2677 nobis
3083 2623 3226 2677 laudi
3277 2633 3383 2687 est,

1825 2716 2122 2772 secundum
2153 2716 2415 2769 rationem
2450 2715 2687 2781 moveri;
2720 2716 2793 2768 ita
2827 2730 3042 2785 quoque
3074 2714 3179 2769 illis
3224 2713 3386 2784 spiri-

1832 2807 2013 2862 taliter
2046 2806 2226 2871 motis,
2254 2814 2310 2861 et
2340 2809 2406 2861 ad
2441 2805 2680 2861 divinam
2714 2807 3083 2876 spectantibus
3131 2804 3388 2859 similitu-

1825 2898 2033 2965 dinem,
2061 2899 2295 2969 indeque
2318 2899 2619 2969 spiritalem
2653 2914 2804 2954 suam
2836 2899 3072 2969 speciem
3101 2896 3389 2953 etl’ormare

1824 2989 2206 3060 cupientibus,
2259 2992 2498 3046 divinam
2551 2991 2740 3046 tribuit
2794 2990 3189 3054 imitationem;
3248 3004 3386 3059 qua-

1824 3092 2043 3152 propter
2072 3086 2236 3137 etiam
2278 3083 2474 3138 merito
2507 3083 2562 3137 in
2593 3082 2838 3153 pluribus
2862 3097 2984 3136 cum
3014 3081 3203 3135 eadem
3232 3094 3381 3135 com-

1827 3177 2133 3241 municant,
2160 3187 2427 3247 tanquam
2448 3179 2800 3243 exsistentez,
2832 3188 3087 3246 tanquam
3120 3178 3381 3243 viventes,

1828 3279 2081 3340 tanquam
2124 3271 2420 3325 rationales
2451 3281 2617 3340 atque
2664 3272 2885 3339 insuper
2916 3279 3171 3340 tanquam
3221 3271 3384 3340 spiri-

1824 3358 1958 3415 tales
2002 3369 2166 3430 atque
2207 3360 2441 3414 assidua:
2472 3368 2780 3426 manentes,
2813 3367 2867 3415 et
2898 3375 3241 3430 nequaquam
3271 3360 3381 3415 dis-

1822 3460 2007 3506 tracta:
2057 3466 2154 3521 per
2195 3452 2463 3506 diversam
2490 3453 2815 3507 sententiam
2855 3453 2934 3507 uti
2990 3453 3145 3508 nobis
3180 3454 3381 3509 accidit

1820 3544 1932 3613 (qui
1964 3545 2108 3599 enim
2140 3544 2192 3599 in
2226 3543 2338 3599 Deo
2368 3553 2532 3609 sunt,
2562 3545 2776 3601 collecti
2806 3555 2950 3610 sunt,
2983 3547 3125 3600 sicut
3148 3560 3213 3600 ex
3244 3546 3382 3600 divi-

1820 3636 1905 3691 nis
1934 3634 2170 3707 Scriptis
2208 3637 2597 3706 intelligimus;
2626 3639 2845 3708 quando
2873 3639 3018 3694 enim
3051 3639 3261 3709 primus
3293 3639 3382 3693 ille

1819 3726 2329 3800 “discipulorum
2351 3733 2643 3786 secundum
2671 3730 2928 3786 mundum
2958 3732 3379 3786 commovendus

1819 3830 1936 3875 erat
1964 3821 2181 3876 dicebat.
2212 3840 2227 3878 :
2275 3821 2423 3877 Vada
2449 3825 2646 3892 piscari
2663 3834 2710 3889 ιι,
2744 3825 2794 3878 id
2840 3832 2946 3888 est,
2976 3824 3196 3878 discedo
3222 3839 3252 3877 a
3281 3838 3378 3878 vo-

1819 3912 1903 3967 bis
1928 3913 2182 3982 :‘quando
2212 3924 2393 3970 autem
2417 3915 2711 3970 credebant
2737 3914 2941 3979 ﬁdeles,
2967 3923 3023 3969 et
3046 3916 3185 3981 apud
3208 3914 3377 3971 Deum

1818 4014 1994 4070 erant,
2024 4003 2217 4072 Erant,
2243 4007 2442 4076 inquit,
2472 4006 2528 4060 in
2560 4022 2720 4060 unum
2752 4006 3000 4075 collecti),
3047 4015 3102 4060 et
3130 4004 3194 4059 ad
3226 4014 3379 4059 ante-

1819 4098 1962 4153 riora
2002 4112 2219 4167 semper
2252 4112 2465 4153 summo
2492 4098 2661 4151 divini
2692 4105 2748 4151 et
2788 4096 3147 4151 indeﬁcientis
3175 4095 3377 4147 amoris

1815 4191 2257 4247 smdioiutentm.
2289 4190 2420 4256 Quis
2450 4192 2593 4245 enim
2624 4206 2652 4244 e
2684 4190 2838 4245 nobis
2863 4188 3111 4257 quaasivit
3135 4202 3374 4256 unquam

1817 4285 1899 4339 vel
1934 4284 2270 4340 desideravit
2304 4284 2553 4338 bovinum
2622 4295 2825 4336 motum
2854 4284 3119 4351 accipere,
3153 4281 3235 4335 vel
3274 4280 3374 4333 ali-

1813 4390 1973 4445 quam
2009 4378 2202 4447 lapidis
2220 4376 2641 4448 prOprietatem?
2663 4376 2756 4430 sed
2782 4390 2947 4431 ontue
2970 4375 3191 4431 omnino
3222 4372 3370 4427 desi-

1813 4470 2018 4526 derium
2050 4472 2115 4526 ad
2144 4474 2427 4541 superiora
2482 4468 2673 4526 tetulit.
2709 4467 2822 4523 lloc
2859 4468 2910 4521 in
2937 4467 3198 4538 angelicis
3237 4481 3375 4535 quo-

153 4542 256 4638 ζῶν
285 4549 430 4601 ἐστι·
458 4550 546 4604 διὰ
568 4552 724 4609 τοῦτο
764 4558 876 4619 καὶ,
906 4558 982 4622 ὡς
1016 4560 1116 4630 μὲν
1148 4568 1452 4634 προσεχεῖς,
1482 4564 1711 4637 πρώτως

1814 4578 1916 4632 que
1938 4563 2228 4618 virtutibus
2256 4566 2433 4621 locum
2467 4566 2653 4630 habet,
2688 4576 2812 4635 quia
2861 4574 3073 4629 semper
3100 4561 3263 4613 etiam
3290 4574 3378 4613 su-

152 4635 205 4686 ὲν
233 4640 493 4713 μετουσίᾳ
522 4644 757 4711 γίνονται
776 4665 788 4678 ο
817 4649 892 4713 ὡς
929 4650 986 4703 δὲ
1015 4652 1214 4717 πολλὰς
1242 4653 1461 4724 ἔχουσαι
1481 4635 1579 4722 τὰς
1608 4658 1710 4729 τῆς

155 4730 438 4795 μετουσίας
492 4735 725 4801 φυσικὰς
782 4740 1254 4813 ὲπιτηδειότητας,
1312 4746 1591 4821 πολλαχῶς
1651 4751 1708 4803 ὲν

155 4821 405 4892 μετουσία
426 4822 521 4875 τοῦ
547 4824 700 4879 Θείου
715 4828 969 4897 γίνονται,
996 4833 1084 4885 καὶ
1099 4844 1326 4905 πρώτως
1342 4837 1498 4892 πάλιν
1514 4839 1708 4894 πολλα-

151 4917 255 5008 χῶς
278 4920 661 4990 ὲξαγγέλλουσι
684 4928 782 4999 τὴν
804 4929 1099 5005 θεαρχικὴν
1121 4936 1477 5008 κρυφιότητα,
1505 4940 1585 4993 διὸ
1615 4943 1709 4996 καὶ

150 5006 361 5106 ἄγγελοι
394 5012 661 5106 λέγονται,
684 5020 799 5089 ἦτοι
825 5021 914 5075 διὰ
933 5023 993 5075 τὸ
1014 5026 1112 5097 τὴν
1138 5006 1287 5083 θείαν
1305 5006 1398 5084 τοῦ
1423 5031 1556 5084 Θεοῦ
1583 5050 1711 5106 κρυ-

153 5102 372 5171 φιότητα
404 5105 752 5174 ἐκφαίνεσθαι
787 5112 855 5165 δι’
882 5114 1080 5179 αὐτῶν,
1126 5118 1205 5171 ὅτι
1232 5119 1326 5184 ῶν,
1361 5122 1440 5175 ὅτι
1468 5123 1593 5188 ζῶν,
1627 5126 1709 5178 δτι

152 5191 284 5256 νοῦς,
320 5197 368 5246 εί
403 5199 495 5250 καὶ
526 5199 663 5271 ὑπὲρ
686 5202 858 5259 ταῦτα
887 5206 1228 5278 ὰσυγκρίτως
1250 5213 1412 5277 ἐστὶν,
1440 5213 1472 5285 ἦ
1501 5216 1592 5269 καὶ
1614 5216 1703 5270 διὰ

150 5280 207 5333 τὸ
236 5284 299 5335 δι’
320 5286 507 5378 αὐτῶν
538 5292 667 5359 ἡμῖν
693 5292 1177 5366 διαπορθμεύεσθαι
1207 5302 1303 5373 τὴν
1340 5280 1486 5357 θείαν
1518 5304 1708 5378 βούλη-

155 5388 261 5469 σιψ
284 5376 427 5469 οῦτω
459 5379 567 5450 γὰρ
594 5383 685 5435 καὶ
708 5386 736 5437 ό
760 5385 917 5457 νόμος
945 5389 1011 5442 δι’
1034 5392 1276 5460 ἀγγέλων
1301 5395 1532 5469 ἐλαλήθη
1565 5376 1707 5452 κατὰ

153 5462 235 5559 τὸν
274 5468 448 5559 μέγαν
481 5470 797 5527 Ἀπόστολον
814 5520 828 5543 ,
854 5479 945 5532 καὶ
969 5482 1094 5544 τοὺς
1126 5483 1366 5550 ἐνδόξους
1389 5462 1495 5559 πρὸ
1519 5462 1704 5559 νόμου,

153 5552 221 5611 ὡς
264 5558 349 5611 τὸν
387 5560 640 5633 Ἀδραὰμ
668 5567 875 5621 καὶτὸν
908 5572 1103 5625 Μανωὲ
1124 5613 1139 5637 ,
1183 5577 1276 5628 καὶ
1300 5552 1701 5644 τοὺς-λοιπούςἐ

154 5646 239 5697 καὶ
265 5650 400 5717 μετὰ
422 5652 608 5720 νόμον,
632 5656 707 5721 ὡς
730 5658 1049 5735 τὸνῚωτὴφ,
1066 5665 1154 5719 τὸν
1182 5666 1403 5741 Πέτρον,
1422 5671 1545 5736 τοὺς
1570 5674 1704 5729 καθ-

213 5829 412 5884 ηυδε..
462 5850 575 5901 ut,
616 5851 665 5907 ε.

1814 4657 2031 4727 periora
2058 4667 2338 4729 appetunt,
2359 4669 2412 4714 et
2439 4659 2811 4728 primordiales
2830 4669 2995 4730 atque
3022 4654 3232 4714 divinas
3253 4668 3371 4714 su}-

1816 4749 2021 4819 cipiunt
2050 4748 2452 4818 illustrationes,
2471 4760 2525 4805 et
2566 4754 2862 4806 secundum
2890 4752 3013 4805 illas
3029 4753 3367 4820 ordinantur,

1814 4855 2138 4909 omnemque
2170 4842 2333 4895 vitam
2382 4857 2533 4896 suam
2591 4844 2792 4898 habent
2820 4844 3121 4910 Spiritalem
3149 4861 3163 4897 :
3198 4846 3368 4913 siqui-

1815 4933 1936 4987 dem
1965 4946 2155 4987 eorum
2186 4944 2393 4987 natura:
2452 4943 2579 4987 sunt
2609 4935 2730 4989 viva
2786 4936 3029 5005 quaedam
3071 4930 3248 5001 ttiens;
3283 4936 3365 4989 id-

1816 5025 1965 5080 circo
1987 5026 2171 5092 etiam,
2211 5035 2461 5095 tanquam
2492 5026 2722 5083 assiduae
2747 5030 2982 5097 quidem,
3018 5028 3242 5097 primam
3268 5029 3368 5082 lia-

1813 5114 1942 5169 bent
1994 5118 2462 5187 participationem
2509 5137 2524 5174 :
2568 5120 2621 5174 in
2672 5132 2935 5189 quantum
2983 5136 3112 5175 vero
3169 5122 3367 5178 multas

1814 5206 2015 5263 habent
2059 5210 2335 5266 naturales
2369 5214 2801 5267 comumnicandi
2832 5212 3150 5279 facultates,
3182 5216 3365 5270 multi-

1812 5301 2029 5370 pliciter
2072 5304 2239 5361 divini
2284 5309 2519 5364 numinis
2573 5318 2857 5364 consortes
2906 5308 3077 5374 ﬁunt;
3135 5307 3364 5379 ideoque

1812 5393 2033 5462 iterum,
2067 5400 2296 5468 primum
2324 5416 2389 5456 ac
2417 5402 2785 5473 multipliciter
2820 5404 3057 5457 divinum
3093 5401 3223 5455 illud
3271 5418 3363 5456 ar-

1812 5502 2007 5543 canum
2043 5493 2344 5557 enuntiant,
2376 5506 2596 5564 propter
2624 5495 2765 5565 quod
2792 5504 2847 5549 et
2876 5494 3053 5565 angeli
3080 5495 3359 5549 dicuntur:

1812 5583 2068 5648 quoniam
2098 5600 2192 5654 per
2213 5585 2337 5641 illos
2363 5586 2599 5641 divinum
2632 5587 2759 5643 illud
2808 5586 2900 5641 Dei
2947 5594 3213 5641 secretum
3248 5600 3365 5639 ma-

1814 5673 2129 5744 nifestatur,
2162 5688 2241 5747 ut,
2266 5679 2407 5749 quod
2435 5680 2528 5748 sit,
2554 5679 2697 5749 quod
2726 5679 2890 5748 vivat,
2916 5678 3055 5748 quod
3088 5693 3237 5735 mens
3265 5681 3358 5746 sit,
