4176 6308
821 402 918 456 195

2011 401 2065 456 S.
2105 400 2371 456 DIONYSI

2466 401 2902 457 tllEOPAGITAE
3971 410 4042 464 l9

815 517 988 568 audivi
1017 534 1046 569 a
1085 515 1265 578 Patre,
1303 517 1413 569 luet:
1444 517 1644 569 locutus
1675 532 1788 567 sum
1816 519 1860 579 ι,
1897 527 1950 568 et
1982 517 2111 570 illud
2146 535 2159 568 :
2205 517 2371 571 Μηηὶε

2486 519 2844 585 ἀνθρώποις,
2910 521 3043 590 πρὸς
3088 521 3179 572 τὸν
3238 521 3457 591 Πατέρα
3499 521 3716 591 λεχθέν·
3762 523 3925 576 τοῦτο
3967 529 4082 594 γάρ

815 606 999 674 festam"
1031 625 1214 660 nomen
1246 619 1392 659 tuum
1416 608 1707 659 hominibus
1732 616 1782 670 υ,
1812 608 1877 660 ad
1906 607 2115 661 Patrem
2148 609 2381 663 dictum:

817 698 919 750 hoc
949 697 1216 764 siquidem
1246 708 1333 751 est
1357 698 1754 751 manifestatio.

1175 1023 1281 1094 47
1352 1014 1726 1100 CAPUT
1802 1018 1912 1100 V.

854 1143 1030 1206 Quare
1077 1164 1252 1200 omnes
1289 1148 1523 1198 essenlim
1569 1148 1794 1199 caelestes
1841 1148 2102 1198 communi
2143 1146 2348 1198 nomine

1365 1215 1535 1285 angeli
1572 1226 1838 1269 vocentur;

2491 611 2635 662 ἐστιν
2734 614 3083 682 ὲχςεαντορία.

2864 1008 3502 1091 ΚΕΦΑΛΑΙΟΝ
3560 1010 3622 1090 Ε
3669 1075 3684 1090 .

2549 1145 2648 1196 ..ὶιὰ
2683 1145 2737 1195 τί
2770 1143 2956 1197 πᾶσαι
2991 1147 3048 1196 al
3084 1144 3347 1210 οὐράνιοι
3383 1145 3579 1197 ὀὺσιάι
3616 1148 3762 1198 κατὰ
3799 1144 4012 1197 κοινοῦ

2979 1215 3218 1283 ἄγγελοι
3264 1215 3560 1282 λέγονται.

2089 1369 2422 1423 SYNOPSIS
2455 1368 2753 1427 CAPITIS.

811 1529 971 1591 Docet.
1022 1539 1188 1574 nomen
1231 1521 1407 1591 angeli,
1444 1523 1660 1591 quamvis
1695 1522 2086 1591 proprienltimo
2107 1521 2270 1590 ordini
2297 1521 2558 1591 caelestium
2583 1523 2837 1589 spirituum
2861 1521 3474 1591 _conve_niat,superioribus
3507 1531 3661 1574 tamen
3685 1523 4059 1591 ordinibusan

871 1586 1124 1650 nurongrue
1151 1584 1340 1650 attribui
1366 1599 1381 1643 ;
1423 1584 1532 1650 eum
1551 1645 1560 1650 _
1578 1594 1620 1650 et
1645 1584 1736 1650 ipsi
1759 1584 2047 1650 inferiorum
2075 1584 2295 1650 _vi_rtutes
2319 1584 2573 1650 obtineant,
2601 1584 2644 1636 et
2667 1586 2944 1650 earumdem
2963 1585 3094 1636 obire
3115 1584 3296 1650 possint
3327 1585 3608 1648 functiones,
3629 1593 3770 1648 atque
3791 1589 3915 1636 adeo
3941 1585 4061 1637 inde

868 1645 1276 1696 etiam'nominari
1300 1645 1482 1709 possint
1504 1661 1520 1695 :
1544 1645 1855 1708 inferioribus
1884 1659 1994 1696 vero
2013 1645 2083 1696 uti
2107 1645 2322 1705 virtutes,
2349 1647 2420 1695 sic
2440 1661 2525 1696 nec
2545 1648 2740 1698 nomina
2763 1647 3066 1709 superiorum
3087 1645 3353 1700 convenire.

876 1799 1000 1856 [hac
1046 1799 1262 1867 quidem
1289 1804 1372 1848 est
1393 1834 1405 1856 ,
1437 1803 1703 1861 quantum
1737 1795 1998 1862 capimus,
2041 1796 2298 1861 angelicae
2329 1798 2371 1849 in

2554 1796 2701 1866 Αὕτη
2735 1796 2831 1867 μὲν
2865 1793 2956 1850 οὖν
2994 1799 3158 1860 ἐστιν,
3191 1797 3266 1860 ῶς
3293 1799 3323 1869 ἡ
3361 1797 3482 1850 καθ’
3516 1798 3659 1867 ἡμᾶς
3679 1798 3745 1859 ³⁷,
3778 1797 3922 1849 αἰτία
3949 1798 4057 1866 τῆς

807 1893 1044 1961 eloquiis
1099 1890 1477 1958 appellationis
1543 1903 1742 1950 causa;
1796 1887 2151 1941 scrutandum
2216 1891 2374 1942 modo

809 1997 1030 2042 censeo,
1067 1997 1164 2035 cur
1199 1979 1466 2045 theologi,
1501 1993 1690 2032 omnes
1729 1979 1934 2047 pariter
1961 1980 2228 2033 essentias
2265 1995 2375 2035 coe-

807 2078 974 2130 lestes
1002 2073 1227 2142 angelos
1253 2073 1570 2142 appellent;
1605 2073 1694 2125 ubi
1726 2084 1908 2125 autem
1938 2072 2006 2124 ad
2039 2072 2375 2140 explanatio-

804 2185 928 2223 nem
985 2179 1201 2222 veutum
1253 2167 1414 2220 fuerit
1447 2163 1969 2233 supermundialium
2013 2165 2252 2232 ipsarum
2285 2181 2376 2218 or-

805 2261 1186 2321 dinationum,
1244 2260 1492 2313 ordinem
1553 2257 1857 2323 angelicum
1916 2257 2132 2324 preprie
2179 2268 2373 2312 vocent

799 2371 961 2417 eum.
1012 2357 1102 2424 qui
1161 2354 1376 2409 divinos
1429 2352 1792 2419 caalestesque
1842 2351 2060 2404 ordines
2109 2351 2373 2420 explendo

800 2450 1018 2503 claudat
1049 2467 1061 2501 :
1099 2449 1187 2501 isti
1222 2461 1350 2499 vero
1383 2445 1793 2514 archangelicas
1823 2454 2163 2512 anteponant
2198 2444 2374 2514 dispo-

801 2543 1049 2604 sitiones,
1081 2549 1133 2596 et
1166 2539 1521 2609 principatus,
1557 2552 1618 2591 ac
1659 2546 1980 2605 potestates,
2013 2539 2368 2607 virtutesque,

799 2643 856 2688 et
899 2647 1254 2701 quascunque
1302 2632 1452 2685 hisce
1503 2629 1762 2683 celsiores
1795 2629 2019 2698 spiritus
2064 2642 2372 2700 agnoscunt

797 2726 1134 2793 eloquiorum
1180 2723 1567 2792 explanatoria:
1619 2723 1939 2777 traditiones
1965 2731 2010 2780 ν.
2063 2726 2372 2777 Assertmus

809 2819 998 2886 igitur,
1056 2815 1351 2870 secundum
1399 2829 1611 2868 omnem
1665 2830 1876 2868 sacram
1923 2816 2367 2882 dispositionem,

802 2910 1118 2976 superiores
1187 2922 1403 2976 quoque
1457 2907 1724 2971 ordines,
1782 2907 2098 2961 inferiorum
2155 2923 2370 2975 quoque

798 3003 1071 3071 agminum
1147 2999 1636 3052 illuminationibus
1681 2998 2083 3067 virtutibusque
2132 2999 2366 3068 pollere,

803 3102 1114 3161 postremos
1144 3106 1270 3144 veto
1302 3106 1405 3144 non
1436 3092 1559 3144 item
1594 3091 1938 3161 superiorum
1969 3106 2188 3145 suorum
2237 3108 2372 3146 cono

2481 1889 2778 1958 ἀγγελικῆς
2823 1891 3004 1954 αὐτοῖς
3031 1891 3074 1923 ⁸⁸
3122 1889 3323 1957 λογίοις
3367 1892 3710 1959 ἐπωνυμίας’
3759 1890 4058 1960 ἐρευνῆσαι

2475 1978 2532 2030 δὲ
2559 1977 2632 2039 ὡς
2655 1973 2806 2047 οἶμαι
2838 1977 2961 2049 χρὴ,
2996 1979 3061 2031 δι’
3087 1979 3152 2050 ἣν
3181 1980 3357 2033 αἰτίαν
3391 1982 3439 2032 οί
3469 1981 3702 2048 θεολόγοι
3741 1982 3920 2043 πάσας
3953 1981 4056 2049 μὲν

2477 2070 2592 2139 ἅμα
2635 2068 2733 2131 τὰς
2766 2071 3046 2140 οὐρανίους
3093 2071 3278 2133 οὐσίας
3307 2071 3568 2139 ἀγγέλους
3601 2071 3823 2124 καλοῦσι
3853 2090 3866 2103 ο
3911 2072 4054 2142 πρὸς

2473 2163 2530 2216 δὲ
2583 2163 2681 2233 τὴν
2741 2164 3100 2234 ὲκφαντορίαν
3155 2163 3437 2233 ἐρχόμενοι
3493 2164 3600 2217 τῶν
3664 2163 4053 2233 ὑπερκοσμίων

2479 2253 2524 2285 ’⁸
2547 2253 2723 2306 αὐτῶν
2749 2256 3180 2328 διακοσμήσεων,
3222 2255 3373 2321 τάξιν
3417 2255 3708 2327 ἀγγελικὴν
3747 2255 3888 2316 ἰδίως
3927 2254 4050 2304 ονο-

2478 2347 2742 2419 μάζουσι,
2797 2350 2896 2420 τὴν
2951 2348 3418 2419 συμπληρωτικῶς
3477 2347 3925 2418 ἀποπερατοῦσαν
3981 2347 4052 2401 τὰ

2473 2440 2589 2496 θεῖα
2618 2443 2711 2496 καὶ
2747 2443 2972 2514 οὐράνια
3004 2443 3258 2513 τάγματα
3279 2458 3291 2470 ο
3330 2440 3434 2510 πρὸ
3462 2440 3664 2509 ταύτης
3701 2441 3753 2493 δὲ
3784 2443 4048 2512 ὑπερκει-

2476 2535 2650 2606 μένως
2678 2536 2930 2588 τάττουσι
2975 2537 3099 2598 τοὺς
3133 2533 3561 2606 ὰρχαγγελικοὺς
3583 2533 3652 2564 ¹⁰⁰
3684 2532 4045 2603 διακόσμους,

2470 2627 2569 2691 τάς
2605 2643 2664 2678 τε
2718 2626 2910 2697 ἀρχὰς,
2949 2626 3041 2678 καὶ
3070 2624 3166 2687 τὰς
3197 2625 3460 2690 ἐξουσίας,
3501 2625 3590 2675 καὶ
3620 2624 3717 2686 τὰς
3762 2624 4042 2693 δυνάμεις,

2469 2719 2600 2781 ὅσας
2626 2736 2682 2770 τε
2712 2719 2916 2770 τούτων
2948 2716 3383 2788 ὑπερϐεϐηκυίας
3412 2717 3597 2779 οὐσίας
3631 2717 3685 2768 αἱ
3719 2717 3824 2768 τῶν
3847 2716 4044 2784 λογίων

2473 2811 2647 2863 ῐσασιν
2689 2811 3080 2882 ὲκφαντορικαὶ
3129 2810 3476 2882 παραδόσεις.
3525 2810 3708 2880 Φαμὲν
3760 2810 3856 2872 δὲ,
3913 2811 4038 2872 ὅτι,

2470 2906 2612 2958 κατὰ
2659 2908 2840 2960 πᾶσαν
2887 2905 3034 2975 ἱερὰν
3070 2905 3460 2975 διακόσμησιν,
3497 2904 3553 2954 αἱ
3600 2905 3694 2972 μὲν
3733 2903 4040 2974 ὑπερϐεϐη-

2471 3005 2619 3054 κυῖαι
2646 3000 2826 3066 τάξεις
2869 3001 3047 3068 ἔχουσι
3077 2998 3170 3051 καὶ⁸
3200 2997 3296 3060 τὰς
3345 2997 3452 3049 τῶν
3496 2996 3796 3066 ὐφειμένων
3856 2996 4038 3048 διακο-

2471 3096 2719 3166 σμήσεων
2743 3092 3032 3162 ὲλλάμψεις
3060 3091 3151 3143 κα)⁸
3181 3089 3439 3159 δυνάμεις
3462 3089 3500 3151 ¹,
3531 3087 3815 3158 άμέθεκτοι
3846 3089 3900 3140 δὲ
3925 3089 4039 3139 τῶν

795 3196 976 3240 sortes
1025 3200 1168 3240 esse.
1220 3183 1410 3252 Itaque
1455 3184 1804 3237 sanctissima
1850 3183 1938 3236 illa
1991 3199 2364 3252 supremorum

2467 3185 2634 3250 αὐτὰς
2676 3185 3121 3256 ’ὑπερκειμένων
3175 3184 3308 3235 εἰσὶν
3355 3183 3410 3234 αἱ
3456 3182 3777 3233 τελευταῖαι.
3823 3180 3901 3232 Τὰ
3939 3182 4038 3250 μὲν

796 3279 1018 3348 εςῐῐιίητι
1053 3276 1375 3343 spirituum,
1408 3275 1627 3344 angelos
1657 3289 1868 3342 quoque
1905 3275 2140 3341 theologi
2177 3275 2362 3344 appel-

795 3370 932 3434 lant,
963 3369 1105 3437 quod
1141 3377 1195 3421 et
1233 3369 1345 3436 ipsa
1385 3367 1624 3420 divinam
1656 3366 2009 3422 manifestent
2041 3367 2361 3423 illustratio-

800 3477 949 3516 nent.
1012 3460 1181 3514 Porro
1236 3459 1536 3513 cmlestium
1591 3459 2069 3526 intelligentiarum
2115 3459 2359 3515 ordinem

803 3553 1202 3614 novissimum,
1253 3551 1337 3604 vel
1391 3553 1833 3621 principatuum,
1886 3552 1967 3605 vel
2019 3555 2357 3615 thronorum,

795 3645 879 3698 vel
912 3645 1326 3710 seraphiuorum
1377 3644 1594 3698 nomine
1644 3643 2004 3713 compellandi
2045 3646 2183 3698 ratio
2214 3644 2359 3698 nulla

795 3737 1118 3804 suppetebat
1147 3751 1159 3785 :
1193 3749 1366 3802 neque
1393 3735 1534 3785 enim
1582 3735 2150 3802 praestantissimarum
2190 3737 2358 3788 virtu-

796 3839 906 3882 tum
927 3829 1137 3882 illarum
1158 3826 1428 3896 particeps
1451 3826 1700 3890 exsistit,
1721 3826 1812 3879 sed
1837 3828 1980 3881 sicut
2012 3829 2121 3896 ipse
2146 3827 2357 3881 divinos

801 3928 1020 3973 nostros
1053 3918 1398 3972 sacerdotqu
1432 3916 1703 3986 principes
1731 3917 1949 3972 adducit
1977 3919 2046 3971 ad
2089 3919 2359 3988 praestitu-

800 4018 881 4061 tas
929 4008 1030 4061 sibi
1081 4006 1385 4061 divinitatis
1432 4007 1905 4071 collustrationes;
1943 4007 2014 4060 ita
2044 4007 2356 4072 ctiamillte,

794 4113 915 4168 quae
951 4101 1045 4153 hos
1081 4099 1307 4167 spiritus
1333 4099 1648 4169 praecedunt
1685 4099 2069 4153 sacratissima:
2102 4101 2354 4165 virtutes,

795 4191 861 4244 ad
897 4192 1138 4246 divinum
1176 4191 1379 4246 Numen
1415 4190 1691 4262 subrigunt
1737 4193 2142 4246 distinctionem
2178 4192 2354 4255 illam,

794 4299 916 4354 quae
945 4285 1227 4354 angelicas
1257 4285 1516 4354 adimplet
1543 4285 1898 4339 hierarchias.
1931 4284 2042 4339 Nisi
2070 4284 2207 4338 forte
2236 4287 2355 4353 quis

795 4388 1112 4428 communes
1137 4389 1256 4428 esse
1294 4373 1424 4427 velit
1447 4372 1719 4440 angelicas
1741 4388 1930 4427 oumes
1949 4371 2352 4442 appellationes,

789 4466 942 4533 juxta
968 4465 1272 4520 coalestium
1300 4465 1564 4520 virtutum
1592 4465 1836 4520 omnium
1871 4465 1923 4518 in
1969 4465 2349 4530 deiformitate,

795 4558 995 4625 Deique
1031 4557 1114 4610 vel
1145 4555 1446 4612 remissiori
1483 4555 1566 4612 vel
1602 4557 1943 4610 eminentiori
1977 4558 2178 4611 lumine
2205 4573 2352 4612 com-

796 4650 1240 4703 municationem.
1294 4645 1493 4701 Verum
1529 4663 1636 4716 quo
1673 4648 1984 4702 distinctior
2019 4648 2174 4702 nobis
2221 4667 2346 4718 pro-

793 4739 947 4792 cedat
971 4739 1166 4800 oratio,
1205 4747 1582 4793 sacrosanctas
1631 4736 1893 4806 cujusque
1930 4739 2168 4794 ccelestis
2199 4741 2346 4793 ordi-

795 4833 878 4883 nis
918 4831 1307 4900 proprietates,
1358 4845 1477 4898 quze
1514 4830 1670 4883 nobis
1703 4830 1754 4882 in
1791 4830 2023 4899 eloquiis
2064 4831 2348 4886 elucidataa

795 4930 938 4985 sunt,
973 4936 1105 4990 pura
1140 4931 1318 4976 tuente
1351 4921 1804 4990 contemplemur.

2466 3275 2557 3331 οὖν
2593 3275 2870 3344 ἁγιώτατα
2914 3277 3019 3328 τῶν
3051 3275 3365 3346 ὐπερτάτων
3407 3274 3601 3327 οὐσιῶν
3642 3275 3889 3343 τάγματα
3942 3273 4040 3325 καὶ

2463 3373 2726 3442 ἀγγέλους
2754 3371 3006 3425 καλοῦσιν
3040 3373 3087 3423 οἱ
3125 3370 3384 3439 θεολόγοι,
3412 3371 3506 3423 καὶ
3528 3370 3635 3441 γάρ
3671 3371 3802 3422 εἰσιν
3830 3372 4034 3435 ἐκφαν-

2462 3464 2654 3536 τορικὰ
2713 3466 2804 3517 καὶ
2847 3463 2985 3517 αὐτὰ
3043 3464 3141 3533 τῆς
3188 3464 3483 3534 θεαρχικῆς
3535 3462 3866 3532 ἐλλάμψεως.
3921 3460 4035 3530 Τὴν

2462 3555 2612 3619 τάξιν
2641 3555 2697 3606 δὲ
2724 3556 2821 3625 τὴν
2855 3554 2961 3607 τῶν
2993 3555 3258 3624 οὐρανίων
3287 3555 3420 3607 νοῶν
3449 3553 3757 3607 τελευταίαν
3789 3553 3884 3604 οὐκ
3918 3551 4033 3621 ἔχει

2461 3645 2615 3716 λόγον
2645 3646 2837 3717 ἀρχὰς,
2875 3646 2892 3675 ³
2916 3650 2946 3717 ἢ
2971 3646 3213 3716 θρόνους,
3243 3646 3275 3716 ἢ
3304 3647 3540 3716 σεραφὶμ
3562 3644 3840 3716 ὀνομάζειν
3864 3660 3876 3672 ·
3910 3642 4032 3695 οὐδὲ

2461 3742 2572 3812 γάρ
2621 3743 2764 3793 ἐστιν
2807 3741 2862 3792 ὲν
2914 3737 3169 3810 μετουσίᾳ.
3215 3737 3321 3790 τῶν
3368 3737 3682 3808 ὑπερτάτων
3725 3733 4029 3802 δυνάμεων,

2461 3834 2574 3888 ἀλλ’
2608 3832 2794 3903 ῶσπερ
2839 3831 2974 3900 αὐτη
3002 3831 3127 3892 τοὺς
3171 3828 3289 3881 καθ’
3322 3829 3467 3898 ἡμᾶς
3511 3826 3725 3888 ἐνθέους
3769 3823 4032 3896 ίεράρχας

2463 3926 2651 3994 ἀνάγει
2703 3926 2838 3996 πρὸς
2880 3923 2976 3985 τὰς
3028 3920 3375 3990 ὲγνωσμένας
3423 3921 3556 3990 αὐτῇ
3597 3919 3695 3987 τῆς
3729 3919 4031 3988 θεαρχίαςδ

2462 4021 2652 4089 αὐγὰς,
2687 4021 2826 4072 οὕτω
2858 4019 2950 4070 καὶ
2979 4017 3086 4070 τῶν
3127 4016 3231 4086 πρὸ
3262 4014 3431 4082 αὐτῆς
3466 4013 3660 4066 οὐσιῶν
3693 4015 3747 4066 αί
3777 4013 4027 4083 πανίεροι

2458 4112 2710 4181 δυνάμεις
2743 4107 3081 4176 ἁναγωγικαὶ
3114 4105 3247 4176 πρὸς
3271 4104 3330 4156 τὸ
3361 4104 3510 4156 Θείόν
3540 4104 3643 4155 είσι
3669 4102 3767 4172 τῆς
3787 4103 4030 4172 ἀποπλη-

2462 4204 2659 4276 ρούσης
2690 4201 2788 4265 τὰς
2836 4198 3128 4268 ἁγγελικὰς
3172 4198 3453 4269 ίεραρχίας
3484 4197 3905 4265 διακοσμήσεως.
3957 4196 4026 4248 Εἰ

2463 4295 2535 4365 μὴ
2571 4295 2676 4364 ἄρα
2699 4311 2780 4356 τις
2815 4293 2907 4345 καὶ
2939 4289 3094 4343 τοῦτο
3141 4289 3309 4357 φαίη,
3347 4288 3408 4339 τὸ
3452 4286 3631 4348 κοινὰς
3670 4283 3804 4339 εἶναι
3843 4287 4025 4352 πάσας

2456 4387 2553 4449 τὰς
2606 4382 2900 4452 ἁγγελικάς
2953 4380 3270 4452 ὀνομασίας,
3331 4378 3469 4432 κατὰ
3529 4379 3624 4448 τὴν
3685 4379 3867 4432 πασῶν
3909 4381 4022 4433 τῶν

2455 4475 2715 4545 οὐρανίων
2767 4473 3045 4541 δυνάμεων
3095 4473 3173 4533 είς
3226 4470 3287 4522 τὸ
3341 4469 3605 4531 Θεοειδὲς,
3655 4471 3745 4521 καὶ
3802 4471 3897 4539 τὴν
3954 4472 4023 4524 ἐκ

2452 4562 2584 4615 Θεοῦ
2635 4559 2960 4629 φωτοδοσίαν
3019 4557 3313 4628 ὐφειμένην
3371 4558 3465 4610 καὶ
3517 4557 3854 4628 προύχουσαν
3903 4578 4021 4613 κοι-

2452 4653 2664 4706 νωνίαν.
2732 4651 2866 4703 Ἀλλ’
2901 4652 2984 4702 ἵνα
3035 4650 3229 4719 μᾶλλον
3275 4650 3402 4719 ἡμῖν
3447 4652 3475 4702 ὁ
3519 4651 3674 4719 λόγος
3711 4652 4018 4723 διευκρινη-

2453 4745 2603 4815 θείη,
2652 4745 2954 4814 κατίδωμεν
3003 4743 3160 4813 ἱερῶς
3210 4743 3307 4804 τὰς
3353 4744 3408 4794 ἐν
3453 4748 3564 4806 τοῖς
3617 4744 3811 4813 λογίοις
3854 4747 4017 4798 ἐκπε-

2455 4836 2732 4906 φασμένας
2779 4837 3130 4905 ἁγιοπρεπεῖς
3179 4835 3438 4906 ἰδιότητας
3484 4838 3717 4906 ἑκάστης
3758 4838 4016 4907 οὐρανίας

2452 4927 2877 4995 διακοσμήσεως.

1894 5179 2006 5250 [ιε
2039 5181 2562 5241 ADNOTATIONES
2601 5184 2942 5240 CORDERII.

864 5294 1097 5370 Augetici
1149 5291 1379 5346 nominis
1426 5303 1479 5347 et
1526 5292 1681 5347 ofﬁcii
1735 5296 1942 5350 ratione
1994 5298 2300 5416 assignata,
2362 5301 2557 5366 qttznrit
2610 5299 2727 5360 hic,
2779 5315 2875 5353 cur
2903 5313 3092 5351 omnes
3143 5298 3392 5351 cmlestes
3424 5299 3648 5365 spiritus
3696 5302 4008 5368 angelorum

871 5376 1013 5414 utttte
1057 5372 1333 5416 vocentur.
1365 5377 1485 5415 cum
1532 5363 1582 5415 id
1629 5366 1900 5416 orem-ium
1933 5365 2004 5416 sit
2034 5383 2096 5416 or
2141 5367 2245 5416 illis
2279 5373 2557 5416 uostremi-
2595 5380 2780 5416 ntnote
2807 5370 2893 5416 nni
2922 5385 2984 5416 ex
3025 5367 3198 5416 ofﬁcio
3240 5369 3305 5416 ad
3351 5370 3596 5416 homines
3644 5370 4007 5416 destinantur-

793 5363 1013 5414 nomine
1057 5372 1333 5426 vocentur,
1365 5377 1485 5415 cum
1532 5363 1582 5415 id
1629 5366 1900 5434 preprium
1933 5365 2004 5418 sit
2034 5383 2096 5418 or

868 5478 884 5510 ι
913 5473 1064 5528 Joan.
1102 5473 1278 5537 xv,l5.
1354 5484 1377 5510 ιι
1401 5471 1555 5529 Joan.
1599 5492 1726 5541 xvn,
1761 5479 1809 5530 6.

2141 5367 2245 5420 iuis
2278 5373 2557 5435 postremi,
2595 5380 2780 5437 utpote
2807 5370 2893 5438 qui
2922 5385 2985 5422 ex
3025 5367 3198 5423 ofﬁcio
3240 5369 3305 5420 ad
3351 5370 3596 5423 homines
3644 5367 4008 5434 destinantur,

1921 5487 1944 5514 ν
1976 5478 2121 5534 Psal.
2152 5495 2249 5544 cn,
2293 5492 2345 5535 et
2383 5481 2569 5534 Matth.
2615 5497 2736 5536 xxv.

2089 5591 2318 5646 νΔῐζΙιΕ
2359 5592 2751 5649 LECTIONES.

857 5707 896 5736 ’τ
935 5704 993 5758 D.
1032 5705 1087 5756 S.
1147 5719 1249 5757 non
1299 5704 1493 5756 habent
1544 5704 1823 5758 artiCUlum
1852 5705 1919 5773 'i}.

789 5843 1047 5904 ἐξουσίας.
1125 5847 1142 5872 ⁸
1178 5861 1267 5913 γρ.
1308 5842 1598 5913 ἱεραρχῐας.

2047 5705 2090 5736 ⁵⁸
2134 5705 2245 5759 leae
2296 5708 2352 5758 ὲν
2397 5712 2522 5759 τοῖς.

859 5722 894 5736 ··
936 5722 993 5758 υ.
1033 5722 1087 5756 δ.
1147 5722 1249 5757 non
1301 5722 1493 5756 nauem
1544 5722 1823 5758 arucunnn
1865 5722 1919 5773 η,
2049 5722 2090 5736 το
2134 5722 2245 5768 tege
2296 5722 2352 5758 εν
2397 5722 2522 5769 τοις.
2723 5722 2780 5761 υ.
2843 5722 3093 5776 υπερκειε,

791 5775 934 5844 ‘tilt.
969 5774 1253 5842 ἐλλάμψεις
1287 5790 1343 5824 τε
1394 5775 1513 5844 καί,
1563 5776 1738 5842 itaque
1789 5775 1997 5827 Sarrae.
2049 5779 2232 5830 vertit.
2297 5780 2316 5806 ¹
2358 5778 2580 5830 [Lubens
2624 5780 2842 5844 cert-igit
2889 5783 3093 5839 αὐταῖς.

2642 5711 2684 5739 99
2722 5709 2780 5761 D.
2843 5709 3262 5776 ὑπερκειμένων.
3403 5710 3468 5739 ’⁸⁸
3505 5725 3592 5777 γρ.
3637 5707 4001 5779 Ἀγγελικούς,

3178 5781 3196 5809 ι
3232 5781 3414 5832 ωιςιτι.
3473 5781 3593 5830 ειιιιι.
3635 5793 3749 5844 ιιυδι
3804 5782 4002 5852 ἀρχάς»
