4176 6308
245 356 361 409 197
757 358 844 413 DE
882 359 1199 416 C(ELESTI
1242 360 1683 426 HIERARCHIA,
1719 360 1872 416 CAP.
1920 363 1973 416 ὕ.
2011 391 2078 401 -—-
2111 355 2457 414 PARAPUR.
2494 362 2527 413 ἐ
2553 357 2960 413 \CHYMEIUE.
3368 358 3469 413 198

246 470 325 538 ad
356 466 907 538 divinasvolnntates
936 470 1067 535 ipsis
1101 473 1459 532 inlimaudas,
1492 473 1801 538 superiores
1838 480 2019 525 autem
2051 471 2126 522 illi
2152 470 2375 538 spiritus
2407 470 2515 523 Deo
2555 471 2810 525 assistere
2858 467 3276 538 perhibeantur,
3310 468 3465 534 juxta

244 536 391 589 illud
422 554 435 589 :
468 536 636 589 Millia
668 537 890 590 millium
926 541 1297 595 ministrabant
1324 544 1395 604 ei,
1434 554 1481 595 et
1511 536 1679 593 decies
1709 542 1899 595 millies
1926 552 2142 592 centena
2170 536 2340 592 millia
2373 541 2686 592 assidebam
2714 543 2761 593 ei
2788 554 2833 597 κ.
2870 540 2923 593 In
2955 554 3059 607 qua
3095 537 3468 605 descriptione

244 620 353 674 per
391 608 943 681 a-ssistenteaquidem
979 609 1031 662 hi
1062 610 1236 677 angeli
1267 612 1560 681 signiﬁcati
1602 626 1720 664 esse
1754 612 2028 672 videnlur,
2062 610 2152 681 qui
2185 610 2249 662 ad
2283 612 2551 662 exteriora
2588 624 2691 681 non
2723 618 2951 674 exeunt;
2976 606 3081 678 iper
3107 606 3470 681 ministrantes

244 691 389 729 vero
416 676 493 738 hi,
522 677 613 747 qui
650 676 717 729 ad
753 678 1028 747 exteriOra
1062 676 1344 737 exeundo:
1371 696 1474 733 non
1506 695 1717 747 semper
1746 681 2029 734 assistunt.
2064 677 2195 730 Nam
2230 693 2347 747 cum
2380 694 2568 732 novem
2605 678 2713 731 sint
2739 681 2955 732 ordines
2987 676 3326 744 angelorum,
3362 680 3468 731 duo

249 757 492 807 tantum,
528 743 579 797 id
629 755 712 797 est
753 746 928 813 angeli
963 758 1017 801 et
1047 749 1393 815 archangeli,
1424 764 1519 815 pro
1548 743 1781 816 eo'quml
1831 747 2234 817 speeialileriex
2265 746 2422 801 oﬁicii
2451 749 2533 799 sui
2570 747 2947 817 distributione
2970 748 3273 809 mittantur,
3307 761 3373 798 ex
3410 762 3471 803 re

249 817 1057 887 ipsahcognomenacceperunt
1088 834 1101 869 :
1140 817 1360 887 ἄγγελοι
1396 818 1647 872 videlicet
1680 819 1878 881 nuntii,
1912 816 2235 887 ἁρχάγγελοι
2264 832 2389 887 vero
2425 816 2754 887 principales
2792 817 2963 871 nuntii
3003 817 3167 878 dieti;
3199 817 3462 887 quoniam

244 897 308 939 et
335 884 757 957 illi‘minor_a._hi
802 900 928 957 vero
962 887 1163 957 majora
1189 884 1260 943 ex
1293 888 1577 942 ministerii
1630 889 1892 956 dignitate
1943 884 2292 940 annuntiant.
2326 884 2631 957 Respondet
2665 886 2968 957 Dionysius,
2998 900 3199 957 nomen
3234 886 3461 957 quidem

247 954 570 1023 angelorum
593 951 949 1025 inferioribus
988 951 1057 1010 ei
1086 956 1265 1011 oﬁicio
1308 966 1649 1025 competere;
1689 951 1795 1010 'sed
1850 958 1975 1024 quia
2032 966 2209 1025 tamen
2242 951 2447 1007 divina'
2470 958 2725 1025 mysteria
2761 951 2880 1024 qua:
2910 956 3131 1025 ordines
3165 951 3461 1011 inferiores

240 1022 412 1077 nobis
432 1022 675 1095 exterius
706 1026 1012 1095 enuntiant,
1037 1043 1063 1079 a
1089 1022 1457 1094 superioribus
1487 1026 1808 1095 hauserunt,
1840 1022 2034 1079 nomen
2059 1023 2370 1091 angelorum
2396 1022 2607 1095 quoque
2638 1022 3011 1094 superioribus
3041 1023 3147 1095 illis
3177 1025 3459 1095 spiritibus

244 1108 379 1147 esse
402 1092 857 1163 communicahile
894 1114 907 1146 :
945 1097 1069 1161 quia
1108 1092 1233 1149 licet
1268 1098 1329 1148 ad
1362 1093 1654 1150 exteriora'
1677 1096 1974 1147 nuntianda
2012 1110 2117 1147 non
2150 1104 2387 1163 exeant,
2414 1092 2476 1147 ea
2519 1092 2718 1159 iamen,
2752 1112 2870 1163 qua:
2915 1094 3254 1149 enuntianda
3311 1106 3456 1159 sunt,

244 1161 619 1235 desuperipsi
649 1164 985 1231 accipiendo,
1021 1167 1311 1220 secundum
1345 1168 1509 1235 legem
1535 1165 1727 1217 divinm
1754 1164 2145 1235 ordinationis.
2198 1164 2264 1215 ad
2310 1162 2599 1218 inferiores
2637 1175 2692 1217 et
2725 1161 2782 1220 se
2814 1165 3214 1231 subsequentes
3243 1165 3461 1235 ordines

246 1231 553 1304 nuntianda
604 1239 994 1304 transportauit.
1048 1236 1245 1296 Addit,
1289 1231 1595 1304 superiores
1646 1234 1961 1287 inl'eriorum
2006 1233 2307 1304 facultates;
2343 1248 2407 1286 ac
2458 1235 2814 1301 proprietates
2860 1248 3086 1293 oumes,
3131 1232 3459 1304 etquidem

244 1300 567 1375 perfectius,
618 1302 897 1367 obtinere;
950 1304 1234 1359 inferiores
1296 1300 1473 1359 autem
1522 1320 1626 1358 non
1679 1318 1829 1370 aeque
1878 1302 2491 1375 superiorum__virtutes
2537 1300 2904 1371 participare,
2960 1312 3124 1370 atque
3176 1300 3298 1354 ideo
3353 1302 3461 1375 illis

246 1368 574 1444 inferiorum
619 1386 832 1440 quoque
885 1388 1097 1433 nomen.
1145 1390 1303 1430 secus
1334 1391 1492 1444 quam
1547 1376 1658 1435 his,
1712 1368 2051 1444 superiorum
2088 1368 2898 1444 appellationem,‘competere;
2951 1368 3261 1444 quanquam
3305 1368 3458 1425 et'hi

244 1439 565 1512 aliquando,
597 1439 717 1512 cum
748 1439 1005 1497 'videlicet
1034 1439 1372 1512 superiorum
1405 1439 1790 1512 preprietatem
1812 1458 1877 1495 ex
1903 1442 2059 1496 oﬁicii
2096 1439 2355 1512 qualitate
2384 1439 2710 1510 suscipiunt,
2742 1457 2933 1495 nomen
2966 1439 3181 1509 {pioque
3213 1442 3452 1509 ipsorum

245 1510 299 1560 in
331 1510 570 1573 ejusdem
603 1509 761 1565 cilicii
796 1509 1143 1568 exsecutione
1190 1509 1615 1578 assmuu'nt,'uti
1676 1513 1833 1565 docet
1882 1513 2016 1566 infra
2061 1526 2182 1578 cap.
2229 1510 2315 1565 1'5.
2351 1512 2454 1565 Alii
2494 1509 2674 1565 autem
2726 1522 2935 1579 putant,
2983 1524 3171 1563 omnes
3203 1512 3459 1565 ccelestes

240 1580 488 1652 ordines,
517 1591 622 1633 tam
652 1583 971 1652 superiores
1011 1599 1172 1652 quam
1206 1586 1505 1644 inferiores,
1556 1596 1653 1646 pro
1686 1591 1941 1650 tempore,
1970 1592 2024 1636 et
2057 1582 2286 1652 loco,ret
2328 1596 2513 1652 causa,
2544 1583 2609 1635 ad
2635 1581 2905 1652 exteriora
2932 1580 3127 1652 dirigi,
3154 1595 3247 1633 eos
3279 1589 3457 1634 tamen

242 1650 340 1722 qui
380 1649 573 1722 hocex
603 1651 783 1704 ofﬁcio
810 1649 1083 1720 proprium
1115 1656 1331 1714 habent,
1366 1649 1937 1722 specialitﬁeriaugelos
1966 1653 2083 1722 sive
2106 1651 2463 1719 archangelos
2497 1651 2893 1719 cognominari.
2928 1651 3062 1722 Nam
3078 1651 3452 1722 iquodomnes

242 1718 536 1785 aliquando
568 1718 870 1784 mittantur,
906 1718 1198 1789 Apostolus
1236 1718 1473 1779 insinuat
1501 1723 1567 1775 ad
1605 1720 1769 1774 Hebr.
1792 1718 1850 1784 '1,
1887 1722 1952 1775 14
1984 1736 1997 1773 :
2034 1721 2225 1774 Nonne
2252 1718 2428 1774 omnes
2477 1718 2597 1774 sunt
2640 1719 3086 1789 administratorii
3127 1719 3368 1785 spiritus,
3401 1720 3455 1771 in

242 1789 593 1865 ministerium
625 1792 770 1846 missi
814 1788 1022 1865 propter
1079 1812 1164 1848 eos
1199 1796 1288 1865 qui
1320 1795 1673 1865 Iuereditatem
1718 1791 2211 1865 capiunt__sal_utis_?
2240 1789 2393 1865 Quod
2426 1792 2815 1865 autem-ctiam
2864 1788 3177 1865 superiores
3222 1789 3447 1865 quidam

242 1856 535 1929 aliquando
581 1877 686 1915 non
739 1856 822 1915 ex'
858 1856 1060 1927 ofﬁcio,
1096 1856 1306 1920 sed'ex
1359 1879 1520 1918 causa
1572 1862 1749 1928 aliqua
1784 1856 2061 1928 peculiari
2110 1862 2176 1915 ad
2224 1862 2492 1915 exteriora
2530 1862 2854 1929 dirigantur,
2905 1856 3184 1929 insinuare
3240 1857 3457 1912 \idetur

242 1925 555 2003 Psalmista,
585 1948 705 1983 cum
744 1932 819 1985 ait
846 1948 859 1983 :
892 1934 994 1998 Qui
1039 1925 1169 2001 facis
1202 1936 1411 2003 angelos
1441 1944 1579 1995 tuus,
1624 1925 1881 2003 spiritus;
1925 1942 1970 1985 et
2002 1932 2268 2003 ministros
2309 1937 2453 1996 tuos,
2491 1925 2937 2003 ignemuurenlem
2963 1937 3019 1983 1.
3076 1926 3242 2003 Magis
3275 1936 3455 2003 tamen

240 1998 435 2073 probat
470 1998 758 2072 Dionysius
793 1998 1049 2072 priorem
1079 1998 1340 2057 rationein
1369 2044 1385 2069 ,
1437 2004 1578 2073 quod
1629 2002 1886 2073 nimirum
1934 2002 2243 2073 superiores
2282 2015 2471 2073 omnes
2516 1998 2699 2066 angeli
2755 2010 3050 2063 vocentur;
3100 1998 3229 2068 quia
3262 2006 3318 2073 et
3354 1998 3454 2073 ipsi

236 2068 545 2135 angelicam
575 2065 954 2140 proprietatem
987 2074 1313 2143 participant
1365 2065 1417 2128 in
1453 2065 1546 2137 co,
1579 2069 1743 2143 quod,
1777 2070 1901 2124 licet
1923 2065 2290 2124 ad'exteriora
2321 2065 2618 2143 nuntianda
2648 2084 2750 2122 non
2793 2079 3019 2143 exeant,
3043 2065 3219 2143 tamen
3251 2066 3331 2120 eis
3361 2065 3455 2143 qui

238 2146 367 2201 post
388 2152 453 2210 se
480 2137 785 2210 sequuntur
812 2137 1119 2209 ordinibus,
1162 2137 1400 2198 divinam
1452 2137 1924 2203 illuminationem,
1952 2154 2118 2210 quam
2142 2144 2372 2210 desuper
2396 2139 2695 2207 accipiunt,
2736 2138 3186 2203 translundendo,
3218 2148 3270 2189 et
3299 2137 3454 2210 quasi

236 2206 972 2281 nuntiandomanifestam;
1010 2206 1295 2269 inferiores
1330 2224 1510 2267 autem
1558 2211 1898 2281 superiorum
1930 2206 2352 2281 proprietatibus
2383 2226 2491 2265 non
2522 2206 2599 2261 ita
2647 2210 3072 2281 communicare,
3118 2217 3176 2281 ut
3202 2206 3457 2281 _su_ﬁiciat

236 2277 889 2356 ad“denominationem.
953 2274 1357 2356 Et_coulirmat
1418 2274 1662 2351 exemplo
1720 2274 2295 2356 nostrze'_hierar_clti:e
2346 2282 2401 2336 in
2452 2294 2553 2350 qua
2603 2279 2839 2348 pontiﬁci
2898 2274 3453 2356 omnes_i_nl.'erio'rutn

235 2346 496 2429 prdinuiu
562 2361 861 2417 potestates
918 2364 972 2410 et
1027 2354 1424 2409 dominationes
1484 2344 1845 2420 competunt,
1902 2348 2252 2406 inferioribus
2308 2344 2488 2405 autem
2551 2344 2654 2404 nou
2711 2358 2932 2419 possunt
2981 2346 3254 2417 pontiﬁcio
3305 2344 3457 2399 titulo

234 2428 515 2486 mSIgntrt.

1285 2666 1760 2722 PABAPHRASIS
1792 2662 2240 2721 PACHYMERrE

2315 2664 2449 2736 (10).

324 2823 729 2896 Ἀποτιθέμενος
756 2824 825 2876 τὰ
855 2822 1109 2895 λεχθέντα
1128 2864 1144 2888 ,
1178 2824 1339 2896 φησίν
1358 2840 1372 2855 ο
1395 2826 1541 2895 Αὕτη
1577 2826 1693 2895 μὲν,
1728 2824 1795 2887 ὡς

1832 2833 1879 2889 Α
1977 2822 2263 2892 Reponens
2288 2832 2351 2875 ea
2386 2836 2505 2890 qua
2530 2819 2675 2877 dicta
2709 2830 2860 2887 sunt,
2912 2820 3035 2877 Haec
3076 2821 3291 2891 quidem
3318 2864 3334 2889 ,
3369 2823 3453 2878 in-

228 2918 361 2972 καθ’
394 2921 539 2990 ἡμᾶς
575 2922 668 2973 καὶ
698 2919 794 2989 τὴν
823 2918 1093 2991 ἡμετέραν
1122 2919 1348 2991 δύναμιν
1380 2921 1626 2991 είπεῖν,ή
1654 2917 1799 2972 αἰτία

229 3011 341 3081 τῆς
389 3012 681 3083 ἁγγελικῆς
714 3013 1043 3082 ἐπωνυμίας.
1090 3013 1327 3083 Ζητῆσαι
1372 3012 1427 3065 δέ
1467 3013 1571 3083 χρὴ
1610 3012 1678 3065 δι’
1730 3012 1798 3083 ἣν

227 3104 414 3159 αἰτίαν
454 3106 503 3156 oi
543 3105 779 3173 θεολόγοι
823 3104 921 3168 τὰς
962 3105 1245 3182 οὐρανίους
1288 3105 1503 3167 ἁπάσας
1544 3106 1797 3177 δυνάμεις

232 3198 354 3266 ἃμα
390 3197 649 3264 ἀγγέλους
684 3198 873 3266 φασίν·
907 3198 993 3250 ὅτε
1022 3197 1077 3250 δὲ
1128 3196 1263 3267 πρὸς
1302 3197 1399 3267 τὴν
1440 3196 1797 3268 ἐκφαντορίαν

230 3289 333 3340 καὶ
362 3287 685 3358 διασάιρησιν
711 3289 816 3340 τῶν
842 3291 1131 3358 ταγμάτων
1163 3288 1428 3359 ἔρχονται,
1461 3288 1604 3353 ίδίως
1634 3291 1795 3358 φασὶν

226 3377 498 3445 ἀγγέλους
539 3378 637 3448 τὴν
690 3380 985 3431 κατωτάτω
1021 3378 1204 3443 τάξιν,
1242 3379 1341 3449 τὴν
1376 3379 1795 3450 συμπληροῦσαν

228 3468 333 3520 καὶ
365 3468 814 3539 ἀποπερατοῦσαν
842 3468 910 3522 τὰ
953 3467 1179 3540 οὐράνια
1218 3470 1497 3539 τάγματα⁹
1540 3468 1793 3539 ὑπεράνω

225 3559 295 3613 δὲ
324 3560 523 3629 ταύτης
546 3599 561 3622 ,
593 3561 691 3631 τὴν
718 3559 824 3613 τῶν
851 3560 1201 3632 ἀρχαγγέλων
1224 3577 1236 3590 ’
1269 3562 1360 3613 καὶ
1392 3561 1661 3624 ἐπέκεινα,
1695 3562 1793 3633 τὴν

224 3640 341 3703 τῶν
372 3652 551 3723 ἀρχῶν
570 3668 583 3682 ⁸
634 3652 729 3704 καὶ
771 3652 1025 3705 ἐπέκεινα
1048 3692 1063 3716 ,
1111 3650 1218 3705 τῶν
1261 3651 1535 3718 ἐξουσιῶν,
1563 3651 1656 3705 καὶ
1686 3651 1794 3704 τῶν

226 3741 535 3812 δυνάμεων,
577 3742 706 3805 ὅσας
731 3759 789 3795 τε
823 3742 982 3795 πάλιν
1012 3742 1214 3797 τούτων
1243 3744 1677 3817 ὑπερϐεϐηκυίας
1702 3746 1794 3800 οὑ-

230 3830 356 3894 σίας
379 3832 583 3884 οἴδασιν
611 3832 667 3884 αἱ
700 3832 807 3885 τῶν
838 3832 1070 3906 Γραφῶν
1094 3834 1439 3905 παραδόσεις.

298 4006 430 4059 Λύει
462 4006 560 4077 τὴν
587 4007 820 4081 ἀπορίαν
862 4007 1127 4073 ἐντεῦθεν,
1170 4010 1365 4079 λέγων,
1398 4012 1478 4065 ὅτι
1508 4012 1650 4066 κατὰ
1688 4015 1790 4067 πᾶ-

230 4114 332 4151 σαν
396 4097 547 4169 ἱεράν
598 4098 981 4169 διακόσμησιν,
1034 4100 1173 4154 κατὰ
1236 4101 1332 4165 τὰς
1370 4107 1515 4174 τρεῖς
1566 4104 1790 4175 τριάδας

225 4186 336 4239 τῶν
363 4188 673 4258 ταγμάτων,
709 4191 764 4242 al
795 4190 891 4261 μὲν
914 4190 1335 4262 ὑπερϐεϐηκυῖαι
1360 4192 1541 4263 έχουσι
1571 4198 1663 4248 καὶ
1690 4194 1787 4259 τὰς

224 4276 336 4328 τῶν
368 4278 672 4348 ὑφειμένων
714 4280 1005 4351 ἐλλάμψεις
1043 4285 1135 4336 καὶ
1174 4283 1445 4355 δυνάμεις,
1478 4287 1539 4339 οὐ
1577 4287 1681 4357 μὴν
1728 4287 1786 4341 δὲ

225 4366 407 4420 καὶτὸ
438 4368 723 4433 ἀνάπαλιν,
756 4372 811 4423 αἱ
854 4370 1155 4443 κατώτεραι
1186 4373 1293 4426 τῶν
1330 4374 1614 4445 ἀνωτέρων
1648 4375 1787 4430 κατὰ

225 4459 406 4513 πάντα
441 4460 745 4530 μετέχουσι,
776 4462 954 4526 καθώς
981 4464 1097 4516 ἐστι
1135 4466 1227 4518 καὶ
1274 4467 1357 4534 ἐφ’
1394 4468 1540 4537 ἡμῖν.
1590 4466 1646 4520 '0
1685 4468 1785 4539 μὲν

224 4550 337 4621 γὰρ
364 4552 576 4619 λογικὸς
603 4554 883 4625 ἄνθρωπος
908 4556 1018 4625 ἔχει
1052 4557 1265 4621 πάντως
1296 4560 1387 4612 καὶ
1428 4559 1525 4623 τάς
1562 4560 1785 4629 ἀλόγους

226 4644 443 4706 καὶτὰς
469 4645 694 4713 φυτικὰς
735 4647 1008 4718 δυνάμεις,
1042 4650 1102 4702 οὐ
1146 4650 1251 4720 μὴν
1288 4652 1344 4704 δὲ
1382 4653 1519 4718 κατά
1547 4654 1744 4717 ταύτας
1766 4694 1781 4719 ,

232 4734 375 4797 ἰδίως
417 4736 472 4789 δὲ
510 4739 608 4810 τὴν
646 4739 866 4811 λογικὴν
911 4742 1089 4813 έχουσι
1130 4744 1371 4814 δύναμιν,
1409 4747 1607 4799 Τούτου
1653 4746 1782 4815 γοῦν

225 4824 389 4877 ἱνεκα
421 4828 513 4879 καὶ
552 4828 649 4891 τάς
699 4830 793 4900 μὲν
824 4832 1099 4896 ἀνωτάτας
1136 4834 1320 4897 οὐσίας
1342 4873 1355 4898 ,
1392 4836 1484 4889 καὶ
1520 4835 1617 4899 τὰς
1664 4838 1780 4907 μετ’

228 4914 431 4979 αὑτὰς,
471 4916 521 4969 οἱ
565 4918 799 4988 θεολόγοι
830 4921 1091 4990 ἀγγέλους
1127 4924 1345 4979 καλοῦσι
1374 4928 1453 4997 τῷ
1480 4926 1587 4979 τῶν
1624 4929 1779 4998 ὑφει-

228 5005 405 5075 μένων
434 5008 527 5059 καὶ
563 5012 886 5064 κατωτάτων
918 5011 1135 5081 ὀνόματι
1157 5029 1169 5043 ’
1218 5018 1311 5069 καὶ
1343 5017 1450 5089 γὰρ
1483 5020 1573 5071 καὶ
1622 5016 1777 5074 αὗται

224 5094 537 5163 ἐκψαίνουσι
556 5099 647 5151 καὶ
667 5101 1044 5169 ἐξαγγέλλουσι
1065 5105 1162 5175 τὴν
1188 5107 1295 5160 άπὸ
1320 5108 1463 5161 Θεοῦ
1480 5110 1741 5180 ἐλλαμψιν
1761 5129 1773 5141 ·

222 5186 421 5249 αὐτοὺς
447 5187 504 5240 δὲ
544 5189 669 5252 τοὺς
710 5191 989 5259 ἀγγέλους,
1022 5194 1120 5265 τὴν
1158 5200 1449 5252 κατωτάτω
1481 5201 1648 5267 τάξιν,
1678 5203 1776 5256 οὐκ

219 5275 333 5347 ἔχει
362 5279 517 5347 λόγον
543 5281 780 5353 σεραιρὶμ
806 5283 838 5354 ἢ
872 5283 1091 5356 Θρόνους
1122 5288 1303 5341 καλεῖν
1322 5309 1335 5320 ·
1373 5292 1490 5343 οὐδὲ
1513 5293 1617 5363 γάρ
1641 5295 1776 5348 εἰσιν

216 5363 363 5421 οὗτοι
391 5370 530 5423 κατὰ
570 5373 743 5426 πάντα
784 5375 841 5425 ἐν
876 5377 1129 5447 μετουσία
1152 5379 1369 5432 ἐκείνων
1410 5382 1515 5434 τῶν
1542 5384 1776 5455 ὑπερτά-

214 5474 323 5511 των
348 5459 683 5531 ἐλλάμψεων,
722 5463 835 5516 ἀλλ’
872 5465 1057 5537 ὥσπερ
1090 5470 1121 5537 ἡ
1163 5469 1267 5521 τῶν
1309 5472 1554 5539 ἀγγέλων
1601 5474 1772 5541 τάξις,

286 5625 313 5654 ι
348 5614 593 5676 Dan.vn,
626 5615 710 5669 10.
789 5623 815 5661 Y
851 5614 992 5671 Psal.
1022 5632 1137 5685 cm,
1179 5628 1235 5673 4.

281 5774 396 5840 (l0)
429 5773 566 5828 Vide
600 5775 818 5829 Scholia
854 5777 912 5832 S.
946 5777 1083 5833 Max.
1110 5789 1150 5833 t.
1180 5778 1241 5847 ll,
1268 5796 1383 5849 cap.
1420 5780 1475 5833 5.

1901 2915 2042 2983 quit,
2073 2924 2336 2984 quantum
2370 2914 2549 2983 quoad
2574 2929 2691 2980 nos,
2732 2926 2787 2969 et
2814 2917 3108 2969 secundum
3140 2916 3453 2972 facultatem

1902 3016 2147 3061 nostram
2200 3007 2381 3060 dicere
2430 3006 2593 3071 licet,
2632 3022 2792 3061 causa
2836 3007 3092 3076 angelica:
3139 3009 3454 3063 denomina-

1901 3095 2086 3149 tionis.
2118 3094 2502 3164 lnquirendum
2548 3111 2711 3165 porro
2746 3106 2849 3161 est,
2878 3112 3042 3166 quam
3079 3100 3148 3151 oh
3185 3101 3450 3155 rationem

1902 3188 2137 3260 theologi
2183 3190 2434 3246 caalestes
2478 3205 2666 3245 omnes
2710 3192 2939 3246 virtutes
2982 3193 3187 3261 pariter
3229 3195 3453 3264 angelos

1899 3283 2211 3351 appellent;
2246 3283 2468 3351 quando
2502 3294 2681 3336 autem
2714 3284 2781 3336 ad
2814 3298 2997 3337 eorum
3043 3285 3290 3339 ordinum
3339 3302 3453 3339 ma-

1897 3375 2301 3430 nifestationem
2337 3374 2873 3443 declarationemque
2916 3374 3181 3441 veniunt,
3231 3378 3450 3446 proprie

1895 3468 2121 3539 angelos
2152 3477 2347 3521 vocent
2393 3468 2635 3520 ordinem
2688 3466 2927 3519 intimum
2950 3504 2966 3531 ,
2996 3466 3089 3535 qui
3124 3466 3355 3534 complet
3387 3483 3449 3522 ac

1898 3560 2156 3613 terminat
2197 3559 2416 3613 ordines
2465 3558 2746 3623 caelestes;
2780 3559 2869 3626 qui
2920 3573 3048 3612 vero
3097 3545 3272 3628 supra
3304 3559 3448 3615 hunc

1894 3660 1999 3719 est,
2043 3650 2513 3728 archangelorum,
2568 3664 2632 3704 ac
2678 3650 2871 3704 deinde
2905 3649 3323 3719 principatuum,
3358 3666 3449 3706 suo

1892 3758 2100 3814 praque
2137 3743 2288 3797 illum
2320 3752 2651 3812 potestatum
2684 3755 2746 3795 ac
2774 3741 3054 3805 virtutum,
3087 3751 3141 3796 et
3168 3757 3445 3810 quascun-

1891 3852 1997 3905 que
2034 3852 2249 3891 rursum
2292 3839 2440 3891 hisce
2485 3838 2791 3906 superiores
2836 3835 3103 3892 essentias
3147 3844 3448 3905 agnoscunt

1892 3927 2301 3998 Scripturarum
2338 3927 2673 3981 traditiones.

1964 4020 2189 4075 Dubium
2223 4029 2401 4075 autem
2443 4020 2641 4084 solvit,
2678 4020 2887 4081 dicens,
2923 4015 3067 4087 quod
3100 4031 3198 4087 per
3225 4032 3442 4073 omnem

1890 4124 2101 4167 sacram
2152 4108 2626 4173 distributionem,
2678 4106 2975 4161 secundum
3033 4115 3145 4161 tres
3192 4106 3443 4160 Ordinum

1816 4178 1861 4237 Β
1892 4202 2182 4263 terniones,
2197 4198 2624 4271 “superiores
2646 4198 2861 4269 quidem
2877 4196 3443 4253 habeantinl’eriorum

1889 4293 2283 4349 illustratioues
2316 4306 2379 4346 ac
2414 4292 2670 4356 virtutes;
2724 4292 2821 4345 sed
2856 4306 2959 4345 non
2988 4303 3019 4342 e
3056 4299 3268 4354 contra,
3302 4288 3441 4344 inie-

1888 4388 2061 4442 riores
2091 4400 2214 4439 cum
2242 4382 2621 4453 superioribus
2640 4385 2938 4438 secundum
2985 4382 3169 4437 omnia
3206 4397 3444 4436 commu-

1888 4474 2069 4529 nicent
2102 4490 2116 4527 :
2165 4473 2305 4527 sicut
2330 4472 2495 4526 etiam
2530 4472 2584 4525 in
2623 4472 2779 4527 nobis
2814 4488 2911 4525 usu
2946 4472 3117 4529 venit.
3156 4455 3439 4540 Siquidem

1885 4563 2051 4619 homo
2088 4564 2367 4618 rationalis
2400 4563 2562 4618 habet
2606 4567 2824 4619 omnino
2875 4565 3041 4618 etiam
3091 4561 3439 4617 irrationales

1885 4666 2305 4726 vegetantesque
2348 4657 2613 4721 virtutes,
2647 4672 2751 4711 non
2792 4671 2971 4711 tamen
3010 4655 3093 4709 lue
3130 4655 3349 4724 proprie
3379 4666 3439 4709 ut

1883 4749 1964 4805 sic
1998 4736 2358 4803 ratiocinandi
2404 4749 2510 4802 vim
2553 4749 2820 4803 obtinent.
2852 4747 3057 4803 Idcirco
3081 4747 3245 4818 igitur
3272 4748 3436 4803 etiam

1883 4855 2169 4909 supremas
2215 4840 2431 4908 quidem
2481 4839 2744 4893 essentias
2803 4852 3029 4907 quaeque
3083 4853 3176 4892 eas
3241 4851 3434 4892 conse-

1882 4942 2139 4999 quuntur,
2160 4931 2475 4986 inferiorum
2491 4940 2652 4999 atque
2684 4930 2989 4985 intimorum
3015 4930 3233 4985 nomine
3261 4945 3432 5001 ange-

1880 5023 1963 5078 los
1981 5023 2209 5094 theologi
2228 5024 2497 5094 appellant
2511 5039 2525 5082 ;
2540 5024 2741 5076 etenim
2761 5024 2921 5078 etiam
2937 5023 3065 5090 ipsa:
3082 5022 3433 5077 manifestam

1880 5124 1936 5169 et
1989 5116 2276 5170 enuntiant
2313 5115 2762 5169 illuminatiouem
2812 5114 2938 5181 Dei,
2988 5114 3208 5184 angelos
3248 5124 3429 5169 autem

1871 5208 2042 5276 ipsos,
2072 5223 2166 5262 seu
2198 5208 2441 5262 ordinem
2471 5208 2733 5269 inﬁnmm,
2762 5208 2905 5263 nulla
2938 5210 3119 5264 subest
3151 5208 3311 5274 ratio,
3346 5208 3431 5261 vel

1880 5300 2152 5367 seraphim
2182 5299 2264 5353 vel
2298 5301 2520 5354 thronos
2552 5300 2853 5368 appellandi
2885 5318 2897 5353 :
2932 5301 3195 5370 siquidem
3224 5302 3299 5355 illi
3327 5316 3433 5357 non

1882 5390 2177 5443 secundum
2208 5390 2389 5444 omnia
2422 5390 2749 5459 participant
2789 5391 2979 5443 horum
3014 5390 3432 5445 sublimiss’mas

1882 5478 2303 5548 illustrationes,
2341 5482 2439 5536 sed
2475 5482 2615 5537 sicut
2659 5480 2970 5550 angelorum
3002 5482 3135 5537 ordo
3165 5496 3289 5549 eos,
3335 5482 3430 5550 qui
