4202 6300
747 456 855 513 203

752 574 1176 635 subministrant
1223 560 1525 621 istiusmodi
1572 552 1958 612 eruditionem.
1990 545 2095 599 Nos
2126 545 2307 635 itaque
2336 541 2381 597 Α

753 633 889 726 nihil
916 666 1137 722 omnino
1165 660 1386 731 quidem
1414 670 1442 709 a
1479 652 1744 707 nobismet
1771 642 1873 713 ipsi
1922 640 2151 731 dicimus
2178 652 2191 687 :
2218 633 2311 731 sed

755 776 875 831 qua:
902 759 953 813 in
981 753 1240 823 angelicis
1261 750 1397 804 visis
1426 760 1489 800 ac
1514 740 1826 797 unctionibus
1877 730 2057 787 sacris
2108 724 2314 831 theolo-

756 816 1159 921 gis-conspecta
1216 846 1345 898 sunt
1387 847 1450 894 ‘et
1504 848 1653 899 nota,
1688 829 1876 883 eadem
1918 835 2039 889 nos,
2089 819 2157 872 ab
2208 816 2314 869 illis

759 942 958 1004 cdocti,
985 952 1196 993 rursum
1230 947 1331 1005 pro
1367 928 1505 984 virili
1530 934 1883 995 exponemus.

832 1036 861 1108 ᾗ
906 1034 970 1089 il.
1012 1032 1213 1087 Omnes
1231 1002 1505 1082 fessentias
1536 1016 1809 1076 coalestes,
1835 1020 2132 1076 eorumque
2171 1002 2317 1057 ordi-

760 1097 879 1198 nes,
909 1137 1101 1185 novem
1133 1121 1347 1178 voca’vit
1379 1114 1647 1183 theologia
1695 1104 2110 1177 cognominibus
2147 1097 2319 1152 maui-

764 1194 1051 1283 festativls,
1087 1224 1142 1271 et
1188 1214 1371 1267 divina
1407 1205 1678 1277 mysteria
1722 1194 2190 1257 denuntiantibus,
2221 1205 2318 1244 seu

764 1311 1042 1381 angelicis.
1104 1303 1211 1359 llas
1265 1308 1442 1355 autem
1511 1296 1565 1348 in
1630 1300 1740 1345 tres
1793 1284 2060 1342 ternarios
2103 1283 2321 1336 ordines

763 1374 960 1474 digerit
1008 1398 1238 1467 inclytus
1291 1390 1533 1445 initiator
1598 1392 1807 1445 noster,
1863 1379 1977 1434 sive
2023 1378 2069 1431 is
2114 1378 2185 1431 sit
2238 1374 2323 1427 di-

765 1467 921 1551 vinus
978 1488 1321 1547 iiierotlteus,
1390 1480 1505 1535 sive
1554 1477 1733 1547 potius
1768 1475 1813 1527 is
1851 1472 1940 1540 qui
1988 1472 2055 1524 ad
2104 1467 2322 1522 tertiqu

765 1586 962 1643 cmlum
991 1589 1236 1642 evectus,
1266 1572 1464 1628 ibidem
1518 1578 1704 1639 raptus
1749 1566 1801 1619 in
1849 1561 2185 1632 paradisum,
2213 1557 2325 1611 Ma-

767 1658 911 1746 gnus.
977 1673 1197 1741 inquam
1254 1664 1475 1722 Paulus.
1536 1661 1614 1715 Ac
1682 1655 1915 1726 primum
1980 1652 2197 1719 quidem
2260 1661 2324 1702 ac

767 1742 913 1825 circa
944 1767 1113 1820 Deum
1133 1762 1481 1820 existentcm,
1498 1755 1655 1823 eique
1672 1747 1916 1821 proxime
1934 1754 1988 1800 et
2016 1742 2326 1799 immediate

774 1861 1012 1923 unitum,
1046 1855 1178 1910 dicit
1208 1867 1329 1906 esse
1357 1851 1581 1904 thronos
1617 1841 2016 1902 sanctissimos,
2045 1846 2099 1891 et
2132 1835 2326 1889 multo-

774 1966 889 2005 rum
915 1947 1215 2012 oculorum,
1238 1945 1435 2013 quippe
1448 1935 1775 2008 cognitionis
1795 1932 1950 2002 copia
1974 1928 2321 1999 pollentium;

772 2055 828 2097 et
882 2041 1173 2098 multarum
1209 2036 1437 2096 alarum,
1493 2036 1679 2099 utpote
1736 2023 2231 2081 eiiicauissimorum
2273 2028 2327 2074 et

775 2136 880 2206 δα
931 2136 1295 2193 incensurum.
1326 2140 1460 2196 quos
1489 2120 1770 2177 cherubim
1822 2129 1877 2173 et
1927 2118 2196 2182 seraplum
2225 2112 2328 2166 He-

776 2229 919 2281 braza
952 2224 1129 2293 lingua
1183 2232 1379 2275 vocare
1414 2216 1575 2280 solet,
1624 2214 1779 2283 cujus
1806 2224 1966 2266 causa
2005 2210 2055 2264 in
2092 2219 2326 2274 sequen-

778 2321 918 2373 tibus
993 2314 1319 2384 proferetur.
1376 2309 1611 2364 Primam
1695 2307 1832 2359 hanc
1892 2298 2328 2355 distributionem

776 2412 921 2465 circa
973 2408 1139 2462 Deum
1181 2402 1493 2459 immediate
1540 2396 1816 2460 collocari,
1855 2391 2051 2447 asserit
2081 2388 2333 2443 oraculo-

781 2518 895 2556 rum
934 2500 1151 2554 traditio
1181 2518 1193 2552 :
1228 2498 1364 2551 hanc
1400 2494 1562 2547 etiam
1598 2489 1830 2558 inclytus
1857 2484 2112 2555 Magister
2146 2490 2331 2536 noster

780 2611 939 2652 unam
971 2605 1024 2649 et
1066 2591 1311 2662 ejusdem
1359 2584 1639 2657 dignitatis
1664 2595 1787 2637 esse
1816 2579 2053 2642 dicebat,
2085 2574 2193 2647 qua
2228 2591 2330 2629 non

780 2701 863 2745 est
906 2688 1010 2742 alia
1042 2682 1354 2741 distributio
1386 2676 1725 2748 primigeniis
1757 2690 1821 2729 ac
1852 2672 2048 2727 divinis
2093 2671 2331 2725 illustra-

784 2783 1023 2840 tionibus
1068 2778 1342 2834 attentior.
1378 2773 1629 2828 Secunda
1678 2783 1808 2824 vero
1839 2765 1919 2822 esi
1954 2781 2021 2820 ex
2052 2763 2333 2835 potestati-

784 2885 880 2934 bus
910 2889 964 2933 et
997 2869 1460 2931 dominationibus
1511 2875 1674 2932 atque
1728 2860 2053 2922 virtutibus;
2112 2867 2167 2912 et
2218 2860 2337 2925 post

784 2974 922 3026 hanc
957 2959 1134 3029 tertia,
1172 2977 1289 3030 qua:
1322 2958 1559 3025 complet
1582 2953 1900 3020 angelorum
1950 2958 2001 3005 et
2034 2950 2335 3015 archange-

786 3065 959 3115 Iorum
1009 3072 1074 3113 ac
1130 3053 1526 3122 principatuum
1573 3045 2003 3115 dispositionem.
2033 3042 2337 3096 Notandum

786 3162 961 3207 autem
1008 3150 1219 3217 aliquos
1268 3147 1371 3199 hac
1417 3139 1824 3195 enumeratione
1871 3146 2217 3206 provocatos,
2267 3134 2339 3187 ita

788 3247 1016 3315 primam
1046 3236 1487 3296 distributionem
1509 3232 1763 3288 ordinare
1788 3245 1801 3283 :
1832 3229 2061 3297 primum
2094 3229 2336 3287 thronos,
2366 3242 2411 3302 (ς

787 3336 980 3390 deinde
1040 3329 1349 3392 cherubim,
1382 3341 1447 3381 ac
1496 3333 1679 3395 postea
1735 3322 2043 3391 seraphim;
2084 3320 2337 3389 quocirca

785 3427 950 3480 etiam
985 3422 1390 3491 inscriptionem
1423 3417 1639 3487 septimi
1675 3415 1894 3484 capitis,
1926 3422 2090 3481 atque
2122 3414 2340 3481 insuper

790 3519 951 3575 trium
1010 3516 1203 3570 borum
1251 3511 1503 3566 ordinum
1556 3507 1888 3573 doctrinam,
1927 3504 2339 3567 conferendam,

788 3611 960 3671 aiunt,
992 3622 1113 3662 cum
1148 3605 1356 3661 duobus
1402 3604 1523 3658 istis
1554 3600 1810 3657 ternariis
1838 3600 2085 3654 ordinum
2110 3610 2341 3666 sequen-

791 3707 920 3757 tium
945 3709 959 3757 ξ
986 3702 1061 3757 ibi
1093 3701 1235 3756 enim
1267 3698 1386 3752 illos
1417 3710 1633 3753 sursum
1648 3694 1920 3755 .deorsutn
1952 3701 2230 3753 recenset;
2257 3689 2344 3742 hic

790 3807 968 3850 autem
1006 3800 1109 3850 neu
1144 3794 1245 3857 sic,
1298 3791 1393 3846 sed
1443 3789 1697 3845 deorsum
1752 3800 1989 3840 sursum.
2039 3782 2212 3851 Atque
2254 3779 2343 3834 alii

790 3890 1005 3958 quidem
1042 3888 1145 3941 hoc
1189 3885 1368 3949 modo,
1408 3892 1464 3936 ut
1516 3879 1693 3951 primo
1741 3879 1858 3933 loco
1885 3875 2157 3945 seraphim
2182 3872 2346 3958 collo-

789 3989 933 4045 ceut,
971 3977 1161 4034 deinde
1196 3974 1500 4036 cherubim,
1535 3981 1698 4040 atque
1747 3968 1943 4024 exinde
1983 3968 2205 4020 thronos
2234 3981 2248 4018 :
2282 3946 2347 4017 ad

794 4077 897 4132 hoc
926 4072 1157 4145 permoti
1185 4070 1249 4124 ab
1276 4067 1410 4121 lsaia
1437 4066 1676 4127 dicente,
1715 4064 1769 4117 in
1802 4061 2036 4116 circuitu
2070 4060 2161 4114 Dei
2196 4074 2346 4114 sera-

795 4170 942 4243 phim
972 4162 1248 4226 collocari,
1281 4161 1362 4214 vel
1392 4160 1569 4231 potius
1598 4158 1665 4213 ab
1700 4156 2146 4224 inscriptionibus
2169 4152 2349 4207 octavi

795 4277 857 4316 ac
893 4260 1016 4314 noui
1056 4256 1275 4327 capitis,
1317 4254 1582 4314 dicentes,
1626 4251 1771 4322 quod
1807 4260 1866 4303 ut
1910 4258 2131 4303 sanctus
2158 4261 2351 4301 secun-

794 4352 926 4406 dum
952 4349 1196 4404 ordinem
1222 4346 1463 4409 illorum,
1491 4343 1570 4399 sic
1599 4352 1651 4398 et
1675 4340 1887 4397 titulum
1912 4340 2126 4409 septimi
2159 4339 2353 4409 capitis

797 4442 1130 4512 inscripserit
1162 4440 1207 4507 (i
1224 4439 1297 4508 i).
1314 4438 1369 4493 Si
1394 4437 1516 4507 quis
1542 4445 1722 4491 autem
1741 4435 1970 4489 voluerit
1997 4434 2218 4488 thronos
2235 4448 2355 4488 esse

797 4536 1120 4605 superlatos.
1172 4538 1308 4586 sciat
1359 4530 1525 4584 etiam
1570 4529 1841 4599 seraphim
1875 4526 2072 4598 ignitus
2121 4540 2261 4589 esse,
2304 4535 2356 4578 et

1912 430 1968 486 ὃ.
2007 418 2300 481 ΠὶΟΝΥΞΙΙ
2336 408 2797 471 ΛΙΙΕΟΡΛΟΙΤᾹΞ

3876 398 3994 457 905

2407 529 2500 580 οῦν
2526 528 2683 598 ἡμεῖς
2729 524 2824 595 μὲν
2848 523 2997 576 οὐδὲν
3032 522 3122 590 ἀφ’
3156 517 3362 573 ἑαυτῶν
3391 517 3639 587 λέγομεν,
3669 518 3770 570 ὅσα
3794 515 3849 569 δὲ
3877 532 3998 568 των

2415 615 2717 688 ἀγγελικῶν
2769 614 3055 684 θεαμάτων
3110 614 3204 666 καὶ
3242 612 3493 679 γνώσεων
3548 608 3655 662 ὑπὸ
3681 610 3790 662 τῶν
3824 606 3997 679 ιερῶν

2415 709 2675 776 θεολόγων
2727 704 3001 775 ὲθεωρήθη
3031 704 3125 756 καὶ
3172 701 3435 772 ἐγνώσθη,
3464 700 3656 763 ταῦτα,
3692 698 3997 770 μυηθέντες

2416 799 2543 870 παρ’
2568 797 2811 856 ὲκείνων,
2851 794 3007 847 πάλιν
3034 795 3192 864 ἡμεῖς
3224 790 3365 844 κατὰ
3404 790 3465 843 τὸ
3509 790 3731 843 δυνατὸν
3756 788 3994 859 ἐκθησό-

2417 892 2575 965 μεθα.

2493 981 2520 1052 §
2561 982 2626 1033 ll.
2668 979 2851 1041 Πάσας
2876 976 2974 1039 τὰς
3000 975 3281 1047 οὐρανίους
3325 971 3533 1035 οὐσίας,
3562 972 3656 1026 καὶ
3679 970 3750 1025 τὰ
3782 970 3998 1024 τούτων

2418 1074 2689 1143 τάγματα,
2723 1069 2877 1123 ὲννέα
2919 1068 3184 1136 κέκληκεν
3211 1068 3243 1135 ὴ
3271 1064 3516 1132 θεολογία
3544 1066 3601 1116 ὲν
3650 1062 4000 1133 ἐπωνυμίαις

2420 1164 2833 1234 ὲκφαντορικαῖς
2859 1160 2952 1213 καὶ
2980 1156 3366 1227 ἀγγελλούσαις
3391 1155 3460 1208 τὰ
3487 1155 3578 1207 τοῦ
3609 1153 3742 1207 Θεοῦ
3785 1155 3999 1224 μυστή-

2425 1273 2529 1327 ρια,
2562 1254 2657 1307 εἴτ’
2676 1250 2767 1307 οὖν
2794 1251 3132 1320 ἀγγελικαῖς.
3159 1247 3374 1310 Ταύτας
3396 1246 3452 1299 δὲ
3479 1247 3557 1309 εἰς
3592 1240 3738 1317 τρεῖς
3783 1243 3999 1314 τριαδι-

2422 1348 2525 1411 κάς
2568 1343 2811 1418 ἀφορίζει
2845 1342 3072 1409 τάξειςὸ
3099 1339 3305 1402 κλεινὸς
3360 1336 3722 1409 ίεροτελεστὴς
3750 1334 3925 1406 ἡμῶν,
3960 1332 3999 1402 ἢ

2422 1440 2450 1490 6
2478 1437 2616 1500 θεῖος
2656 1434 2912 1505 Ἱερόθεος
2939 1431 2993 1502 ἢ,
3024 1431 3053 1483 ὃ
3086 1430 3178 1483 καὶ
3208 1428 3427 1498 μᾶλλον,
3460 1429 3487 1479 6
3515 1427 3596 1488 εἰς
3622 1424 3799 1495 τρίτον
3823 1423 4001 1491 οὐρα-

2425 1532 2514 1585 νὸν
2552 1528 2805 1591 ἀνελθὼν,
2847 1524 3097 1579 κάκεῖθεν
3148 1520 3416 1593 άρπαγεὶς
3465 1522 3543 1583 εἰς
3589 1517 3936 1587 παράδεισον,
3970 1518 4004 1569 6

2434 1623 2605 1693 μέγας
2653 1619 2849 1689 δηλαδὴ
2888 1616 3116 1678 Παῦλος.
3156 1613 3269 1667 Καὶ
3317 1610 3538 1683 πρώτην
3586 1610 3684 1680 μὲν
3732 1609 3827 1663 καὶ
3867 1605 4004 1675 περὶ

2430 1715 2559 1768 Θεὸν
2593 1709 2754 1766 οὖσαν
2782 1712 2873 1764 καὶ
2908 1706 3189 1780 προσεχῶς
3234 1704 3381 1774 αύτῷ
3416 1704 3509 1758 καὶ
3537 1703 3756 1773 ἀμέσως
3789 1702 4004 1772 ἡνωμέ-

2432 1822 2524 1875 νην
2548 1803 2693 1870 λέγει
2720 1800 2845 1863 τούς
2889 1817 2947 1851 τε
2996 1796 3330 1866 άγιωτάτους
3359 1794 3601 1865 θρόνους,
3644 1792 3735 1844 καὶ
3779 1790 3847 1843 τὰ
3897 1807 4003 1841 πο-

2357 1899 2398 1952 Β
2427 1895 2717 1963 λυὸμματα
2752 1890 2823 1953 ὡς
2872 1888 3073 1958 πλῆθος
3118 1885 3368 1952 γνώσεως
3420 1883 3646 1953 ἔχοντα,
3686 1882 3775 1934 καὶ
3831 1878 4005 1931 πολύ-

2428 2002 2599 2055 πτερα
2626 1986 2699 2048 ὡς
2723 1980 3123 2054 δραστικώτατα
3172 1976 3431 2047 ὲμπύρια,
3466 1974 3577 2045 ἃδὴ
3612 1972 3874 2044 χερουϐὶμ
3908 1974 4008 2025 καὶ

2430 2079 2669 2150 σεραφὶμ
2715 2078 2747 2146 ἡ
2779 2074 2889 2126 τῶν
2927 2070 3188 2142 Ἐϐραίων
3212 2065 3316 2121 οἶδε
3361 2066 3579 2136 γλῶσσα
3609 2066 3791 2149 καλεῖν
3811 2080 3823 2094 ·
3849 2064 3916 2116 δι’
3935 2065 4008 2133 ἢν

2428 2146 2699 2228 ὃὲάίτίαν
2749 2174 2804 2224 ὲν
2836 2172 2947 2231 τοῖς
2980 2166 3262 2236 ἑπομένοις
3308 2154 3624 2236 ῥηθήσεται.
3679 2146 3877 2214 Τοῦτον
3909 2159 4008 2211 τὸν

2430 2268 2643 2338 πρῶτον
2677 2264 2967 2332 διάκοσμον
3012 2259 3138 2329 περὶ
3188 2241 3317 2309 Θεὸν
3343 2256 3561 2325 ὰμέσως
3606 2252 3848 2324 ἱδρῦσθαι

2434 2372 2516 2408 σιν
2567 2354 2600 2425 ἡ
2644 2351 2751 2405 τῶν
2793 2348 2985 2417 λογίων
3025 2345 3355 2417 παράδοσις*
3391 2343 3576 2396 τοῦτον
3610 2342 3704 2395 ἕνα
3750 2343 3843 2394 καὶ
3875 2344 4010 2411 ὁμο-ι

2430 2444 2572 2515 ταγῆ
2605 2446 2631 2497 6
2665 2441 2871 2504 κλεινὸς
2920 2438 3076 2509 ἡμῶν
3120 2436 3223 2506 ἐφη
3270 2434 3631 2506 καθηγεμὼν·
3671 2433 3859 2487 τούτου
3904 2433 4011 2487 οὐκ

2434 2538 2578 2591 ἐστιν
2603 2535 2759 2597 ἄλλος
2791 2532 3079 2601 διάκοσμος
3112 2529 3533 2600 προσεχέστερος
3577 2529 3695 2589 ταῖς
3726 2538 4014 2598 πρωτουρέ

2434 2630 2549 2695 γοίς
2582 2625 2675 2678 καὶ
2709 2623 2877 2685 θείαις
2912 2620 3225 2693 ὲλλάμψεσι.
3261 2618 3519 2689 Δεύτερος
3551 2617 3607 2670 δέ
3640 2618 3784 2669 ἐστιν
3826 2619 3855 2670 6
3897 2616 4013 2671 τῶν

2437 2715 2712 2783 ἐξουσιῶν,
2747 2713 2853 2766 τῶν
2891 2712 3245 2782 κυριοτήτων,
3291 2708 3383 2761 καὶ
3425 2707 3533 2760 τῶν
3571 2706 3884 2778 δυνάμεων·
3914 2709 4013 2760 καὶ

2442 2808 2554 2879 μετ’
2580 2805 2739 2861 αὐτὸν
2783 2803 2961 2874 τρίτος
2994 2804 3022 2855 6
3056 2799 3510 2881 συμπληρωτικὺς
3547 2797 3646 2867 τῆς
3695 2798 3800 2849 τῶν
3840 2796 4009 2866 ἀγγέ-

2440 2902 2544 2952 λων
2577 2915 2657 2962 τε,
2682 2897 2774 2950 καὶ
2812 2894 3191 2966 ἀρχαγγέλων,
3216 2894 3309 2945 καὶ
3354 2891 3539 2961 ἀρχῶν
3570 2892 4011 2962 διακοσμήσεωςε

2440 2988 2609 3042 Τοῦτο
2656 2987 2711 3040 δὲ
2756 2985 3077 3056 σημείωσαι,
3105 2983 3187 3035 ὅτι
3212 2982 3374 3045 τινὲς,
3410 2980 3719 3052 ὁρμώμενοι
3742 2982 3849 3034 ἀπὸ
3880 2982 4015 3035 ταύλ

2441 3096 2540 3149 της
2570 3079 2667 3149 τῆς
2709 3075 3154 3148 ὰπαριθμήσεως,
3190 3071 3331 3124 οὕτω
3362 3071 3612 3123 τάττουσι
3655 3068 3747 3122 τὸν
3795 3069 4015 3139 πρῶτον

2443 3173 2765 3240 διάκοσμον”
2824 3168 3040 3238 θρόνους
3103 3165 3350 3236 πρῶτον,
3408 3159 3526 3215 εἶτα
3570 3160 3853 3233 χερουῶμ,
3916 3162 4018 3214 καὶ

2446 3265 2737 3336 μετέπειτα
2789 3261 3058 3333 σεραφίμ’
3097 3257 3183 3311 διὰ
3227 3254 3381 3309 τοῦτο
3426 3255 3520 3309 καὶ
3572 3256 3669 3327 τὴν
3701 3255 4017 3324 ἐπιγραφὴν

2439 3357 2532 3410 τοῦ
2579 3356 2622 3421 ζ’
2671 3354 2983 3425 κεφαλαίου,
3032 3351 3111 3405 ἔτι
3142 3351 3197 3403 δὲ
3245 3350 3336 3404 καὶ
3388 3349 3487 3421 τὴν
3532 3346 3873 3403 διδασκαλίαν
3903 3344 4018 3398 τῶν

2442 3449 2607 3522 τριῶν
2660 3447 2863 3501 τούτων
2912 3445 3225 3514 ταγμάτων,
3297 3439 3754 3511 παρηλλαγμένην
3799 3436 4018 3508 λέγουσι

2443 3541 2579 3613 πρὸς
2626 3538 2749 3602 τὰς’
2772 3536 2963 3609 ἐτέρας
3000 3534 3092 3587 δύο
3123 3534 3317 3604 ἑφεξῆς
3348 3532 3631 3605 τριαδικὰς
3659 3529 3979 3601 ταξιαρχίας
4000 3546 4015 3559 ·

2446 3636 2624 3687 ὲκεῐσε
2650 3631 2757 3703 γὰρ
2800 3628 3002 3684 ἄνωθεν
3035 3629 3114 3691 εἰς
3147 3627 3295 3680 κάτω
3340 3623 3661 3692 καταλέγει·
3697 3621 3924 3676 ἐνταῦθα
3958 3621 4019 3675 δὲ

2448 3727 2546 3796 οὐχ
2580 3724 2771 3786 οὕτως,
2799 3720 2935 3775 ἀλλὰ
2968 3719 3206 3774 κάτωθεν
3233 3719 3310 3781 εἱς
3328 3716 3588 3789 ἄνω..Καὶ
3608 3715 3655 3768 oi
3686 3716 3784 3786 μὲν
3809 3711 3979 3779 οὕτως
4000 3733 4015 3748 ο

2446 3820 2492 3869 οἱ
2524 3816 2581 3869 δὲ
2623 3814 2691 3868 τὰ
2737 3813 2977 3884 σεραφὶμ
3021 3810 3229 3864 τιθέασι
3278 3807 3539 3879 πρότερα,
3581 3803 3699 3860 εἶτα
3728 3806 3796 3859 τά
3834 3824 4021 3878 κερου-

2448 3909 2565 3980 ϐὶμ,
2602 3907 2794 3977 ἑφεξῆς
2818 3906 2874 3959 δὲ
2906 3905 3031 3967 τοὺς
3044 3903 3274 3975 θρόνους
3294 3920 3305 3932 ·
3332 3901 3491 3955 τοῦτο
3525 3901 3627 3972 μὲν
3658 3901 3748 3954 καὶ
3782 3900 3889 3954 ἀπὸ
3918 3898 4016 3953 τοῦ

2461 4001 2680 4054 Ἡσαΐου
2739 3997 3067 4069 ὁρμώμενοι,
3118 3993 3364 4063 λέγοντος
3408 3992 3590 4063 κύκλῳ
3627 3992 3719 4046 τοῦ
3770 3992 3903 4045 Θεοῦ
3948 3991 4021 4046 τά

2452 4090 2694 4162 σεραφὶμ
2735 4086 2985 4141 ἵστασθαι
3006 4104 3018 4115 ο
3055 4085 3150 4139 καὶ
3180 4085 3288 4137 ἀπὸ
3316 4084 3423 4137 τῶν
3446 4082 3765 4154 ἐπιγραφῶν
3796 4083 3852 4136 δὲ
3880 4082 4018 4154 μᾶλ-

2452 4180 2540 4233 λον
2570 4179 2658 4233 τοῦ
2703 4195 2760 4231 τε
2795 4185 2841 4248 η’
2876 4172 3169 4246 κεφαλαίου
3217 4176 3310 4227 καὶ
3351 4173 3444 4227 τοῦ
3489 4173 3553 4238 θ’,
3588 4174 3853 4243 λέγοντες,
3887 4176 4018 4228 ὅτιό

2454 4270 2605 4338 ἅγιος
2638 4267 2778 4321 κατὰ
2817 4267 2915 4339 τὴν
2954 4266 3106 4332 τάξιν
3155 4265 3395 4331 ἐκείνων,
3430 4265 3571 4319 οὕτω
3618 4263 3711 4319 καὶ
3760 4267 3858 4337 τὴν
3900 4266 4021 4319 ἑπι-

2454 4359 2666 4431 γραφὴν
2718 4358 2811 4412 τοῦ
2852 4358 2894 4423 ζ’
2956 4356 3248 4426 κεφαλαίου
3294 4357 3621 4429 ἐπέγραψεν.
3660 4357 3723 4409 El
3772 4357 3828 4409 δὲ
3870 4357 4017 4426 λέγει

2453 4464 2555 4516 τις,
2591 4454 2672 4505 ὅτι
2708 4454 2757 4503 οἱ
2784 4450 2959 4522 θρόνοι
2994 4450 3545 4521 ὑπερηρμένοι,ηῐστω
3589 4448 3671 4501 ὅτι
3711 4449 3802 4502 καὶ
3833 4448 3901 4502 τὰ
3928 4466 4018 4501 σε-

2462 4545 2632 4616 ραφὶμ
2676 4543 2895 4612 πύρινα,
2949 4542 3042 4594 καὶ
3088 4542 3358 4612 ἀνωφερῆ.
3406 4540 3613 4604 ’Ἄλλως
3643 4557 3703 4593 τε
3738 4540 3793 4593 δὲ
3828 4542 3921 4594 καὶ
3951 4542 4019 4595 τὰ

799 4645 1013 4684 sursum
1062 4628 1209 4683 I'erri.
1243 4623 1413 4677 Aliter
1444 4625 1605 4678 etiam
1643 4622 1693 4674 hi
1750 4632 1858 4676 tres
1912 4622 2133 4675 ordines
2187 4634 2346 4673 unam
2382 4610 2396 4664 1

2454 4610 2789 4708 τρία-ταῦτα
2831 4636 3083 4705 τάγματα
3139 4610 3287 4705 μίαν*
3317 4610 3497 4702 έχουσι
3547 4631 3645 4702 τὴν
3696 4632 4019 4702 ὑπερκειμέ-

802 4725 1001 4777 babent
1048 4725 1376 4778 eminentem
1431 4720 1909 4789 propinquitatem.
1945 4715 2043 4773 Hic
2073 4722 2249 4769 autem
2281 4713 2353 4765 ita

803 4821 1049 4868 recensel
1071 4827 1182 4872 eos,
1213 4821 1266 4866 et
1298 4826 1325 4863 a
1363 4809 1576 4863 thronis
1602 4808 1814 4875 incipit,
1842 4816 1895 4859 ut
1926 4816 1980 4860 et
2023 4806 2103 4861 sic
2154 4807 2354 4861 unitati

800 4904 1196 4971 quodammodo
1226 4902 1508 4957 consulat:
1541 4900 1623 4953 vel
1647 4900 1808 4953 etiam
1838 4899 2133 4952 secundum
2161 4909 2357 4954 nostrae

801 4998 1125 5065 cognitionis
1154 5006 1207 5049 et
1237 4993 1624 5049 illustrationis
1657 4992 1923 5045 rationem
1944 4992 2180 5061 (quoties
2210 4994 2354 5047 enim

804 5092 870 5143 ab
894 5089 1245 5143 inferioribus
1267 5091 1332 5141 ad
1358 5087 1638 5157 superiora
1668 5088 1961 5140 transimus
1978 5088 2044 5155 ί),
2064 5088 2143 5143 vel
2176 5103 2360 5143 secun-

805 5182 930 5234 dum
960 5181 1298 5235 deseribendi
1330 5195 1391 5235 ac
1421 5180 1715 5234 deﬁniendi
1742 5182 1957 5233 modum
1983 5198 1995 5243 ;
2019 5181 2359 5234 ascendendo

803 5275 949 5326 ertim
998 5272 1396 5327 multitudinem
1465 5273 1516 5327 in
1567 5288 1730 5325 unum
1787 5274 2180 5336 contrahimus,
2224 5274 2361 5326 sicut

805 5366 1177 5420 descendendo
1207 5381 1369 5419 unum
1399 5366 1451 5419 in
1486 5366 1651 5420 multa
1680 5368 1986 5422 dividimus.
2021 5366 2153 5420 Cum
2184 5368 2362 5435 itaque

806 5457 1023 5524 adjuvet
1058 5468 1167 5511 tres
1199 5458 1251 5512 in
1280 5473 1445 5511 unum
1482 5459 1685 5514 idcirco
1718 5460 2021 5513 istiusmodi
2054 5458 2181 5511 facit
2226 5473 2361 5510 enu-

877 5587 1309 5669 (ll)Tcnebrosa
1331 5590 1723 5669 interpretatio.
1742 5592 2018 5669 Mel_ius,‘ni
2046 5588 2221 5669 fallor,
2247 5608 2363 5645 ver-

808 5666 1054 5737 teretur‘:
1085 5660 1317 5737 dicentes
1346 5673 1581 5737 sanctum
1610 5662 1967 5731 (Dionysium)
2008 5664 2241 5713 eumdem
2277 5680 2363 5713 or-

807 5729 1238 5809 dincm_(sursmu
1289 5733 1564 5799 deorsum)
1605 5736 1656 5785 in
1698 5729 2135 5799 superscriptione
2179 5734 2360 5796 capitis

807 5803 1007 5877 septimi
1054 5816 1297 5877 servasse,
1346 5818 1495 5867 quem
1558 5819 1609 5855 ιη
1670 5803 2102 5869 superscriptione
2148 5803 2359 5855 illorum

811 5871 1061 5932 (capitum
1097 5870 1128 5921 8
1153 5883 1202 5921 et
1229 5872 1279 5937 9)
1310 5885 1512 5924 secutus
1536 5885 1630 5924 est.
1661 5874 1815 5925 Ευιτ.
1843 5874 2078 5925 Pyrum.

879 5938 1013 6004 (Μ’)
1042 5938 1132 5992 ΙΙέο
1180 5941 1325 5997 Iouis
1358 5942 1502 5996 huic
1533 5945 1718 5999 doctos
1769 5947 1907 5999 viros
1940 5946 2199 6000 exercuit.
2232 5945 2362 5998 Aliis

2458 4748 2552 4801 νην
2609 4730 2900 4801 ἐγγύτητα.
2954 4729 3114 4797 Λέγει
3150 4728 3206 4780 δὲ
3245 4726 3416 4789 οὕτως
3462 4723 3725 4785 ἐνταῦθα,
3777 4723 3870 4777 καὶ
3915 4725 4020 4778 ἀπὸ

2458 4819 2564 4871 τῶν
2610 4818 2812 4889 θρόνων
2846 4819 3070 4889 ἄρχεται
3095 4854 3108 4881 ,
3136 4817 3221 4870 ἵνα
3244 4814 3512 4869 καὶςτοῦτό
3530 4830 3613 4876 τις
3637 4814 3711 4876 ὼς
3736 4814 3852 4866 ἐνὸν
3884 4815 4019 4884 (H')

2460 4911 2801 4982 θεραπεύει-η’
2850 4910 2881 4980 ἢ
2934 4910 3012 4962 ὄτι
3066 4908 3208 4961 κατὰ
3254 4908 3351 4978 τὴν
3405 4906 3690 4974 ἀναλογίαν
3744 4906 3843 4976 τῆς
3896 4908 4020 4976 mus

2458 5004 2619 5072 τέρας
2651 5000 2900 5069 γνώσεως
2945 5000 3035 5053 καὶ
3067 4998 3380 5070 ὲλλάμψεως
3414 4996 3542 5067 (ἀπὸ
3593 4996 3700 5068 γὰρ
3729 4996 3836 5049 τιῖιν
3874 4998 4018 5051 κάτω

2462 5094 2642 5154 ποσῶς
2687 5093 2778 5143 ἐπὶ
2833 5091 2901 5143 τά
2948 5090 3194 5162 ἀνώτερα
3238 5087 3751 5161 μεταϐιϐαζόμεθα),
3808 5088 3841 5158 ἢ
3886 5089 4019 5141 κατὰ

2460 5187 2549 5238 τὸν
2584 5186 2736 5253 λόγον
2768 5184 2867 5253 τῆς
2891 5183 3235 5253 περιγραφῆς
3268 5182 3360 5235 καὶ
3381 5178 3475 5232 τοῦ
3508 5180 3787 5251 διορισμοῦ
3807 5196 3821 5210 ο
3864 5181 4017 5248 άνερ-

2462 5278 2674 5348 χὸμενοι
2696 5277 2821 5347 γὰρ,
2852 5276 2909 5328 τὸ
2932 5276 3133 5344 πλῆθος
3153 5277 3230 5337 είς
3252 5274 3307 5327 ἒν
3336 5274 3655 5342 συνάγομεν,
3675 5272 3860 5341 ὥσπερ
3892 5290 4019 5327 κατ-

2464 5370 2764 5441 ερχόμενοι,
2799 5370 2859 5421 τὸ
2907 5368 2963 5420 ἓν
3009 5370 3088 5430 είς
3128 5367 3296 5419 πολλὰ
3328 5364 3659 5436 διαιροῦμεν.
3711 5364 3860 5417 Ἐπεὶ
3893 5365 4019 5431 γοῦν

2468 5464 2671 5513 συνενοί
2712 5460 2808 5523 τὰς
2846 5464 2995 5531 τρεῖς
3027 5462 3105 5523 εἰς
3144 5461 3203 5511 τὸ
3236 5459 3311 5521 ἓν,
3348 5458 3434 5510 διά
3480 5457 3636 5510 τοῦτο
3662 5456 3753 5508 καὶ
3775 5456 4022 5526 τοιαύτην

2468 5597 2640 5665 legere
2687 5598 2857 5665 placet
2886 5598 2959 5658 ὼς
3004 5596 3057 5647 ἒν
3090 5596 3163 5657 6v,
3218 5605 3275 5647 ut
3322 5595 3401 5649 sic
3434 5597 3499 5649 ad
3535 5593 3802 5665 versionis
3826 5589 4022 5646 Latine

2468 5664 2953 5734 sensutnproxime
3000 5668 3325 5731 accedatur;
3360 5666 3450 5717 alii
3486 5664 3617 5717 nihil
3656 5672 3883 5723 mutant,
3914 5664 4019 5714 τοι,

2468 5752 2670 5804 sanque
2716 5732 2845 5788 verti
2893 5750 3049 5802 posse
3100 5734 3401 5787 aiiirmant:
3436 5744 3489 5786 ut
3530 5736 3712 5800 cuique
3741 5734 3892 5786 licem
3930 5732 4023 5785 hoc

2469 5816 2679 5884 (nempe
2708 5808 2841 5925 balbe
2872 5806 3075 5859 ordinis
3103 5806 3587 5873 contrarietatem),
3620 5820 3714 5873 pro
3740 5816 3888 5871 pom
3908 5816 4019 5869 suo,

2469 5892 2736 5925 rorr'aerc.
2796 5891 2847 5925 ι).

2467 5892 2736 5945 rorr'gerc.
2776 5891 2847 5931 ID.
