4202 6300
776 382 882 439 207

1964 383 2023 440 8.
2057 380 2357 441 DIONYSII
2392 380 2856 440 ΑιιΕοΡΑαιτιε

858 688 1033 761 Atque
1057 691 1171 745 hac
1200 687 1418 759 quidem
1456 695 1541 742 est
1565 687 1842 742 nominum
1884 688 2143 758 ipsorum,
2168 700 2338 756 quau-
2371 696 2415 752 Α
2509 724 2517 739 ι

2371 696 2415 752 Α
2509 685 2658 756 Αὕτη
2704 685 2861 758 μὲνὴ
2904 684 3011 738 τῶν
3036 684 3311 755 ὀνομάτων
3365 686 3543 740 αὐτῶν
3590 686 3665 749 ὡς
3701 684 3823 739 καθ’

787 794 899 839 tum
942 795 1140 853 capere
1174 792 1491 850 possumus,
1524 780 1927 847 interpretatio;
1962 793 2127 849 quam
2156 787 2342 831 autem

785 892 973 931 rerum
1018 871 1387 930 bierarchiam
1433 883 1552 925 esse
1598 880 1883 939 putemus,
1919 870 2207 924 dicendum
2236 880 2338 923 est.

786 968 974 1024 Omnis
1021 967 1164 1021 enim
1208 962 1528 1019 hierarcbiaa
1565 976 1786 1029 scopum
1826 976 1892 1014 ex
1920 961 2100 1015 divina
2143 961 2344 1015 deifor-

787 1063 991 1117 mitatis
1031 1061 1335 1116 imitatione
1373 1066 1691 1115 constanter
1732 1056 2068 1128 dependere,
2101 1067 2345 1107 omnem-

784 1171 890 1225 qus
954 1153 1284 1210 {unctionem
1336 1151 1770 1213 hierarchicam,
1828 1150 1881 1203 in
1942 1155 2344 1205 sacrosanmm

786 1244 1092 1312 purissimae
1122 1241 1490 1297 mundationis
1519 1249 1573 1295 et
1597 1238 1764 1293 divini
1812 1237 2054 1299 luminis,
2093 1234 2343 1302 perfecti-

786 1348 972 1402 vmque
994 1335 1238 1389 scientias
1280 1330 1750 1403 participationem
1794 1336 1954 1398 atque
2001 1326 2345 1381 collationem

785 1424 974 1489 dividi,
1000 1426 1135 1479 satis
1157 1438 1425 1493 superque
1444 1423 1553 1491 jam
1584 1436 1610 1473 a
1639 1418 1791 1473 nobis
1823 1419 2021 1471 dictum
2050 1415 2304 1471 existimo
2332 1434 2344 1468 :

787 1530 928 1569 nunc
942 1525 1119 1570 autem
1146 1530 1243 1585 pro
1264 1528 1632 1584 sopremarum
1654 1514 1879 1567 istarum
1900 1509 2156 1564 mentium
2174 1506 2350 1577 digni-

789 1615 895 1659 tate
914 1606 1093 1660 dicere
1110 1605 1613 1675 desidero,quanam
1634 1602 1841 1657 ratione
1857 1615 2010 1655 sacer
2024 1614 2083 1654 ea
2093 1614 2206 1651 rum
2220 1599 2351 1653 ordo

788 1712 815 1747 a
850 1694 1143 1764 Scripturis
1175 1695 1495 1763 explicetur.
1544 1692 1739 1746 Primis
1779 1690 1901 1744 istis
1932 1691 2204 1755 essentiis,
2232 1702 2352 1757 quae

790 1796 909 1856 post
936 1787 1366 1841 substantillcum
1392 1785 1624 1852 ipsarum
1655 1782 2097 1850 dciprincipnlum
2120 1779 2352 1834 collocau

791 1890 877 1943 te,
908 1886 961 1932 et
991 1877 1141 1945 quasi
1173 1878 1224 1929 in
1256 1873 1517 1927 vestibulo
1542 1871 1656 1940 cjus
1683 1871 1819 1934 sine.
1844 1879 2079 1924 creatam
2102 1868 2351 1922 virtutem

786 1984 1021 2032 omnem,
1068 1978 1174 2020 tam
1226 1965 1545 2020 invisibilem
1583 1978 1741 2032 quam
1774 1960 2040 2015 visibilem
2081 1970 2355 2015 transcen-

2444 776 2765 846 ὲκφαντιρία
2790 776 2834 806 ¹⁰
2859 792 2872 804 ·
2900 774 3115 827 λεκτέον
3144 774 3221 838 δὲ,
3248 774 3367 828 τίνα
3398 777 3496 847 τὴν
3531 776 3808 846 ἰεραρχίαν
3832 777 4016 832 αὐτῶν

2445 863 2685 934 οἰόμεθα.
2738 864 2841 915 Τὸν
2886 862 2984 933 μὲν
3027 862 3133 933 γὰρ
3166 864 3381 934 ἀπάσης
3411 865 3454 894 ’ί
3493 865 3771 936 ίεραρχίας
3815 867 4017 921 σκοπὸν

2443 954 2544 1023 τῆς
2602 952 2933 1023 Θεομιμήτου
2999 951 3286 1015 Θεοειδείας
3346 951 3710 1025 ἐξηρτημένον
3758 955 4017 1027 ἀρῤεπῶς

2446 1040 2602 1107 εἶναι,
2630 1044 2722 1095 καὶ
2750 1044 2810 1095 τὸ
2828 1041 3150 1115 διαιρεῖσθαι
3196 1044 3375 1096 πᾶσαν
3412 1045 3728 1117 ἰεραρχικὴν
3755 1063 4013 1117 πραγμα-

2444 1135 2615 1199 τείαν,
2654 1135 2733 1196 εἰς
2773 1134 3005 1205 μετοχὴν
3048 1132 3195 1204 ἱερὰν
3237 1135 3331 1187 καὶ
3380 1134 3662 1204 μετάδοσιν
3696 1136 4016 1207 καθάρσεως

2448 1225 2697 1297 ἀμιγοῦς,
2730 1227 2825 1278 καὶ
2848 1225 2992 1278 Θειου
3018 1224 3211 1292 φωτὸς,
3240 1224 3336 1276 καὶ
3356 1223 3669 1295 τελεστικῆς
3686 1227 4014 1296 ἐπιστήμης.

2447 1318 2757 1388 ἀρκούντως
2792 1318 2897 1388 ἤδη
2932 1316 3067 1388 πρὸς
3099 1315 3253 1387 ἡμῶν
3293 1316 3540 1387 εἰρῆσθαι
3562 1317 3795 1387 νομίζω’
3821 1317 3914 1371 νῦν
3956 1318 4015 1371 δὲ

2450 1413 2619 1463 εἰπεῖν
2660 1407 2824 1475 ἀξίως
2866 1407 3089 1478 εὔχομαι
3132 1407 3237 1460 τῶν
3280 1404 3595 1477 ὓπερτάτων
3634 1410 3788 1474 νοῶν,
3824 1410 3940 1473 πῶς
3979 1411 4015 1481 ὴ

2448 1498 2569 1552 κατ’
2617 1482 2813 1561 αὐτοὺς
2869 1498 3116 1569 ἰεραρχία
3152 1495 3243 1550 διὰ
3289 1496 3397 1549 τῶν
3443 1496 3634 1565 λογίων
3680 1499 4015 1567 έκφαίνεται.

2451 1590 2582 1654 Tui;
2606 1589 2847 1660 πρώταις
2878 1586 3104 1652 οὐσίαις,
3135 1587 3189 1641 αἳ
3220 1586 3354 1657 μετά
3380 1588 3477 1657 τὴν
3506 1587 3809 1641 οὐσιοποιὸν
3837 1589 4019 1642 αὐτῶν

2452 1683 2704 1753 Θεαρχίαν
2734 1683 3033 1755 ἱδρυμέναι,
3066 1682 3157 1733 καὶ
3194 1677 3301 1733 οἷον
3333 1683 3390 1734 ὲν
3417 1682 3704 1753 προθύροις
3737 1682 3906 1751 αὐτῆς
3924 1700 4019 1735 τεσ-

2450 1775 2735 1843 ταγμέναι,
2768 1774 2945 1843 πάσης
2972 1773 3106 1825 εἰσὶν
3140 1773 3370 1843 ἀοράτου
3414 1772 3505 1825 καὶ
3548 1774 3747 1844 ὁρατῆς
3788 1773 4022 1843 ὑπερϐε-

2454 1861 2669 1932 6ηκυϊαι
2707 1862 2991 1930 γεγονυίας
3025 1862 3334 1932 δυνάμεως,
3374 1863 3449 1925 ὼς
3494 1862 3700 1915 οἰκείαν
3750 1858 4021 1931 ²³οἱητέον

2454 1949 2705 2007 εἶναικαὶ
2732 1952 2872 2017 κατὰ
2900 1952 3005 2005 πᾶν
3029 1952 3248 2023 ὁμοειδῆ
3289 1952 3387 2023 τὴν
3420 1952 3717 2022 ἱεραρχίαν.
3758 1951 4021 2022 Καθαράς

787 2062 937 2122 dunt,
968 2058 1240 2128 propriam
1264 2054 1550 2125 quamdam
1573 2050 1965 2107 ctuniformem
1990 2051 2352 2104 hierarcbiam
2386 2047 2427 2105 Β

2386 2047 2427 2105 Β
2458 2045 2557 2116 μὲν
2590 2040 2682 2097 οὖν
2715 2044 2882 2107 αὐτὰς
2913 2044 3164 2113 ἡγητέον,
3185 2044 3281 2113 οὐχ
3310 2043 3385 2105 ὡς
3410 2044 3635 2114 ἀνιέρων
3674 2042 3900 2113 κηλίδων
3927 2044 4022 2098 καὶ

788 2164 908 2201 csse
931 2145 1353 2200 existimandum
1390 2151 1494 2197 est.
1549 2141 1704 2195 Pura:
1752 2140 2015 2209 siquidem
2045 2141 2347 2203 censendtc,

789 2256 893 2294 non
919 2239 1073 2308 quasi
1104 2253 1133 2291 a
1165 2236 1386 2290 maculis
1418 2233 1725 2304 (duntaxat)
1762 2231 1989 2302 impuris
2030 2229 2349 2286 colluvioni-

788 2331 996 2399 busque
1023 2331 1131 2385 sint
1161 2328 1364 2392 liberm,
1403 2326 1485 2382 vel
1522 2326 1663 2396 quod
1694 2328 1745 2381 in
1776 2341 1870 2380 eas
1912 2323 2210 2379 materialia
2236 2322 2348 2376 visa

787 2437 891 2477 non
922 2422 1154 2487 cadant;
1186 2420 1279 2474 sed
1324 2419 1468 2488 quod
1508 2418 1728 2474 omnino
1775 2416 2149 2471 imminutione
2176 2413 2347 2480 omni,

787 2514 1047 2583 omnique
1078 2527 1136 2568 re
1162 2525 1319 2567 sacra
1366 2510 1469 2565 sibi
1512 2510 1725 2565 subdita
1755 2509 2034 2573 celsiores,
2070 2523 2177 2579 prae
2201 2523 2349 2563 sum-

789 2619 874 2658 tua
900 2604 1151 2672 puritate,
1185 2602 1437 2657 omnibus
1462 2601 1625 2655 etiam
1647 2639 1663 2665 ,
1694 2600 1775 2654 vel
1810 2599 2040 2653 maxime
2070 2598 2347 2654 deil'ormi-

789 2689 890 2745 bus
926 2689 1249 2756 virtutibus,
1286 2688 1396 2742 sint
1426 2688 1739 2757 anteposita:
1766 2689 2082 2759 ordiuisque
2120 2688 2201 2744 sui
2234 2704 2350 2744 mo-

790 2790 899 2835 tum
966 2780 1243 2848 prOprium
1305 2778 1734 2848 mquabilemqne
1790 2794 1886 2849 per
1949 2794 2187 2836 amorem
2254 2780 2347 2835 Dei

786 2880 1101 2926 constanter
1146 2878 1400 2935 teneant,
1449 2868 1811 2933 invariatnm,
1864 2885 2036 2938 neque
2081 2872 2241 2925 ullam
2294 2872 2347 2925 in

788 2960 1027 3015 deterius
1051 2968 1349 3030 agnoscant
1383 2959 1943 3023 imminutionem‘,sed
1976 2962 2347 3017 inconcussam

788 3062 997 3117 semper
1043 3056 1097 3103 et
1146 3046 1477 3102 immobilem
1520 3046 1801 3101 deil'ormis
1843 3060 1955 3101 sua:
2001 3048 2348 3117 pr0prietatis

789 3138 972 3191 sedem
1020 3136 1275 3190 habeant.
1327 3134 1812 3203 Contemplatrices
1846 3135 1998 3201 item,
2044 3152 2148 3192 non
2192 3136 2349 3207 quasi

790 3228 1174 3300 symbolarum,
1202 3244 1321 3299 qua:
1350 3228 1432 3282 vel
1462 3242 1620 3282 sensu
1650 3228 1731 3282 vel
1768 3237 1947 3281 mente
1986 3228 2350 3297 percipiantur

788 3322 1173 3391 spectatrices,
1230 3334 1403 3388 neque
1446 3320 1710 3374 varietate
1756 3320 2226 3389 contemplationis
2257 3335 2340 3374 sa-

791 3428 1008 3468 crarum
1045 3410 1453 3481 Scripturarum
1493 3410 1562 3465 ad
1611 3410 1776 3464 Deum
1822 3410 2063 3475 clevat:e,
2105 3412 2198 3465 sed
2230 3420 2348 3466 tan-

793 3517 953 3573 quam
1011 3502 1159 3557 omni
1217 3501 1527 3570 cognitione
1576 3500 1811 3570 simplici
1871 3500 2079 3556 altioris
2131 3503 2351 3557 luminis

790 3592 1057 3662 expletae,
1104 3601 1160 3645 et
1208 3591 1657 3661 contemplatione
1715 3591 1860 3646 illius
1907 3591 2347 3661 pulchritudinis,

788 3701 910 3755 quae
942 3694 1026 3740 est
1066 3682 1305 3740 eﬂeCtrix
1334 3693 1388 3737 et
1436 3683 1593 3755 origo
1643 3684 2090 3753 pulchritudinis,
2130 3694 2185 3739 et
2226 3700 2350 3755 quae

790 3789 959 3843 supra
994 3772 1353 3828 substantiam
1385 3785 1495 3838 est,
1530 3785 1589 3827 ct
1622 3773 1672 3826 in
1703 3773 1876 3828 tribus
1904 3774 2183 3843 splendet,
2211 3790 2348 3844 qna-

793 3882 950 3923 tenus
1007 3868 1090 3923 fas
1136 3876 1245 3932 est,
1295 3866 1508 3920 refertae
1554 3867 1997 3923 :communionis
2045 3881 2173 3922 vero
2224 3866 2346 3922 Jesu

789 3962 1044 4015 similiter
1076 3962 1375 4030 participes
1397 3958 1584 4025 facta,
1618 3975 1723 4014 non
1754 3961 1911 4029 quasi
1949 3961 2004 4016 in
2024 3960 2349 4030 imaginibus

790 4062 981 4108 sancte
1026 4052 1353 4119 informatls,
1408 4067 1528 4121 quae
1576 4052 1744 4107 veluti
1786 4052 1973 4107 forma:
2013 4052 2169 4107 ineis
2198 4051 2348 4106 deiti-

789 4158 909 4199 eam
954 4144 1367 4203 similitudinem
1409 4144 1734 4214 exprimant,
1775 4144 1868 4197 sed
1917 4153 2169 4213 tanquam
2217 4157 2347 4200 vero

790 4240 1006 4289 adeum
1038 4235 1538 4304 appropinquantes
1566 4235 1618 4287 in
1669 4235 1782 4303 ipsa
1834 4236 2005 4304 prima
2055 4236 2347 4305 participa-

794 4329 937 4381 tione
959 4326 1303 4397 cogitationis
1330 4325 1591 4380 luminum
1614 4323 1728 4392 ejus
1752 4326 2063 4381 deiﬁcorum
2084 4341 2217 4391 ;nec
2236 4342 2343 4380 non

790 4417 933 4485 quod
967 4417 1133 4471 Deum
1164 4416 1409 4471 imitandi
1446 4416 1603 4477 ratio,
1638 4415 1743 4486 55
1777 4411 2167 4471 sublimissimo
2213 4415 2347 4485 ipsis

791 4508 949 4563 modo
972 4509 1041 4562 sit
1083 4507 1311 4573 indulta,
1350 4516 1404 4561 et
1448 4506 1500 4560 in
1543 4508 1819 4576 primaeva.
1860 4515 2121 4577 quantum
2161 4508 2231 4561 iis
2261 4506 2345 4561 l'as

786 4609 891 4664 est,
941 4598 1183 4669 potentia
1232 4598 1601 4667 divinisejus
1648 4598 2008 4667 humanisque
2055 4600 2346 4654 virtutibus

2451 2135 2739 2207 μολυσμῶν
2772 2135 3237 2207 ἡλευθερωμένας,
3268 2135 3374 2189 οὐδ’
3402 2136 3479 2198 ὼς
3522 2135 3803 2207 προσύλων
3829 2136 4022 2189 ἀνεπι-

2447 2218 2667 2296 δέὶςτους
2697 2227 3026 2297 φαντασιῶν,
3060 2226 3173 2280 ἀλλ’
3200 2228 3275 2290 ὡς
3315 2228 3493 2297 πάσης
3532 2227 3774 2295 ὑφέσεως
3805 2226 4021 2297 ἀμιγῶς

2449 2317 2801 2390 ὑψηλοτέρας,
2843 2305 3176 2387 καὶ’παντὸς
3213 2317 3607 2387 ύπόὀεϐηκότος
3648 2317 3826 2387 ἰεροῦ·
3878 2317 4024 2373 κατά

2446 2410 2547 2479 τὴν
2576 2409 2884 2480 ὑπερτάτην
2907 2410 3197 2479 ἀγνότητα,
3236 2409 3436 2471 πάσαις
3455 2411 3570 2472 ταῖς
3598 2408 4023 2473 θεοειδεστάταις

2447 2498 2735 2569 δυνάμεσιν
2762 2500 3217 2571 ύπεριδρυμένας,
3244 2498 3454 2569 καὶτῆς
3490 2500 3692 2564 οἰκείας
3730 2500 4021 2573 αὐτοκινή-

2446 2607 2541 2642 του
2571 2592 2621 2622 ³³
2653 2591 2745 2643 καὶ
2769 2591 3151 2662 ταὺτοκινήτου
3188 2589 3329 2644 κατά
3357 2591 3417 2644 τὸ
3456 2591 3714 2660 φιλοθέως
3750 2592 4021 2663 ἄτρεπτον

2447 2680 2651 2745 τάξεως
2675 2682 2932 2754 ἀρῥεπῶς
2959 2682 3349 2753 ἀντεχομὲνας,
3389 2683 3483 2735 καὶ
3507 2683 3605 2753 τὴν
3628 2684 3720 2736 ἐπὶ
3744 2684 3813 2736 τὰ
3850 2684 4020 2755 χείρω

2448 2772 2587 2825 κατά
2612 2788 2664 2824 τι
2694 2770 2914 2842 μείωσιν
2942 2772 3049 2825 οὐδ’
3078 2773 3212 2841 ὅλως
3246 2773 3466 2836 εἰδυίας,
3503 2773 3615 2827 ἀλλ’
3647 2774 3893 2828 ἄπτωτον
3932 2776 4022 2829 ἀεὶ

2448 2862 2542 2914 καὶ
2572 2862 2962 2932 ἀμετακίνητον
2990 2862 3218 2933 ἐχούσας
3257 2864 3355 2935 τὴν
3386 2863 3485 2934 τῆς
3525 2864 3730 2927 οἰκείας
3756 2863 4022 2930 Θέοειδοῦς

2451 2954 2706 3025 ἰδιότητος
2736 2954 3102 3035 ἀμιγεστάτην
3133 2955 3354 3025 ἵδρυσιν.
3388 2955 3733 3027 Θεωρητικάς
3754 2956 3811 3009 δὲ
3841 2954 4019 3026 αὖθις,

2447 3046 2544 3116 οὐχ
2570 3046 2645 3108 ὠς
2676 3044 2944 3115 αἰσθητῶν
2973 3044 3251 3117 συμϐόλων
3280 3045 3480 3119 νοερῶν
3520 3046 3565 3078 ⁸⁸
3601 3045 3857 3113 Θεωροὺς,
3894 3050 4019 3102 οὐδὲ

2449 3136 2526 3201 ῶς
2564 3138 2630 3208 τῇ
2678 3136 2921 3208 ποικιλίᾳ
2963 3137 3062 3208 τῆς
3114 3136 3504 3208 ίερογραφικῆς
3550 3136 3779 3208 θεωρίας
3824 3141 3917 3192 ἐπὶ
3957 3141 4022 3193 τὸ

2448 3230 2599 3282 Θεῐον
2645 3227 3001 3298 ἀναγομένας,
3054 3225 3167 3281 ἀλλ’
3205 3226 3281 3289 ὼς
3330 3228 3508 3297 πάσης
3550 3227 3712 3283 ἀῢλου
3764 3229 4023 3296 γνώσεως

2451 3319 2779 3391 ὑψηλοτέρου
2840 3320 3015 3388 φωτὸς
3067 3317 3590 3389 ἀποπληρουμένάς,
3646 3321 3739 3375 καὶ
3785 3302 3885 3390 τῆς
3919 3320 4020 3374 τοῦ

2451 3410 2767 3463 καλλοποιοῦ
2796 3412 2887 3463 καὶ
2929 3410 3155 3482 ἀρχικοῦ
3188 3410 3413 3473 κάλλους
3447 3411 3765 3481 ὑπερουσίου
3788 3412 3879 3465 καὶ
3899 3430 4021 3482 τριρ-

2450 3502 2651 3573 φανοῦς
2680 3502 2943 3573 Θεωρίας,
2982 3503 3057 3565 ὼς
3098 3486 3334 3573 θεμιτδν,
3366 3500 3881 3573 ἀναπιμπλαμένας·
3912 3503 4019 3573 τῆς

2447 3602 2505 3654 δὲ
2540 3596 2710 3671 Ἰησοῦ
2740 3602 3021 3665 κοινωνίας
3042 3601 3299 3665 ὡσαύτως
3321 3599 3640 3672 ἠξιωμένας,
3665 3602 3760 3655 οὐκ
3793 3602 3850 3655 ἐν
3872 3603 4020 3655 εἰκό-

2451 3707 2534 3743 σιν
2560 3689 2930 3761 ἰεροπλάστοις
2962 3690 3318 3761 μορφωτικῶς
3348 3691 3680 3744 ἀποτυποῦσι
3701 3697 3800 3762 τὴν
3828 3690 4020 3764 θεουρ-

2448 3783 2607 3855 γικὴν
2634 3782 2908 3854 ὁμοίωσιν,
2942 3782 3056 3859 ἀλλ’
3084 3783 3159 3846 ὡς
3188 3782 3399 3854 άληθῶς
3432 3782 3580 3854 αὑτῷ
3615 3782 4019 3853 πλησιαζούσας

2447 3875 2507 3928 ὲν
2554 3872 2745 3945 πρώτῃ
2794 3873 3050 3945 μετουσίᾳ
3094 3873 3193 3943 τῆς
3233 3871 3487 3940 γνώσεως
3528 3872 3637 3926 τῶν
3679 3871 4017 3941 Θεουργικῶν

2447 3964 2612 4017 αὑτοῦ
2655 3963 2868 4033 φώτων·
2922 3964 3016 4017 καὶ
3066 3963 3177 4034 μὴν
3225 3964 3305 4015 ὅτι
3357 3962 3416 4015 τὸ
3466 3962 3791 4034 Θεομίμητον
3822 3964 4016 4027 αὑταῖς

2449 4055 2764 4126 ὑπερτάτως
2776 4054 3092 4127 δεδώρηται,
3114 4055 3207 4108 καὶ
3235 4053 3567 4121 κοινωνοῦσι,
3592 4054 3730 4107 κατὰ
3748 4055 3809 4107 τὸ
3824 4056 4017 4121 αὐταῖς

2447 4147 2692 4215 ἐφικτὸν,
2749 4148 2807 4199 ἐν
2864 4146 3197 4218 πρωτουργῷ
3241 4146 3461 4216 δυνάμει
3504 4150 3623 4209 ταῖς
3673 4147 4015 4219 θεουργικαῖς

2446 4236 2611 4290 αὐτοῦ
2659 4237 2753 4290 καί
2796 4235 3191 4308 φιλανθρώποις
3242 4238 3479 4308 ἀρεταῖς.
3518 4237 3914 4307 Τετελεσμένας
3955 4239 4014 4293 δὲ

2446 4326 2725 4390 ὡσαύτως,
2755 4328 2852 4398 οὐχ
2882 4327 2957 4391 ὡς
2982 4327 3249 4391 ποικιλίας
3280 4329 3428 4399 ἱερᾶς
3445 4329 3768 4401 ἀναλυτικὴν
3785 4330 4014 4402 ἐπιστή-

2446 4435 2555 4489 μην
2586 4418 3015 4488 ὲλλαμπομένας,
3034 4418 3145 4471 ἀλλ’
3166 4418 3241 4481 ὡς
3270 4418 3491 4490 πρώτης
3518 4420 3611 4473 καὶ
3642 4421 4013 4495 ὑπερεχούσης

2446 4505 2691 4570 θεώσεως
2727 4504 3233 4577 ἀποπληρουμένας,
3280 4506 3421 4560 κατὰ
3456 4508 3553 4578 τὴν
3598 4508 3903 4580 ὑπερτάτην
3935 4510 4012 4573 ὼς

2444 4598 2502 4652 ὲν
2550 4599 2799 4667 ἀγγέλοις
2842 4598 2948 4652 τῶν
2990 4597 3279 4669 θεουργιῶν
3322 4599 3656 4670 ἐπιστήμην·
3704 4600 3763 4652 οὐ
3806 4599 3917 4672 γάρ
3942 4599 4012 4653 δι’

788 4693 1209 4747 communicent.
1255 4691 1521 4747 Similiter
1562 4692 1817 4761 perfecta
1865 4700 2011 4759 sunt,
2053 4706 2157 4745 non
2188 4692 2343 4761 quasi
2376 4715 2447 4770 Di

2376 4715 2419 4770 ι)
2446 4688 2617 4743 ἄλλων
2646 4688 2814 4756 ἀγίων
2842 4687 3056 4751 οὐσιῶν,
3088 4687 3222 4741 ἀλλά
3251 4688 3387 4761 πρὸς
3428 4688 3597 4757 αὐτῆς
3619 4688 3721 4758 τῆς
3750 4687 4010 4761 θεαρχίας

793 4781 1077 4837 varietates
1105 4783 1241 4838 istas
1281 4796 1470 4837 sacras
1513 4781 1819 4838 resolvendi
1870 4781 2094 4837 scientia
2132 4782 2243 4837 sint
2278 4781 2345 4835 il-

791 4872 1068 4940 lustrataz;
1095 4874 1350 4943 sedquod
1376 4875 1548 4943 prima
1578 4883 1632 4928 et
1656 4873 1996 4943 prmeellente
2018 4872 2110 4929 Dei
2145 4875 2344 4929 unione

789 4954 1083 5028 satientur,
1121 4962 1274 5030 juxta
1318 4978 1624 5034 supremam
1686 4963 1831 5018 illam
1886 4963 2063 5033 (cujus
2119 4978 2345 5033 capaces

791 5064 917 5108 sunt
943 5054 1142 5123 angeli)
1166 5056 1473 5110 divinorum
1497 5069 1719 5125 operum
1747 5054 2089 5124 disciplinam
2122 5072 2137 5110 :
2172 5056 2343 5127 siqui-

792 5146 909 5198 dem
935 5159 1041 5199 nou
1067 5146 1137 5199 ab
1168 5146 1290 5201 aliis
1320 5147 1645 5216 quibusdam
1667 5146 1872 5202 sanctis
1903 5146 2183 5213 spiritibus
2205 5186 2221 5213 ,
2252 5150 2346 5202 sed

792 5236 859 5287 ab
907 5235 1133 5302 ipsamet
1172 5236 1461 5293 Divinitate
1505 5238 1678 5293 sacris
1738 5238 2053 5303 initiantur,
2106 5238 2237 5291 dum
2276 5239 2344 5291 ad

2451 4779 2884 4853 ίεραρχούμεναι,
2913 4779 2991 4850 τῷ
3018 4779 3104 4831 ἐπ’
3143 4780 3311 4851 αὐτὴν
3338 4780 3524 4851 ἀμέσῳ
3542 4780 3587 4810 ’⁵
3617 4779 4010 4846 ἀνατείνεσθαι,

2444 4880 2510 4949 τῇ
2540 4878 2755 4932 πάντων
2796 4876 3131 4950 ὑπερεχούσῃ
3177 4876 3399 4948 δυνάμει
3427 4878 3520 4930 καὶ
3548 4877 3719 4941 τάξει,
3750 4879 3847 4930 καὶ
3873 4878 4009 4949 πρὸς

2445 4970 2505 5021 τὸ
2533 4969 2805 5038 πάναγνον
2848 4970 2942 5023 καὶ
2979 4968 3120 5023 κατά
3147 4969 3492 5039 Μναρρεπὲς
3518 4968 3565 4998 ’⁸
3596 4967 3883 5039 ἱδρύονται,
3914 4969 4011 5021 καὶ

2447 5059 2582 5129 πρὸς
2614 5059 2709 5129 τὴν
2737 5058 2894 5111 ἀῦλον
2923 5057 3016 5111 καὶ
3046 5056 3240 5128 νοητὴν
3265 5056 3614 5128 εὐπρέπειαν,
3659 5056 3735 5119 ὡς
3770 5054 4007 5127 θεμιτὸν,

2448 5154 2527 5213 εἰς
2574 5150 2801 5220 θεωρίαν
2841 5148 3224 5220 προσάγονται,
3266 5148 3359 5201 καὶ
3403 5150 3528 5210 τοὺς
3573 5146 3680 5199 τῶν
3718 5146 4009 5216 Θεουργιῶν

2451 5241 2899 5311 ὲπιστημονικοὺς
2946 5240 3165 5308 λόγους,
3215 5240 3290 5304 ὡς
3330 5240 3539 5311 πρῶται
3585 5240 3677 5293 καὶ
3716 5240 3840 5311 περὶ
3876 5237 4011 5299 Θεὸν

2048 5419 2284 5476 VARUS
2324 5419 2728 5476 LECTIONES.

862 5596 907 5627 ⁸⁸
926 5612 1016 5718 γδ.
1051 5598 1393 5669 ὲκφαντορία.
1471 5602 1511 5632 ’ί
1546 5603 1607 5656 D.
1637 5603 1691 5658 S.
1725 5603 1899 5659 P.Ch.
1928 5605 1987 5656 τὸ

794 5665 839 5695 ’³
868 5666 928 5719 C.
1003 5706 1015 5717 .
1044 5667 1099 5719 l’.
1132 5670 1453 5719 ἀεικινήτου.
1532 5673 1577 5703 ’δ
1603 5675 1634 5719 ἠ
1666 5675 1881 5719 νοεοῶυ.
1918 5674 1987 5719 Ωιι

2010 5606 2107 5679 μὲν
2125 5609 2251 5679 γάρ,
2275 5610 2512 5679 ἁπάσης.

2590 5607 2633 5636 ²¹
2652 5605 2726 5668 ὡς
2745 5620 2847 5659 non
2874 5605 3036 5658 habet
3060 5602 3156 5657 Ch.
3183 5601 3242 5657 S.
3278 5600 3335 5654 P.
3367 5598 3457 5654 Sc.
3491 5595 3611 5668 Sar.
3641 5595 3895 5653 ιοικυῑαν,
3937 5593 4007 5668 μ.

1044 5666 1453 5753 ι’λάειξιθήτρξιο
1511 5673 1577 5753 f‘
1603 5675 1635 5745 ἡ
1666 5675 1883 5746 νοερῶν.
1918 5666 2022 5731 Ch.‘
2050 5678 2113 5734 Ι).
2136 5666 2214 5735 ῬΣ
2237 5666 2327 5737 Sc.
2402 5666 2535 5731 πῖ).
2570 5675 2627 5734 Ρ.
2664 5666 2721 5734 ὃ.
2752 5675 2994 5745 ἀμέσως,
3029 5688 3192 5743 quam
3233 5672 3513 5729 lectionem
3541 5666 3689 5721 Scot.
3716 5667 4005 5734 expressit.

794 5735 840 5767 "
863 5735 958 5791 Cll.
996 5735 1051 5793 υ,
1093 5738 1153 5793 1).
1184 5741 1288 5791 πᾶν
1319 5735 1573 5813 ἀρρεπές.
