4202 6300
237 310 350 367 909

1226 307 1314 363 DE
1347 303 1676 362 C(ELES‘PI
1711 305 2154 367 HIERARCHIA.
2191 308 2343 366 CAP.
2381 309 2486 366 VII.

3350 316 3458 374 2ίο

238 421 418 488 οῦσαι,
455 421 713 495 μυοῦνται
742 421 877 495 πρὸς
903 419 1073 486 αὐτῖις
1101 421 1449 493 τελεταρχίας
1479 421 1522 452 ’⁷
1570 421 1804 491 ὐπερτά-
1833 439 1877 491 Α

1796 452 1804 460 -
1833 439 1877 491 Α
1913 419 2077 473 Deum
2116 419 2425 476 immediate
2463 435 2560 490 per
2605 419 2857 479 virtutem
2896 422 3256 498 ordinemque
3297 430 3455 486 rebus

237 534 347 580 τως
381 516 811 587 ίεραρχούμεναι.

1913 513 2165 567 erunibus
2208 513 2538 582 superiorem
2584 513 2952 585 subriguntur,
3000 531 3100 575 nec
3142 534 3246 576 non
3295 520 3348 575 in
3390 537 3455 577 eo

238 623 453 663 summa
488 610 727 678 puritate
751 621 1069 677 summaque
1096 605 1404 661 constantia
1429 605 1804 671 stabiliuntur;
1835 615 1889 661 et
1913 620 2014 681 pro
2063 606 2403 687 immateriali
2439 621 2502 661 ae
2543 606 2772 675 spiritali
2802 608 2993 663 decore
3030 624 3150 675 suo,
3191 623 3452 682 quantum

238 701 322 756 fas
365 710 471 766 est,
520 702 587 756 ad
635 699 1146 770 contemplationem
1190 710 1596 768 promoventur,
1643 711 1805 770 atque
1853 700 2168 755 scientiﬂcis
2221 698 2528 758 divinorum
2573 716 2798 771 operum
2847 702 3162 769 rationibus,
3197 717 3453 774 tanquam

236 792 428 862 prima:
454 793 674 863 Deoque
715 793 1009 864 proximae,
1063 793 1388 849 erudiuntur
1441 797 1510 847 ab
1541 793 1765 862 ipsumet
1815 792 2059 849 initiandi
2101 792 2388 862 principio,
2437 792 2694 849 eminenti
2739 793 2898 855 modo
2941 805 3282 853 consecrata.

1762 955 1789 1028 ς
1828 952 1939 1015 lli.

301 1101 474 1163 Τοῦτο
491 1101 620 1171 γοῦν
651 1104 700 1157 oi
730 1101 964 1173 θεολόγοι
986 1105 1169 1174 σαφῶς
1194 1104 1410 1176 δηλοῦσι
1451 1105 1532 1168 τδ,
1559 1103 1656 1167 τὰς
1696 1103 1792 1175 μὲν

229 1190 524 1264 ὕφειμένας
565 1196 674 1248 τῶν
711 1198 974 1267 οὐρανίων
1001 1198 1195 1252 οὐσιῶν
1221 1199 1625 1270 διακοσμήσεις,
1656 1196 1792 1268 πρὸς

223 1283 337 1336 τῶν
397 1286 840 1358 ὐπερὸεὸηκυιῶν
889 1289 1171 1362 εὐκόσμως
1227 1291 1633 1346 ἐκδιδάσκεσθαι
1692 1288 1792 1353 τὰς

226 1373 550 1446 θεουργικάς
592 1373 933 1449 ἐπιστήμαςο
970 1383 1067 1445 τὰς
1106 1383 1162 1436 δὲ
1204 1383 1388 1436 πασῶν
1437 1382 1786 1453 ὑψηλοτέρας,

224 1465 319 1518 ὑπ’
361 1467 531 1538 αὐτῆς
576 1468 851 1541 θεαρχίας,
896 1471 971 1535 ὡς
1013 1472 1250 1543 θεμιτὸν,
1296 1475 1393 1538 τάς
1439 1476 1661 1546 μυήσεις
1702 1474 1787 1525 ἐλ-

223 1553 551 1628 λάμπεσθαι.
570 1559 730 1624 Τινὰς
753 1563 850 1632 μὲν
877 1564 983 1632 γὰρ
1015 1566 1190 1618 αὐτῶν
1220 1564 1495 1632 εἰσάγουσι
1523 1566 1656 1637 πρὸς
1683 1563 1788 1617 τῶν

223 1649 504 1720 προτέρων
556 1651 714 1722 ίερῶς
760 1655 1082 1726 μυουμένας,
1129 1657 1218 1710 τὸν
1264 1654 1607 1728 Κύριονείναι
1630 1654 1788 1710 ’πτῶν

220 1739 489 1810 οὐρανίων
554 1743 860 1813 δυνάμεων,
916 1750 1007 1810 καὶ
1079 1747 1306 1800 Βασιλέα
1348 1747 1448 1818 τῆς
1480 1746 1659 1818 δόξης,
1695 1748 1786 1800 τὸν

219 1831 302 1893 είς
339 1832 598 1901 οὐρανοὺς
642 1834 1120 1906 ἀνθρωποπρεπῶς
1176 1835 1548 1908 ἀναληφθέντα
1571 1855 1583 1867 ·
1635 1838 1786 1901 τινάς

216 1920 273 1973 δὲ
303 1923 441 1993 πρὸς
475 1925 635 1978 αὐτὸν
693 1926 896 1999 Ἰησοῦν
923 1927 1310 2000 διαπορούσας,
1360 1930 1452 1982 καὶ
1502 1929 1601 1999 τῆς
1647 1930 1783 2001 ὑπὲρ

218 2013 382 2082 ήμῶν
401 2015 564 2069 αὐτοῦ
605 2017 887 2088 θεουργίας
930 2021 1028 2091 τὴν
1067 2023 1370 2091 ἐπιστήμην
1412 2019 1778 2091 μαθητιώσας,

214 2105 307 2158 καὶ
368 2108 568 2172 ταύτας
611 2111 769 2163 αὐτὸν
833 2111 1035 2183 Ἰησοῦν
1082 2113 1310 2182 »ἀμέσως
1367 2111 1631 2182 μυοῦντα,
1688 2113 1780 2166 καὶ

212 2197 560 2264 πρωτοδότως
587 2202 777 2263 αὐταῖς
805 2202 1129 2270 ἐκφαίνοντα
1155 2203 1253 2274 τὴν
1285 2203 1450 2256 αὐτοῦ
1482 2203 1778 2274 φιλάνθρω-

208 2301 314 2339 πον
364 2290 763 2362 ἀγαθουργίαν·
823 2294 968 2363 Ἐγὼ
1021 2297 1160 2365 γὰρ,
1230 2297 1384 2367 φησὶ,
1436 2296 1777 2365 διαλέγομαι

211 2376 602 2449 δικαιοσύνην
622 2382 719 2437 καί
740 2387 936 2452 κρίσιν
961 2389 1273 2455 σωτηρίου.
1315 2390 1554 2459 Ἀγαμαι
1588 2388 1663 2452 δέ,
1694 2390 1774 2440 ὅτι

207 2469 301 2519 καὶ
336 2468 440 2522 τῶν
478 2472 812 2544 ἐπουρανίων
842 2477 886 2507 ¹⁹
915 2479 1112 2537 οὐσιῶν
1151 2481 1207 2539 ai
1238 2480 1470 2550 πρῶται,
1501 2483 1592 2535 καὶ
1621 2482 1772 2535 τόσον

204 2559 423 2624 ἁπάσας
453 2564 862 2637 ὐπερκείμεναι,
891 2569 997 2622 τῶν
1027 2569 1326 2642 θεαρχικῶν
1356 2572 1670 2642 ἐλλάμψεων
1697 2574 1772 2637 ὡς

206 2657 520 2718 μεσοπετεῖς
548 2655 787 2720 εὐλαϐῶς
812 2660 1088 2728 ἐφίενται·
1139 2664 1232 2721 καὶ
1271 2664 1377 2735 γὰρ
1421 2667 1520 2718 οὐκ
1551 2667 1769 2720 αὐτόθεν

200 2739 464 2810 ἐρωτῶσι,
495 2746 596 2800 Διά
619 2749 676 2800 τί
698 2765 813 2803 σου
846 2751 1061 2820 ἐρυθρὰ
1083 2753 1155 2806 τὰ
1191 2754 1384 2824 ἱμάτια
1408 2774 1427 2820 ;
1472 2759 1603 2828 πρὸς
1644 2761 1769 2812 ἐαυσ-

1972 1099 2086 1176 Hoc
2116 1099 2282 1171 igitur
2312 1099 2546 1171 theologi
2585 1100 2868 1170 perspicue
2904 1101 3200 1168 declarant,
3230 1112 3287 1158 ut
3310 1102 3441 1159 infe-

1899 1191 2072 1248 riores
2119 1194 2335 1262 quidem
2380 1194 2688 1249 caelestium
2729 1195 3089 1250 essentiarnm
3131 1196 3386 1261 ordines,
3418 1211 3446 1248 a

1896 1288 2263 1356 superioribus
2300 1288 2605 1344 divinorum
2658 1302 2881 1358 operum
2927 1289 3210 1346 scientiam
3248 1298 3442 1345 convea

1895 1379 2061 1433 nienti
2096 1378 2253 1434 modo
2300 1379 2636 1447 percipiant;
2667 1379 2702 1434 ii
2739 1391 2869 1435 vero
2896 1381 2985 1450 qui
3012 1381 3262 1436 omnibus
3291 1390 3446 1437 ante-

1891 1469 2112 1534 ceiiunt,
2161 1471 2228 1525 ab
2273 1471 2500 1538 ipsamet
2547 1471 3034 1535 Deitate.summa,
3081 1473 3156 1526 uti
3208 1471 3293 1527 fas
3338 1483 3445 1538 est,

1891 1562 2062 1616 sacris
2084 1562 2377 1632 disciplinis
2401 1561 2755 1617 illustrantur.
2782 1563 3055 1630 Quosdam
3082 1564 3224 1618 enim
3255 1579 3444 1618 eorum

1889 1653 2258 1716 introducunt,
2289 1669 2316 1706 a
2369 1653 2738 1722 superioribus
2789 1664 3141 1709 sacrosancte
3185 1655 3442 1718 eruditos,

1889 1741 2034 1796 illum
2059 1758 2177 1796 esse
2205 1743 2487 1797 Dominum
2510 1743 2811 1800 caelestium
2843 1744 3100 1799 virtutum
3136 1745 3445 1814 Regemque

1885 1833 2090 1901 gloriae,
2121 1833 2211 1902 qui
2253 1834 2488 1890 humana
2515 1835 2695 1903 specie
2721 1844 3031 1905 assumptus
3053 1845 3136 1890 est
3165 1837 3218 1890 in
3242 1835 3440 1890 caelum

1884 1923 2174 1978 nonnullos
2199 1923 2329 1979 item
2374 1925 2516 1980 circa
2561 1925 2848 1993 ipsummet
2886 1925 3074 1981 Iesum
3103 1928 3433 1994 haesitantes,

1882 2017 2159 2086 divinique
2189 2017 2311 2086 ejus
2334 2032 2433 2087 pro
2471 2019 2628 2074 nobis
2667 2019 2902 2088 suscepti
2945 2019 3130 2089 operis
3157 2019 3436 2075 scientiam

1880 2110 2168 2177 discentes,
2197 2113 2477 2182 ipsumque
2498 2110 2681 2167 Iesum
2708 2125 2804 2167 eos
2836 2127 2932 2182 per
2953 2127 3012 2166 se
3047 2112 3348 2177 docentem,
3373 2129 3437 2168 ac

1878 2198 2110 2265 primum
2139 2198 2254 2268 ejus
2277 2215 2540 2255 summam
2575 2201 2629 2253 in
2655 2199 2896 2254 homines
2924 2200 3308 2270 benignitatem
3336 2214 3436 2254 ex.

1877 2284 2194 2352 plicantem.
2241 2285 2355 2358 Ego
2397 2289 2568 2353 enim,
2614 2288 2807 2357 inquit,
2859 2287 3046 2359 loquor
3077 2289 3342 2359 justitiam
3386 2299 3434 2344 et

1868 2376 2134 2443 judicium
2194 2378 2449 2432 salutaris
2475 2391 2522 2433 ι.
2554 2377 2720 2433 Miror
2763 2388 2968 2441 autem,
3019 2378 3224 2449 primas
3266 2380 3430 2434 etiam

1875 2469 2174 2522 caelestium
2223 2471 2618 2536 essentiarum,
2680 2479 2996 2539 tantumque
3043 2471 3256 2525 caeteris
3295 2484 3430 2538 pra:-

1874 2571 2102 2627 stantes,
2136 2577 2242 2616 non
2286 2577 2443 2617 secus
2487 2577 2550 2618 ac
2595 2563 2822 2625 medias,
2863 2563 3169 2618 divinarum
3216 2575 3429 2633 quoque

1871 2653 2290 2708 illustrationum
2332 2654 2601 2710 desiderio
2645 2654 2832 2709 timide
2876 2651 3050 2719 aﬂici;
3083 2668 3257 2722 neque
3282 2653 3425 2708 enim

1869 2746 1972 2801 illa:
1994 2761 2090 2814 per
2110 2759 2169 2801 se
2195 2754 2467 2818 quaerunt,
2492 2744 2598 2802 Cur
2616 2747 2775 2801 rubra
2802 2755 2928 2800 sunt
2951 2747 3247 2806 vestimenta
3293 2757 3385 2801 tua
3401 2748 3429 2802 2

199 2829 300 2892 τὰς
341 2831 394 2884 δὲ
445 2833 759 2908 διαποροῦσι
804 2843 1084 2914 πρότερον,
1111 2846 1505 2917 ἐνδεικνύμεναι
1540 2849 1655 2918 μὲν,
1686 2852 1765 2905 ὅτι
1793 2855 1835 2916 C

1793 2855 1835 2916 ο
1868 2839 1962 2894 sed
2011 2839 2162 2908 prius
2209 2854 2390 2895 secum
2435 2839 2691 2895 haesitant
2747 2841 3028 2906 attonitae,
3087 2840 3424 2896 deelarantes

202 2920 525 2992 μαθητιῶσι,
549 2930 641 2981 καὶ
669 2931 768 3000 τῆς
795 2931 1114 3006 θεουργικῆς
1133 2936 1381 3005 γνώσεως
1401 2940 1656 3008 ἐφίενται,
1691 2943 1764 3014 μὴ

200 3015 555 3085 προπηδῶσαι
580 3019 635 3071 δὲ
661 3023 759 3091 τῆς
786 3025 925 3080 κατά
969 3027 1119 3081 θείαν
1160 3029 1379 3100 πρόοδον
1427 3031 1764 3103 ἐνδιδομένης

195 3103 534 3174 ἐλλάμψεως.
587 3113 794 3167 Οὐκοῦν
827 3116 886 3186 ’ἠ
931 3117 1120 3188 πρώτη
1174 3121 1280 3173 τῶν
1321 3123 1585 3192 οὐρανίων
1629 3125 1762 3177 νοῶν

192 3195 467 3290 ίεραρχία,
502 3202 636 3270 πρὸς
663 3205 832 3274 αὐτῆς
858 3207 1202 3281 τελεταρχίας
1243 3214 1652 3286 ίεραρχουμένη,
1684 3218 1762 3290 τῷ

187 3287 287 3380 ἐπῖ
312 3290 477 3380 αὐτήν
516 3294 733 3363 ἀμέσως
777 3299 1166 3367 ἀνατείνεσθαι,
1212 3305 1310 3375 τῆς
1354 3287 1760 3380 παναγεστάτης

184 3378 512 3450 καθάρσεως
539 3385 632 3438 τοῦ
663 3388 892 3444 ἀπλέτου
935 3395 1107 3462 φωτὸς
1145 3396 1244 3465 τῆς
1273 3398 1583 3468 προτελείου
1612 3378 1759 3454 τελε-

188 3473 472 3543 σιουργίας
504 3476 774 3546 ἀναλόγως
821 3483 958 3554 αὐτῇ
1004 3485 1370 3558 πληρουμένη,
1415 3489 1753 3562 καθαίρεται,

184 3564 286 3616 καὶ
314 3565 622 3634 φωτίζεται,
671 3571 761 3624 καὶ
791 3573 1259 3647 τελεσιουργεῖται,
1293 3580 1472 3650 πάσης
1502 3583 1598 3651 μὲν
1628 3584 1756 3653 ὑφέ-

187 3671 330 3745 σεως
358 3657 579 3729 ἀμιγὴς,
612 3661 824 3732 πρώτου
851 3666 906 3718 δὲ
935 3669 1110 3735 φωτὸς
1138 3669 1375 3741 πλήρης,
1407 3673 1500 3730 καὶ
1543 3692 1754 3745 πρωτο-

181 3744 337 3797 δότου
359 3747 608 3815 γνώσεως
635 3755 724 3807 καὶ
751 3756 1055 3828 ἐπιστήμης
1087 3761 1309 3830 μέτοχος
1329 3744 1750 3836 ἀποτελουγμένη.

182 3838 428 3893 Συνελὼν
473 3842 527 3895 δὲ
573 3846 665 3897 καὶ
700 3845 854 3899 τοῦτο
885 3850 1049 3919 φαίην
1070 3849 1135 3902 ἂν
1172 3853 1272 3906 οὐκ
1303 3853 1622 3919 ἀπεικότως,
1670 3857 1750 3910 ὅτι

182 3931 278 4020 καὶ
306 3930 570 4020 κγάθαρσίς
607 3937 739 4002 ἐστι,
785 3940 876 3991 καὶ
917 3942 1209 4011 φωτισμδς,
1233 3946 1342 3998 καὶ
1378 3946 1668 4013 τελείωσις,
1715 3951 1747 4020 ή

178 4017 282 4112 τῇς
325 4019 621 4112 θεαρχικῆς
669 4028 974 4101 ἐπιστήμης
1023 4033 1348 4104 μετάληψις,
1381 4037 1604 4105 ἀγνοίας
1648 4017 1746 4112 μὲν

176 4103 290 4205 οἷον
336 4111 807 4205 ἀποπαθαίρουσα,
861 4125 926 4192 τῇ
991 4127 1108 4176 κατ’
1158 4103 1312 4190 ἀξίαν
1359 4128 1402 4160 ⁸⁰
1433 4103 1742 4205 -ὲνδιδομένῃ

175 4198 377 4297 γρσει
399 4202 866 4297 τῶντελειοτέρων
898 4215 1167 4284 μυήσεων,
1190 4219 1496 4286 φωτίζουσα
1522 4223 1578 4276 δέ
1608 4198 1742 4297 αὐτῇ

171 4292 240 4386 τῇ
274 4291 628 4386 θείᾳγγνὼσει,
657 4298 720 4351 δι’
769 4297 836 4373 ἦς
865 4306 957 4358 καὶ
985 4305 1232 4379 καθαίρει
1272 4311 1368 4380 τὴν
1397 4314 1457 4365 οὐ
1488 4291 1748 4386 πρότερον

171 4383 590 4438 ἐποπτεύσασαν
621 4389 660 4419 ⁸³
693 4391 794 4445 ὅσα
821 4392 914 4446 νῦν
964 4396 1274 4465 ἐκφαίνεται
1302 4400 1387 4454 διά
1421 4383 1746 4476 τῆςνύψηλο-

167 4477 335 4545 τέρας
390 4478 722 4548 ἐλλάμψεως,
782 4484 875 4536 καὶ
930 4487 1209 4542 τελειοῦσα
1266 4492 1422 4546 πάλιν
1479 4496 1625 4566 αὐτῷ
1664 4499 1742 4568 τῷ

169 4569 330 4633 φωτὶ,
377 4571 442 4640 τῇ
481 4571 601 4623 καθ’
633 4572 743 4644 ἕξιν
790 4575 1065 4652 ἐπιστήμῃ
1103 4581 1208 4634 τῶν
1264 4586 1570 4651 φανοτάτων
1603 4590 1740 4661 μυή-

163 4671 322 4710 σεων.

1867 2929 2084 2999 quidem
2109 2945 2166 2985 se
2197 2930 2434 2985 discendi
2459 2932 2648 2985 avidas
2675 2924 2871 2985 divina:
2898 2931 3232 3000 operationis
3261 2947 3419 3001 appe-

1867 3033 1980 3076 tere
2026 3021 2413 3091 cognitionem,
2463 3037 2649 3077 verum
2693 3023 2852 3088 hattc,
2905 3032 3030 3077 ante
3067 3023 3304 3078 divinam
3334 3025 3419 3078 iu-

1864 3114 2026 3170 dultte
2080 3115 2183 3170 sibi
2253 3115 2635 3170 illustrationis
2697 3115 3098 3184 processionem
3129 3157 3144 3182 ,
3197 3116 3422 3173 minime

1861 3207 2180 3276 praevenire.
2210 3205 2392 3262 Prima
2418 3209 2584 3279 igitur
2612 3210 2911 3265 caelestium
2939 3213 3417 3281 intelligentiarum

1861 3296 2165 3351 bierarcbia
2207 3298 2278 3353 ab
2314 3299 2550 3368 ipsomet
2591 3299 2837 3356 initiandi
2882 3302 3189 3371 principatu
3229 3317 3419 3358 conse-

1858 3399 2030 3453 erata,
2053 3403 2151 3456 per
2175 3403 2296 3444 eam
2326 3404 2431 3460 qua
2457 3392 2508 3445 in
2538 3390 2711 3458 ipsum
2747 3393 3056 3448 immediate
3084 3393 3409 3464 subrigitur,

1857 3480 2259 3535 sanctissimam
2311 3483 2714 3552 purgationem,
2744 3499 2841 3553 pro
2880 3495 3057 3553 captu.
3085 3500 3184 3540 suo
3212 3485 3412 3541 referta

1857 3574 2075 3642 c0pioso
2105 3573 2304 3628 lumine
2330 3572 2740 3642 perfectissima:
2769 3576 3240 3641 sanctificationis,
3278 3592 3412 3647 pur-

1855 3677 2036 3737 gatur,
2066 3677 2122 3724 et
2153 3668 2494 3723 illuminatur
2523 3679 2688 3742 atque
2723 3669 3037 3739 perﬁcitur;
3082 3671 3260 3725 omnis
3292 3672 3411 3740 qui-

1855 3762 1976 3813 dem
2008 3757 2233 3816 vilitatis
2261 3757 2368 3831 56
2396 3774 2625 3828 expers,
2672 3762 2860 3830 prima:
2886 3774 3016 3816 vero
3056 3760 3192 3814 lucis
3225 3761 3404 3829 plena,

1852 3852 2114 3920 primaeva:
2180 3852 2511 3921 cognitionis
2533 3860 2694 3919 atque
2721 3852 2964 3906 scientiae
2994 3853 3406 3922 participatione

1855 3940 2116 4011 perfecta.
2148 3939 2481 4008 Compendio
2529 3942 2758 4010 denique
2792 3955 2900 3995 non
2932 3943 3031 3997 abs
3061 3956 3118 3996 re
3147 3943 3403 4006 dixerim,

1854 4031 2046 4086 divinze
2078 4031 2320 4087 scientiae
2348 4031 2813 4101 participationem
2856 4046 2981 4086 esse
3021 4032 3402 4102 purgationem

1850 4132 1903 4177 et
1939 4121 2406 4187 iiittminationem,
2452 4130 2611 4190 atque
2653 4123 3036 4190 perfectionem
3072 4141 3086 4178 :
3119 4127 3246 4178 dum
3276 4124 3402 4193 qui-

1850 4215 1970 4269 dcm
2025 4215 2420 4284 ignorationem
2464 4214 2858 4282 quodammodo
2904 4215 3086 4284 expiat
3137 4229 3236 4285 per
3278 4228 3400 4285 per-

1849 4307 2111 4360 fecturum
2166 4306 2545 4376 mysteriorum
2599 4305 2922 4371 scientiam,
2981 4321 3103 4376 qua:
3154 4320 3253 4374 pro
3298 4320 3397 4361 sua

1847 4391 2040 4466 cuique
2067 4398 2327 4468 dignitate
2362 4396 2708 4461 conceditur;
2749 4411 2844 4465 per
2883 4396 3118 4450 divinam
3144 4410 3271 4452 vero
3300 4411 3395 4450 co-

1847 4492 2140 4561 gnitionem
2188 4490 2498 4555 illuminat,
2551 4503 2653 4556 qua
2710 4489 2873 4542 etiam
2931 4497 3120 4558 purgat
3163 4500 3395 4542 mentem

1849 4583 2016 4648 illam,
2048 4596 2168 4651 qua:
2190 4592 2348 4635 antea
2378 4596 2484 4636 non
2513 4580 2723 4635 viderat
2742 4595 2827 4642 ea,
2860 4595 2979 4648 qua:
3006 4580 3162 4634 modo
3190 4580 3264 4633 illi
3300 4595 3396 4649 per

1844 4676 2210 4731 sublimiorem
2242 4673 2654 4727 illustrationem
2676 4671 3044 4737 elucidantur,
3070 4687 3394 4740 rursumque

1840 4769 2054 4838 perlicit
2086 4768 2274 4822 eodem
2308 4767 2426 4835 ipso
2454 4765 2676 4830 lumine,
2709 4778 2807 4833 per
2832 4763 3082 4819 stabilem
3109 4757 3390 4819 scientiam

1834 4862 2259 4918 clarissimarum
2290 4857 2678 4913 eruditionum.

1685 5011 1712 5083 ς
1743 5009 1845 5069 1v.

228 5123 379 5220 αὕτη
413 5129 510 5199 μὲν
553 5129 646 5189 οὖν
673 5137 840 5201 ἐστιν,
872 5140 947 5204 ὡς
994 5153 1118 5195 κατ’
1157 5145 1292 5215 ἐμὴν
1322 5147 1647 5220 ἐπιστήμην,
1691 5149 1724 5220 ἡ

1901 5146 2082 5215 Atque
2116 5143 2204 5198 hic
2243 5140 2497 5211 quidem,
2527 5145 2792 5209 quantum
2835 5136 3015 5207 capio,
3061 5135 3267 5203 primus
3299 5143 3382 5190 est

153 5217 350 5290 πρώτη
392 5222 499 5275 τῶν
539 5227 802 5297 οὐρανίων
829 5231 1023 5286 οὐσιῶν
1061 5233 1431 5308 διακόσμησις,

1715 5217 1726 5290 i
1830 5238 2131 5293 cmlestium
2178 5234 2538 5292 essentiarum
2591 5231 2744 5298 ordo,
2787 5228 2880 5298 qui
2921 5229 2976 5284 in
3019 5227 3248 5283 circuitu
3283 5226 3374 5283 Dei

227 5350 256 5379 ιι
289 5339 390 5393 isa.
421 5354 576 5408 um,
603 5344 655 5398 l.

1465 5438 1698 5497 VARIIE
1745 5441 2144 5497 LECTIONES.

429 5586 1128 5674 μιξοῦντειηξαὶλτελοῦνται
1157 5596 1479 5674 πρὸς-αὐτῇς
1500 5600 1599 5674 τῆς
1643 5601 2008 5674 τελεταρχὶας.
2031 5602 2209 5674 ίϐιιίιιε
2253 5603 2496 5674 lectionis
2528 5603 2836 5674 vestigium,
2868 5611 2969 5674 est,
2994 5604 3046 5658 in
3075 5603 3240 5674 vett-ri
3274 5604 3361 5659 Sc.

154 5654 530 5711 translatione.

629 5661 673 5746 ξε
702 5662 794 5746 '13),
825 5663 1022 5746 ξςύρέον
1048 5661 1384 5746 εἶναιξβὶιιι-
1400 5661 1470 5722 n'.‘
1494 5661 1590 5746 §LV
1645 5673 1688 5703 ²⁹
1726 5661 1918 5746 (11ιᾷιῖ
2021 5661 2278 5743 θαυμάζω
2296 5673 2503 5746 δέηϐίι.
2539 5674 2621 5746 ὅτι
2653 5661 2758 5746 τῶν
2788 5673 3068 5746 οὐρανίων.
3106 5674 3163 5726 ι).
3197 5673 3353 5746 ὑπερ-

154 5721 440 5791 θυρανεων.
516 5728 562 5760 ⁸⁸
595 5729 692 5785 Cb.
726 5721 789 5786 DQ
829 5733 883 5786 δ.
914 5721 982 5788 Ῥ.
1015 5736 1076 5804 τῇ
1117 5721 1254 5790 κατὰ
1287 5721 1455 5803 τάξιν,
1494 5721 1714 5798 Veteres
2544 5721 2624 5775 *ἦ
