4202 6300
810 282 911 340 Et?)

1892 285 1947 349 S.
1992 284 2145 340 ΒΙοΝ
2158 285 2285 341 YSlI
2325 287 2784 345 AREOPAGszE

3921 294 4030 349 216

814 398 1039 451 sibiliter
1054 395 1400 452 elformantur
1429 395 1642 469 propter
1659 408 1894 453 nostram
1921 398 2366 465 imbecillitatem,
2395 410 2441 464 Α
2470 428 2473 449 ι

2395 410 2441 464 Α
2470 403 2602 456 ἀλλὰ
2618 405 2707 456 καὶ
2724 404 2993 472 αἰσθητῶς
3008 405 3269 472 λέγονται,
3290 406 3405 460 καθ’
3422 408 3543 460 ὅσον
3565 407 3597 478 ή
3613 407 3748 478 ἀκοὴ
3762 412 3947 480 χωρεῖ.
3966 410 4032 462 ΕΞ

813 498 998 543 verum
1038 488 1196 542 etiam
1227 488 1552 542 sensibiliter
1581 490 1947 555 nominantur,
1980 499 2234 557 quantum
2264 506 2364 543 au—

816 594 962 635 aitus
988 583 1149 650 capit.
1184 582 1240 636 Si
1275 582 1395 652 quis
1439 592 1619 636 autem
1656 582 1819 642 dicat,
1853 583 2126 637 nominum
2157 597 2369 652 quoque

818 674 1314 741 interpretationem
1340 676 1405 727 ad
1434 682 1650 739 captum
1683 674 1897 728 auditus
1923 675 2090 729 nostri
2118 674 2365 742 proferri,

816 777 974 832 atque
992 763 1209 833 insuper
1224 766 1349 831 quid
1367 764 1727 818 intellectuale
1748 780 1866 819 esse
1886 781 1946 819 ac
1968 765 2075 835 59
2091 765 2369 820 sublimius

817 858 1102 926 (siquidem
1132 869 1183 910 et
1216 872 1403 911 nomen
1437 856 1799 923 intelligimus,
1835 857 1981 910 verbi
2028 858 2199 927 gratia
2225 855 2369 910 cale-

819 947 1089 1006 facientes.
1119 948 1410 1017 quinetiam
1437 946 1552 1014 ejus
1576 947 2016 1013 explicationem,
2046 947 2174 1014 quid
2199 944 2369 1009 signi-

817 1042 939 1095 ficet
961 1043 1360 1105 calefacientes,
1389 1049 1533 1094 recte
1566 1039 1789 1108 scimus)
1818 1058 1831 1093 :
1865 1049 1916 1091 et
1942 1039 2131 1108 si.quis
2175 1037 2373 1092 dixerit

818 1150 1008 1187 nomen
1038 1135 1215 1205 ipsum
1270 1134 1438 1202 magis
1480 1132 1809 1188 scnsibilitcr
1846 1129 2047 1194 (δῦθι-τί,
2081 1145 2240 1199 quam
2275 1144 2372 1182 nn-

818 1227 977 1279 tniuis
1008 1226 1533 1294 interpretationem;
1576 1225 1806 1293 primum
1850 1223 2064 1291 quidem
2114 1221 2249 1275 sciat
2294 1220 2372 1273 fa-

816 1317 973 1371 cilius
1002 1333 1193 1372 nomen
1220 1320 1335 1385 capl
1368 1332 1529 1385 quam
1557 1316 1674 1383 ejus
1723 1316 1979 1377 rationes,
2003 1310 2182 1382 quoad
2213 1309 2371 1365 intel-

818 1408 1093 1479 ligentiam
1122 1450 1137 1472 ,
1178 1408 1325 1462 verbi
1368 1408 1541 1478 gratia
1570 1448 1585 1472 ,
1636 1407 1847 1460 facilius
1887 1412 1973 1459 est
2024 1402 2373 1471 pronuntiare

819 1516 1015 1555 nomen
1064 1500 1470 1564 calefacientes,
1518 1513 1678 1566 quam
1720 1498 1911 1551 horum
1958 1494 2371 1563 explicationem

819 1595 1041 1656 afferre;
1090 1602 1253 1659 atque
1307 1590 1582 1645 hominem
1637 1587 1919 1642 nomiuare
1968 1585 2185 1643 facilius
2243 1594 2371 1650 est,

818 1700 977 1751 quam
1007 1681 1123 1749 ejus
1152 1680 1521 1734 definitionem
1573 1680 1784 1733 tradere
1813 1694 1825 1729 :
1864 1677 1992 1730 illud
2036 1676 2180 1730 enim
2211 1690 2371 1731 sensu

2466 492 2521 545 δέ
2534 510 2617 554 τις
2626 494 2789 561 λέγει,
2804 495 2883 547 ὃτι
2898 495 2989 547 καὶ
3002 499 3032 566 ή
3044 496 3150 547 τῶν
3162 497 3432 566 ὀνομάτων
3444 499 3701 568 ἑρμηνεία
3713 499 4034 570 χωρητικῶς

2467 586 2531 653 τῇ
2554 585 2687 654 ἀκοῇ
2724 580 2876 654 ήμῶν
2896 584 3124 653 λέγεται,
3171 588 3263 639 καὶ
3300 586 3481 639 λοιπὸν
3512 588 3564 639 τί
3590 590 3703 640 ἐστι
3746 588 3807 641 τὸ
3844 588 4036 659 νοητὸν

2469 676 2561 727 καὶ⁴
2612 674 2932 746 ὑψηλότερον
2956 676 3075 745 (καὶ
3106 676 3214 747 γὰρ
3258 677 3595 747 γινώσκομεν
3626 679 3687 731 τὸ
3733 678 3921 749 ὄνομα,
3950 681 4035 733 ὅτι

2470 764 2844 835 θερμαίνοντες
2870 766 3050 835 τυχὸν,
3076 767 3209 820 ἀλλὰ
3241 768 3333 821 καὶ
3358 768 3452 839 τὴν
3478 769 3737 840 ἐξήγησιν
3762 769 4036 838 γινώσκον

2473 872 2589 924 μεν,
2626 855 2679 906 τί
2701 855 2848 926 δηλοῖ
2876 857 2936 908 τὸ
2981 856 3375 928 θερμαίνοντες)
3398 874 3412 888 ·
3442 858 3533 911 καὶ
3564 860 3617 911 τί
3664 861 3731 913 ἂν
3763 860 3904 912 εἴποι
3950 878 4037 923 τις

2469 948 2528 1000 τὸ
2558 949 2725 1019 ὄνομα
2775 950 3043 1020 αἰσθητῶς
3086 950 3352 1019 λέγεσθαι,
3388 952 3549 1006 πλέον
3593 952 3693 1022 τῆς
3724 954 4039 1024 ἐξηγήσεως

2469 1042 2568 1093 τοῦ
2594 1043 2881 1112 ὀνόματος·
2918 1044 3245 1111 γινωσκέτω,
3281 1046 3491 1115 πρῶτον
3531 1046 3648 1115 μὲν,
3678 1048 3757 1101 ὅτι
3782 1049 4040 1120 εὐληπτό-

2469 1132 2623 1202 τερόν
2648 1134 2758 1185 ἐστι
2784 1133 2845 1185 τὸ
2868 1132 3055 1203 ὄνομα,
3082 1137 3208 1206 παρ’
3228 1136 3256 1188 ὂ
3281 1139 3329 1189 οἰ
3355 1137 3497 1205 λόγοι
3522 1139 3641 1192 ὅσον
3664 1140 3741 1203 εἰς
3762 1140 4037 1213 κατανόη-

2474 1240 2555 1276 σιν
2578 1241 2591 1255 ·
2623 1225 2785 1295 ήγουν
2810 1224 2869 1277 τὸ
2901 1227 3070 1278 εἰπεῖν
3116 1226 3516 1298 θερμαίνοντας,
3551 1229 3584 1299 ἢ
3630 1230 3690 1286 τὸ
3726 1222 3897 1289 εἰπεῖν
3937 1234 4040 1304 τὴν

2469 1314 2670 1367 τούτων
2694 1315 2949 1386 ἐξήγησιν
2970 1318 3063 1369 καὶ
3091 1316 3152 1369 τὸ
3181 1319 3351 1370 εἰπεῖν
3384 1317 3685 1388 ἄνθρωπον,
3723 1320 3754 1391 ἢ
3783 1321 3843 1373 τὸ
3864 1322 4041 1374 εἰπεῖν

2470 1404 2561 1457 τὸν
2593 1406 2814 1475 ὁρισμὸν
2847 1406 3009 1458 αὐτοῦ
3037 1424 3049 1435 ο
3076 1408 3134 1459 τὸ
3161 1406 3257 1476 μὲν
3280 1407 3387 1477 γὰρ
3412 1410 3577 1475 ἐγγὺς
3596 1411 3692 1480 τῆς
3714 1411 4037 1481 αἰσθήσεως,

2471 1496 2531 1549 τὸ
2562 1494 2617 1549 δέ
2646 1497 2800 1564 λόγου
2831 1498 2923 1549 καὶ
2964 1498 3253 1567 ἑρμηνείας
3299 1490 3489 1554 δεῖται.
3524 1502 3587 1553 Τί
3614 1502 3744 1570 γοῦν
3786 1501 3957 1569 ξένον,
3990 1482 4041 1558 εἰ

2473 1585 2563 1637 καὶ
2587 1586 2816 1639 ἐνταῦθα
2849 1588 2943 1641 καὶ
2972 1588 3064 1642 τοῦ
3098 1590 3355 1659 ὀνόματος
3373 1592 3481 1645 τῶν
3502 1593 3763 1663 οὐρανίων
3787 1595 4038 1669 αἰσθήσει

2472 1678 2536 1745 τῇ
2566 1676 2701 1746 ἀκοῇ
2736 1678 3146 1743 ὑποπίπτοντος,
3179 1678 3312 1732 ἀλλὰ
3354 1682 3447 1735 καὶ
3485 1683 3582 1751 τῆς
3625 1682 3912 1752 δηλώσεως
3940 1684 4041 1737 τοῦ

818 1773 1058 1835 obvium,
1104 1772 1169 1823 ad
1218 1769 1319 1827 hoc
1381 1785 1509 1823 vero
1558 1769 1768 1822 ratione
1817 1782 1881 1821 ac
1927 1764 2372 1833 interpretatione
2404 1755 2477 1810 Bi

2404 1755 2444 1810 Β
2472 1764 2729 1834 ὀνόματος
2759 1768 3162 1840 ὑποπιπτούσης
3193 1773 3257 1840 τῇ
3294 1773 3450 1842 ἀκοῇ,
3484 1774 3632 1841 ὅμως
3679 1774 3928 1845 λέγομεν,
3956 1776 4038 1829 δτι

819 1880 952 1931 opus
982 1873 1082 1917 est.
1110 1863 1247 1929 Quid
1283 1862 1443 1932 igitur
1474 1876 1692 1926 novum,
1720 1860 1764 1913 si
1800 1859 1965 1914 etiam
1998 1858 2105 1921 hic,
2140 1867 2247 1909 tam
2277 1872 2372 1911 no-

822 1955 961 2007 mine
996 1969 1173 2006 rerum
1203 1952 1501 2006 ccelestium
1536 1966 1696 2019 quam
1736 1950 1969 2003 nominis
2014 1947 2373 2018 explicatione

820 2045 920 2099 sub
952 2059 1168 2097 sensum
1203 2044 1416 2095 auditus
1450 2042 1695 2106 cadente,
1738 2040 2091 2095 nihilominus
2148 2040 2373 2093 dicimus

821 2152 917 2189 nos
952 2138 1119 2205 magis
1150 2135 1479 2188 scnsibilitcr
1508 2134 1875 2188 demonstrare
1904 2132 2107 2201 aliquid
2146 2145 2243 2198 per
2278 2146 2374 2183 no-

820 2242 940 2281 men
967 2242 1126 2296 quam
1157 2241 1253 2293 per
1300 2225 1534 2281 nominis
1576 2223 2039 2292 explicationem?
2066 2223 2243 2291 Atque
2272 2220 2374 2282 hoc

820 2320 1033 2387 quidem
1061 2319 1310 2386 primum.
1361 2317 1666 2370 Secundum
1703 2330 1852 2380 vero,
1887 2316 2028 2384 quod
2059 2314 2233 2367 denuo
2267 2326 2370 2365 non

820 2420 1031 2464 tantum
1066 2408 1500 2478 interpretationi
1535 2409 1907 2473 immoramur,
1940 2407 2091 2476 quasi
2119 2405 2251 2460 nihil
2282 2420 2373 2457 su-

820 2502 1054 2563 blimius.
1085 2505 1225 2569 quod
1262 2502 1579 2571 cogitemus.
1615 2500 1944 2563 habeamus;
1981 2514 2166 2553 verum
2209 2497 2370 2553 etiam

820 2593 992 2662 ipsam
1024 2603 1283 2661 przeterea
1336 2594 1834 2661 interpretationem
1890 2599 2069 2645 mente
2126 2590 2374 2645 recondi-

819 2700 959 2751 mus,
994 2695 1046 2738 et
1074 2684 1198 2739 dum
1228 2684 1477 2739 audimus
1510 2685 1775 2739 nominari
1820 2682 2225 2743 calefacientes,
2260 2679 2373 2733 elli-

820 2779 995 2831 cieudi
1023 2788 1077 2831 et
1104 2778 1441 2831 illuminandi
1473 2776 1808 2842 facultatem,
1841 2790 2004 2845 quam
2041 2783 2217 2827 mente
2245 2789 2375 2827 con-

819 2871 1082 2938 cipimus,
1131 2870 1571 2939 iuterprctamur,
1631 2870 1907 2937 ipsamque
1960 2866 2065 2919 vim
2112 2866 2371 2920 elliciendi

826 2970 987 3029 atque
1020 2961 1347 3015 illuminandi
1398 2960 1573 3015 denuo
1618 2960 1682 3011 ad
1725 2958 2086 3011 sublimiorem
2132 2964 2374 3008 contem-

822 3054 1114 3123 platiOnem
1146 3053 1477 3106 adducimus.
1519 3053 1858 3121 Quapropter
1892 3058 2035 3107 recte
2064 3050 2372 3103 dicebamus
2400 3084 2443 3142 ε

821 3147 961 3215 quod
1012 3160 1113 3198 non
1166 3144 1336 3197 solum
1385 3144 1715 3197 seusihiliter
1766 3140 2139 3203 eﬂormentur,
2187 3152 2373 3192 verum

819 3237 981 3291 etiam
1036 3235 1366 3289 sensibiliter
1406 3232 1715 3289 elferautur.
1749 3233 1827 3287 Ae
1866 3241 2115 3285 sanctum
2158 3228 2375 3309 quidem

821 3342 1013 3383 nomen
1063 3328 1355 3396 seraphim,
1404 3336 1459 3380 ut
1504 3326 1682 3393 lingua
1728 3324 1831 3378 fert
1876 3322 2242 3382 Hebraeorum,
2292 3319 2377 3373 vel

823 3418 1129 3473 incensores
1158 3416 1445 3485 significat,
1472 3415 1555 3468 vel
1584 3413 1991 3471 calefacientes.
2024 3426 2141 3481 qua:
2191 3409 2378 3476 utique

822 3510 1037 3563 numina
1085 3518 1139 3561 et
1181 3510 1367 3561 eadem
1406 3513 1529 3560 sunt
1554 3513 1606 3559 et
1640 3505 1891 3557 diversa:
1925 3505 2109 3555 eadem
2136 3500 2374 3569 quidem,

820 3601 1074 3668 quoniam
1128 3609 1355 3666 utraque
1404 3599 1469 3651 ab
1527 3600 1649 3666 igne
1690 3597 1963 3664 desumpta
1990 3636 2005 3661 ,
2050 3593 2257 3649 scilicet
2296 3591 2377 3643 in-

822 3686 1072 3751 cendere,
1105 3695 1158 3742 et
1206 3686 1359 3753 quasi
1404 3694 1568 3739 totum
1596 3684 1914 3738 comburere
1962 3684 2086 3750 (hoc
2121 3682 2261 3735 enim
2293 3680 2379 3733 de-

822 3778 994 3830 clarat
1038 3776 1258 3830 verbum
1295 3775 1541 3846 ἐμπερῶ,
1583 3776 1635 3828 id
1682 3784 1765 3827 est
1810 3784 2059 3842 penetro,
2117 3771 2377 3834 incendo,

823 3869 975 3937 quasi
1002 3878 1167 3923 totum
1193 3868 1514 3937 pervadens)
1559 3876 1610 3921 et
1640 3868 1955 3920 calefacere.
1982 3866 2214 3919 Rursum
2246 3879 2376 3918 vero

823 3964 1034 4013 diversa
1076 3970 1220 4025 sunt,
1246 3960 1497 4027 quoniam
1530 3960 1670 4021 aliud
1703 3969 1805 4020 est,
1845 3968 2008 4013 totum
2039 3957 2374 4021 comburere,

822 4060 875 4105 et
908 4053 1051 4105 aliud
1091 4063 1296 4105 tantum
1321 4052 1639 4106 calefacere.
1668 4049 1870 4103 Nomen
1895 4058 2071 4102 autem
2096 4048 2375 4101 cherubim

823 4142 1093 4209 signiﬁcat
1140 4144 1530 4196 multitudinem
1596 4142 1933 4211 cognitionis.
2000 4139 2081 4193 vel
2123 4140 2375 4210 fusionem

822 4236 1123 4301 sapientia';
1151 4234 1288 4302 quod
1324 4236 1576 4288 nimirum
1608 4234 1772 4286 multa
1820 4241 2171 4301 cognoscant,
2217 4232 2377 4299 idque

825 4324 1097 4391 sapienter
1119 4340 1133 4387 ;
1158 4334 1211 4377 et
1242 4336 1574 4386 constanter.
1602 4334 1653 4377 et
1687 4339 1793 4377 non
1823 4323 1993 4376 solum
2025 4319 2376 4391 superficiali-

2474 1850 2939 1925 αἰσθητικωτέρως
2985 1854 3247 1927 δηλοῦμεν
3303 1858 3381 1927 τῷ
3426 1859 3680 1930 ὀνόματι,
3718 1866 3845 1934 παρ’
3894 1864 3923 1917 ὃ
3970 1868 4039 1939 τῇ

2472 1942 2565 1995 τοῦ
2598 1944 2853 2014 ὀνόματος
2884 1948 3135 2019 ἐξηγήσει
3159 1966 3171 2013 ;
3205 1950 3311 2002 Καὶ
3340 1951 3549 2021 πρῶτον
3578 1954 3673 2022 μὲν
3699 1954 3855 2008 τοῦτο
3877 1974 3891 1987 ο
3927 1957 4042 2011 δεύ-

2472 2050 2625 2103 τερον
2658 2036 2733 2098 δὲ,
2768 2038 2847 2089 ὅτι
2878 2039 2994 2090 οὐδὲ
3030 2039 3188 2091 πάλιν
3223 2041 3376 2094 τόσον
3415 2044 3479 2112 τῇ
3524 2043 3774 2115 ἐξηγήσει
3808 2048 4045 2118 ἐμμένο-

2478 2141 2593 2195 μεν,
2624 2126 2696 2188 ώς
2724 2127 2795 2197 μὴ
2831 2128 2969 2196 ἔχειν
3011 2131 3147 2180 νοεῖν
3196 2146 3248 2181 τι
3283 2130 3628 2202 ὑψηλότερον,
3661 2134 3795 2188 ἀλλὰ
3828 2138 3919 2190 καὶ
3956 2138 4037 2192 ἔτι

2472 2219 2549 2289 τῷ
2582 2217 2660 2275 νοῒ
2694 2220 3126 2289 παραπέμπομεν
3154 2221 3249 2291 τὴν
3279 2221 3553 2293 ἐξήγησιν,
3597 2226 3686 2277 καὶ
3720 2225 4041 2298 θερμαίνονη

2472 2328 2570 2375 τας
2597 2310 2897 2375 ἀκούοντες,
2929 2312 2988 2363 τὸ
3012 2314 3295 2381 δραστικόν
3322 2333 3378 2368 τε
3404 2318 3495 2368 καὶ
3520 2318 3773 2385 φωτεινὸν
3794 2320 4041 2374 ἐννοοῦνο

2473 2419 2565 2465 τες
2595 2402 2950 2474 ἐξηγούμεθα,
2984 2404 3115 2456 αὐτὸ
3144 2404 3199 2456 δὲ
3234 2404 3392 2457 πάλιν
3431 2406 3490 2457 τὸ
3529 2406 3810 2475 δραστικόν
3854 2427 3915 2462 τε
3943 2413 4040 2468 καὶ

2475 2494 2730 2563 φωτεινδν
2783 2497 2861 2558 εἰς
2906 2495 3237 2567 ὑψηλοτέραν
3285 2496 3553 2567 ἀνάγομεν
3599 2498 3843 2570 θεωρίαν.
3878 2502 4039 2556 Ὅθεν

2474 2583 2650 2645 καλῶς
2682 2582 2953 2653 ἐλέγομεν,
2985 2585 3063 2636 ὅτι
3093 2586 3163 2655 μὴ
3203 2585 3358 2654 μόνον
3386 2586 3653 2655 αἰσθητῶς
3684 2588 4036 2658 μορφοῦνται,

2475 2672 2608 2727 ἀλλὰ
2634 2674 2724 2726 καὶ
2752 2673 3018 2743 αἰσθητῶς
3050 2674 3311 2741 λέγονται.
3342 2676 3449 2729 Καὶ
3478 2679 3510 2748 ή
3548 2678 3643 2746 μὲν
3681 2679 3807 2747 ἁγία
3837 2681 4038 2751 όνομαυ

2477 2766 2563 2818 σία
2588 2764 2695 2816 τῶν
2736 2766 2992 2835 σεραφίμ,
3036 2766 3109 2829 ὡς
3158 2769 3190 2837 ή
3224 2767 3432 2834 γλῶττα
3477 2769 3586 2824 τῶν
3622 2770 3883 2841 Ἑϐραίων

2474 2855 2699 2927 λεται,ἢ
2750 2856 2809 2909 τὸ
2854 2858 3169 2930 ἐμπρηστὰς
3204 2860 3370 2928 δηλοῖ,
3401 2860 3432 2931 ἦ
3478 2858 3537 2913 τὸ
3570 2860 3976 2933 θερμαίνοντας,
4006 2866 4042 2919 ἃ.

2473 2954 2536 3025 δὴ
2583 2955 2750 3009 ταῦτα
2791 2955 2857 3009 τὰ
2907 2957 3160 3026 ὀνόματα,
3197 2959 3286 3009 καὶ
3337 2960 3507 3012 ταύτά
3546 2961 3671 3023 εἰσι,
3712 2963 3806 3015 καὶ
3851 2964 4037 3035 ἐτερα.

2476 3048 2655 3101 Ταύτὰ
2685 3049 2801 3119 μὲν,
2835 3051 2915 3101 ὅτι
2946 3050 3226 3121 ἀμφότερα
3271 3052 3333 3105 ἐκ
3380 3054 3547 3123 πυρός
3584 3056 3707 3116 εἰσι,
3740 3055 3798 3107 τό
3829 3072 3887 3107 τε
3933 3058 4038 3125 ἐμ-

2479 3138 2722 3209 πρήθοιν,
2753 3140 2911 3191 οἰονεὶ
2932 3138 3255 3193 ὀλοκαῠτοῦν
3281 3138 3456 3211 (τοῦτο
3487 3142 3594 3212 γὰρ
3620 3142 3785 3215 δηλοῖ,
3803 3144 3909 3196 ἀπὸ
3941 3144 4042 3197 τοῦ

2476 3230 2720 3303 ἐμπερῶ,
2748 3230 2906 3282 οἱονεί
2924 3230 2983 3281 τὸ
3000 3230 3169 3283 διόλου
3202 3223 3585 3305 διερχόμενον),
3632 3236 3724 3288 καὶ
3738 3234 3798 3287 τὸ
3812 3235 4041 3305 θερμαί-

2477 3338 2605 3374 νειν.
2638 3322 2835 3391 Ἕτερα
2862 3322 2917 3375 δὲ
2948 3323 3103 3376 πάλιν
3128 3324 3280 3386 εἰσὶν,
3316 3325 3393 3383 ὅτι
3422 3324 3547 3377 ἄλλο
3565 3324 3714 3395 δηλοῖ
3737 3325 3796 3378 τὸ
3825 3328 3889 3379 δι’
3914 3326 4043 3388 ὅλου,

2477 3410 2669 3475 καίειν,
2701 3412 2795 3464 καὶ
2820 3411 2944 3465 ἄλλο
2967 3413 3025 3465 τὸ
3061 3415 3216 3483 μόνον
3247 3413 3572 3485 θερμαίνειν.
3606 3417 3666 3469 Ἦ
3696 3416 3752 3469 δὲ
3774 3418 4040 3487 ὀνομασία

2475 3502 2582 3555 τῶν
2615 3499 3253 3572 χερουδίμπλῆθοςδηλοί
3272 3500 3596 3574 γνώσεως,ᾓ
3614 3501 4042 3571 χύσινσοεείας.

2476 3590 2629 3643 τοῦτο
2642 3592 2697 3643 δέ
2714 3593 2876 3653 ἐστιν,
2895 3592 2975 3643 ὅτι
2990 3593 3081 3644 καὶ
3101 3592 3269 3648 πολλὰ
3283 3592 3624 3659 γινώσκουσι,
3644 3594 3735 3645 καὶ
3754 3594 3929 3661 σοφῶς
3947 3595 4042 3647 καὶ

2477 3682 2754 3754 ἀραρότως
2778 3682 2948 3736 ταῦτα
2968 3684 3339 3751 γινώσκουσιν,
3357 3685 3452 3737 οὐκ
3469 3684 3796 3747 ἐπιπολαίως
3818 3702 3831 3714 ο
3860 3686 3952 3737 καὶ
3966 3685 4042 3749 ὡς

2476 3776 2539 3829 ἄν
2559 3792 2642 3837 τις
2662 3775 2800 3826 εἴποι
2825 3773 3203 3826 διαπιστοῦντα
3230 3774 3364 3826 αὐτὰ
3396 3776 3625 3837 ἑαυτοῖς.
3644 3774 3880 3836 Εἰκότως
3894 3769 3988 3826 οὖν
4007 3777 4040 3844 ὴ

2478 3866 2664 3938 πρώτη
2693 3866 2798 3918 τῶν
2826 3866 3227 3935 διακοσμήσεων
3261 3868 3321 3916 ἐκ
3348 3864 3454 3915 τῶν
3498 3865 3809 3935 ὐπερτάτων
3842 3865 4042 3917 οὐσιῶν

2480 3960 2636 4030 ἰερῶς
2687 3960 3002 4026 ἐνεργεῖται,
3044 3953 3219 4026 (τοῦτο
3252 3958 3359 4028 γάρ
3390 3958 3501 4008 ἐστι
3532 3956 3592 4008 τὸ
3624 3958 3978 4027 ἱερουργεῖται

2474 4058 2628 4123 τάξιν
2669 4056 2777 4127 γὰρ
2809 4056 2987 4125 ἔχουσι
3029 4054 3136 4111 τῶν
3178 4054 3362 4107 πασῶν
3397 4053 3749 4123 ὑῂλοτέραν,
3783 4052 3876 4105 τοῦ
3911 4056 4043 4124 περὶ

2477 4150 2605 4203 Θεὸν
2636 4148 2852 4219 ἀμέσως
2883 4146 3122 4217 ἱδρῦσθαι
3150 4147 3228 4217 (οὐ
3262 4148 3367 4215 γάρ
3395 4148 3506 4197 ἐστι
3540 4146 3644 4215 πρὸ
3686 4144 3852 4214 αὐτῆς
3879 4146 4042 4217 ἑτέρα

2475 4240 2765 4310 τάξις,)καὶ
2781 4240 3185 4309 ἁμετακινήτως
3203 4234 3357 4301 εἶναι,
3379 4237 3625 4290 κάκεῖθεν
3650 4238 3727 4298 είς
3754 4238 3918 4307 αὐτὴν
3950 4238 4045 4308 ἀρ-

2477 4335 2784 4405 χικωτέρως
2814 4334 2889 4397 ώς
2920 4330 3198 4399 ἐγγυτάτω
3234 4328 3681 4399 μεταϐιϐάζεσθαι
3707 4329 3804 4397 τὴν
3832 4328 4045 4381 τελείω-

826 4426 925 4477 ter,
959 4431 1024 4469 ac
1049 4417 1091 4469 si
1124 4417 1243 4483 quis
1276 4416 1419 4469 dicat
1451 4431 1567 4483 quae
1596 4416 1911 4469 confirmata
1945 4415 2143 4467 suntin
2177 4420 2377 4467 semet-
2412 4414 2454 4469 D
2482 4452 2485 4469 .

2412 4414 2454 4469 Ῑ)
2482 4444 2583 4479 σιν.
2618 4424 3008 4496 Πρωτουργοὺς
3049 4422 3104 4473 δέ
3148 4420 3292 4488 λέγει
3330 4418 3662 4487 θεοφανείας,
3708 4420 3787 4471 ὅτι
3829 4422 3907 4481 εἰς
3941 4420 4040 4471 αὐ-

825 4509 973 4573 ipsis.
1022 4507 1211 4560 Merito
1256 4508 1419 4575 igitur
1456 4508 1625 4574 prima
1679 4507 1954 4561 distinctio
1992 4506 2058 4557 ab
2103 4502 2376 4557 excellen-

828 4600 1047 4651 tissimis
1077 4599 1324 4652 essentiis
1359 4610 1545 4651 sancte
1575 4597 1802 4653 ellicitur
1822 4599 1943 4661 (hoc
1969 4598 2111 4649 enim
2142 4595 2382 4647 insinuat

826 4688 953 4741 illud
988 4688 1400 4757 sanctilicatur),
1429 4690 1684 4758 quoniam
1720 4691 1966 4753 ordinem
2020 4689 2218 4741 habent
2265 4700 2383 4739 om-

826 4784 983 4835 nibus
1024 4783 1376 4849 superiorem,
1412 4792 1469 4833 ut
1508 4783 1597 4849 qui
1641 4782 1795 4847 juxta
1852 4780 2015 4833 Deum
2072 4778 2380 4831 immediate

824 4876 1118 4928 collocatur
1147 4874 1291 4943 (nam
1332 4883 1458 4927 ante
1505 4876 1646 4925 hunc
1690 4872 1870 4926 nullus
1922 4872 2059 4924 alius
2099 4872 2231 4923 ordo
2274 4878 2380 4941 est)

824 4965 1255 5019 etimmobilitcr
1307 4974 1505 5027 manet,
1541 4966 1681 5017 unde
1728 4965 1889 5017 etiam
1943 4962 1993 5017 in
2046 4962 2217 5029 ipsum
2266 4970 2382 5013 tan-

825 5071 983 5123 quam
1012 5055 1428 5117 vicinissimnm,
1461 5055 1707 5121 primitus
1740 5052 1970 5105 initiatio
2006 5067 2097 5105 seu
2126 5050 2382 5119 perfectio

828 5148 1122 5199 derivatur.
1171 5144 1531 5214 Primigenias
1564 5157 1742 5199 autem
1774 5146 2137 5213 apparitiones
2168 5144 2261 5197 Dei
2293 5158 2384 5196 vo-

826 5248 935 5299 cat,
962 5238 1106 5305 quod
1145 5236 1196 5289 in
1232 5240 1310 5292 eis
1353 5238 1585 5304 primum
1620 5238 1728 5307 eo
1770 5239 2047 5307 operando
2085 5238 2191 5291 vim
2230 5252 2381 5290 suam

828 5339 1092 5383 exeraut:
1125 5332 1587 5397 comprehendunt
1636 5333 1780 5385 enim
1830 5330 2071 5383 divinam
2144 5330 2382 5382 illustra-

829 5420 1049 5484 tionem,
1081 5432 1136 5474 et
1179 5422 1411 5475 evadunt
1458 5424 1757 5491 sapientes;
1813 5424 2043 5492 indeque
2086 5422 2215 5489 ipsis
2263 5422 2383 5475 illu-

828 5510 1020 5563 stratio
1053 5518 1134 5563 est
1158 5523 1319 5579 atque
1349 5500 1604 5579 cognitio.
1644 5512 1781 5567 Hinc
1818 5514 1980 5566 etiam
2023 5529 2116 5567 sex
2150 5514 2262 5565 alas
2286 5514 2383 5565 ha-

828 5600 953 5650 l.cre
992 5602 1362 5667 perhibentur,
1396 5602 1539 5669 quod
1574 5603 1727 5656 valde
1772 5603 1993 5657 elevata:
2034 5606 2142 5657 sint
2175 5622 2187 5655 :
2220 5619 2379 5657 sena-

828 5709 937 5746 l‘lUS
970 5696 1107 5747 enim
1138 5712 1393 5752 numerus
1420 5698 1693 5769 perfectus
1720 5711 1826 5766 cst,
1857 5702 1997 5769 quod
2030 5710 2238 5755 constet
2265 5700 2379 5753 suis

2479 4518 2602 4578 τοὺς
2644 4515 2889 4585 πρώτους
2942 4513 3257 4592 ἐργᾲξονται
3300 4509 3682 4581 ἐνεργούμεναι
3736 4512 3790 4561 αἰ
3843 4509 4041 4580 θεοφά-

2480 4625 2646 4661 νειαι’
2685 4607 3087 4675 ἐπιδράττονται
3119 4603 3226 4673 γὰρ
3263 4602 3361 4671 τῆς
3400 4601 3545 4662 θείας
3580 4600 3910 4669 ἐλλάμψεως,
3948 4605 4045 4656 καὶ

2483 4698 2784 4766 σοφίζονται
2805 4715 2817 4726 ·
2845 4696 3050 4749 ἐκεῖθέν
3078 4698 3221 4747 ἐστιν
3245 4694 3422 4755 αὐτοῖς
3454 4691 3623 4745 καὶτὸ
3652 4692 4040 4761 ἐλλάμπεσθαι,

2482 4792 2573 4843 καὶ
2617 4790 2676 4841 τὸ
2724 4787 3025 4856 γινώσκειν.
3069 4785 3223 4841 Ὅθεν
3268 4784 3491 4835 κάκεῖνα
3555 4783 3650 4850 μὲν
3696 4781 4045 4853 ἐξαπτέρυγα

2482 4881 2744 4948 λέγονται,
2793 4879 2866 4940 ὡς
2914 4876 3052 4930 κατὰ
3096 4876 3227 4928 πολὺ
3270 4872 3652 4944 ι’)ττερηρμένα⁸
3705 4874 3763 4938 ἒξ
3792 4875 3913 4951 ,γὰρ
3952 4877 4047 4930 τέ..

2486 4972 2623 5034 λεῖος
2665 4969 2891 5040 ἀριθμός
2938 4970 3103 5027 ἐστιν,
3155 4967 3237 5018 ὅτι
3288 4966 3563 5033 σύγκειται
3604 4966 3667 5017 ἐκ
3713 4966 3819 5018 τῶν
3862 4967 4049 5037 μερῶν

2484 5061 2665 5124 αὑτοῦ,
2704 5062 2842 5129 ἆπερ
2886 5059 2990 5110 εἰσὶ
3028 5056 3089 5109 τὸ
3110 5058 3297 5127 ἥμισυ,
3333 5058 3493 5125 ήγουν
3538 5055 3605 5108 τὰ
3626 5055 3748 5124 τρία
3772 5072 3784 5085 ·
3829 5055 3888 5107 τὸ
3922 5058 4045 5127 τρί-

2482 5170 2592 5215 τον,
2625 5153 2787 5221 ἤγουν
2824 5148 2892 5201 τὰ
2920 5149 3039 5201 δύο·
3076 5148 3167 5200 καὶ
3198 5147 3258 5199 τὸ
3283 5147 3457 5209 ἕκτον,
3496 5147 3657 5216 ἤγουν
3689 5146 3747 5197 τὸ
3789 5146 3847 5198 ἓν
3869 5162 3881 5174 ·
3915 5148 4047 5216 τρία

2483 5248 2539 5299 δέ
2572 5248 2663 5299 καὶ
2695 5247 2785 5298 δύο
2809 5247 2900 5297 καὶ
2932 5244 2987 5295 ἓν
3022 5244 3178 5297 πάλιν
3208 5242 3285 5306 ἐξ.
3318 5240 3397 5292 Τὰ
3423 5242 3478 5292 δὲ
3525 5239 3784 5311 χερουὸἰμ
3810 5239 4052 5309 πολυόμ-

2489 5356 2650 5409 ματα,
2681 5340 2755 5400 ώς
2785 5337 2983 5407 πλῆθος
3013 5335 3261 5403 γνώσεως
3295 5334 3499 5402 ἔχοντα.
3536 5332 3616 5384 Τὰ
3651 5331 3779 5400 γοῦν
3821 5331 4048 5385 τοιαῦτα

2484 5432 2717 5500 ὀνόματα
2750 5428 3116 5498 ὀνομάζονται,
3147 5424 3286 5478 κατὰ
3318 5422 3670 5493 ἐκφαντορίαν
3694 5425 3785 5475 καὶ
3813 5423 4053 5492 δήλωσιν

2484 5522 2589 5572 τῶν
2622 5521 2785 5584 ἕξεων
2823 5518 3018 5579 αὐτῶν,
3053 5519 3079 5568 ὃ
3124 5518 3236 5568 ἐστι
3266 5514 3373 5566 τῶν
3430 5512 3674 5583 ἐμμόνων
3730 5512 4047 5568 διαθέσεων.

2486 5613 2547 5663 ΛΞ
2579 5610 2683 5679 γὰρ
2718 5610 2854 5661 θεῖαι
2886 5609 3137 5675 δυνάμεις
3160 5604 3276 5659 καθ’
3316 5604 3426 5667 ἕξιν
3472 5603 3647 5671 ἔχουσι
3690 5602 3750 5652 τὸ
3794 5601 4048 5667 θεοειδὲς,

2485 5704 2593 5769 ἕξις
2623 5701 2677 5753 δέ
2710 5703 2822 5757 ἐστι
2870 5700 3085 5767 ποιότης
3113 5698 3379 5767 ἔμμονον
3417 5696 3450 5764 ή
3485 5693 3549 5746 δὲ.
3569 5692 3788 5763 τοιαύτη
3821 5692 3931 5757 ἕξις
3957 5695 4050 5747 οὑ·-
