4202 6300
202 327 307 380 217

686 326 774 380 DE
807 326 1127 383 C(ELESTI
1160 325 1601 393 IilEBARCHlA,
1637 328 1789 385 CAP.
1826 327 1935 383 VII.
1975 358 2042 371 ο·-
2076 327 2417 385 PARAPHR.
2453 328 2920 385 PACHYMERE.

3298 333 3401 389 918

206 441 439 511 σιωμένη
470 440 588 496 ἐστὶ
615 444 754 495 κατά
785 442 935 495 θείαν
961 443 1138 512 χάριν,
1173 446 1231 496 οὐ
1260 444 1365 513 μὴν
1393 444 1466 507 ὠς
1497 444 1760 514 συμϐεϐη-
1785 449 1830 505 Α
1858 458 1865 511 ι

1743 474 1760 483 -
1785 449 1830 505 Α
1858 444 2136 512 partibus,
2185 460 2302 513 qua:
2342 453 2505 509 sunt,
2549 445 2849 514 dimidium,
2898 462 3089 517 nempe
3134 450 3266 512 tria;
3295 460 3402 505 ter-

204 532 296 594 κδς
320 530 382 583 ὲὺ
405 532 765 602 ὑποκειμένῳ,
798 532 885 588 διὰ
908 532 970 585 τὸ
1008 534 1167 586 ᾶῦλον
1196 534 1371 588 αὐτῶν
1404 535 1496 588 καὶ
1540 534 1758 605 ἀσώμα-

202 636 290 673 τον
314 637 327 651 ·
349 622 554 675 ἐκεῖθεν
593 622 698 691 γὰρ
733 622 1057 692 ἀπελήλαται
1075 625 1167 676 καὶ
1199 626 1343 676 πᾶσα
1372 623 1614 686 σύνθεσις
1648 623 1759 677 ὐλυ-

203 712 294 781 κὴ,
326 711 417 763 καὶ
442 712 502 762 τὺ
518 711 614 780 τῆς
632 710 762 779 ὖλης
780 712 941 763 πάλιν
958 710 1197 782 ἄμορφον
1224 711 1428 766 ἐκεῖθεν
1456 711 1753 782 ὲξώρισται,

204 799 337 851 Οὔτε
360 799 488 867 γοῦν
527 800 796 871 δυνάμεθα
840 800 1051 869 λέγειν,
1098 802 1180 853 ὅτι
1236 800 1462 872 πρώτως
1506 798 1657 855 οὖσαι
1702 803 1759 855 ὲν

202 886 361 957 ἑτέρᾳ
411 888 515 939 τινὶ
555 888 899 951 καταστάσει,
961 887 1181 959 ὕστερον
1225 888 1618 959 προσελάϐοντο
1662 887 1759 947 τὰς

201 978 453 1038 τοιαύτας
495 977 709 1047 ἀρετὰς,
761 978 936 1047 (τοῦτο
978 978 1087 1048 γὰρ
1120 977 1237 1041 ,τῶν
1282 976 1544 1031 συνθέτων
1566 977 1602 1047 ·)
1636 976 1757 1035 οὔτε

204 1067 514 1137 ἀμόρφωτοι
546 1059 667 1119 ὗλαι
688 1064 862 1133 οὖσαι,
890 1067 1108 1139 ὕστερον
1135 1068 1536 1139 εἰδοποιήθησαν
1556 1070 1613 1120 ὲν
1639 1070 1759 1130 ταῖς

202 1156 474 1219 τοιαύταις
505 1159 746 1227 ἀρεταῖς·
788 1157 899 1210 ἀλλ’
920 1159 977 1224 ἐξ
1008 1160 1255 1231 ὑπαρχῆς
1288 1159 1427 1212 οὕτω
1472 1160 1587 1230 θείᾳ
1611 1158 1757 1212 ὲκτίο

207 1248 409 1317 σθησαν
436 1249 632 1319 χάριτι.
668 1248 834 1302 Τοῦτο
849 1251 905 1303 δὲ
941 1251 1097 1320 δῆλον
1120 1251 1182 1303 ἔκ
1200 1267 1259 1303 τε
1283 1252 1442 1304 αὑτοῦ
1465 1251 1559 1314 τοῦ
1603 1252 1756 1319 ἀγίου

203 1340 496 1399 Διονυσίου.
528 1342 776 1409 λέγοντος
804 1344 937 1413 πρὸς
970 1345 1050 1415 τῷ
1074 1345 1213 1398 τέλει
1248 1344 1338 1401 τοῦ
1379 1346 1635 1416 τετάρτου
1665 1364 1756 1405 κε-

204 1431 431 1499 φαλαίου
471 1432 567 1501 τῆς
596 1436 1129 1504 Ἐκκλησιαστικῆς
1156 1434 1759 1505 ἱεραρχιαςθοὺσιώδεις

202 1516 339 1573 εἶναι
379 1521 476 1583 τὰς
506 1522 754 1585 τοιαύτας
782 1524 953 1597 ἔξεις·
988 1526 1081 1577 καὶ
1124 1526 1187 1579 ὲκ
1218 1526 1329 1589 τοῦ,
1364 1526 1452 1578 τὸν
1504 1527 1755 1595 πεσόντα,

202 1610 536 1664 ἀποϐαλόντα
561 1612 659 1676 τάς
695 1614 893 1685 ἀρετὰς
927 1615 1254 1685 μεταχθῆναι
1301 1618 1380 1681 εἰς
1419 1616 1650 1680 ἀλλοίαν,
1685 1618 1759 1679 ὡς

196 1702 264 1754 ἄν
302 1717 385 1762 τις
416 1701 578 1763 εἴποι,
610 1703 937 1759 κατάστασιν
972 1704 1201 1772 φύσεως,
1254 1708 1529 1776 σκοτεινήν
1575 1723 1633 1759 τε
1666 1706 1758 1759 καὶ

202 1788 483 1861 φθονερὰν,
537 1795 631 1849 καὶ
678 1795 871 1859 κακίας
912 1770 1122 1866 πλήρη,
1184 1797 1277 1849 καὶ
1325 1770 1571 1850 ἐναντίαν
1619 1797 1761 1850 κατά
1790 1770 1831 1826 Β

200 1878 378 1947 πάντα
407 1883 470 1952 τῇ
504 1881 623 1952 θείᾳ
654 1884 747 1940 κα)⁸
778 1884 1036 1956 ἀγγελικῇ
1090 1886 1367 1958 πολιτείᾳο
1402 1886 1623 1955 τοιαύτη
1652 1887 1760 1957 γὰρ

198 1968 232 2038 ἠ
266 1969 377 2023 τῶν
410 1970 649 2038 ἀγγέλων
681 1972 791 2039 ἕξις
822 1974 1112 2045 οὐσιώδης,
1148 1976 1233 2029 οἶα
1266 1976 1359 2035 καὶ
1400 1978 1431 2048 ἡ
1465 1976 1557 2029 τοῦ
1591 1978 1761 2048 πυρὸς

199 2060 320 2131 καθ’
353 2060 461 2126 ἕξιν
484 2062 692 2125 καῦσις.
726 2065 797 2116 Τὸ
841 2064 967 2132 γοῦν
1009 2064 1115 2117 τῶν
1174 2066 1406 2135 σεραφὶμ
1438 2066 1606 2136 ὄνομα
1637 2065 1761 2139 ἐξη-

196 2149 458 2222 γούμεθα,
488 2152 567 2204 ὅτι
610 2154 669 2204 τὸ
718 2153 827 2222 πῦρ
860 2153 1160 2223 ἀεικίνητόν
1208 2155 1354 2219 ἐστι,
1390 2154 1585 2225 θερμόν
1620 2157 1757 2219 ἐστι,

196 2242 286 2307 ὀξύ
340 2245 473 2305 ἐστι,
521 2243 679 2311 (κατά
721 2244 881 2296 αὑτοῦ
923 2244 1029 2315 γὰρ
1058 2243 1150 2296 τοῦ
1200 2243 1520 2307 λίθουτοὺς
1563 2244 1760 2309 τόπους

196 2332 484 2402 εἰσδύνει·)
517 2333 849 2401 ἀναγωγικόν
895 2334 1008 2389 ἐστι
1050 2333 1157 2385 τῶν
1204 2332 1632 2402 ὑποϐεϐηκότων,
1668 2337 1760 2387 καὶ

194 2420 354 2489 δῆλον
404 2424 466 2474 ὲκ
513 2422 619 2475 τῶν
684 2423 1110 2495 ἀναθυμιάσεων,
1167 2424 1282 2486 πῶς
1341 2426 1407 2494 τῇ
1460 2424 1634 2497 θέρμῃ
1664 2423 1756 2476 τοῦ

199 2512 346 2579 ἡλίου
386 2513 669 2579 ἀνάγονται
691 2531 704 2544 ’
738 2505 1060 2584 δραστήριόν
1094 2516 1209 2568 ἐστι
1240 2514 1375 2584 πρὸς
1405 2514 1501 2584 τὴν
1532 2513 1639 2567 τῶν
1671 2515 1761 2582 ὲγο

194 2601 452 2667 γιξόντων
484 2604 757 2672 ὁμοίωσιν,
794 2602 1016 2673 πυρώδη
1047 2602 1154 2674 γὰρ
1184 2605 1327 2657 ποιεῖ
1356 2602 1424 2655 τὰ
1455 2600 1757 2671 ἐγγίζοντα,

195 2699 499 2765 ὀλοκαυτοῖ,
553 2700 835 2773 καθαίρει·
890 2701 1322 2771 ἀπερικάλυπτόν
1375 2702 1541 2765 ἐστιν,
1599 2699 1761 2775 ἀσϐεο

197 2809 321 2849 στον
352 2792 464 2862 ἔχει
495 2793 555 2845 τὸ
587 2794 868 2861 φωτοειδὲς
918 2793 1007 2846 καὶ
1043 2794 1384 2861 φωτιστικὸν,
1435 2794 1528 2846 καὶ
1572 2794 1759 2868 πόῤῥω

193 2888 254 2953 τὺ
291 2889 481 2948 σκότος
510 2885 737 2937 ἐλαύνει.
775 2882 985 2946 Ταύτας
1018 2884 1198 2953 ἔχουσι
1229 2884 1327 2946 τὰς
1357 2884 1496 2950 ἕξεις
1529 2885 1760 2956 ὑπερκο-

197 2980 374 3048 σμίως
400 2978 469 3030 τὰ
494 2976 735 3047 σεραφίμ
758 2993 770 3007 ·
808 2975 1156 3043 ἀκατάληκτά
1184 2976 1289 3027 εἰσι
1322 2975 1415 3028 καὶ
1462 2976 1756 3045 ὑπερζέον-

193 3087 281 3133 τα,
337 3071 429 3122 καὶ
460 3069 707 3120 ἀνένδοτα
753 3067 891 3137 πρὸς
932 3066 1029 3133 τὴν
1073 3066 1198 3137 περὶ
1230 3067 1359 3120 Θεὸν
1398 3067 1755 3139 ἀεικινησίαν,
1787 3097 1829 3156 C

195 3163 289 3231 καί
321 3160 419 3223 τὰς
451 3160 843 3229 ὑποϐεϐηκυίας
896 3156 1076 3221 τάξεις
1124 3157 1403 3224 ἀνάγουσι,
1444 3158 1540 3210 καὶ
1582 3176 1761 3230 πρακ-

194 3252 363 3319 τικῶς
424 3249 866 3320 ἀναζωπυροῦσι,
926 3247 1399 3317 καὶ-ἀφομοιοῦσι
1454 3248 1592 3319 πρὸς
1660 3249 1765 3321 τὴν

195 3343 388 3413 ὁμοίαν
422 3340 565 3404 ζέσιν
600 3341 692 3393 καὶ
721 3339 815 3392 τὸν
846 3338 1006 3393 πόθον
1037 3338 1126 3392 τὸν
1161 3337 1361 3403 ἔνθεον,
1406 3340 1499 3391 καὶ
1531 3338 1594 3392 δι’
1641 3338 1761 3393 ὅλου

198 3432 548 3505 πρηστηρίως
580 3431 879 3501 καθαρτικὰ
912 3432 1034 3493 εισι,
1058 3430 1163 3482 ικαὶ
1206 3428 1264 3481 τὸ
1310 3429 1593 3498 φωτοειδὲς
1626 3430 1762 3500 ὅπερ

196 3523 411 3593 ἔχουσιν
442 3524 505 3574 ὲκ
536 3521 688 3585 Θεοῦ,
728 3522 820 3573 καὶ
850 3516 909 3571 τὸ
942 3518 1264 3587 φωτιστικδν
1297 3518 1417 3571 καθ’
1458 3518 1488 3571 ὃ
1531 3518 1602 3570 τὰ
1630 3518 1761 3572 ἄλλα

199 3615 542 3685 φωτίζουσιν,
586 3608 1016 3681 ἀπερικάλυπτον
1065 3609 1158 3662 καὶ
1206 3608 1465 3663 ἄσϐεστον
1519 3607 1764 3678 ἔχουσινο

1859 536 2010 603 tium,
2046 549 2234 605 nempe
2273 536 2411 602 duo;
2445 544 2499 590 et
2540 547 2785 603 sextum,
2824 550 3015 608 nempe
3065 556 3270 594 unum:
3304 542 3403 596 tria

1856 635 2054 691 autem,
2085 635 2140 681 et
2169 630 2293 690 duo,
2326 636 2381 681 et
2423 643 2586 681 unum
2629 642 2839 682 rursum
2883 644 2976 684 sex
3025 639 3168 687 sunt.
3197 632 3407 687 Cheru-

1856 716 1964 770 bim
1996 726 2173 771 autem
2217 717 2417 773 multos
2465 717 2670 781 oculos,
2719 728 2971 787 tanquam
3009 722 3400 776 multitudinem

1856 807 2196 876 cognitionis,
2233 808 2450 862 habent.
2484 805 2825 877 Ejuscemodi
2866 810 3045 878 itaque
3098 812 3405 866 nominibus

1857 894 2212 962 appellantur,
2252 896 2543 950 secundum
2574 898 3060 953 manifestationem
3115 917 3177 956 ac
3219 902 3406 957 decla-

1857 985 2116 1039 rationem
2156 986 2431 1039 habituum
2483 1003 2727 1052 suorum,
2758 989 2809 1041 id
2840 998 2922 1043 est
2968 989 3253 1047 affectuum
3306 993 3407 1049 im-

1857 1077 2208 1131 maneutium.
2241 1075 2373 1130 Nam
2407 1076 2633 1131 virtutes
2663 1078 2857 1133 divinae
2904 1081 3198 1135 secundum
3250 1082 3407 1137 habi-‘

1856 1173 1967 1218 tum
1996 1166 2197 1220 habent
2223 1167 2661 1231 deiformitatem,
2688 1170 2904 1223 habitus
2946 1179 3123 1224 autem
3170 1181 3250 1225 est
3277 1187 3407 1239 qua.

1856 1256 1979 1309 litas
1995 1257 2291 1312 immanens
2310 1276 2322 1310 :
2343 1259 2666 1326 ejuscemodi
2691 1271 2868 1315 autem
2890 1263 3101 1315 habitus
3118 1264 3404 1317 essentiam

1855 1358 2009 1397 suam
2037 1344 2202 1398 habet
2230 1346 2520 1399 secundum
2552 1348 2780 1417 gratiam
2810 1349 3063 1412 divinam,
3094 1366 3196 1403 non
3222 1359 3403 1404 autem

1855 1444 1936 1491 est
1968 1442 2024 1486 ut
2050 1434 2297 1489 accidens
2338 1436 2389 1489 in
2429 1437 2689 1504 subjecto,
2722 1448 2938 1506 propter
2985 1455 3168 1492 eorum
3218 1441 3408 1502 immaa

1856 1524 2199 1580 terialitatem
2257 1534 2312 1579 et
2358 1525 2852 1595 incorporeitatem,
2892 1528 3017 1582 inde
3044 1531 3187 1583 enim
3230 1530 3409 1585 omnis

1858 1625 1967 1669 tam
2010 1618 2326 1684 compositio
2357 1618 2669 1682 tnaterialis,
2702 1628 2862 1686 qnam
2893 1619 3200 1674 informitas
3230 1630 3408 1673 mate-

1860 1705 1975 1768 riae,
2026 1704 2256 1759 exsulat.
2311 1705 2672 1771 Quamobrem
2720 1707 2900 1761 dicere
2948 1722 3051 1760 non
3101 1721 3409 1777 possumus,

1859 1792 1997 1859 quod
2025 1794 2255 1860 primum
2287 1794 2337 1845 in
2359 1793 2539 1863 aliquo
2567 1794 2675 1847 alio
2706 1804 2847 1848 statu
2878 1796 3189 1859 existentes,
3222 1808 3410 1865 postea

1863 1881 2091 1934 virtutes
2117 1882 2442 1950 ejuscemodi
2477 1886 2783 1951 acceperint
2806 1889 2933 1953 (hoc
2964 1887 3107 1939 enim
3146 1889 3413 1955 composiq

1862 1983 2036 2027 torum
2076 1974 2212 2039 est);
2246 1987 2416 2041 neque
2449 1975 2589 2043 quod
2631 1975 2888 2037 informes
2935 1984 3114 2029 essent
3150 1978 3407 2037 materiae,

1860 2074 2043 2131 postea
2076 2063 2379 2119 istiusmodi
2412 2064 2703 2117 virtutibus
2728 2066 3005 2120 adornata:
3032 2067 3171 2129 sint;
3201 2067 3292 2120 sed
3338 2068 3408 2120 ab

1862 2148 2017 2201 initio
2048 2149 2183 2203 tales
2212 2151 2391 2203 divina
2437 2150 2611 2218 gratia
2646 2164 2842 2206 creata:
2889 2160 3035 2204 sunt.
3067 2152 3221 2218 Quod
3266 2155 3411 2208 claro

1860 2248 2010 2306 patet
2037 2250 2159 2294 cum
2196 2256 2259 2294 ex
2300 2242 2413 2308 ipso
2447 2241 2503 2293 S.
2551 2240 2828 2311 Dionysio,
2868 2242 3075 2297 dicente
3102 2245 3199 2297 sub
3247 2243 3405 2297 finem

1861 2330 2038 2397 quarti
2070 2330 2265 2398 capitis
2311 2330 2637 2387 Hierarchia:
2682 2334 3072 2396 ecclesiasticw,
3106 2332 3412 2386 istiusmodi

1861 2418 2077 2473 habitus
2106 2434 2225 2473 esse
2254 2420 2815 2486 substantialesytum
2850 2422 3019 2474 etiam
3046 2437 3108 2475 cx
3159 2438 3222 2477 eo
3269 2423 3413 2490 quod

1862 2509 1908 2562 is
1937 2509 2025 2577 qui
2054 2510 2266 2573 cecidit,
2296 2510 2588 2563 virtutibus
2632 2511 2880 2579 abjectis,
2914 2512 2978 2563 ad
3012 2512 3197 2575 alium,
3247 2522 3305 2565 ut
3335 2513 3413 2565 ita

1859 2597 1980 2665 quis
2008 2597 2231 2661 dixerit,
2275 2606 2479 2651 natura;
2503 2607 2701 2651 statum
2736 2600 2807 2653 sit
2859 2600 3173 2664 translatus,
3218 2601 3415 2655 obscu-

1862 2702 1977 2741 rum
2011 2688 2239 2751 scilicet,
2271 2697 2324 2741 et
2355 2689 2573 2742 invidiae
2606 2690 2937 2758 malitiaeque
2988 2695 3227 2763 plenum,
3254 2699 3415 2759 atque

1859 2777 2055 2833 divinae
2081 2780 2392 2849 etangelicae
2408 2780 2784 2836 νίιεείηειὶιιιιο
2818 2780 3150 2833 contrarium
3179 2796 3194 2832 :
3228 2780 3412 2834 istius-

1860 2864 2005 2919 modi
2054 2865 2196 2918 enim
2232 2865 2547 2933 angelorum
2611 2865 2829 2921 habitus
2884 2868 3259 2922 substantialis
3308 2877 3416 2933 est,

1860 2967 1967 3007 non
2000 2966 2156 3015 secus
2186 2962 2351 3020 atque
2384 2951 2524 3021 ignis
2567 2954 2860 3009 secundum
2912 2956 3155 3011 habitum
3204 2957 3416 3011 adustio

1861 3055 1966 3101 eat.
1998 3043 2200 3101 Nomen
2246 3047 2426 3114 itaque
2458 3048 2725 3113 scraphim
2770 3048 3134 3115 cxplicamus,
3165 3050 3307 3118 quod
3342 3050 3417 3105 sit

1862 3138 2002 3209 ignis
2045 3150 2257 3206 semper
2302 3136 2555 3201 mobilis,
2605 3137 2833 3199 calidus,
2881 3138 3095 3191 subtilis
3142 3138 3414 3207 (quoniam

1862 3230 2025 3284 etiam
2071 3229 2238 3299 ipsius
2282 3228 2473 3297 lapidis
2501 3244 2661 3297 poros
2704 3236 2994 3298 penetrat),
3022 3228 3113 3298 qui
3157 3228 3414 3283 inferiora

1861 3335 2075 3374 sursum
2106 3319 2307 3384 elevat,
2336 3320 2409 3372 uti
2452 3319 2797 3387 perspicuum
2846 3320 2904 3371 fit
2949 3333 3016 3372 ex
3062 3317 3418 3372 exhalationi-

1863 3412 1985 3479 bus,
2016 3412 2287 3479 quomodo
2334 3410 2517 3463 calore
2557 3409 2691 3463 solis
2719 3409 3035 3463 attollantur
3065 3426 3079 3461 :
3118 3409 3207 3477 qui
3234 3409 3314 3487 sui
3343 3407 3417 3461 si-

1864 3504 2218 3561 militudinem
2262 3501 2819 3574 appropinquantibus
2866 3501 3163 3574 ingenerat,
3196 3501 3417 3569 propin-

1871 3610 1975 3663 qua
2008 3595 2147 3648 enim
2168 3595 2355 3649 omnia
2383 3594 2550 3662 ignita
2589 3592 2789 3655 reddit,
2814 3593 3035 3660 penitus
3071 3592 3268 3655 adurit,
3290 3606 3417 3660 pur-

196 3682 311 3768 ἐστι
362 3703 470 3773 γάρ
508 3703 582 3765 ὡς
635 3701 732 3771 ὕλη
778 3703 805 3752 ὁ
837 3699 975 3762 θεῖος
1008 3699 1167 3761 πόθος
1218 3700 1420 3762 αὐτοῖς,
1450 3700 1544 3751 καὶ
1588 3700 1767 3772 πάσης

1755 3715 1767 3760 ς
1870 3695 1959 3755 gat
1987 3702 2000 3738 :
2028 3686 2122 3753 qui
2161 3686 2415 3739 abscondi
2466 3684 2678 3752 nequit,
2715 3683 3149 3736 lucifonnitatem
3204 3691 3260 3735 et
3292 3682 3414 3736 illu-

202 3793 543 3855 σκοτοποιίας
581 3793 833 3851 ὲπέκεινά
862 3793 1019 3857 εἰσιν,
1048 3791 1123 3854 ὡς
1166 3793 1232 3863 τῇ
1268 3790 1389 3863 θείᾳ
1422 3789 1762 3864 λαμπρότητι

200 3885 568 3955 ἀναπτόμενοι.

1868 3778 2107 3831 minandi
2140 3778 2243 3829 vim
2282 3776 2658 3830 inexstinctam
2695 3775 2923 3838 obtinet,
2958 3784 3012 3826 et
3054 3773 3234 3842 procul
3270 3784 3417 3827 tene-

1864 3870 1991 3923 bras
2053 3866 2317 3936 propellit.
2364 3865 2525 3921 Hisce
2594 3866 2868 3919 habitibus
2912 3862 3417 3933 supermundialiter

1860 3959 2069 4028 prtediti
2120 3965 2245 4012 sunt
2296 3955 2567 4023 seraphim
2608 3968 2623 4006 :
2675 3952 2928 4007 indefessi
2986 3962 3112 4007 sunt
3154 3962 3210 4005 et
3252 3967 3415 4021 supra

198 4082 359 4134 quam
395 4067 687 4130 ferventes,
739 4075 794 4122 et
845 4065 909 4119 ad
963 4065 1126 4119 Deum
1182 4060 1489 4117 incessabili
1551 4072 1765 4128 semper
1834 4062 1979 4108 motu
2032 4054 2243 4106 cientur
2294 4050 2693 4116 inferioresque
2740 4046 2961 4100 ordines
3009 4047 3301 4109 adducunt,
3350 4061 3416 4102 ac

198 4159 376 4225 reipsa
424 4158 713 4221 suscitant,
760 4168 814 4211 et
862 4159 929 4210 ad
993 4157 1331 4210 consimilem
1377 4155 1480 4225 61
1536 4153 1800 4207 fervorem
1857 4146 2205 4210 divinumque
2234 4143 2559 4197 desiderium
2614 4141 2854 4193 excitant
2897 4150 2952 4193 et
2997 4138 3315 4201 informant,
3359 4146 3415 4191 et

198 4254 419 4307 omnino
453 4252 614 4323 ignite
659 4261 906 4321 purgant,
964 4261 1123 4320 atque
1171 4250 1398 4305 formam
1446 4249 1585 4303 lucis
1613 4262 1772 4317 quam
1816 4258 1883 4297 ex
1935 4242 2044 4294 Deo
2092 4239 2311 4302 habent,
2348 4246 2401 4291 et
2430 4236 2765 4289 illuminandi
2802 4235 2907 4288 vim
2942 4250 3043 4302 qua
3077 4241 3267 4288 caetera
3294 4232 3417 4285 illu-

199 4346 439 4409 minant,
497 4346 868 4403 inahsconsant
904 4356 958 4401 et
1010 4348 1385 4401 inexstinctam
1437 4343 1711 4414 possident
1758 4360 1770 4394 :
1811 4338 2048 4392 divinum
2100 4333 2241 4386 enim
2294 4332 2615 4385 desiderium
2676 4332 2780 4385 illis
2830 4339 2915 4385 est
2971 4331 3091 4384 vice
3143 4329 3407 4393 materiae;

200 4449 253 4492 et
288 4441 435 4491 omni
485 4441 927 4495 obteuebratione
970 4442 1275 4507 superiores
1319 4450 1463 4501 sunt,
1504 4446 1561 4490 ut
1601 4437 1692 4505 qui
1725 4435 1904 4488 divino
1948 4430 2231 4499 splendore
2284 4436 2409 4481 sunt
2453 4426 2718 4481 δυοεειιδὶ.

264 4528 350 4582 Τὰ
379 4529 438 4582 δὲ
482 4529 739 4600 χερουϐίμ
774 4532 907 4586 εἰσιν
946 4531 1312 4603 ὀνομαζόμενα
1346 4528 1487 4585 κατά
1530 4528 1618 4579 τὸν
1668 4526 1755 4578 λό-
1791 4535 1832 4588 Ι)

1791 4535 1832 4588 Ι)
1928 4521 2215 4577 Cherubim
2254 4529 2434 4573 autem
2488 4518 2745 4571 nominati
2776 4527 2944 4579 ,sunt,
2990 4517 3283 4571 secundum
3327 4530 3414 4571 ra-

199 4637 292 4688 γον
322 4623 425 4691 τῆς
458 4626 581 4693 παρ’
608 4626 735 4694 ἡμῖν
767 4623 1043 4692 γνώσεως
1079 4625 1111 4693 ὴ
1139 4621 1375 4692 ἡμετέρα
1397 4618 1506 4691 γὰρ
1532 4617 1749 4685 γνῶσις,
1785 4669 1793 4676 .

199 4713 292 4765 καὶ
348 4714 618 4783 γνωστικὴ
671 4716 761 4784 ἀφ’
809 4714 1008 4783 ἑαυτῆς
1051 4715 1185 4777 ἐστι,
1234 4714 1324 4767 καὶ
1383 4708 1599 4779 δεκτικὴ
1656 4708 1754 4777 τῆς

197 4804 393 4868 ἔξωθεν
459 4805 756 4876 μαθήσεως.
818 4807 1024 4875 Ὠσπερ
1081 4804 1190 4875 γὰρ
1240 4805 1275 4877 ἡ
1335 4801 1573 4870 ἀγνωσία
1605 4799 1753 4869 διττή

197 4896 363 4957 ἐστιν,
401 4896 437 4964 ἠ
472 4895 566 4964 μὲν
614 4896 753 4969 κατά
798 4896 1086 4966 ἀπόφασιν,
1115 4896 1202 4949 ὅτε
1256 4894 1374 4947 τόδε
1405 4910 1454 4947 τι
1487 4893 1546 4944 οὐ
1594 4888 1756 4958 γινώ-

200 5002 420 5054 σκομεν,
453 4987 783 5057 γινώσκομεν
825 4988 881 5043 δὲ
926 4989 1005 5045 ὅτι
1049 4989 1108 5039 ού
1153 4985 1507 5057 γινώσκομεν,
1559 4983 1624 5053 ἣν
1667 4981 1761 5033 καὶ

202 5077 373 5146 ἁπλῆν
408 5076 623 5143 ἄγνοιαν
659 5077 935 5145 λέγουσιν’
972 5079 1004 5148 ἡ
1037 5077 1092 5130 δὲ
1124 5075 1262 5131 κατά
1292 5075 1545 5137 διάθεσιν,
1579 5072 1665 5123 ὅτε
1698 5071 1758 5123 ού

204 5166 556 5232 γινώσκοντες
585 5166 938 5237 ἀπατώμεθα,
972 5168 1062 5220 καὶ
1096 5166 1320 5237 οἰόμεθα
1340 5163 1642 5233 γινώσκειν,
1667 5163 1760 5214 καὶ

201 5258 314 5312 οὐδὲ
349 5256 481 5311 αὐτὸ
528 5257 684 5311 τοῦτο
715 5258 951 5329 οἴδαμεν,
986 5258 1065 5329 ότι
1092 5258 1154 5309 οὐ
1208 5255 1562 5325 γινώσκομεν,
1593 5254 1658 5324 ἣν
1693 5254 1757 5324 δὴ

198 5352 291 5402 καὶ
322 5349 519 5417 διπλῆν
556 5331 805 5401 καλοῦσιν
851 5350 1089 5415 ἄγνοιαν,
1122 5344 1200 5414 τῷ
1232 5360 1290 5397 τε
1336 5345 1409 5414 μὴ
1451 5341 1755 5411 γινώσκειν,

198 5441 290 5493 καὶ
318 5439 398 5509 τῷ
433 5439 503 5509 μὴ
537 5436 816 5505 γινώσκειν
858 5438 939 5491 am
987 5437 1047 5489 οὐ
1090 5434 1379 5504 γινώσκει⁹
1426 5433 1565 5486 οὕτω
1608 5432 1755 5502 καὶῆ

198 5529 397 5595 γνῶσις
428 5528 601 5597 διττὴ,
630 5529 663 5597 ἡ
702 5527 797 5596 μὲν
836 5529 917 5579 ὅτι
953 5526 1225 5596 γινώσκει,
1267 5524 1385 5577 καθ’
1419 5524 1446 5576 ὃ
1478 5523 1570 5575 καὶ
1614 5538 1755 5589 γνω-

202 5620 359 5686 atri;
394 5618 643 5687 λέγεται·
676 5620 710 5688 ἡ
748 5618 803 5669 δὲ
850 5619 929 5670 ὅτι
964 5616 1215 5687 μανθάνει
1254 5616 1343 5667 καὶ
1373 5614 1581 5683 δέχεται
1618 5614 1756 5681 γνῶ-

204 5725 305 5775 σιν,
336 5710 427 5763 καὶ
460 5708 718 5778 γινώσκει
750 5709 827 5761 ὅτι
861 5709 1151 5779 ὠφέληται,
1197 5706 1314 5761 καθ’
1345 5707 1372 5759 ὃ
1404 5706 1616 5774 λέγεται
1658 5707 1748 5759 καὶ

1861 4614 2057 4667 tionem
2086 4621 2285 4665 nostrae
2313 4610 2642 4677 cognitionis
2671 4626 2685 4661 :
2722 4608 2981 4676 siquidem
3015 4609 3203 4663 notitia
3229 4616 3413 4663 nostra

1858 4704 2019 4758 etiam
2054 4701 2356 4767 intelligens
2410 4709 2492 4752 est
2535 4716 2563 4751 a
2616 4712 2695 4760 se,
2746 4707 2800 4749 et
2850 4705 3135 4751 externam
3184 4695 3414 4763 suscipit

1860 4793 2215 4860 disciplinam.
2246 4790 2398 4845 Sicut
2426 4790 2569 4842 enim
2618 4788 2888 4856 ignoratio
2934 4787 3145 4854 duplex,
3171 4793 3273 4852 est,
3304 4800 3411 4839 una

1861 4884 2118 4936 nimirum
2146 4883 2411 4951 negativa,
2436 4890 2491 4935 ut
2520 4883 2734 4949 quando
2764 4881 2965 4948 aliquid
2992 4894 3096 4932 non
3128 4877 3408 4946 cognosci-

1862 4988 2005 5037 mus,
2049 4972 2250 5025 scimus
2282 4980 2456 5025 autem
2502 4986 2599 5024 nos
2647 4972 2697 5024 id
2745 4988 2845 5024 non
2888 4984 3065 5035 nosse,
3094 4984 3251 5037 quam
3283 4968 3415 5021 sim-

1860 5064 2051 5133 plicem
2077 5072 2269 5115 vocant
2293 5061 2682 5129 ignorantiam;
2710 5062 2813 5114 alia
2837 5076 2963 5114 vero
2991 5067 3074 5113 est
3104 5054 3408 5122 habitualis,

1861 5157 2073 5223 quando
2106 5155 2414 5222 ignorantes
2458 5153 2780 5222 decipimur,
2812 5159 2866 5204 et
2912 5157 3159 5217 putamus
3199 5160 3296 5199 nos
3324 5145 3413 5197 in-

1868 5247 2105 5315 telligere
2139 5258 2312 5314 neque
2336 5246 2565 5313 idipsum
2600 5242 2944 5312 agnoscimus
2970 5239 3110 5308 quod
3142 5253 3244 5291 non
3273 5237 3409 5289 scia-

1867 5352 1984 5391 nms
2002 5353 2016 5401 ;
2034 5352 2193 5404 quam
2222 5335 2424 5390 idcirco
2448 5333 2711 5402 duplicem
2738 5330 3095 5401 ignorantiam
3114 5326 3410 5395 appellant,

1862 5442 1985 5481 cum
2018 5427 2159 5495 quod
2196 5428 2427 5495 ignoret,
2476 5433 2589 5478 tum
2636 5424 2781 5491 quod
2825 5422 3055 5490 idipsum
3103 5418 3313 5472 nesciat
3352 5429 3411 5469 se

1864 5517 2161 5586 ignorare:
2194 5517 2275 5570 sic
2304 5516 2470 5569 etiam
2515 5514 2751 5581 cognitio
2794 5512 3012 5581 duplex,
3050 5522 3154 5561 una
3194 5507 3408 5576 quidem

1859 5610 1984 5679 quia
2018 5606 2316 5677 cognoscit,
2351 5605 2649 5661 secundum
2679 5602 2820 5673 quod
2868 5614 3198 5671 cognoscens
3228 5596 3408 5665 appel-

1858 5703 2026 5769 latur;
2060 5702 2160 5756 alia
2190 5716 2318 5758 vero
2346 5700 2468 5769 quia
2517 5698 2675 5755 discit
2720 5705 2881 5767 atque
2915 5694 3107 5763 accipit
3140 5691 3403 5756 notitiam,
