4202 6300
755 268 866 325 119

1925 264 1986 329 8.
2028 264 2325 325 DIONYSII
2366 264 2824 321 AREUPAGHA‘J

3892 270 4010 321 2‘30

759 402 815 443 et
846 390 1092 459 agnoscit
1120 389 1250 458 quid
1280 389 1473 457 prosit,
1503 389 1798 445 secundum
1826 389 1968 457 quod
2000 390 2163 443 etiam
2197 403 2325 456 gna-
2349 394 2394 449 Α

2349 394 2394 449 Α
2422 387 2765 457 γνωριστική.
2804 387 2989 439 Ἔστιν
3036 388 3071 457 ἡ
3116 386 3356 458 ἡμετέρα
3403 386 3603 455 γνῶσις
3653 388 3746 440 καὶ
3791 386 3998 455 θεωρη-

758 496 819 535 ra
850 480 1068 541 dicitur,
1100 479 1197 533 Est
1226 480 1449 550 insuper
1476 480 1713 548 cognitio
1743 491 1926 534 nostra
1965 480 2318 549 speculativa,

759 582 818 626 ut
847 586 965 641 qua:
998 572 1283 638 super'ora
1318 584 1379 624 se
1406 578 1717 624 scrutatur:
1747 578 1831 625 est
1875 568 2039 623 etiam
2081 583 2321 623 commu-

760 662 1021 729 nicativa,
1068 670 1128 715 ut
1182 662 1403 729 quando
1457 660 1708 723 illarum,
1763 660 1959 730 quibus
2005 660 2159 729 plena
2207 669 2320 726 est,

756 751 1115 805 scientiarum
1149 751 1490 819 disciplinam
1542 751 1593 804 in
1637 751 1796 813 alios,
1833 752 1922 821 qui
1952 766 2017 806 ea
2056 752 2320 819 indigent,

760 841 1113 895 trnnsfundit.
1162 842 1286 897 Haec
1338 844 1503 896 etiam
1552 842 1735 895 omnia
1769 842 1966 897 habent
1992 844 2317 899 cherubim:

758 932 1062 1003 intelligunt
1104 947 1167 987 ac
1212 933 1655 1001 contemplantur
1692 934 1928 988 divinam
1978 937 2319 1002 claritatem,

756 1022 1067 1088 cognitione
1096 1031 1379 1076 moventur
1419 1023 1484 1076 ad
1523 1022 1575 1075 id
1606 1023 1747 1090 quod
1780 1038 1905 1077 vere
1946 1035 2030 1079 est
2061 1028 2319 1093 amabile,

756 1125 859 1164 nec
885 1126 987 1163 non
1023 1111 1440 1167 illustrationem
1468 1113 1742 1182 accipiunt
1770 1130 1799 1167 a
1838 1115 1945 1170 Deo
1971 1131 2066 1184 per
2090 1120 2321 1174 virtutes

758 1201 890 1270 ipsis
921 1204 1244 1267 anteriores,
1284 1217 1339 1259 et
1383 1206 1621 1259 divinam
1666 1216 1977 1260 scrutantur
2021 1208 2321 1277 pulchritu-

758 1295 959 1357 tanem,
1002 1296 1056 1347 in
1085 1294 1284 1350 virtute
1325 1297 1579 1349 nimirum
1626 1297 1981 1366 primigenia,
2025 1302 2319 1355 secundum

756 1402 918 1453 quam
953 1402 1060 1454 pra:
1093 1389 1307 1441 caeteris
1335 1388 1510 1457 primo
1542 1387 1662 1443 loco
1713 1404 1815 1441 una
1850 1404 1971 1443 cum
2009 1392 2223 1447 thronis
2252 1408 2319 1448 ac

756 1478 1028 1546 seraphim
1059 1478 1316 1533 hauriunt
1341 1481 1754 1547 apparitionem.
1799 1482 1862 1537 ili
1901 1484 2045 1537 enim
2079 1494 2187 1539 tres
2225 1500 2317 1539 or-

756 1568 914 1621 dines
944 1583 1044 1621 una
1070 1570 1319 1637 quaedam
1360 1580 1485 1624 sunt
1513 1571 1840 1637 hierarchia,
1868 1583 1921 1628 et
1942 1574 2317 1643 primigeniam

758 1658 811 1712 lu
851 1660 1105 1713 omnibus
1154 1660 1407 1713 virtutem
1454 1664 1793 1716 sortiuntur:
1824 1664 1970 1717 omni
2026 1665 2170 1717 enim
2210 1674 2317 1717 tam

2422 481 2570 550 τικὴ,
2603 481 2765 532 οἱονεὶ
2807 482 3127 552 ὲρευνητικὴ
3174 480 3280 533 τῶν
3312 480 3449 551 ὑπὲρ
3480 481 3669 549 αὑτήν.
3708 482 3862 533 Ἐστι
3909 481 3999 531 κς.)

2422 570 2730 640 κοινωνικὴ,
2761 569 2819 635 ἐξ
2850 562 2923 622 ὧν
2950 572 3007 623 tv
3048 570 3125 639 τῷ
3158 570 3602 639 ἀναπίμπλασθαι
3641 570 3748 622 τῶν
3790 571 4001 641 νοημὰ-

2420 679 2527 714 των
2553 662 2664 731 χέει
2689 660 2823 733 πρὸς
2850 662 2975 723 τοὺς
3006 660 3245 723 ὑποδεεῖς
3262 660 3359 731 τὴν
3387 662 3637 731 μάθησιν.
3659 660 3841 714 Ταῦτα
3866 662 3981 715 πάν

2420 771 2487 807 τα
2518 752 2697 822 έχουσι
2728 752 2821 804 καὶ
2857 750 2928 804 τὰ
2968 750 3239 821 χερουϐίμ
3260 767 3272 780 ·
3309 753 3586 819 γνωστικά
3617 754 3721 805 είσι
3758 752 3851 803 καὶ
3884 752 4000 804 θεο-

2423 844 2592 897 πτικὰ
2620 843 2721 913 τῆς
2753 843 2901 907 θείας
2930 840 3328 913 λαμπρότητος,
3364 844 3573 913 κίνησιν
3618 844 3806 914 ἔχοντα
3852 845 3992 913 γνὼ-

2423 952 2558 998 σεως
2590 935 2725 1005 πρὸς
2750 934 2811 987 τὸ
2850 934 3017 997 ὅντως
3049 917 3329 1006 ἐράσμιον,
3364 934 3458 987 καὶ
3499 935 3721 988 δεκτικά
3758 936 4008 1003 φωτοδο-

2423 1020 2541 1083 σίας
2574 1022 2638 1074 ὲκ
2668 1020 2762 1073 τοῦ
2793 1020 2926 1073 Θεοῦ
2962 1021 3051 1074 διὰ
3081 1021 3189 1074 τῶν
3222 1022 3325 1093 πρὸ
3356 1022 3532 1075 αὐτῶν
3563 1022 3864 1094 δυνάμεων,
3905 1026 4007 1078 καὶ

2420 1111 2738 1177 ἐξεταστικὰ
2764 1113 2861 1182 τῆς
2894 1112 3043 1174 θείας
3074 1115 3421 1189 εὐπρεπείας,
3443 1113 3555 1167 ἀλλ’
3578 1116 3633 1168 tv
3653 1117 4002 1188 πρωτουργῷ

2419 1204 2663 1275 δυνάμει,
2718 1204 2837 1257 καθ’
2871 1204 2937 1274 ἢν
2973 1205 3212 1274 δηλονότι
3260 1205 3488 1275 npqu
3518 1206 3625 1260 τῶν
3674 1206 3846 1259 ἄλλων
3893 1208 4001 1272 τὰς

2420 1293 2715 1364 ἐμφανείας
2743 1294 2971 1364 ἔχουσιν,
3000 1293 3075 1356 ὼς
3108 1294 3200 1348 καὶ
3230 1295 3278 1346 oi
3319 1293 3515 1364 θρόνοι,
3552 1294 3642 1347 καὶ
3674 1294 3752 1347 ἔτι
3794 1294 3865 1347 τά
3901 1290 4001 1347 σε·

2423 1382 2613 1452 ραςρίμ.
2650 1380 2835 1435 Ταῦτα
2862 1380 2969 1451 γὰρ
2999 1380 3066 1434 τὰ
3094 1382 3216 1451 τρία
3247 1383 3525 1452 τάγματα,
3564 1382 3661 1453 μία
3692 1400 3775 1446 τις
3816 1385 4003 1455 ίεραρ-

2420 1472 2509 1542 χία
2565 1472 2705 1535 ἐστὶ,
2753 1473 2846 1525 καὶ
2892 1471 3239 1542 πρωτουργὸν
3295 1471 3388 1523 ἐπὶ
3435 1472 3567 1524 πᾶσι
3618 1472 3716 1542 τὴν
3763 1472 4002 1543 δύναμιν

2420 1567 2632 1635 ἔχουσι⁹
2668 1565 2847 1635 πάσης
2894 1563 3273 1633 γάράοράτου
3334 1565 3427 1617 καὶ
3473 1564 3675 1635 ὁρατῆς
3713 1563 4003 1634 δυνάμεως

2425 1656 2642 1728 μείζους
2665 1658 2802 1710 ετσὶν
2834 1658 2892 1710 αἱ
2917 1656 3127 1728 πρῶται
3162 1662 3308 1728 τρεῖς
3341 1657 3497 1711 αὗται
3518 1656 3716 1722 τάξεις.
3748 1659 3904 1713 Ἔστι
3926 1658 3999 1711 τά

758 1748 1016 1801 invisibili
1044 1763 1205 1815 quam
1241 1748 1436 1803 visibili
1481 1751 1680 1805 virtute
1714 1752 1945 1818 majores
1992 1761 2121 1807 sunt
2162 1754 2318 1823 primi
2354 1721 2394 1780 8

2354 1721 2394 1780 Β
2424 1721 2685 1817 ἱερουδὶμ
2716 1748 2808 1811 καὶ
2846 1721 3133 1801 κοινωνικὰ
3179 1721 3235 1800 έν
3276 1745 3353 1817 τῷ
3382 1748 3841 1818 ἀναπιμπλάμενα
3885 1750 3992 1819 τῆς

760 1848 872 1897 tres
900 1840 989 1893 isti
1015 1840 1255 1895 ordines.
1290 1841 1428 1894 Sunt
1458 1844 1738 1897 cherubim
1766 1846 1928 1899 etiam
1957 1848 2323 1901 communica-

758 1932 880 1999 tivi,
912 1947 1055 1997 eam,
1092 1948 1195 2001 qua
1229 1935 1421 2003 repleti
1454 1946 1601 2001 sunt,
1635 1939 2026 2008 sapientilicam
2060 1940 2323 1996 distribu-

762 2026 965 2080 tionem
1005 2027 1361 2083 inferioribus
1407 2029 1721 2085 instillando
1769 2031 2080 2102 prolusione
2112 2034 2325 2103 sapien-

757 2118 848 2170 tite
874 2131 1003 2171 suae.

826 2209 1091 2278 Agedum,
1132 2210 1296 2265 etiam
1343 2220 1656 2266 sanctorum
1702 2220 1755 2266 et
1806 2212 2317 2267 sublimissimorurn

756 2312 919 2367 atque
947 2300 1281 2355 excelsorum
1312 2301 1631 2355 thronornm
1664 2317 1859 2358 nomen
1885 2304 2314 2359 consideremus.

757 2388 1005 2444 Thronus
1027 2390 1273 2445 sublimis
1300 2406 1329 2443 a
1361 2392 1589 2446 terrenis
1612 2392 1803 2458 elatus,
1836 2394 2064 2447 thronus
2097 2410 2313 2449 sursum

757 2477 959 2544 ferens,
1001 2488 1056 2533 et
1111 2495 1352 2536 sessores
1398 2496 1524 2536 suos
1566 2492 1879 2538 constanter
1928 2499 1994 2539 ac
2043 2494 2322 2554 compacto

756 2585 967 2624 sursum
998 2570 1127 2625 ferri
1158 2571 1361 2626 faciens
1388 2592 1400 2627 :
1433 2582 1660 2628 thronus
1686 2584 1767 2629 est
1798 2592 1968 2645 capax
1996 2575 2139 2630 illius
2157 2591 2319 2645 quem

756 2663 881 2728 fert,
912 2672 968 2717 et
997 2666 1397 2734 receptaculum
1437 2646 1667 2721 sessoivis
1695 2668 1798 2723 sui.
1844 2668 1987 2723 Idem
2030 2670 2083 2722 in
2117 2672 2321 2724 sanctis

757 2754 879 2809 istis
924 2756 1132 2810 thronis
1181 2760 1529 2813 considerare
1571 2760 1679 2830 62
1726 2759 1887 2814 liceat
1936 2778 1949 2813 :
2006 2760 2321 2815 eximuntur

753 2850 897 2900 enim
937 2850 1004 2903 ab
1051 2850 1197 2903 omni
1253 2849 1401 2903 humi
1453 2852 1777 2919 reptatione,
1825 2862 1879 2905 et
1925 2852 1991 2904 ad
2045 2852 2318 2906 anteriora

755 2954 970 2994 sursum
1003 2939 1323 3006 efferuntur,
1360 2943 1432 2995 ita
1468 2952 1526 2995 ut
1558 2942 1702 2994 nulla
1750 2942 1873 2997 illos
1905 2952 2084 2997 teneat
2112 2944 2317 3013 objecta

755 3033 1043 3099 propensio
1090 3033 1170 3087 vel
1216 3034 1540 3101 instinctus,
1588 3046 1644 3090 et
1700 3038 1764 3089 ad
1827 3036 2084 3090 inferiora
2134 3048 2317 3093 nutus.

760 3123 1235 3178 Verumenhnvero
1271 3136 1396 3179 nota
1448 3128 1592 3196 quod
1636 3138 1821 3180 noster
1847 3130 2075 3183 thronus
2100 3143 2316 3183 Sursum

757 3212 886 3266 ferri
942 3213 1105 3268 faciat
1156 3230 1422 3270 sessorem
1473 3232 1667 3280 suum;
1715 3218 2090 3273 sanctissimos
2139 3228 2317 3273 autem

756 3305 981 3359 thronos
1008 3306 1072 3358 ab
1114 3320 1179 3358 eo
1222 3305 1362 3374 quod
1410 3322 1624 3361 sursum
1667 3307 1916 3361 ferantur
1954 3309 2316 3373 denominari,

756 3406 810 3449 et
844 3397 1214 3451 indelicicnter
1247 3399 1297 3451 in
1332 3400 1545 3453 sublimi
1596 3400 1861 3467 habitare,
1890 3412 1943 3457 et
1966 3404 2119 3471 juxta
2153 3404 2317 3457 Altis-

756 3490 955 3565 simum
1010 3493 1330 3548 inconcusse
1364 3496 1644 3561 collocari,
1690 3506 1743 3548 et
1795 3498 2318 3567 divinum‘illapsum

757 3580 1034 3649 excipere.
1075 3584 1272 3637 Verum
1318 3587 1523 3653 absque
1554 3587 1800 3654 passione
1827 3588 1940 3642 hate
1974 3588 2229 3656 intellige,
2268 3598 2323 3640 et

758 3674 1191 3729 immaterinliter
1242 3677 1317 3743 (id
1353 3688 1436 3731 est
1482 3680 1625 3731 enim
1678 3677 2220 3747 supermundi‘aliter),
2255 3694 2321 3733 ne

756 3768 879 3833 quis
914 3768 1056 3821 illam
1092 3770 1157 3822 ad
1195 3771 1467 3823 anteriora
1504 3772 1647 3824 viam
1681 3786 1799 3827 esse
1834 3771 2169 3840 corporalem
2206 3772 2320 3826 exi-

758 3861 967 3919 stimet,
1003 3876 1068 3913 ne
1104 3862 1155 3913 in
1193 3861 1259 3914 iis
1314 3861 1454 3917 Deus
1501 3863 1875 3917 circumscribi
1932 3864 2196 3917 videatur.
2255 3864 2321 3918 Et

760 3950 950 4005 deifcri
987 3961 1131 4014 sunt,
1182 3968 1285 4006 non
1324 3952 1650 4018 substantia,
1685 3955 1777 4008 sed
1812 3955 2004 4024 gratia,
2054 3964 2111 4007 et
2162 3954 2322 4007 mini-

758 4051 995 4097 strorum
1053 4060 1203 4099 more
1259 4047 1493 4115 prompti
1550 4047 1615 4100 ad
1670 4048 1883 4102 divinas
1928 4048 2319 4116 susceptiones.

760 4133 892 4187 Illud
928 4150 1056 4189 vero
1111 4134 1375 4190 deiferum
1426 4138 1533 4191 dixi
1583 4152 1686 4191 non
1726 4138 2067 4202 substantia,
2103 4140 2227 4208 quia
2270 4148 2323 4193 et

760 4225 951 4279 beatus
986 4226 1215 4281 Basilius
1248 4242 1467 4281 carnem
1523 4231 1657 4283 dixit
1709 4244 1828 4284 esse
1881 4229 2174 4293 deiferam;
2226 4230 2319 4284 sed

758 4332 887 4371 caro
923 4318 1130 4372 Domini
1173 4322 1467 4373 secundum
1506 4322 1891 4384 substantiam,
1926 4331 1979 4374 et
2026 4321 2320 4375 secundum

2425 1837 2711 1907 σοφοποιοῢ
2740 1835 3070 1909 μεταδόσεως
3100 1838 3345 1908 ἀφθόνως
3378 1840 3709 1909 μεταδιδόναι
3732 1844 3842 1905 τοῖς
3872 1841 4001 1895 δευ-

2422 1931 2597 2001 τέροις
2624 1930 2766 1999 κατά
2782 1931 2889 2001 τὴν,
2909 1928 3063 1999 χύσιν
3090 1930 3190 2001 τῆς
3223 1929 3410 1999 σοφίας
3442 1930 3637 1999 αὐτῶν.

2492 2206 2626 2277 Φέρε
2650 2208 2742 2262 καὶ
2763 2209 2860 2281 τὴν
2882 2209 2989 2265 τῶν
3017 2210 3187 2280 ἁγίων
3212 2216 3303 2271 καὶ
3336 2213 3681 2283 ὑψηλοτάτων
3706 2215 3803 2267 καὶ⁴
3820 2216 3997 2285 ἐπηρ-

2426 2299 2599 2369 μένων
2633 2299 2833 2371 θρόνων
2881 2302 3192 2373 ἐπωνυμίαν
3211 2304 3529 2374 κατίδωμεν.
3568 2307 3622 2357 Ὀ
3649 2305 3831 2376 θρόνος
3861 2308 3997 2377 ὑψη-

2421 2392 2509 2455 λὸς
2552 2392 2658 2447 τῶν
2688 2394 2887 2463 γηίνων
2918 2395 3252 2466 ἐπηρμένος,
3284 2398 3311 2449 ὁ
3351 2395 3535 2467 θρόνος
3564 2399 3865 2469 ἀνωφερὴς,
3897 2400 3995 2452 καὶ

2424 2483 2591 2534 ποιῶν
2619 2485 2742 2545 τοὺς
2780 2482 2838 2535 tv
2886 2484 3032 2555 αὐτῷ
3069 2486 3179 2538 ἀνω
3222 2488 3480 2557 φέρεσθαι
3532 2490 3846 2559 ίδρυμένως,
3884 2508 3993 2543 πα-

2422 2570 2582 2642 γίως’
2601 2575 2647 2651 ’ὁ
2670 2574 2854 2645 θρόνος
2872 2576 3116 2640 δεκτικός
3144 2595 3286 2641 τινος
3313 2579 3371 2631 ὃν
3405 2581 3577 2650 φέρει,
3616 2583 3706 2633 καὶ
3741 2582 3833 2635 τοῦ
3862 2583 3995 2637 καθ-

2422 2668 2621 2737 ημένου
2666 2667 2896 2738 ὑποδοχή
2936 2670 3101 2721 ἐστιν.
3156 2669 3339 2733 Οὖτως
3380 2670 3525 2724 ἔστιν
3574 2672 3699 2725 ἰδεῖν
3749 2678 3843 2728 καὶ
3894 2677 3999 2729 ἐπὶ

2421 2758 2529 2811 τῶν
2558 2758 2725 2826 ἀγίων
2756 2761 2981 2812 τουτωνὶ
3031 2760 3261 2833 θρόνωνι
3314 2762 3613 2833 ὲξαίρονται
3662 2766 3769 2835 γὰρ
3810 2768 3994 2839 πάσης

2422 2848 2700 2919 χθαμαλῆς
2740 2849 3011 2917 ὐφέσεως,
3042 2852 3136 2905 καὶ
3176 2853 3310 2923 πρὸς
3342 2854 3402 2905 τὸ
3431 2856 3652 2919 ἄναντες
3696 2858 3995 2928 ἀναφέρον-

2422 2960 2528 3004 ται,
2560 2943 2633 3006 ὼς
2665 2945 2827 3012 μηδὲν
2857 2944 3053 3007 αὐτοὺς
3081 2945 3221 3015 ἔχειν
3250 2948 3568 3017 περιπεζίας
3600 2950 3840 3019 ὑφέσεως
3873 2954 3994 3023 ἦτοι

2422 3035 2695 3097 ἐνδόσεως,
2723 3034 2816 3087 καὶ
2842 3035 2943 3105 τῆς
2973 3036 3108 3104 πρὸς
3137 3036 3204 3089 τὰ
3242 3038 3388 3090 κάτω
3418 3039 3669 3102 νεύσεως.
3711 3042 3857 3113 Πλὴν
3894 3061 3994 3113 ση-

2424 3124 2671 3193 μείωσαι,
2704 3126 2784 3177 ὅτι
2810 3127 2903 3178 καὶ
2934 3129 2962 3178 ό
2995 3125 3224 3181 ἐνταῦθα
3268 3128 3453 3199 θρόνος
3491 3129 3602 3183 ἀνω
3650 3136 3799 3186 ποιεῖ
3828 3134 3992 3204 φέρε-

2422 3212 2541 3269 σθαι
2572 3217 2695 3278 τοὺς
2733 3218 2791 3268 tv
2818 3216 2998 3286 αὐτῷ·
3044 3220 3091 3270 οἱ
3127 3218 3182 3270 δὲ
3223 3218 3512 3287 ἁγιώτατοι
3540 3221 3715 3293 θρόνοι
3750 3264 3764 3288 ,
3815 3227 3871 3277 tv
3910 3224 3992 3297 τῷ

2418 3308 2528 3360 ἀνω
2576 3306 2862 3378 φέρεσθαι,
2910 3306 3081 3371 οὕτως
3132 3306 3591 3380 ἐπονομάζονται,
3650 3315 3742 3367 καὶ
3788 3316 3992 3387 ἀνῳκιο

2421 3397 2605 3466 σμένοι
2645 3400 2779 3450 εἰσιν
2811 3397 3060 3463 ἀκλινῶς,
3090 3401 3183 3453 καὶ
3224 3404 3350 3471 περὶ
3379 3402 3468 3454 τὸν
3502 3404 3758 3472 ’Ὕψιστον
3783 3406 3991 3460 ἀκατα-

2422 3486 2645 3548 σείστως
2684 3487 2973 3556 ἱδρυμένοι,
3008 3490 3099 3541 καὶ
3125 3490 3359 3546 δεκτικοὶ
3390 3492 3489 3561 τῆς
3520 3492 3666 3555 θείας
3706 3497 3990 3568 ὲπιφοιτήυ

2421 3594 2575 3641 σεως.
2614 3578 2756 3649 Πλὴν
2798 3579 3022 3634 ἀπαθῶς
3054 3580 3163 3633 νόει
3203 3581 3390 3646 ταῦτα,
3426 3584 3517 3635 καὶ
3564 3585 3773 3649 ἀΰλως,
3816 3587 3991 3657 (τοῦτο

2420 3670 2527 3741 γάρ
2571 3672 2683 3723 ὲστι
2715 3670 2774 3723 τὸ
2820 3670 3286 3742 ὑπερκοσμίωςσ)
3333 3675 3416 3727 ἵνα
3466 3676 3537 3747 μὴ
3584 3680 3779 3751 νομίσῃ
3816 3698 3899 3744 τις
3926 3684 3992 3737 τδ

2420 3761 2647 3825 ἄναντες
2675 3762 2790 3815 ὁδὸν
2811 3761 2949 3814 εἶναι
2975 3765 3308 3835 σωματικὴν,
3337 3766 3422 3819 ἵνα
3470 3768 3542 3837 μὴ
3590 3770 3991 3840 περιορίζεσθαι

2419 3854 2541 3925 δόξῃ
2567 3853 2696 3916 Θεὸς
2727 3855 2783 3905 ὲν
2830 3856 3026 3916 αὐτοῖς.
3072 3858 3179 3909 Καὶ
3208 3856 3450 3929 θεοφόροι
3481 3861 3617 3912 είσὶν
3649 3862 3708 3913 οὐ
3751 3863 3869 3914 κατ’
3901 3863 3992 3915 οὖν·

2424 3944 2561 4009 σίαν,
2606 3944 2741 3997 ἀλλά
2786 3944 2926 3997 κατά
2984 3946 3175 4017 χάριν,
3220 3950 3311 4001 καὶ
3363 3948 3768 4020 θεραπευτικῶς
3808 3952 3991 4007 ὕπτιοι

2421 4038 2555 4107 πρὸς
2582 4037 2679 4099 τὰς
2706 4036 2853 4099 θείας
2881 4038 3162 4107 ὑποδοχάς.
3195 4040 3267 4092 Οὐ
3297 4041 3415 4092 κατ’
3445 4042 3627 4093 οὐσίαν
3651 4042 3705 4094 δὲ
3738 4038 3902 4096 εἷπον.
3928 4044 3991 4097 τὸ

2420 4128 2694 4200 θεοφόρον,
2720 4130 2799 4188 ὅτι
2821 4132 2847 4182 ὸ
2869 4130 3131 4200 μακάριος
3150 4132 3425 4195 Βασίλειος
3452 4133 3554 4203 τὴν
3589 4133 3842 4203 θεοφόρον
3869 4129 3988 4187 εἷπε

2422 4221 2630 4293 σάρκα’
2666 4221 2778 4273 ἀλλ’
2808 4222 2958 4292 ἠμὲν
2995 4222 3127 4293 σὰρξ
3151 4222 3243 4276 τοῦ
3276 4224 3478 4294 Κυρίου
3510 4226 3627 4276 κατ’
3670 4224 3854 4277 οὐσίαν
3896 4227 3987 4279 καὶ

2421 4310 2539 4363 καθ’
2558 4312 2847 4365 ὑπόστασιν
2879 4314 3053 4383 ἦνωτο
3098 4314 3242 4385 αὑτῷ
3261 4315 3338 4385 τῷ
3359 4315 3476 4385 Θεῷ
3491 4316 3645 4386 Λόγῳ
3664 4316 3737 4379 ὡς
3755 4318 3988 4388 φέρουσα

760 4403 1074 4472 hypostasin
1104 4408 1251 4460 unita
1279 4409 1375 4478 ipsi
1408 4420 1525 4463 erat
1548 4410 1726 4463 Verbo
1758 4410 1885 4478 Deo,
1908 4420 2162 4478 tanquam
2198 4427 2317 4481 qua:
2350 4425 2393 4477 ι)

2350 4425 2393 4477 D
2421 4402 2510 4455 τὸν
2542 4403 2671 4455 Θεὸν
2700 4404 2868 4472 Λόγον
2901 4404 3019 4457 καθ’
3054 4406 3243 4459 ἕνωσιν
3263 4407 3642 4469 ἀδιάσπαστον,
3666 4408 3828 4461 αὐτοῦ
3856 4410 3988 4481 σὰρξ

760 4494 967 4550 ferebat
1005 4497 1169 4551 Deum
1206 4499 1437 4553 Verbum
1476 4502 1767 4553 secundum
1814 4503 2067 4554 unionem
2104 4502 2319 4571 insepa-

760 4588 1008 4651 rabilem,
1050 4592 1264 4658 proprie
1312 4606 1374 4644 ac
1410 4607 1537 4645 vere
1585 4591 1753 4659 ipsius
1784 4607 1943 4653 caro,
1976 4599 2031 4646 ct
2079 4591 2219 4644 dicta
2268 4601 2324 4646 et

760 4680 1029 4747 existens;
1065 4683 1242 4736 throni
1279 4698 1407 4737 vero
1456 4700 1559 4737 non
1599 4685 1895 4737 secundum
1940 4684 2319 4748 substantiam,

761 4774 852 4825 sed
903 4774 1198 4826 secundum
1235 4776 1503 4841 gratiam,
1546 4784 1603 4825 ut
1654 4774 1856 4826 dictum
1909 4784 2009 4837 est,
2062 4774 2321 4828 habentes

762 4862 928 4915 Deum
967 4864 1016 4914 in
1052 4865 1357 4932 semetipsis
1394 4863 1647 4918 inelfahili
1686 4866 1919 4929 ratione,
1950 4865 2141 4919 deil'eri
2180 4882 2319 4919 nun-

761 4963 1048 5019 cupaulur.

838 5042 957 5112 §ll.
989 5041 1113 5095 Haec
1157 5042 1396 5110 quidem,
1432 5052 1693 5112 quantum
1742 5041 1889 5095 eﬂ'ari
1929 5056 2233 5111 possumus,
2274 5050 2333 5097 et

768 5148 865 5198 pro
898 5133 1151 5188 facultate
1182 5145 1386 5196 nostra,
1430 5136 1710 5187 nominum
1750 5136 1988 5201 ipsorum
2036 5145 2118 5188 est
2144 5136 2329 5203 expla-

765 5225 912 5278 natio
966 5227 1411 5295 declaratinque:
1472 5237 1595 5294 post
1666 5229 1781 5280 haec
1837 5242 1967 5280 vero
2013 5228 2322 5292 dicendum,

761 5330 924 5385 quam
975 5315 1333 5369 hicrarchiam
1370 5325 1423 5369 et
1458 5317 1849 5385 mystagogiam
1902 5332 2087 5371 eorum
2135 5319 2324 5371 existi-

764 5420 994 5457 memus.
1032 5406 1161 5458 Illud
1200 5422 1453 5475 namque,
1484 5407 1660 5459 omnis
1696 5407 1953 5460 nimirum
2003 5407 2325 5462 hierarchizn

765 5512 1008 5565 scopum,
1044 5498 1156 5551 sive
1190 5508 1425 5552 nostram
1452 5501 1574 5567 quis
1626 5500 1823 5552 dixerit
1870 5500 1982 5553 sive
2025 5499 2323 5560 ccelestem,

766 5606 827 5640 ex
871 5588 1034 5641 Deum
1071 5590 1313 5643 imitante
1346 5590 1713 5645 deiformitatc
1744 5590 2199 5644 indeclinabiliter
2236 5588 2325 5641 de-

769 5683 1022 5752 pendere,
1090 5694 1248 5754 atque
1284 5701 1493 5741 omnem
1550 5685 1942 5742 sacerdotalem
1994 5683 2321 5741 iunctionem

2428 4497 2519 4547 καὶ
2551 4496 2813 4567 λεγομένη
2849 4499 2942 4551 καὶ
2975 4501 3289 4571 ὑπάρχουσα
3328 4500 3531 4569 κυρίως
3561 4502 3653 4552 καὶ
3686 4501 3825 4553 κατά
3858 4502 3987 4573 ἀλή-

2423 4586 2603 4640 θειαν·
2632 4589 2681 4639 οἱ
2715 4589 2771 4643 δὲ
2804 4589 2980 4660 θρόνοι
3018 4592 3077 4643 οὺ
3114 4591 3229 4643 κατ’
3251 4591 3455 4654 οὐσίαν,
3482 4590 3617 4643 ἀλλά
3648 4593 3787 4647 κατὰ
3811 4595 3986 4663 χάριν,

2422 4678 2498 4740 ὼς
2526 4678 2758 4749 είρηται,
2794 4679 3006 4749 ἔχοντες
3035 4682 3090 4733 ὲν
3136 4682 3345 4744 ἑαυτοῖς
3366 4680 3455 4735 τὸν
3490 4681 3621 4735 Θεὸν
3653 4682 3876 4753 ἀρρήτῳ
3906 4682 3987 4736 λό-

2423 4784 2523 4837 γῳ.
2554 4768 2801 4839 θεοφόροι
2833 4769 3096 4838 λέγονται.

2497 5046 2522 5118 §
2546 5049 2605 5099 ll.
2628 5046 2773 5117 Αὕτη
2807 5046 2903 5117 μὲν
2928 5046 2959 5115 η
2983 5046 3088 5097 σῶν
3107 5047 3379 5116 ὀνομάτων
3420 5044 3746 5119 ἐκφαντορία
3781 5044 3871 5096 καὶ
3893 5046 3981 5117 δή·

2425 5138 2605 5201 λωσις,
2625 5140 2697 5200 ὼς
2717 5138 2836 5191 καθ’
3014 5139 3202 5199 εἰπεῖν,
3228 5138 3317 5191 καί
3333 5136 3425 5204 τὴν
3444 5136 3711 5204 ἡμετέραν
3735 5134 3979 5203 δύναμιν

2424 5218 2638 5268 λεκτέον
2656 5214 2712 5267 δὲ
2750 5214 2885 5284 μετά
2910 5210 3093 5273 ταῦτα,
3126 5212 3244 5261 τίνα
3274 5210 3369 5277 τὴν
3397 5209 3671 5278 ίεραρχίαν
3701 5208 3875 5259 αὐτῶν
3899 5209 3984 5261 καὶ

2424 5300 2523 5379 τὴν
2565 5306 2940 5379 μυσταγωγίαν
2967 5303 3203 5372 οἰόμεθα.
3239 5303 3309 5353 Τὸ
3344 5301 3438 5370 μὲν
3478 5300 3583 5370 γὰρ
3611 5297 3745 5351 εἶναι
3778 5300 3866 5350 τὸν
3894 5302 3987 5371 τῆς

2430 5404 2643 5470 ἁπάσης
2678 5399 2954 5470 ἱεραρχίας
2988 5396 3204 5455 σκοπὸν,
3238 5394 3337 5445 κᾶν
3379 5394 3475 5463 τὴν
3514 5391 3631 5444 καθ’
3666 5392 3809 5459 ἡμᾶς
3854 5391 3987 5442 εἴποι

2429 5510 2531 5555 τις,
2559 5492 2660 5544 κᾶν
2681 5492 2777 5560 τὴν
2803 5488 3078 5559 οὐρανίαν,
3114 5483 3479 5552 ἐξηρτημένον
3506 5483 3596 5532 καὶ
3626 5478 3867 5548 ὲκκρεμῆ
3894 5480 3987 5548 τῆς

2433 5584 2755 5653 θεομιμὴτου
2806 5579 3088 5637 θεοειδείας
3141 5574 3389 5635 ἀκλινὼς,
3441 5574 3531 5623 καὶ
3574 5571 3631 5621 τὸ
3676 5568 3989 5638 διαιρεῖσθαι

2436 5681 2611 5736 πᾶσαν
2645 5671 3017 5747 πραγματείαν
3054 5668 3330 5739 ἱερατικὴν
3362 5667 3438 5727 εἰς
3475 5663 3565 5715 δυο
3592 5660 3777 5723 ταῦτα,
3816 5662 3890 5723 εἷς
3942 5676 3986 5713 ιι
