4176 6308
238 308 345 369 221

768 308 859 365 DE
891 304 1212 371 C(ELESTI
1247 302 1690 369 HIERARCHIA.
1724 304 1876 359 CAP.
1915 303 2024 365 νυ,
2058 334 2125 344 -
2156 301 2497 359 PARAPHR.
2534 300 2998 360 PACHYMERE.

3367 303 3474 359 29.2

244 424 477 501 μετοχὴν
509 424 603 479 καὶ
643 423 893 490 διάδοσιν,
926 422 1161 494 (πρῶτον
1205 422 1311 491 γὰρ
1361 421 1674 491 μετέχομεν,
1720 422 1812 473 καὶ
1847 424 1882 479 Α

1847 424 1882 479 Α
1913 420 1964 473 in
2003 420 2118 474 haec
2152 421 2279 483 duo,
2320 420 2525 474 scilicet
2557 421 3023 495 participationem
3076 429 3131 485 et
3157 421 3472 478 transfmio-

244 518 364 575 εἷτα
393 519 738 591 μεταδίδομεν
780 518 871 573 καὶ
904 520 1064 589 ἡμεῖς
1093 518 1184 569 καὶ
1225 516 1274 567 οἱ
1319 516 1553 584 ἄγγελοι.
1584 515 1733 577 Τίνο‹Ι
1757 515 1813 566 δὲ

247 610 565 681 μετέχομεν,
602 610 696 665 καὶ
733 608 876 671 τίνος
926 607 1311 678 μεταδίδομεν;
1348 606 1560 669 πάντως
1607 605 1812 675 καθάρ-

245 717 386 763 σεως
423 698 653 771 ἀμιγοῦς
683 699 774 754 καὶ
815 698 1000 761 ἀΰλου,
1036 699 1127 752 καὶ
1174 697 1315 753 θείου
1361 697 1553 766 φωτὸς,
1589 698 1682 759 καὶ
1728 713 1815 762 τε-

242 792 499 862 λεστικῆς
552 792 645 844 καὶ
718 791 981 861 μυστικῆς
1039 790 1379 862 ὲπιστήμηςυ
1436 788 1647 857 πρῶτον
1706 786 1814 858 γὰρ

243 887 639 958 καθαιρόμεθα,
696 881 813 938 εἶτα
873 883 1246 954 φωτιζόμεθα,
1304 881 1592 952 μετέπειτα
1632 881 1687 933 δὲ
1728 898 1815 933 τε-

240 978 529 1048 λειοόμεθα
567 980 682 1047 μετ’
712 980 1037 1049 ἐπιστήμης,
1075 977 1167 1029 καὶ
1196 968 1601 1045 θεόποιούμεθα,
1629 964 1814 1056 ὥσπερ

241 1069 299 1121 δὲ
340 1068 433 1121 καὶ
477 1067 688 1137 πρῶτον
738 1068 1086 1139 καθαίρομεν,
1135 1060 1253 1119 εἶτα
1294 1065 1615 1139 φωτίζομεν,
1656 1065 1813 1135 μετέ-

239 1175 407 1210 πειτα
472 1157 528 1210 δὲ
599 1156 857 1227 τελοῦμεν
936 1154 1434 1229 ὲπιστημονικῶς)²
1506 1154 1814 1225 ἀρκούντως

238 1249 344 1318 ήδη
401 1247 713 1317 διελάὸομεν
741 1264 753 1282 ο
813 1246 907 1301 νῦν
949 1246 1003 1303 δὲ
1049 1245 1275 1317 εὔχομαι
1323 1246 1489 1312 ἀξίως
1526 1248 1633 1300 τῶν
1682 1263 1815 1317 προ-

239 1339 507 1408 κειμένων
537 1340 728 1399 εἰπεῖν,
759 1338 876 1401 πῶς
918 1340 950 1409 ή
989 1339 1104 1395 κατ’
1147 1338 1338 1400 αὐτοὺς
1374 1338 1617 1409 ίεραρχία
1664 1336 1814 1409 παρὰ

237 1430 339 1501 τῆς
364 1432 511 1501 ἱερᾶς
528 1430 619 1483 καὶ
650 1429 797 1493 θείας
822 1429 1043 1503 Γραφῆς
1068 1428 1318 1498 δηλοῦται
1352 1430 1500 1500 ἡμῖν.
1524 1431 1654 1495 Ταῖς
1674 1429 1815 1501 πρώ-

236 1536 362 1588 ταις
379 1520 586 1583 οὐσίαις
608 1521 857 1584 ,αἵτινες
891 1517 1025 1589 μετά
1064 1519 1161 1589 τὴν
1209 1518 1353 1571 θείαν
1390 1518 1687 1571 οὑσιοποιὸν
1720 1518 1813 1569 καὶ

236 1610 633 1683 δημιουργικὴν
668 1611 853 1665 οὐσίαν
879 1612 1139 1682 ἵδρυνται,
1170 1612 1261 1673 καὶ
1299 1606 1408 1665 οἷον
1437 1612 1494 1665 ὲν
1524 1608 1813 1681 προθύροις

236 1702 442 1773 ταύτης
478 1703 583 1755 εἰσὶ
633 1702 997 1773 τεταγμέναι,
1046 1705 1139 1768 καὶ
1192 1702 1595 1774 ὑπερϐεϐήκασι
1627 1701 1813 1770 πάσης

1915 512 2233 576 nem,dividi
2269 512 2556 580 (siquidem
2574 514 2801 581 primum
2834 513 3473 583 participamus,acdein-

1913 604 1979 657 de
2015 602 2455 671 transfundimus,
2485 613 2591 658 tam
2620 618 2719 656 nos
2746 619 2905 671 quam
2940 606 3131 673 angeli.
3166 606 3315 672 Quid
3344 620 3471 661 vero

1913 694 2313 762 participamus.
2332 704 2421 747 aut
2435 696 2561 763 quid
2580 694 3267 750 tmusfumlimnslomnino
3282 713 3467 766 puram

1912 792 1967 836 et
1992 784 2397 836 inimaterlalem
2440 784 2821 852 expiationem,
2846 784 2960 836 sive
2982 784 3221 840 divinum
3259 787 3466 852 lumen,

1914 876 2026 926 sive
2054 874 2396 941 perlectivam
2439 875 2827 942 mysticamque
2866 874 3151 928 scientiam
3182 895 3197 929 :
3234 876 3461 943 primum

1913 960 2052 1013 enim
2071 960 2371 1028 expiamur,
2389 962 2577 1016 deinde
2590 964 2971 1023 illuminsmur.
2991 979 3051 1017 ac
3066 966 3279 1019 tandem
3295 967 3438 1020 scien
3454 998 3468 1008 -

1916 1053 1987 1103 tia
2013 1050 2320 1121 perlicimur
2338 1062 2499 1122 atque
2513 1056 2823 1109 deitlcnmur
2845 1073 2860 1120 ;
2888 1056 3075 1110 eodem
3111 1059 3292 1127 utique
3309 1061 3465 1116 modo

1913 1145 2141 1214 primum
2164 1149 2463 1217 expiamus,
2497 1149 2689 1202 deinde
2723 1149 3107 1213 illuminamus,
3140 1153 3464 1223 tandemque

1914 1236 2221 1296 scientilice.
2250 1238 2555 1305 perlicimus
2578 1238 2621 1304 ),
2642 1238 2963 1294 suliicienter
3006 1252 3087 1294 est
3125 1244 3463 1297 demonstrav-

1914 1337 2024 1382 tum
2070 1345 2085 1382 :
2146 1345 2287 1383 nunc
2337 1339 2515 1383 autem
2566 1339 2697 1399 opto
2728 1332 2885 1399 digne
2933 1333 3000 1388 de
3046 1336 3207 1390 rebus
3268 1352 3464 1405 propo.

1914 1421 2033 1477 sitis
2082 1419 2389 1483 disserere.
2434 1424 2705 1490 quomodo
2760 1424 3007 1478 nimirum
3056 1428 3266 1481 illorum
3318 1428 3460 1482 hier-

1914 1510 2100 1565 archia
2149 1524 2217 1566 ex
2268 1513 2440 1579 sacris
2487 1512 2793 1582 divinisque
2845 1514 3044 1577 litteris
3095 1518 3247 1572 nobis
3277 1519 3457 1572 decla-

1912 1611 2082 1657 retur.
2135 1602 2335 1658 Primis
2380 1606 2651 1671 essentiis,
2688 1620 2807 1675 quas
2856 1618 2980 1675 post
3026 1610 3256 1665 divinam
3314 1614 3457 1667 illam

1912 1694 2337 1750 substantilicam
2371 1704 2533 1765 atque
2582 1708 2854 1753 creantem
2898 1689 3143 1756 naturam
3193 1704 3459 1759 «διωθου-

236 1794 463 1864 κτιστῆς
509 1792 708 1863 ὁρατῆς
763 1794 857 1852 καὶ
912 1793 1143 1864 ἀοράτου
1200 1794 1444 1862 φύσεως,
1504 1792 1671 1861 ήγουν
1730 1793 1799 1864 τῇ
1830 1784 1871 1839 Β

1830 1784 1871 1839 Β
1903 1794 2010 1852 tur,
2035 1795 2090 1840 et
2108 1788 2260 1854 quasi
2284 1789 2337 1840 in
2356 1788 2633 1844 vestibulis
2649 1790 2766 1857 ejus
2779 1791 3030 1859 deposita
3052 1802 3196 1858 sunt,
3217 1809 3458 1849 omnem-

236 1882 436 1957 πρώτῃ
485 1883 835 1954 διακοσμήσει
884 1884 992 1938 τῶν
1039 1884 1196 1937 θείων
1246 1883 1551 1953 δυνάμεων,
1596 1881 1799 1936 οἰκείαν

235 1959 575 2045 ὕποληπτέον
623 1970 760 2031 εἶναι
807 1977 900 2030 καὶ
930 1975 1073 2036 κατὰ
1101 1978 1209 2029 πᾶν
1240 1975 1451 2046 ὁμοφυῆ
1484 1976 1581 2046 τὴν
1617 1976 1801 2047 ίεραρ-

234 2067 379 2136 χίαν.
421 2067 667 2138 Καθεξῆς
697 2069 753 2122 δὲ
781 2069 959 2141 τίθησι
984 2070 1052 2130 τὰ
1082 2071 1179 2141 τῆς
1202 2071 1479 2142 ἱεραρχίας
1515 2069 1799 2141 ἰδιώματα,

234 2158 358 2221 πῶς
389 2158 625 2230 καθαραὶ
660 2156 817 2214 αὗται
839 2200 855 2226 ,
890 2150 1014 2224 πῶς
1053 2159 1415 2231 θεωρητικαὶ,
1451 2160 1567 2225 πῶς
1597 2160 1803 2218 τετελε-

234 2248 454 2319 σμέναι,
506 2248 853 2322 ἑξηρημὲνως
884 2250 1099 2314 πάντως
1132 2251 1225 2303 καὶ
1255 2249 1316 2309 οὐ
1349 2252 1465 2306 κατ’
1499 2250 1800 2322 ἄνθρωπον,

228 2340 328 2405 ἵνα
354 2340 529 2395 οίκεία
550 2344 677 2405 ταῖς
706 2341 963 2413 οὐσίαιςή
997 2342 1242 2417 ίεραρχία
1350 2342 1599 2414 Κιιιθαρα)⁸
1627 2342 1804 2397 τοίνυν

229 2430 375 2487 claim
420 2431 482 2485 οὐ
533 2430 677 2485 κατά
729 2431 1045 2503 ἄνθρωπον*
1084 2433 1175 2485 ἐπὶ
1206 2417 1322 2505 γὰρ’
1363 2432 1469 2487 τῶν
1502 2432 1803 2504 ἀνθρώπων

231 2518 470 2590 καθαροὶ
498 2519 743 2587 λέγονται
791 2520 823 2591 ἢ
857 2521 928 2573 oi'
956 2521 1065 2575 ἀπὸ
1108 2521 1337 2591 κηλίδων
1370 2521 1463 2575 καὶ
1517 2522 1804 2593 μολυσμῶν

230 2608 601 2682 καθαρθέντες
621 2649 636 2675 ,
671 2611 702 2681 ἢ
738 2612 830 2664 καὶ
862 2612 911 2664 οί
948 2612 1224 2682 μείναντες
1258 2613 1319 2664 ὲκ
1345 2612 1607 2680 γενέσεως
1634 2627 1801 2683 προσ-

232 2700 378 2755 ύλων
414 2701 718 2771 φαντασιῶν
764 2702 1120 2758 ἀνεπίδεκτοι.
1152 2703 1226 2758 Οὐ
1258 2702 1439 2757 τοίνυν
1491 2702 1547 2755 αί
1595 2702 1805 2773 πρῶται

229 2790 494 2862 δυνάμεις
525 2793 761 2863 καθαραὶ
789 2795 1212 2865 τοιουτοτρόπως
1246 2794 1535 2863 λέγονται,
1570 2794 1685 2847 ἀλλ’
1730 2794 1806 2858 ὡς

231 2878 565 2951 ὑψηλότεραι
590 2882 681 2934 καὶ
703 2883 959 2936 ἐπέκεινα
978 2884 1157 2953 πάσης
1193 2883 1513 2954 μολυντικῆς
1540 2882 1803 2953 ὑφέσεως,

230 2974 334 3029 καὶ
391 2974 590 3037 παντὸς
634 2974 1030 3047 ὑπώεϐηκότος
1094 2972 1330 3046 καθαροῦ
1388 2990 1447 3027 τε
1504 2973 1596 3027 καὶ
1658 2971 1803 3046 ιεροῦ

230 3064 533 3137 ἁγιιῖιτεραι
554 3106 568 3130 ,
612 3066 754 3119 κατά
784 3068 881 3137 τὴν
912 3066 1219 3138 ὑπερτάτην
1246 3067 1338 3120 καὶ⁸
1368 3066 1466 3119 οὐκ
1494 3067 1555 3119 ὲκ
1584 3066 1807 3137 συγκρί-

1901 1894 2006 1947 que
2028 1878 2135 1949 63
2178 1889 2436 1947 superant
2462 1891 2702 1935 creatam
2731 1882 2994 1938 visibilem
3047 1894 3103 1939 et
3132 1886 3454 1943 lnvisibllem

1900 1979 2151 2026 naturam
2172 2010 2189 2038 ,
2220 1970 2434 2040 prima,
2452 1972 2674 2041 inquam
2696 2014 2714 2039 ,
2746 1976 3044 2031 divinarum
3065 1979 3316 2050 virtutan
3340 1982 3453 2043 δίε-

1906 2068 2179 2127 tribulium
2206 2104 2229 2134 ,
2282 2064 2559 2131 propriam
2585 2076 2641 2119 et
2671 2065 2723 2118 in
2766 2068 3019 2122 omnibus
3057 2069 3312 2137 aequalem
3344 2072 3457 2126 bie-

1904 2149 2174 2209 rarcliiam
2205 2164 2327 2209 esse
2370 2153 2660 2221 putandum
2702 2163 2812 2219 est.
2863 2155 3065 2211 Deinde
3116 2162 3265 2226 ponit
3298 2161 3457 2230 huius

1902 2240 2224 2304 hierarrbiae
2256 2244 2639 2311 proprietates,
2662 2248 2938 2315 quomodo
2968 2263 3115 2316 pura:
3142 2251 3251 2305 sint
3272 2291 3287 2317 ,
3316 2268 3453 2323 quo-

1904 2332 2061 2387 modo
2106 2332 2567 2401 contemplativa,
2615 2336 2885 2403 quomodo
2928 2338 3210 2405 perfectas,
3239 2356 3335 2411 per
3360 2356 3455 2397 es-

1904 2421 2205 2479 cellentiain
2238 2423 2492 2479 videlicet
2516 2463 2535 2489 ,
2566 2434 2627 2485 et
2668 2442 2773 2480 non
2823 2429 3113 2487 secundum
3160 2430 3452 2498 hominem,

1905 2522 1963 2570 ut
1994 2516 2207 2584 propria
2256 2516 2467 2571 naturis
2499 2516 2565 2571 iis
2621 2518 2922 2577 bierarcliia
2971 2522 3064 2583 sit.
3093 2520 3247 2578 Pura:
3275 2523 3455 2593 itaque

1905 2618 2056 2670 sunt,
2088 2622 2197 2661 non
2230 2609 2525 2662 secundum
2552 2610 2821 2665 hominem
2845 2627 2861 2666 :
2888 2613 3026 2682 apud
3052 2614 3290 2669 homines
3309 2619 3452 2674 enim

1906 2700 2023 2770 puri
2074 2699 2350 2763 dicuntur,
2382 2700 2465 2754 vel
2498 2701 2590 2769 qui
2626 2716 2655 2755 a
2690 2702 2997 2758 maculiset
3030 2705 3455 2774 inquinamentis

1906 2788 2103 2858 expiati
2151 2797 2318 2853 sunt,
2371 2789 2453 2843 vel
2497 2791 2585 2860 qui
2620 2793 2698 2846 sic
2728 2803 2947 2847 manent
2978 2809 3005 2848 a
3040 2797 3344 2862 nativitate,
3395 2809 3455 2852 ut

1906 2878 2219 2933 materiales
2252 2878 2428 2933 nullas
2456 2881 2771 2949 phantasias
2796 2884 3103 2940 admittant.
3133 2884 3327 2942 Prima:
3352 2887 3455 2941 ita-

1904 2979 2012 3033 que
2040 2965 2268 3021 virtutes
2300 2978 2405 3021 non
2457 2967 2559 3022 hoc
2593 2970 2750 3024 modo
2784 2984 2929 3039 pura:
2964 2970 3325 3041 nominantur,
3356 2978 3452 3030 sed

1907 3064 1966 3109 ut
2008 3053 2348 3109 sublimiores
2374 3064 2429 3113 et
2461 3057 2787 3115 excelsiores
2846 3061 2989 3115 omni
3026 3062 3325 3130 dejectione
3367 3066 3451 3121 in-

232 3173 377 3219 σεως
422 3157 781 3229 καθαρότητα.
817 3158 927 3212 Καὶ
958 3157 1145 3229 ὥσπερ
1175 3158 1236 3211 τὸ
1279 3158 1392 3227 φῶς
1439 3160 1497 3211 ὲν
1549 3174 1802 3227 φωτιστι-
1828 3144 1869 3201 C

1828 3144 1869 3201 C
1901 3144 2180 3214 quinante,
2212 3156 2374 3215 atque
2415 3147 2560 3213 omni
2593 3149 3043 3221 transcendentall
3073 3165 3338 3223 sacraque
3356 3170 3453 3223 pu-

230 3248 371 3311 καῐςν
416 3248 704 3318 δυνάμεσιν
736 3248 975 3321 ἵδρυται,
1010 3248 1104 3302 καὶ
1135 3248 1266 3318 άλλη
1298 3266 1380 3312 τις
1411 3250 1510 3301 οὐκ
1546 3242 1691 3301 ἐστιν
1721 3249 1800 3301 ol-

231 3338 486 3409 κειστέρα
534 3337 762 3408 δύναμις
813 3337 906 3391 τοῦ
940 3338 1151 3407 φωτὸς,
1200 3338 1358 3410 εἰμὴ
1403 3337 1607 3407 φαίνου
1659 3336 1799 3392 οὓτω

231 3431 331 3493 καὶ
363 3425 519 3485 αὗται
554 3434 610 3485 ὲν
640 3432 899 3502 δυνάμεσι
933 3431 1363 3494 θεοειδεστάταις
1394 3428 1795 3503 ὑπερίδρυνται,

231 3520 333 3581 καὶ
379 3519 687 3590 ἀντέχονται
724 3522 819 3590 μὲν
859 3521 996 3576 κατά
1034 3520 1095 3573 τὸ
1126 3519 1388 3591 ἄτρεπτον
1422 3519 1617 3583 αὐτῶν,
1666 3520 1800 3592 ὅπερ

230 3611 392 3681 ἔσχον
411 3611 504 3663 τοῦ
530 3610 664 3665 Θεοῦ
686 3610 889 3681 χάριτι.
914 3610 1083 3663 Τοῦτο
1115 3610 1170 3662 δὲ
1192 3610 1402 3679 νόησον,
1428 3610 1525 3679 οὐχ
1558 3611 1636 3663 ὅτι
1659 3610 1798 3663 κατά

230 3698 397 3767 φύσιν
429 3700 683 3769 ἄτρεπτοί
716 3702 840 3762 είσι,
867 3699 1046 3770 (μόνον
1078 3698 1185 3770 γὰρ
1216 3699 1278 3751 τὸ
1303 3699 1444 3751 κατὰ
1468 3698 1625 3767 φύσιν
1650 3697 1800 3768 ἄτρε-

234 3804 371 3841 πτον
400 3786 494 3841 τοῦ
527 3786 660 3840 Θεοῦ
692 3786 882 3857 suum)
905 3787 1017 3843 ἀλλ’
1038 3788 1118 3840 ὅτι
1151 3787 1238 3841 διὰ
1267 3788 1369 3859 τῆς
1390 3789 1481 3845 ἐπὶ
1512 3788 1572 3841 τὸ
1599 3788 1796 3856 ἀγαθον

231 3878 375 3947 ἄγαν
408 3878 643 3947 ἐφέσεως
675 3880 767 3932 ἐπὶ
791 3878 851 3932 τὸ
883 3879 1037 3932 Θεῖον
1074 3879 1321 3951 ρέψασαι,
1358 3880 1574 3950 ἔμειναν
1605 3878 1794 3941 οὕτως,

231 3966 349 4033 ῑξιν
377 3967 564 4039 ῶσπερ
594 3968 809 4038 ἔχουσαι
832 3968 891 4022 τὸ
918 3971 1336 4041 ἀμετακίνητον·
1368 3969 1523 4030 τοῦτο
1550 3970 1656 4047 γάρ
1684 3972 1797 4023 ἐστι

230 4058 296 4112 τὺ
327 4060 586 4129 φιλοθέως
610 4062 874 4133 ἄτρεπτον
896 4062 1119 4116 τούτων.
1154 4064 1249 4117 Ἐκ
1279 4062 1408 4131 γοῦν
1432 4062 1525 4117 τοῦ
1558 4063 1617 4116 τὸ
1646 4062 1796 4123 Θείον

231 4150 408 4218 φιλεῖν
438 4151 663 4216 ὁλικῶς,
695 4154 792 4223 τῆς
822 4153 1028 4217 οίκείας
1070 4155 1375 4226 ἀεικινήτου
1407 4157 1500 4209 καὶ
1543 4156 1794 4212 ταὺτοκι-

231 4245 397 4314 νήτου
428 4243 631 4310 τάξεως
663 4246 1006 4317 ἀντέχονται,
1040 4246 1141 4315 τῆς
1170 4248 1332 4302 οἱονεὶ
1380 4246 1794 4318 ἀπαράλλακτον

233 4334 332 4387 καὶ
364 4334 698 4405 ἀμεταϐόλου
725 4336 817 4389 καὶ
856 4335 1114 4399 ὡσαύτως
1158 4337 1415 4408 ἐχούσης*
1450 4338 1693 4407 κινήσεις
1737 4336 1793 4389 δέ

1900 3234 2061 3287 ritate
2096 3236 2419 3300 sanctiores,
2474 3236 2770 3302 secundum
2803 3236 3242 3300 sublimissimam
3278 3250 3331 3295 et
3363 3241 3449 3307 in-

1900 3325 2311 3393 comparabilem
2343 3328 2650 3395 puritatem.
2682 3328 2779 3392 Et,
2808 3328 2962 3382 sicuti
3014 3330 3102 3385 lux
3160 3332 3213 3384 in
3244 3332 3446 3388 illumi-

1900 3410 2153 3470 nantibus
2176 3417 2468 3472 virtutibus
2495 3415 2811 3489 collocatur.
2836 3429 2886 3473 et
2911 3436 3019 3479 non
3042 3429 3124 3475 est
3147 3422 3251 3477 alia
3281 3423 3450 3493 magis

1900 3508 2115 3582 propria
2144 3509 2320 3563 virtus
2355 3510 2510 3576 lucis,
2543 3512 2587 3564 si
2620 3527 2724 3565 non
2755 3523 3013 3582 apparet;
3048 3513 3126 3568 sic
3155 3514 3321 3569 etiam
3366 3515 3451 3572 lia:

1900 3598 2302 3661 intermaxime
2335 3603 2628 3659 deil'crmes
2659 3606 2888 3661 virtutes
2927 3607 3446 3673 supercollocantur,

1897 3700 1960 3755 ac
1992 3698 2335 3754 perseverant
2380 3696 2676 3748 secundum
2729 3696 3222 3751 immutabilitatem
3269 3714 3446 3762 suam,

1897 3793 2057 3846 quant
2105 3778 2197 3834 Dei
2247 3784 2419 3850 gratia
2455 3785 2832 3842 obtinuerunt.
2874 3788 3025 3855 Quod
3071 3789 3153 3844 sic
3185 3790 3445 3865 intelligo,

1896 3883 2004 3924 non
2031 3871 2186 3939 quasi
2207 3886 2235 3924 a
2267 3884 2453 3932 natura
2482 3878 2589 3933 sint
2622 3879 2983 3938 immutabiles
3010 3881 3155 3953 (nam
3188 3882 3448 3941 immuta-

1898 3958 2082 4014 bilitas
2112 3959 2213 4016 soli
2248 3961 2356 4021 Deo
2385 3982 2414 4020 a
2452 3977 2644 4022 natura
2672 3972 2969 4041 competit),
3003 3972 3097 4026 sed
3126 3974 3293 4041 quod.
3338 3988 3448 4043 prae

1896 4048 2094 4113 ingenti
2121 4054 2185 4107 ad
2212 4056 2405 4111 bonum
2436 4060 2820 4127 propensioue,
2856 4061 2919 4112 ad
2954 4076 3150 4116 numen
3192 4062 3442 4121 ,divinum

1895 4151 2203 4206 conversas,
2239 4144 2341 4199 boc
2370 4146 2527 4200 modo
2576 4149 2994 4216 permanserint,
3034 4152 3448 4207 immutabilita-o

1895 4239 2001 4282 tem
2034 4236 2185 4302 quasi
2216 4236 2459 4299 habitum
2512 4236 2853 4296 obtinentes:
2882 4238 2994 4293 haec
3039 4241 3182 4295 enim
3233 4241 3445 4311 illarum

1894 4335 1977 4381 est
2014 4326 2065 4381 in
2105 4326 2215 4382 Deo
2268 4326 2497 4382 amando
2544 4326 3105 4387 immutabilitas.'Ex
3153 4349 3218 4389 eo
3266 4336 3445 4405 itaque

232 4427 372 4479 εἰσιν
402 4426 489 4479 ἀπ’
523 4426 700 4479 αὐτῶν
731 4428 787 4482 αἱ
820 4428 1085 4483 ἄπαυστοι
1118 4430 1243 4499 περὶ
1270 4430 1368 4494 τὰς
1400 4430 1608 4500 νοήσεις
1645 4428 1793 4500 ὲνέρ-
1827 4486 1865 4500 ἢ

1792 4461 1793 4466 η
1827 4486 1865 4500 ἢ
1897 4418 2036 4489 quod
2075 4417 2237 4473 Deum
2276 4420 2510 4476 tctaliter
2538 4432 2720 4476 ament
2745 4462 2761 4487 ,
2813 4438 2969 4477 suum
3022 4439 3232 4496 semper
3257 4429 3441 4483 eodem

232 4532 413 4586 γειαι,
461 4517 578 4581 νόες
607 4516 714 4588 γάρ
769 4519 905 4573 εἰσιν
934 4520 1200 4587 άσίγητοι.
1242 4516 1314 4572 Τὸ
1344 4520 1400 4571 δὲ
1432 4520 1794 4593 ἀντεχομένας

232 4609 503 4682 γράφεται
548 4609 641 4663 καὶ
683 4609 1042 4680 ἀνεχομέναςο
1093 4609 1370 4680 ἀνέχονται
1426 4612 1515 4674 δὲ,
1562 4612 1643 4664 ὅτι
1695 4612 1793 4665 οὐκ

232 4702 418 4772 ἔχουσι
447 4701 603 4771 κόρον
634 4698 785 4765 τινὰ,
817 4702 936 4754 οὐδὲ
970 4701 1165 4773 βάρος,
1201 4703 1307 4755 οὐδ’
1342 4701 1544 4772 ίλιγγον
1566 4742 1581 4765 ,
1616 4702 1703 4757 διὰ
1733 4705 1793 4757 τὸ

230 4793 321 4846 ἀεὶ
346 4792 607 4845 κινεῖσθαι
640 4792 765 4862 περὶ
798 4793 1011 4857 ταύτὸν,
1047 4794 1182 4865 ὅπερ
1214 4795 1297 4863 ἐφ’
1330 4795 1457 4864 ἡμῖν
1489 4793 1788 4864 συμϐαίνει,

230 4882 353 4936 καθ’
386 4882 414 4936 ὃ
442 4881 998 4953 είρηται,Μεταόο.ιὴ
1027 4883 1265 4941 πάντων
1292 4885 1423 4951 ἡδύο
1447 4884 1558 4941 ἀλλ’
1591 4886 1791 4939 ἐκεῖναι

230 4970 509 5039 ἀνέχονται
546 4971 642 5041 μὲν
676 4973 931 5043 ἀῤῥεπῶς
957 4974 1055 5046 τῆς
1081 4973 1284 5037 οἰκείας
1315 4974 1537 5040 τάξεως,
1573 4976 1664 5027 καὶ
1694 4976 1793 5047 τὴν

231 5061 327 5112 ἐπὶ
353 5059 421 5112 τὰ
453 5062 619 5131 χείρω
651 5062 869 5132 μείωσιν
905 5064 1177 5126 παντελῶς
1210 5066 1535 5138 ἠγνοήκασιν
1555 5082 1568 5095 ο
1604 5067 1788 5120 ἄπτωο

228 5166 323 5203 τον
354 5150 459 5220 γάρ
506 5152 599 5204 καὶ
646 5153 1037 5223 ἀμετακίνητον
1078 5154 1258 5224 ἔχουσι
1302 5156 1399 5225 τὴν
1445 5155 1545 5229 τῆς
1587 5154 1791 5208 οίκείας

228 5240 495 5306 θεοειδοῦς
533 5243 786 5312 ἰδιότητος
820 5244 1026 5315 ἵδρυσιν
1048 5284 1061 5308 ,
1113 5246 1206 5298 καὶ
1256 5246 1621 5316 ἀμιγεστάτην
1656 5244 1789 5316 πρὸς

226 5333 300 5385 τὰ
331 5334 495 5406 χείρω
546 5335 639 5388 καὶ
668 5337 765 5405 τὴν
798 5336 1039 5390 ἐναντίαν
1078 5337 1187 5403 ἕξιν
1232 5353 1290 5390 τε
1342 5339 1433 5391 καὶ
1490 5337 1779 5408 ἐνέργειαν.

227 5422 365 5479 Εἶτα
400 5425 515 5489 πῶς
548 5425 817 5498 καθαραὶ,
850 5426 944 5480 νῦν
992 5428 1049 5481 δὲ
1079 5429 1223 5497 λέγει
1273 5430 1391 5492 πῶς
1422 5429 1783 5500 θεωρητικαὶ,

226 5516 312 5569 ὅτι
342 5515 437 5570 καὶ
467 5514 625 5569 τοῦτο
654 5517 716 5569 οὺ
764 5516 904 5569 κατὰ
934 5517 1242 5587 ἄνθρωπον
1285 5520 1377 5571 ἐπὶ
1409 5520 1515 5590 γάρ
1546 5522 1657 5583 τοῖς
1690 5521 1783 5573 ἀν-

228 5603 465 5676 θρώποις
501 5605 694 5677 θεωροὶ
725 5606 967 5675 λέγονται
992 5610 1040 5660 οἱ
1072 5609 1179 5661 τῶν
1215 5611 1521 5679 μυστηρίων
1553 5611 1783 5664 ἐπόπται

222 5698 311 5752 διὰ
341 5698 449 5752 τῶν
492 5698 832 5768 ωμῦολικῶς
870 5700 1171 5771 λεγομένων
1191 5743 1205 5765 ,
1241 5702 1272 5772 ἢ
1306 5703 1575 5773 αἰσθητῶς
1605 5704 1782 5756 τελου-

225 5791 401 5861 μένων
436 5788 568 5863 περὶ
598 5787 753 5843 Θεοῦ.
793 5791 985 5863 Ἕσχον
1015 5792 1072 5849 δὲ
1114 5793 1206 5848 καὶ
1248 5795 1296 5849 οἱ
1332 5794 1469 5865 ἅγιοι
1504 5795 1649 5860 τινὰς
1679 5797 1777 5867 ἐμ-

1900 4508 2057 4564 modo
2086 4522 2146 4562 se
2174 4520 2475 4564 moventem
2509 4513 2750 4567 ordinem
2786 4522 2988 4578 tenent,
3025 4528 3182 4582 quem
3213 4518 3443 4587 quodam

1894 4600 2055 4655 modo
2084 4599 2499 4666 immutabilem,
2521 4613 2575 4657 et
2600 4614 2961 4670 constantem,
2986 4618 3041 4661 et
3069 4610 3255 4664 eodem
3285 4610 3443 4663 modo

1893 4688 2129 4745 habent:
2155 4691 2428 4748 motiones
2457 4703 2636 4747 autem
2670 4694 2779 4749 illis
2801 4706 2941 4761 sunt.
2972 4699 3333 4757 indesinemes
3360 4697 3443 4751 in-

1894 4779 2257 4834 tellectionum
2310 4784 2684 4851 operationes;
2721 4795 2929 4855 mentes
2970 4789 3111 4842 enim
3162 4803 3289 4848 sunt
3326 4812 3443 4865 quae

1892 4890 2164 4945 nunquam
2214 4878 2392 4935 silent.
2453 4877 2566 4933 Vox
2614 4892 2792 4937 autem
2835 4884 3224 4955 ἀντεχομένας,
3268 4890 3319 4946 id
3361 4901 3443 4947 est

1890 4981 2266 5032 perseverantes
2292 5011 2307 5038 ,
2380 4972 2643 5026 scribitur
2670 4974 2830 5029 etiam
2876 4976 3205 5047 ἀνεχομένας
3228 4958 3253 5043 ,γ
3278 4980 3328 5034 id
3359 4993 3442 5037 est

1892 5061 2245 5124 sustinentes;
2310 5064 2582 5117 sustinent
2628 5077 2804 5120 autem
2838 5069 2961 5136 quia
2988 5052 3185 5138 ﬁneque
3218 5071 3439 5125 satieta-

1892 5158 2019 5213 tem,
2037 5164 2225 5219 Jieque
2251 5153 2597 5219 gravedinem
2627 5196 2641 5221 ,
2674 5172 2846 5225 neque
2877 5159 3190 5227 vertiginem
3241 5159 3439 5216 habent

1888 5253 1951 5293 es
1978 5254 2043 5293 eo
2068 5242 2209 5309 quod
2240 5256 2451 5311 semper
2479 5246 2623 5298 circa
2652 5247 2789 5300 idem
2824 5260 3157 5317 moveantur,
3185 5253 3257 5306 uti
3284 5254 3439 5311 nobis

1888 5332 2120 5397 accidit,
2144 5333 2300 5401 juxta
2348 5336 2529 5391 tritum
2565 5336 2694 5391 illud
2729 5354 2741 5389 :
2779 5338 3025 5395 Omnium
3062 5344 3283 5397 variatio
3311 5345 3437 5399 dul-

1886 5425 1959 5481 cis
2002 5434 2111 5487 est;
2160 5440 2348 5480 verum
2409 5429 2539 5497 ipsa:
2587 5440 2907 5489 constanter
2944 5434 3159 5505 quidem
3191 5435 3433 5491 ordinem

1883 5529 2041 5569 suum
2095 5525 2300 5586 tenent,
2333 5528 2387 5573 et
2418 5521 2469 5574 in
2502 5521 2738 5579 deterius
2766 5525 3191 5581 imminutionem
3217 5531 3435 5586 omnino

1884 5622 1990 5661 non
2018 5620 2352 5676 agnoscunt;
2386 5614 2479 5666 sed
2509 5613 2882 5670 inconcussam
2919 5629 3131 5685 semper
3156 5627 3207 5672 et
3238 5620 3433 5674 immo-

1884 5698 2046 5752 bilem
2093 5701 2376 5756 deit‘ormis
2422 5719 2533 5758 sua:
2580 5704 2934 5775 proprietatis
2980 5708 3160 5766 sedem
3206 5710 3431 5776 habent,

1893 5791 2055 5848 rebus
2088 5792 2249 5852 nullis
2289 5794 2563 5856 vilioribus
2601 5799 2883 5855 admistam
2911 5838 2926 5865 ,
2951 5812 3125 5867 neque
3153 5816 3275 5860 cum
3303 5817 3433 5860 cou-
