4176 6308
793 347 903 402 χω

1940 323 2001 382 8.
2039 319 2339 384 DlONYSll
2379 315 2842 375 AREOPAGITB

3908 309 4023 364 29.6

788 400 964 488 trario
1015 426 1204 484 habitu
1252 434 1306 481 et
1356 422 1693 491 operatione.
1728 420 1872 473 Dixit
1901 419 2174 486 quomodo
2204 430 2351 485 pura:

2454 410 2678 480 φανείας
2722 406 2855 460 Θεοῦ
2882 445 2896 469 ,
2945 405 3037 458 καὶ
3084 404 3150 457 δι’
3201 401 3469 473 αἰσθητῶν
3515 400 3825 469 συμδόλων,
3868 401 3948 464 ὡς
3996 404 4026 452 6

796 523 934 587 sint:
987 534 1131 574 nunc
1180 516 1450 585 quomodo
1486 510 1925 578 contemplativa:
1971 510 2085 563 sint
2133 505 2347 577 pandit;

792 615 1049 685 quoniam
1074 610 1235 665 etiam
1287 608 1392 661 hoc
1424 620 1530 658 non
1580 601 1877 658 secundum
1906 600 2182 655 hominem
2221 614 2235 651 :
2279 598 2352 652 si-

788 704 1009 773 quidem
1060 698 1373 755 hominibus
1425 694 1859 762 contemplantes
1910 692 2195 757 dicuntur,
2256 690 2347 759 qui

788 791 1045 860 mysteria
1069 798 1391 843 contuentur
1421 782 1714 854 perﬁca
1736 796 1856 851 qua
1882 780 2176 850 symbolice
2206 779 2348 834 dicta

790 885 875 937 vel
919 882 1249 937 sensibiliter
1300 876 1536 948 perfecta
1567 885 1695 928 sunt
1738 877 1885 929 circa
1921 873 2112 927 Deum.
2160 871 2349 928 Sancti

788 984 963 1030 autem
1014 972 1271 1042 quasdam
1324 968 1689 1038 apparitiones
1729 966 1823 1021 Dei
1858 967 2191 1031 habuerunt,
2223 981 2345 1021 cum

786 1080 885 1133 per
906 1064 1123 1118 sensilia
1154 1060 1423 1132 symbola,
1455 1062 1599 1113 sicut
1624 1059 1901 1120 Abraham
1930 1066 1986 1112 et
2007 1056 2206 1121 Jacob;
2233 1068 2346 1115 tum

785 1159 880 1211 per
932 1144 1305 1213 intellectilia,
1358 1150 1499 1205 sicut
1548 1149 1763 1219 quidam
1821 1162 1852 1201 e
1902 1143 2201 1216 prophetis,
2256 1139 2351 1210 qui

783 1236 922 1290 dixit
954 1256 968 1291 :
1004 1237 1075 1291 Et
1106 1256 1219 1294 acre
1242 1242 1397 1309 plena
1438 1242 1607 1311 gloria
1650 1243 1837 1295 domus
1882 1238 2091 1292 Domini
2122 1246 2169 1299 ε,
2204 1249 2355 1302 qua:-

788 1346 911 1382 nam
942 1332 1086 1384 enim
1118 1340 1258 1385 esset
1284 1329 1457 1398 gloria
1493 1330 1618 1392 ista,
1643 1340 1821 1385 mente
1850 1330 2202 1399 percipimus.
2224 1329 2340 1387 Non

784 1420 863 1473 sic
894 1421 1077 1489 utique
1104 1421 1355 1475 ccelestes
1385 1420 1610 1475 virtutes
1640 1422 2078 1489 contemplantur
2099 1461 2117 1485 ,
2163 1438 2341 1492 neque

782 1512 1041 1568 varietate
1100 1513 1621 1582 scripturisticarum
1685 1514 2209 1583 contemplationum
2270 1517 2339 1573 ad

782 1613 1020 1667 divinum
1067 1629 1265 1667 numen
1328 1615 1703 1681 adducuntur;
1755 1618 1852 1672 sed
1906 1620 2339 1688 contemplativa:

783 1703 1059 1765 dicuntur,
1096 1712 1351 1772 tanquam
1394 1704 1696 1773 adimpletae
1737 1705 1941 1759 lumine
1986 1707 2334 1763 sublimiori:

2468 500 2712 572 Ἀϐραὰμ
2760 499 2853 551 καὶ¹
2906 498 2934 549 6
2980 494 3201 549 Ἰακώϐ·
3256 494 3350 546 καὶ
3394 492 3479 545 διὰ
3514 491 3743 562 νοερῶν,
3790 492 3862 555 ὡς
3890 495 3923 544 6
3956 494 4024 544 ἐκ

2452 594 2559 645 τῶν
2579 589 2870 663 προφητῶν
2892 586 3081 644 εἰπὼν,
3103 585 3213 638 Καὶ
3230 583 3356 636 ἰδοὺ
3376 580 3794 652 πλήρης-ῥόεης
3808 588 3837 638 ό
3854 583 4023 648 οἶκος

2452 683 2703 750 Κυρίου·
2740 679 2964 749 τίςγάρ
2995 673 3062 748 ἦν
3090 678 3123 745 ἡ
3158 674 3284 740 δόξα
3326 674 3508 743 ἐκείνη
3528 713 3543 737 ,
3576 674 3995 743 κατανοήσομεν.

2451 774 2559 842 Οὐχ
2591 772 2732 825 οὕτω
2764 771 2943 823 τοίνυν
2987 768 3082 821 καὶ
3131 767 3187 819 αἱ
3221 765 3466 835 οὐράνιαι
3497 764 3764 833 δυνάμεις
3796 760 4017 830 θεωροὶ,

2447 864 2567 916 οὐδὲ
2598 866 2665 934 τῇ
2698 860 2937 931 ποικιλίᾳ
2989 858 3096 911 τῶν
3133 852 3527 928 ἱερογραφικῶν
3560 851 3795 923 θεωριῶν
3826 850 3918 902 ἐπὶ
3953 848 4021 902 τὸ

2448 950 2590 1004 θεῖον
2614 951 2936 1019 ἀνάγονται·
2970 944 3104 999 ἀλλά
3128 943 3456 1015 θεωρητικαὶ
3487 942 3751 1010 λέγονται,
3770 940 3842 1001 ὼς
3869 940 4022 991 ἀπο-

2447 1041 2818 1112 πληρούμεναι
2845 1038 3021 1108 φωτὸς
3045 1035 3376 1107 ὑψηλοτέρου
3395 1051 3407 1063 ·
3425 1033 3515 1087 καὶ
3544 1033 3615 1104 μὴ
3643 1031 3797 1102 μόνον
3819 1028 4020 1099 αἰσθή-

2447 1149 2601 1197 σεως,
2626 1132 2759 1184 ἀλλά
2791 1131 2884 1184 καὶ
2914 1129 3093 1198 πάσης
3124 1127 3288 1180 ἀΰλου
3321 1123 3702 1195 γνώσεως,καὶ
3735 1119 4017 1191 ἐμπιπλά-

2448 1240 2603 1294 μεναι
2633 1224 2741 1293 τῆς,
2778 1221 2869 1274 τοῦ
2904 1222 3070 1282 ὅντως
3102 1218 3195 1271 καὶ
3229 1217 3430 1287 κυρίως
3464 1211 3660 1277 καλοῦ,
3708 1211 3807 1281 τῆς
3855 1210 4014 1272 θείας

2443 1313 2584 1382 λέγω
2614 1315 2705 1367 καὶ
2744 1311 3030 1384 τριαδικῆς
3072 1308 3335 1378 θεωρίας·
3371 1306 3470 1389 τῆς
3496 1302 3552 1357 δὲ
3593 1300 3765 1373 Ἰησοῦ
3814 1316 4014 1353 κοινω-

2442 1404 2559 1467 νίας
2609 1404 2905 1473 ἠξιωμέναι
2932 1443 2946 1467 ,
2981 1402 3079 1472 τῆς
3114 1399 3346 1470 μετοχῆς
3396 1396 3537 1464 λέγω
3570 1396 3661 1448 καὶ
3690 1394 3787 1462 τῆς
3818 1391 4007 1462 δόξης,

2441 1496 2535 1557 καὶ
2580 1496 2678 1566 τῆς
2721 1495 3103 1565 λαμπρότητος
3155 1492 3249 1544 τοῦ
3301 1490 3547 1561 σώματος
3593 1487 3686 1539 τοῦ
3732 1484 4003 1556 Χριστοῦο

2442 1587 2578 1658 μετὰ
2611 1586 2807 1658 σαρκὸς
2849 1584 2957 1656 γάρ
3003 1584 3080 1653 τῷ
3120 1584 3292 1653 Πατρί⁵
3354 1578 3655 1649 συνεδρεύει
3694 1579 3723 1630 6
3752 1577 3874 1638 Υἱὸς
3906 1578 4007 1631 καὶ

2437 1679 2606 1746 Λόγος
2637 1677 2819 1730 αὑτοῦ.
2858 1675 3008 1729 Ἐπεὶ
3034 1675 3091 1727 δὲ
3124 1672 3351 1727 καθόλου
3374 1673 3406 1741 ἡ
3432 1668 3679 1741 ίεραρχία
3708 1666 3856 1733 τάξις
3879 1668 4004 1737 ἱερὰ

783 1810 951 1862 neque
993 1805 1198 1849 tantum
1245 1794 1516 1859 sensibili,
1548 1809 1738 1848 verum
1787 1797 1932 1849 omni
1990 1798 2333 1853 immateriali

2436 1767 2662 1841 ὡρίσθη,
2696 1770 2788 1821 καί
2820 1766 3114 1836 ἐπιστήμη,
3150 1766 3245 1831 καὶ
3283 1758 4001 1862 ἐνέργεια,“ἀφομοιουμένη

778 1889 1087 1956 cognitione
1111 1888 1305 1956 plent,
1337 1884 1450 1952 ejus
1476 1888 1619 1954 quod
1650 1900 1777 1941 vere
1802 1901 1865 1940 ac
1887 1889 2104 1957 proprie
2136 1889 2334 1944 bonum

777 1991 861 2034 est
879 2017 897 2044 ,
950 1981 1131 2033 divina
1154 2020 1170 2044 ,
1200 1982 1421 2048 inquam
1445 2020 1461 2043 ,
1496 1980 1947 2048 contemplatione
1974 1981 2337 2051 sanctissimae

778 2079 1098 2134 Trinitatis:
1136 2080 1307 2149 ipsius
1343 2095 1559 2149 quoque
1606 2080 1734 2136 Iesu
1786 2084 2169 2139 communione
2203 2098 2336 2154 gau-

776 2171 904 2224 dent
928 2212 942 2235 ,
970 2173 1408 2241 participatione,
1443 2176 1661 2243 inquam
1687 2215 1701 2240 ,
1727 2174 1911 2243 gloria:
1938 2190 2003 2229 ac
2033 2176 2334 2244 splendoris

774 2260 974 2314 Christi
1017 2263 1295 2329 corporis;
1344 2264 1608 2331 siquidem
1657 2280 1759 2316 una
1814 2280 1937 2318 cum
1981 2279 2144 2321 carne
2182 2266 2331 2322 Patri

775 2351 975 2405 assidet
1003 2395 1017 2419 ,
1048 2362 1105 2405 ut
1133 2353 1302 2407 Filius
1324 2364 1377 2406 et
1408 2354 1639 2407 Verbum
1673 2353 1807 2420 ejus.
1837 2354 1969 2407 Cum
2001 2364 2182 2409 autem
2213 2355 2334 2410 nni-

773 2440 971 2494 versim
992 2441 1305 2496 'liierarchia
1338 2441 1556 2496 deﬁnita
1598 2444 1669 2496 sit
1696 2458 1853 2497 sacer
1883 2445 2036 2507 ordo,
2070 2454 2124 2497 et
2155 2446 2331 2500 scieu‘

776 2532 870 2596 tia,
918 2542 975 2587 et
1016 2533 1278 2599 operatio,
1334 2534 1624 2599 accedens,
1683 2544 1946 2603 quantum
1996 2536 2079 2590 fas
2122 2548 2222 2600 est,
2265 2540 2332 2592 ad

774 2629 1217 2697 deiformitatem,
1255 2648 1354 2687 nec
1386 2648 1515 2697 non,
1568 2634 1747 2688 insitis
1779 2636 1880 2689 sibi
1912 2638 2171 2702 divinitus
2214 2639 2331 2694 illu-

772 2723 1160 2782 strationibus.
1198 2726 1543 2793 proportione
1586 2729 1816 2794 quadam
1854 2729 1920 2783 ad
1964 2730 2056 2784 Dei
2098 2732 2330 2788 adducta

775 2813 1129 2867 imitationem
1156 2816 1437 2869 considera
1466 2816 1551 2870 hic
1584 2817 1725 2870 illam
1758 2818 2074 2874 liierarcbiae
2096 2832 2329 2891 partem,

769 2916 890 2973 qum
935 2917 1017 2959 est
1061 2906 1288 2959 scientia
1339 2907 1453 2961 sive
1496 2909 1901 2977 contemplatio,
1940 2914 2217 2980 quomodo
2262 2913 2328 2968 ad

772 2994 1186 3050 deiformitatem
1230 3007 1607 3066 componatur,
1662 3009 1717 3053 et
1759 3015 1993 3068 quonam
2059 3005 2219 3060 modo
2261 3005 2327 3059 ad

772 3086 1085 3141 imitandum
1115 3086 1283 3142 Deum
1312 3090 1610 3143 adducatur
1637 3106 1650 3141 :
1688 3092 1872 3160 utique
1910 3108 2016 3147 non
2045 3095 2099 3146 in
2131 3094 2325 3166 imagis

772 3178 929 3233 nibus
956 3193 1111 3233 sacro
1161 3181 1320 3234 modo
1351 3181 1492 3236 lictis
1513 3221 1528 3247 ,
1561 3184 1947 3251 praphetarum
1976 3202 2155 3254 more,
2188 3187 2326 3241 divi-

772 3283 893 3321 nam
963 3270 1392 3339 exprimentibus
1477 3275 1929 3341 similitudinem,
1998 3293 2061 3331 ac
2133 3276 2331 3333 deifor-

770 3361 1012 3414 mitatem
1061 3362 1465 3417 conformantur
1511 3365 1743 3435 (Graece
1802 3368 2175 3436 άποτυποῢσι,
2231 3364 2329 3441 pro

767 3449 1205 3516 ἀποτυπούσαις,
1259 3455 1613 3509 masculinum
1655 3472 1753 3524 pro
1807 3457 2325 3530 Ieminino'posuit,’

770 3542 1070 3595 Atticorum
1099 3558 1267 3608 more,
1300 3546 1439 3600 sicut
1473 3546 1663 3610 κλυτὸς
1708 3547 2102 3621 Ἱπποδάμεῑα).
2126 3555 2218 3606 sed
2241 3553 2327 3607 di-

772 3645 969 3687 cuntur
1002 3637 1456 3705 cautemplantes,
1514 3648 1767 3709 tauquam
1814 3642 1916 3712 ipsi
1958 3659 2086 3698 vere
2132 3660 2326 3715 appro-

772 3725 1111 3793 pinquantes,
1159 3726 1275 3781 sine
1305 3730 1477 3783 sacris
1515 3730 2003 3801 eﬂormationibus,
2050 3736 2152 3789 hoc
2182 3740 2325 3791 enim

770 3820 852 3864 est
900 3812 951 3864 in
1002 3812 1260 3881 primaria
1309 3818 1725 3887 participatione
1769 3822 2119 3891 cognitionis,
2170 3819 2325 3895 quasi

772 3900 1085 3958 immediate
1110 3915 1163 3959 et
1190 3906 1327 3960 citra
1366 3911 1607 3978 symbola
1640 3912 2056 3969 similitudinem
2086 3916 2329 3987 efﬁgian-

773 4003 868 4054 tia.
894 4001 1030 4067 Quid
1056 4004 1199 4057 enim
1232 4005 1337 4059 illis
1360 4006 1603 4061 conferat
1628 4010 1937 4078 sappliirus,
1958 4021 2011 4064 et
2040 4012 2323 4080 electrum,

771 4100 828 4143 ct
855 4092 1117 4160 quidlibet
1146 4096 1360 4162 generis
1410 4096 1675 4163 ejusdem,
1722 4098 1787 4149 ad
1832 4099 2025 4152 divinat
2068 4116 2327 4155 corusca-

773 4183 935 4235 tionis
963 4184 1471 4252 contemplationem
1494 4226 1510 4250 ,
1540 4202 1659 4240 cum
1702 4188 1820 4257 ejus
1869 4189 2178 4245 immediate
2208 4208 2331 4261 par-

778 4273 999 4341 ticipent
1026 4276 1426 4344 cognitionem?
1455 4276 1733 4343 Quomodo
1758 4286 1937 4333 autem
1966 4284 2206 4349 cognitio
2250 4294 2328 4337 at-

772 4354 879 4432 que
948 4368 1334 4434 contemplatio
1411 4369 1477 4422 ad
1549 4370 1973 4429 deifurmitatem
2064 4375 2330 4429 assitnilat

2437 1861 2512 1923 ὡς
2540 1859 2778 1929 ἐφικτὸν,
2814 1856 2950 1928 πρὸς
2980 1857 3041 1909 τὸ
3072 1855 3319 1918 θεοειδὲς,
3346 1855 3439 1906 καὶ
3470 1852 3741 1919 ἀναλόγως
3770 1852 3887 1911 ταῖς
3915 1849 4004 1899 ὲν-

2433 1948 2731 2018 διδομέναις
2762 1946 3085 2015 euentum
3117 1945 3207 1998 ἐπὶ
3237 1945 3297 1997 τὸ
3320 1943 3645 2013 θεομίμητον
3670 1941 3999 2010 ἀναγομένη,

2433 2036 2665 2091 ἐνταῦθα
2701 2036 2898 2106 σκέψαι
2946 2034 3008 2088 τὸ
3057 2034 3219 2105 μέρος
3251 2033 3351 2103 τῆς
3388 2033 3699 2103 ἱεραρχίας,
3730 2032 3827 2101 τὴν
3874 2032 4000 2083 ὲπι-

2435 2130 2665 2199 στήμην,
2700 2129 2865 2199 ἡγουν
2898 2125 3146 2196 θεωρίαν,
3181 2126 3296 2188 πῶς
3329 2125 3466 2195 πρὸς
3494 2124 3557 2175 τὸ
3588 2122 3813 2184 θεοειδὲς
3846 2122 3998 2188 ἀφω-

2436 2221 2680 2290 μοιωται,
2715 2220 2809 2272 καὶ
2842 2219 2958 2281 πῶς
2980 2217 3235 2285 ἀνάγεται
3269 2217 3405 2287 πρὸς
3436 2216 3495 2269 τὸ
3518 2215 3875 2284 θεομίμητον·
3899 2216 3998 2267 οὐκ

2431 2313 2488 2366 ἐν
2533 2312 2702 2373 εἰκόσι
2755 2308 2884 2379 γοῦν
2939 2310 3099 2381 ἱερῶς
3132 2306 3484 2373 πλασθείσαις
3532 2305 3679 2376 παρά
3720 2305 3827 2357 τῶν
3864 2323 3997 2375 προ-

2432 2402 2614 2472 φητῶν
2659 2400 2993 2459 ἀποτυποῦσι
3042 2400 3139 2472 τὴν
3172 2399 3319 2451 θείαν
3374 2397 3667 2468 ὁμοίωσιν,
3738 2396 3876 2466 πρὸς
3937 2395 3999 2447 τὸ

2435 2488 2662 2554 θεοειδὲς
2691 2491 3073 2561 ἀφωμοίωνται
3094 2528 3108 2547 .
3150 2486 3231 2559 (τὸ
3258 2482 3634 2541 ἀποτυχοῦσι
3664 2478 3720 2531 δὲ
3754 2478 3873 2530 ἀντὶ
3905 2476 3999 2530 τοῦ

2432 2584 2551 2645 ταῖς
2578 2582 3047 2648 ἀποτυπούσαις,
3068 2580 3127 2633 τὸ
3147 2576 3428 2651 ἀρσενικὸν
3454 2575 3573 2628 ἀντὶ
3596 2570 3830 2643 θηλυκοῦ
3860 2572 3995 2623 ἀττι-

2432 2672 2564 2740 ιῶς,
2586 2673 2661 2737 ὠς
2688 2673 2765 2726 τόο
2795 2673 3029 2738 Κλυτὸς
3066 2666 3475 2737 Ἱπποδάμειαῆ
3496 2664 3627 2719 ἀλλά
3652 2663 3767 2725 πῶς
3792 2661 4001 2731 θεωρη-

2427 2763 2597 2827 τικαὶ,
2630 2761 2705 2825 ὡς
2731 2759 2943 2830 ἀληθῶς
2975 2759 3120 2829 αὑτῷ
3144 2754 3567 2825 πλησιάζουσαι,
3614 2752 3706 2807 καὶ
3733 2752 3858 2823 δίχα
3888 2752 3995 2806 τῶν

2432 2847 2847 2923 ίεροπλαστιῶν·
2884 2847 3040 2901 τοῦτο
3072 2847 3179 2918 γάρ
3211 2846 3325 2921 ἐστι
3369 2843 3429 2896 τὸ
3479 2845 3535 2895 ὲν
3582 2840 3771 2914 πρώτῃ
3810 2857 3996 2910 μετουο

2433 2944 2524 3015 σία
2553 2943 2653 3014 τῆς
2683 2941 2961 3011 γνώσεως,
2994 2941 3155 2995 οἱονεὶ
3185 2938 3403 3009 ἀμέσως
3436 2935 3529 2989 καὶ
3560 2935 3679 3005 δίχα
3717 2933 3996 3003 συμϐόλων

2430 3034 2841 3089 ὐποτυπούντων
2872 3034 2971 3104 τὴν
3016 3032 3294 3103 ὁμοίωσιν.
3336 3029 3400 3081 Τί
3436 3028 3543 3095 γὰρ
3575 3026 3810 3087 ἐκείναις
3828 3027 4002 3093 ὀισαμε

2355 3148 2399 3207 c
2435 3139 2615 3197 φειρος
2654 3165 2669 3191 ,
2731 3125 2825 3179 καὶ
2856 3126 2883 3177 6
2920 3125 3206 3196 ἠλεκτρος,
3241 3121 3335 3174 καὶ
3367 3121 3472 3172 πᾶν
3504 3118 3557 3170 εί
3582 3135 3632 3169 τι
3660 3114 3995 3184 τοιουτότρο-

2429 3238 2527 3273 πον
2562 3218 2695 3290 πρὸς
2724 3216 2955 3288 θεωρίαν
2988 3215 3087 3285 τῆς
3119 3214 3268 3276 θείας
3304 3210 3684 3283 μαρμαρυγῆς,
3718 3208 3776 3260 ὲν
3806 3207 3997 3277 ἀμέσῳ

2426 3309 2611 3373 οὔσαις
2642 3307 2899 3382 μετουσία
2934 3306 3036 3375 τῆς
3068 3303 3351 3373 γνὼσεως;
3382 3300 3504 3363 Πῶς
3536 3300 3591 3354 δὲ
3616 3300 3648 3369 ἡ
3672 3298 3875 3367 γνῶσις
3904 3298 3998 3351 καὶ

2427 3406 2460 3475 ἠ
2495 3403 2694 3475 θεωρία
2726 3401 2974 3471 ἀφομοιοῖ
3006 3397 3140 3468 πρὸς
3170 3397 3230 3449 τὸ
3261 3394 3488 3456 θεοειδές
3517 3392 3605 3444 τὸν
3636 3387 3995 3459 γινώσκοντα;

2426 3496 2507 3549 ὅτι
2540 3496 2567 3547 6
2590 3492 2805 3564 θεωρῶν
2840 3478 3127 3559 θαυμάζει,
3165 3490 3193 3541 6
3224 3484 3517 3555 θαυμάζων
3546 3481 3717 3544 ποθεῖ,
3750 3482 3778 3533 6
3814 3478 3996 3533 ποθῶν

2428 3585 2765 3655 καθαίρεται,
2800 3584 2827 3635 6
2859 3579 3251 3649 καθαιρόμενος
3285 3574 3580 3646 (ἀναλόγως
3605 3571 3659 3623 δὲ
3692 3573 3812 3632 ταῖς
3841 3570 3998 3639 οὐραο

2428 3676 2568 3738 νίαις
2619 3673 2828 3735 οὐσίαις
2876 3674 2983 3723 νοεῖ
3027 3670 3125 3741 τὴν
3158 3666 3462 3737 κάθαρσιν,
3512 3661 3691 3724 καθὼς
3740 3660 3997 3731 ἀνωτέρω

2428 3760 2661 3833 ἐλέχθη.)
2689 3759 2922 3828 θεοειδὴς
2946 3757 3173 3826 γίνεται,
3208 3757 3301 3808 καὶ
3334 3754 3468 3825 πρὸς
3498 3752 3557 3804 τὸ
3590 3749 3818 3812 θεοειδές
3848 3749 3997 3817 ἀφω-

2433 3854 2676 3925 μοίωται.
2704 3851 2827 3913 Πῶς
2862 3850 2918 3902 δὲ
2956 3849 3049 3901 καὶ
3083 3847 3218 3919 πρὸς
3249 3845 3309 3898 τὸ
3351 3844 3677 3913 θεομίμητον
3712 3840 3992 3907 ἀνάγεται,

2429 3948 2577 4016 φησί.
2621 3944 2925 4016 Δεδὼρηται
2968 3944 3023 3997 δὲ
3057 3943 3148 3995 καὶ¹
3200 3939 3329 3993 αὐτὸ
3370 3937 3625 3997 ταύταις,
3677 3933 3769 3984 καὶ
3803 3946 3994 3982 κοινω-

2428 4037 2606 4089 νοῦσιν
2638 4036 2697 4087 οὐ
2746 4034 2811 4087 δι’
2846 4034 2987 4094 ὅλου,
3034 4024 3145 4085 ἀλλ’
3180 4032 3300 4083 ὅσον
3346 4026 3561 4096 ἐφικτόν
3606 4026 3719 4074 ἐστι
3760 4023 3878 4081 ταῖς
3909 4035 3996 4086 φι-

2429 4124 2761 4196 λανθρώποις
2793 4123 2955 4177 αὐτοῦ
2991 4123 3228 4195 ἀρεταῖς,
3274 4122 3391 4180 ταῖς
3424 4108 3819 4173 καλυπτούσαις
3853 4108 3994 4162 κατά

2428 4216 2517 4267 τὸν
2549 4216 2827 4284 προφήτην
2859 4214 2983 4275 τοὺς
3014 4210 3272 4281 οὐρανοὺς
3313 4210 3431 4269 ταῖς
3477 4206 3836 4275 θεωρητικαῖς
3862 4243 3875 4265 ,
3913 4202 3995 4264 είς

2430 4306 2495 4368 ἃς
2514 4304 2601 4358 διὰ
2622 4305 2720 4373 τῆς
2743 4304 2974 4375 θεωρίας
3008 4303 3317 4369 ἀνάγονται,
3344 4301 3403 4351 ἐν
3432 4294 3769 4369 πρωτουργῷ
3794 4293 3995 4364 δηλαδὴ

2430 4394 2655 4465 δυνάμει
2676 4410 2689 4424 ⁸
2711 4394 2809 4467 τὴν
2842 4392 2948 4463 γάρ
2982 4390 3241 4462 ἕλλαμψιν
3264 4391 3425 4457 ἕτερα
3451 4386 3517 4439 δι’
3548 4384 3709 4454 ἄλλης
3730 4381 3995 4451 λαμϐάνει

774 4462 1225 4527 cognoscentem?
1268 4462 1392 4530 quia
1442 4464 1816 4534 contemplans
1859 4468 2183 4534 admiratur,
2229 4469 2321 4520 ad-

2432 4488 2492 4537 ὲκ
2523 4462 2615 4537 τοῦ
2650 4462 2807 4548 Θεοῧ,
2835 4484 2933 4551 τὴν
2966 4482 3021 4533 δὲ
3056 4482 3189 4551 πρὸς
3223 4478 3382 4532 αὑτὸν
3411 4477 3585 4539 τάσιν,
3616 4474 3709 4526 καὶ
3737 4472 3992 4539 θεωρίαν,

774 4549 981 4602 mirans
1016 4549 1331 4616 desiderat,
1374 4552 1689 4609 desiderans
1730 4556 1983 4624 expiatur
2016 4596 2032 4621 ,
2082 4559 2327 4627 expiatus

773 4652 902 4691 vero
930 4655 1025 4707 pro
1051 4641 1356 4695 conditione
1400 4643 1702 4697 cmlestium
1734 4647 2092 4701 cssentiarum
2125 4662 2327 4719 cogno-

775 4728 876 4782 scit
908 4730 1290 4798 expiationem,
1335 4742 1409 4795 et,
1456 4735 1597 4788 sicut
1630 4752 1789 4804 supra
1819 4738 2019 4791 dictmn
2055 4749 2159 4800 est,
2215 4741 2330 4823 dei-

776 4818 961 4873 formis
990 4819 1237 4886 eﬂicitur,
1282 4832 1337 4876 et
1388 4825 1454 4877 ad
1500 4826 1922 4883 deiformitalem
1968 4818 2325 4886 assimilatur.

775 4910 1054 4976 Quomodo
1089 4919 1216 4965 rem
1238 4915 1403 4968 etiam
1435 4918 1500 4970 ad
1533 4916 1625 4971 Dei
1661 4920 2017 4974 imitationem
2052 4922 2327 4974 adducan-

776 5010 885 5062 tur,
922 5005 1105 5057 tradit.
1133 5002 1244 5059 Hoc
1273 5008 1444 5073 ipsum
1470 5024 1597 5063 vero
1640 5013 1800 5062 etiam
1829 5012 1893 5065 iis
1920 5012 2175 5066 donatum
2223 5021 2327 5077 cst,

777 5095 1061 5166 ipsumque
1095 5102 1440 5171 participant,
1472 5119 1577 5157 non
1610 5106 1661 5158 in
1696 5114 1890 5171 totum,
1923 5110 2016 5162 sed
2067 5116 2328 5177 quantum

777 5188 860 5244 fas
889 5200 973 5244 est
1002 5193 1190 5246 amicis
1217 5194 1331 5262 ejus
1363 5194 1651 5250 virtutibus
1676 5238 1691 5259 ,
1720 5197 1827 5267 65
1854 5215 1974 5267 qua:
2017 5200 2172 5271 juxta
2200 5219 2329 5274 pro-

777 5284 994 5351 phetam
1058 5284 1252 5338 cazlum
1324 5286 1612 5355 obtegunt,
1668 5282 2193 5363 contemplantibus,
2265 5294 2331 5349 ad

780 5389 917 5443 quas
943 5391 1037 5443 per
1063 5378 1547 5447 contemplationes
1578 5380 1922 5436 adducuntur
1943 5425 1958 5445 ,
1986 5386 2040 5439 in
2067 5387 2329 5454 primaeva

781 5464 1248 5533 scilicetvirtute;
1297 5485 1420 5522 nam
1454 5469 1870 5527 illustrationem
1918 5475 2037 5530 alia:
2069 5482 2171 5547 per
2194 5478 2331 5533 alias

783 5556 1055 5627 accipiunt
1094 5573 1124 5613 a
1166 5557 1315 5618 Deo.
1356 5562 1450 5617 sed
1494 5563 1562 5618 ad
1617 5564 1789 5634 ipsum
1829 5565 2221 5628 intentionem.
2276 5579 2331 5627 et

882 5748 908 5780 ε
938 5737 1129 5798 Ειυςὶι.
1162 5755 1309 5796 xuii.
1341 5741 1390 5795 5.

2427 4576 2520 4633 καὶ
2551 4570 2766 4643 ἔφεσιν,
2813 4572 2999 4642 ὥσπερ
3032 4572 3078 4623 εί
3134 4566 3271 4639 ἦσαν
3307 4569 3511 4621 ἀπασαι
3547 4564 3785 4635 πρῶται,
3820 4560 3994 4623 οὕτως

2428 4666 2775 4740 ἐργάζονται,
2813 4664 2846 4735 ἥ
2881 4666 2936 4715 ἐν
2982 4660 3347 4733 πρωτουργῷ,
3399 4657 3559 4710 οἱονεὶ
3593 4654 3991 4726 πρωτοτάκτῳθ

2428 4759 2639 4831 πρῶται
2686 4757 2794 4827 γὰρ
2838 4750 2995 4808 αὗται
3034 4751 3357 4823 ἐτάχθησαν.
3409 4748 3640 4819 Ὁμοίως
3687 4746 3845 4798 πάλιν
3898 4743 3996 4796 καί⁵

2428 4849 2524 4918 τὴν
2564 4846 2839 4918 μετάδοσιν
2872 4846 2969 4913 τῆς
3001 4842 3315 4912 ὲλλάμψεως
3351 4837 3486 4909 πρὸς
3531 4836 3629 4898 τάς
3662 4835 3751 4888 ὑπ’
3786 4832 3953 4895 αὑτὰς
3976 4873 3993 4895 ,

2430 4939 2523 4992 καὶ
2557 4938 2689 5008 πρὸς
2720 4936 2844 4998 τοὺς
2875 4932 3208 5005 ἀνθρώπους,
3241 4931 3301 4981 οὐ
3333 4927 3467 4998 μετά
3499 4926 3690 4996 φθόνου
3726 4924 3818 4976 καί
3850 4941 3987 4987 τινα,

2432 5028 2705 5081 ποιοῦνται
2725 5024 3123 5095 γλισχρότητος,
3149 5023 3260 5075 ἀλλ’
3293 5020 3535 5089 ἀφθόνως
3567 5019 3657 5071 καὶ
3692 5015 3987 5085 πληρεστά-

2432 5137 2559 5182 τως,
2594 5117 2780 5188 ὥσπερ
2804 5117 2868 5169 ἂν
2899 5112 3035 5185 ἦσαν
3070 5116 3238 5166 πᾶσαι
3272 5110 3342 5163 τὰ
3372 5110 3473 5179 τῆς
3504 5106 3819 5176 ὲλλάμψεως
3848 5104 3998 5174 πρῶ-

2432 5228 2521 5263 ται
2564 5209 2873 5279 δεχόμεναι·
2907 5204 3061 5258 τοῦτο
3090 5204 3196 5274 γὰρ
3228 5202 3318 5255 καὶ
3352 5200 3542 5271 πρῴην
3579 5201 3611 5267 ἡ
3660 5194 3999 5266 θεομιμησία

2434 5299 2665 5365 ἐλέγετο,
2695 5296 2754 5349 τὸ
2788 5295 2923 5365 πρὸς
2953 5294 3077 5356 τοὺς
3105 5291 3387 5361 δεομένους
3420 5289 3511 5340 καὶ
3555 5285 3734 5352 ἀξίους
3768 5284 3998 5354 μεταδο-

2434 5389 2581 5443 τικόν
2600 5406 2612 5417 ·
2645 5388 2737 5439 καὶ
2761 5386 2855 5438 νῦν
2881 5385 3037 5437 τοῦτο
3068 5383 3304 5450 λέγεται,
3328 5382 3410 5433 ὅτι
3444 5377 3584 5431 κατά
3606 5375 3762 5428 τοῦτο
3803 5389 3997 5426 κοινως

2435 5479 2581 5533 νοῦσι
2621 5480 2739 5540 ταῖς
2788 5473 3182 5546 φιλανθρώποις
3215 5474 3433 5543 ἀρεταῖς
3474 5469 3567 5521 τοῦ
3601 5466 3754 5519 Θεοῦ.
3786 5465 3997 5533 Ὠσπερ

2435 5569 2542 5640 γάρ
2562 5568 2620 5622 τὸ
2645 5566 2940 5638 θεοπρεπὲς
2964 5563 3156 5626 κάλλος
3179 5560 3517 5635 μεταδοτικόν
3550 5561 3663 5611 ἐστι
3697 5554 3815 5609 κατ’
3843 5552 3999 5619 ἀξίαν
