4176 6308
149 410 259 467 125

621 408 709 463 DE
739 406 1061 465 C(ELESTI
1095 404 1536 470 HIERABCHIA,
1566 400 1719 461 CAP.
1760 403 1871 461 VII.
1893 430 1965 446 α-
1986 402 2270 459 ΡΔἎᾹΡΗ]

1187 404 1536 470 ΞΒΑΒΟΗΙΑ,
1566 400 1719 461 CAP.
1760 403 1871 461 νη.
1893 430 1965 446 α-
1986 402 2330 461 ΡΔἎᾹΡΗΒ.
2370 402 2836 459 ΡΔΟΗΥΜΕΗᾹΞ.

3257 404 3363 461 Ὡῦ

143 527 239 583 τοῦ
272 526 473 581 οἰκείου
508 525 702 594 φωτὸς,
730 524 871 577 οὕτω
904 521 997 575 καὶ
1030 515 1185 575 αὗται
1217 522 1353 591 πρὸς
1382 523 1507 584 τοὺς
1536 520 1718 586 ἀξίους
1744 523 1790 584 Α

1744 523 1790 584 Α
1818 519 2328 589 comemplationetn
2356 558 2371 585 ,
2406 529 2465 576 et
2502 519 2754 575 eiectum
2804 520 2879 574 ita
2915 519 3187 590 dirigunt.
3210 536 3284 576 ac
3315 522 3367 578 si

151 618 493 691 μεταδιδόασι
511 618 612 686 τῆς
635 614 949 685 ἐλλάμψεως
987 612 1229 681 ἀφθόνως
1251 611 1423 685 ταύτῃ
1454 612 1547 665 καὶ
1579 611 1715 680 πληο

155 709 451 782 ρεστάτως.
482 708 619 777 Ἤδη
655 706 786 776 φησὶ
830 704 924 758 καὶ
958 702 1071 765 πῶς
1104 703 1350 772 λέγονται
1399 702 1715 773 τετελεσμέ-

148 818 235 854 ναι
273 802 331 854 αἱ
368 799 507 851 θεῖαι
538 796 808 867 δυνάμεις.
850 796 1000 848 Ἐπεὶ
1028 796 1205 848 τοίνυν
1238 796 1397 865 ἡμεῖς
1418 793 1715 864 τελούμεθα

147 892 236 945 διὰ
267 892 369 961 τῆς
399 888 723 959 ἀναλυτικῆς
748 888 1073 957 ἐπιστήμης,
1096 887 1193 957 τῆς
1226 886 1593 957 ὲξαπλωτιχῆς
1616 886 1713 957 δη..

149 984 325 1036 λονότι
362 982 454 1035 καὶ
492 980 816 1049 ὲξηγητικῆς
848 979 940 1031 καὶ
986 978 1329 1048 ἀναγωγικῆς
1351 1016 1366 1041 ,
1420 978 1518 1049 τῆς
1565 978 1715 1048 ἱερᾶς

148 1073 423 1135 «ποικιλίας
464 1072 562 1142 τῆς
609 1070 717 1123 τῶν
774 1068 1113 1139 συμϐολικῶν
1154 1069 1395 1138 δηλονότι
1429 1069 1713 1141 θεαμάτων

148 1166 440 1235 μυήσεως,
474 1163 530 1214 αί
571 1160 707 1213 θεῖαι
753 1159 1009 1230 δυνάμεις
1056 1160 1152 1229 οὐχ
1197 1160 1367 1224 οὕτως
1414 1160 1712 1225 τελοῦνται,

151 1243 269 1311 ἀλλ’
296 1256 371 1319 ὼς
405 1252 884 1325 ἁποπληρούμεναι
915 1254 1017 1323 τῆς
1046 1253 1268 1326 πρώτης
1294 1254 1387 1307 καὶ
1414 1254 1475 1307 οὐ
1496 1255 1605 1326 τῆς
1627 1254 1717 1310 διὰ

149 1344 338 1415 μέσων
390 1343 668 1413 συμϐόλων
719 1342 1089 1413 ὑπερεχούσης
1138 1342 1384 1407 θεώσεως
1428 1346 1571 1399 κατά
1614 1345 1712 1417 τὴν

151 1436 462 1507 ὑπερτάτην
493 1434 600 1487 τῶν
646 1433 820 1504 ἔργων
868 1434 961 1487 τοῦ
1006 1434 1143 1487 Θεοῦ
1174 1436 1480 1507 ἐπιστήμην
1500 1476 1515 1501 ,
1536 1486 1539 1487 ν
1560 1436 1621 1491 ὃν
1650 1437 1715 1508 δὴ

148 1527 244 1579 καὶ
293 1528 440 1579 πᾶσα
476 1525 723 1597 ἱεραρχία
771 1524 1119 1597 καθηγεμόνα
1148 1525 1248 1596 τῆς
1280 1528 1588 1599 ἐπιστήμης
1619 1528 1715 1582 καὶ

145 1617 249 1688 τῆς
282 1615 558 1687 ἐνεργείας
590 1616 722 1686 ἔχει.
769 1618 924 1669 Ποῖαι
956 1616 1011 1669 δέ.
1049 1618 1184 1670 εἰσιν
1222 1620 1277 1671 al
1315 1618 1450 1671 θεῖαι
1495 1620 1719 1690 ἐπιστῆ-

149 1724 285 1775 μαι,
338 1707 430 1759 καὶ
462 1707 518 1773 ai
551 1706 827 1778 θεουργίαι
853 1723 867 1771 ;
898 1706 963 1759 τὸ
990 1706 1271 1778 καθαίρειν
1296 1748 1312 1775 ,
1344 1708 1403 1761 τὸ
1436 1707 1715 1777 φωτίζειν,

146 1796 208 1848 τὸ
240 1795 434 1857 τελεῖν,
466 1796 540 1859 ὡς
573 1798 630 1849 ὲν
662 1795 916 1863 ἀγγέλοις
938 1796 994 1849 δὲ
1018 1793 1168 1849 εἶπεν
1194 1837 1207 1861 ,
1246 1784 1432 1869 ἐπειδὴ
1457 1798 1511 1851 αἱ
1536 1798 1717 1853 τοιαίδε-

144 1905 234 1940 ται
259 1887 533 1958 θεουργίαι
556 1888 647 1940 καὶ
674 1887 729 1938 ὲν
750 1886 1049 1958 ἀνθρώποις
1070 1887 1326 1956 γίνονται,
1350 1888 1485 1941 ἀλλά
1502 1889 1568 1942 δι’
1595 1890 1713 1944 ὲτέ-

150 1996 249 2050 ρας
280 1980 587 2050 ἐπιστήμης
616 1978 645 2031 ὁ
680 1978 955 2048 φωτισμδς
981 1978 1176 2031 δίδοται
1208 1977 1413 2043 τούτοις
1442 1980 1589 2051 καὶή
1626 1998 1714 2033 τε·

146 2068 381 2131 λείωσις.
400 2063 564 2121 Λῦται
580 2068 635 2121 δὲ
650 2068 704 2120 αἱ
730 2065 1152 2138 ὑπερδεϐηκυῖαι
1169 2068 1423 2139 δυνάμεις
1449 2070 1509 2123 οὐ
1526 2069 1593 2123 δι’
1617 2069 1714 2123 ἀλ-

146 2160 254 2213 λων
294 2160 463 2230 ἀγίων
496 2159 713 2223 οὐσιῶν,
755 2158 890 2213 ἀλλά
925 2159 1052 2226 παρ’
1097 2159 1268 2229 αὐτῆς
1318 2160 1416 2231 τῆς
1462 2161 1716 2234 θεαρχίας

148 2250 631 2323 μυπαγωγοῦνται
668 2251 727 2302 ὲν
755 2248 833 2319 τῷ
871 2247 958 2302 ἐπ’
985 2242 1153 2319 αὑτὴν
1193 2250 1410 2320 ἀμέοως
1448 2251 1718 2305 ἀνατείνε.

149 2342 273 2396 σθαι
297 2345 354 2395 ὲν
374 2346 441 2412 τῇ
457 2342 681 2411 δυνάμει
704 2339 907 2393 τούτων
937 2340 1031 2393 καὶ
1054 2339 1222 2406 τάξει’
1254 2340 1374 2394 οὐδὲ
1401 2340 1508 2412 γάρ
1534 2343 1598 2395 ἐκ
1617 2342 1716 2395 τάς-

148 2434 288 2500 ξεως
322 2432 479 2503 μόνον
508 2430 688 2501 ἔχουσι
727 2430 787 2483 τὺ
813 2432 948 2501 πρὸς
987 2420 1119 2483 Θεὸν
1156 2431 1542 2507 ἀνατείνεσθαι,
1582 2432 1719 2487 ἀλλὰ

146 2526 241 2579 καὶ
271 2526 334 2577 ὲκ
356 2524 651 2595 δυνάμεως.
677 2521 843 2577 Τοῦτο
868 2522 924 2576 δι
942 2524 1089 2577 ἔστιν
1116 2522 1254 2595 ὅπερ
1267 2522 1411 2592 λέγει
1432 2523 1526 2577 καὶ
1546 2526 1575 2579 ὁ
1592 2525 1719 2579 Θεο-

146 2614 305 2685 λόγος
328 2615 641 2687 Γρηγόριος·
674 2613 787 2668 Οὐκ
818 2610 931 2667 οῖδα
971 2613 1084 2683 εἴτε
1111 2616 1176 2668 ὲκ
1208 2614 1308 2685 τῆς
1338 2614 1718 2687 λαμπρότητος

146 2704 363 2774 ἔχουσιν
377 2706 477 2775 τὴν
489 2704 662 2769 τάξιν,
680 2704 788 2757 εῐτε
813 2703 877 2757 ὲκ
887 2704 985 2773 τῆς
1005 2703 1210 2769 τάξεως
1230 2702 1712 2777 τὴνλαμπρότητα⁴

146 2794 241 2853 καὶ
255 2793 368 2863 γὰρ
384 2793 609 2863 δύναμιν
628 2792 843 2862 ἐχουσιν
864 2790 1254 2862 ὑπερέχουσαν,
1276 2792 1371 2847 καὶ
1389 2792 1542 2858 τάξιν
1557 2794 1719 2863 dmp-

146 2883 443 2954 δεδηκυῖαν
480 2884 573 2936 καὶ
598 2884 903 2955 ἀνωτάτην.
936 2883 1046 2936 Καὶ
1072 2881 1159 2935 διὰ
1186 2882 1365 2947 τοῦτο,
1388 2884 1463 2947 ὼς
1495 2884 1591 2955 μὲν
1624 2884 1716 2937 δύ-

1814 623 2001 667 omnes
2038 618 2225 665 essent
2274 611 2482 678 primm,
2524 610 2611 665 vel
2656 610 2709 663 in
2764 611 3024 678 primaevo
3073 625 3140 664 ac
3194 612 3369 680 primo

1814 700 1969 768 quasi
2005 701 2293 766 ordinato;
2360 701 2551 769 prima:
2583 700 2728 754 enim
2762 701 2892 767 ipsae
2924 702 3188 757 ordinata:
3219 709 3363 759 sunt.

1816 792 2077 848 Similiter
2110 793 2335 855 iterum,
2364 792 2531 852 etiam
2579 807 2771 847 munus
2806 793 3218 848 translundendi
3245 792 3370 848 illu-

1816 885 2131 944 strationem
2173 883 2225 937 in
2281 881 2603 949 inferiores,
2650 894 2704 938 et
2752 884 2807 939 in
2859 885 3101 939 homines
3145 885 3368 940 minime

1816 988 1937 1027 cum
1985 973 2193 1027 invidia
2221 973 2305 1025 vel
2335 972 2515 1041 aliqua
2546 974 2843 1028 tenacitate
2874 973 3099 1038 faciunt,
3128 977 3220 1030 sed
3250 976 3370 1030 sine

1817 1062 1984 1118 livore
2009 1074 2063 1118 et
2093 1063 2538 1128 lueulentissime,
2571 1079 2632 1118 ac
2666 1065 2711 1119 si
2744 1078 2935 1117 omnes
2959 1074 3147 1117 essent
3182 1066 3370 1133 prima:

1816 1168 1935 1225 qua:
1982 1153 2399 1208 illustrationem
2429 1154 2714 1221 escipiunt
2744 1170 2756 1205 :
2787 1154 3105 1231 istiusmodi
3141 1168 3367 1222 namque

1819 1244 1871 1313 in
1916 1255 2117 1309 egenos
2155 1252 2211 1295 et
2258 1242 2446 1311 dignos
2489 1242 2835 1306 distributio,
2887 1242 3070 1295 divina
3100 1242 3366 1309 quondatu

1818 1332 2098 1389 dicebatur
2127 1332 2395 1396 imitatio;
2427 1333 2502 1387 uti
2536 1332 2833 1387 etiamnum
2861 1332 3081 1395 dicitur,
3111 1333 3254 1400 quod
3280 1347 3369 1389 se-

1820 1423 2055 1478 cundum
2084 1424 2187 1478 hoc
2216 1424 2408 1477 amicis
2460 1424 2550 1477 Dei
2602 1424 2893 1477 virtutibus
2942 1423 3367 1479 communicent.

1820 1511 2281 1579 Quemadmodum
2313 1514 2457 1568 enim
2484 1530 2547 1569 ea
2581 1528 2701 1583 qua:
2727 1514 2893 1567 Deum
2940 1515 3092 1569 decet
3131 1514 3372 1582 pulchri-3

1824 1606 1955 1660 tudo
2014 1604 2387 1660 communicat
2451 1608 2742 1659 secundum
2802 1605 3117 1673 dignitatem
3187 1605 3367 1663 lumen

1820 1709 1979 1759 suum
2003 1712 2017 1761 ;
2044 1695 2117 1749 ita
2146 1696 2309 1749 etiam
2348 1696 2429 1749 ita:
2476 1696 2592 1750 sine
2622 1697 2819 1751 invidia
2852 1698 3277 1765 plenissimeqtte
3313 1696 3367 1751 in

1819 1800 1911 1845 eos
1950 1786 2365 1856 quirmerentur
2402 1786 2731 1841 distribuunt
2780 1788 3219 1842 illustratiouem.
3267 1786 3371 1841 De-

1818 1892 1965 1931 mum
1988 1876 2140 1940 tlicit,
2170 1876 2442 1945 quomodo
2473 1877 2669 1930 divina:
2708 1878 2937 1936 virtutes
2974 1877 3229 1947 perfecta:
3270 1892 3371 1931 una

1818 1967 2463 2036 tuinetttur.Cumitaque
2494 1981 2591 2021 nos
2611 1968 2962 2035 perﬁciamur
2992 1984 3084 2037 per
3114 1968 3367 2036 peritiam

1818 2061 2141 2125 resolveodi,
2165 2061 2487 2131 explanandi
2518 2061 2724 2117 scilicet
2748 2068 2805 2114 et
2833 2061 3162 2128 explicandi,
3193 2070 3247 2114 et
3268 2060 3361 2113 ad-

1818 2152 2048 2211 ducendi
2090 2168 2307 2209 sacram
2356 2155 2671 2212 varietatem
2696 2193 2713 2217 ,
2760 2153 3179 2224 syutbolicorum
3214 2155 3369 2207 vide-

1816 2244 1943 2305 licet
1971 2246 2399 2314 spectaculorum
2423 2286 2439 2310 ,
2470 2247 2852 2312 institutionis,
2898 2246 3097 2299 dit-ina:
3146 2247 3373 2305 virtutes

1820 2351 2158 2407 nequaquam
2183 2338 2285 2391 hoc
2308 2339 2465 2392 modo
2489 2339 2797 2402 initiantur,
2818 2340 2911 2393 sed
2933 2338 3084 2406 quasi
3113 2356 3141 2391 a
3174 2343 3367 2407 prima,

1818 2436 1873 2481 et
1896 2441 2238 2498 nequaquam
2264 2430 2459 2483 mediis
2479 2429 2672 2498 signis,
2704 2429 3143 2499 superemineute
3175 2429 3372 2488 tleitate

1819 2519 2132 2588 replentur,
2202 2520 2503 2581 secundum
2550 2520 2695 2574 illaut
2771 2535 3034 2579 summam
3087 2520 3369 2576 scientiam

1816 2622 2037 2677 operum
2071 2609 2163 2665 Dei
2194 2650 2209 2675 ,
2248 2625 2407 2678 quem
2446 2620 2503 2665 et
2530 2611 2707 2666 omnis
2738 2610 3051 2677 ltierarcbia
3082 2620 3373 2680 prmceptoo

1817 2716 1935 2758 rem
1957 2702 2201 2757 scientia
2227 2710 2388 2773 atque
2414 2704 2747 2771 operationis
2778 2704 2960 2757 habet.
2982 2702 3372 2773 Quales‘porro

1818 2798 1947 2855 sunt
1974 2791 2170 2845 divinae
2210 2791 2452 2855 scientia:
2481 2801 2535 2845 et
2559 2791 2937 2860 operationes?
2967 2792 3211 2859 expiare,
3248 2790 3371 2843 illuc

1815 2883 2053 2949 minare,
2087 2881 2348 2950 perlicere
2367 2921 2384 2948 ,
2414 2883 2865 2952 quemadmodum
2886 2883 2950 2938 in
2976 2881 3181 2951 angelis
3210 2866 3373 2953 dixit,

148 2991 309 3044 ναμιν
328 2972 567 3043 ἔχουσαι,
585 2972 721 3043 πρὸς
732 2971 792 3025 τὸ
807 2969 1077 3040 πάναγνον
1094 2973 1187 3025 καὶ
1201 2973 1439 3044 ἀῤῥεπὲς
1454 2972 1719 3045 ἑδραιοῠν-

1817 2974 2073 3042 quoniam
2101 2974 2270 3033 etiam
2307 2975 2361 3029 in
2398 2973 2707 3028 hominibus
2734 2974 2837 3028 ista
2890 2973 3059 3040 ﬁunt;
3098 2987 3280 3026 verum
3318 2972 3370 3025 in

150 3080 255 3125 ται,
284 3064 381 3116 καὶ
406 3064 469 3115 οὐ
496 3063 835 3115 διασείονται⁹
875 3058 1033 3114 τοῦτο
1062 3062 1170 3133 γάρ
1192 3063 1312 3119 ἐστι
1351 3062 1417 3115 τὸ
1450 3063 1711 3135 ἀρρεπὲς

1818 3063 1905 3119 ltis
1938 3076 2033 3132 per
2065 3063 2229 3117 aliam
2259 3064 2599 3135 disciplinam
2646 3065 2881 3119 traditur
2936 3063 3265 3120 illuminatio
3289 3074 3371 3118 at.

145 3154 221 3217 ῶς
242 3154 298 3207 δὲ
326 3154 479 3219 τάξιν
506 3152 842 3224 ὑψηλοτάτην
867 3148 1003 3223 πρὸς
1028 3152 1126 3222 τὴν
1158 3152 1352 3223 νοητὴν
1381 3154 1716 3225 εὐπρέπειαν
1742 3178 1784 3244 c

1742 3178 1784 3244 ρ
1824 3170 1930 3226 que
1956 3155 2241 3239 perfectio,
2291 3156 2383 3212 Ha:
2437 3172 2563 3215 vero
2589 3159 2820 3215 virtutes
2852 3170 3120 3239 suprema:
3168 3171 3272 3211 non
3306 3140 3373 3209 ab

149 3248 239 3298 καὶ
266 3244 496 3315 θεωρίαν
525 3245 905 3315 προσάγονται.
944 3243 1137 3307 Καθὼς
1162 3244 1218 3296 δέ
1249 3246 1365 3297 ὲστι
1405 3244 1620 3315 θεμιτόν
1652 3264 1712 3299 τε

1815 3249 1937 3303 aliis
1964 3250 2284 3318 quibusdam
2330 3250 2539 3305 sanctis
2580 3251 2879 3320 spiritibus,
2924 3249 3018 3303 sed
3045 3248 3113 3302 ab
3142 3248 3372 3315 ipsumet

150 3338 244 3392 καὶ
286 3339 545 3403 δυνατὸν,
585 3339 678 3391 καὶ
715 3339 841 3399 τοὺς
882 3337 1338 3407 ὲπιστημονικοὺς
1381 3337 1572 3406 λόγους
1605 3339 1715 3395 τῶν

1817 3340 2097 3396 divinitate
2122 3340 2293 3396 sacris
2314 3340 2617 3414 initiantur,
2642 3341 2765 3394 dum
2786 3340 2840 3393 in
2868 3340 3153 3410 ipsautmet
3178 3340 3368 3394 imme-

150 3429 467 3501 θεουργιῶν,
488 3429 565 3492 ὡς
582 3428 794 3499 πρῶται
816 3428 909 3481 καὶ
923 3428 1048 3498 περὶ
1062 3427 1193 3481 Θεὸν
1204 3424 1375 3491 οὖσαι,
1399 3432 1529 3501 παρ’
1540 3428 1717 3501 αὐτῆς

1820 3431 1967 3487 diate
1996 3431 2052 3486 in
2099 3431 2300 3487 virtute
2342 3432 2640 3501 ordineque
2680 3447 2777 3486 suo
2822 3434 3368 3495 extenduntur;,tton

148 3522 245 3591 τῆς
282 3520 653 3591 τελεταρχίας,
669 3516 906 3591 δηλονότι
927 3518 1019 3571 τοῦ
1040 3517 1193 3581 Θεοῦ,
1216 3520 1713 3589 μυοταγωγοῦνται.

1819 3524 1969 3590 enim
2014 3538 2080 3579 ex
2124 3524 2317 3579 ordine
2356 3524 2537 3586 solum.
2579 3523 2777 3581 habent
2800 3525 2941 3593 quod
2973 3525 3039 3578 ad
3073 3523 3239 3576 Deum
3271 3534 3373 3575 er:

152 3613 464 3674 tendantur,
504 3626 689 3666 verum
721 3615 885 3666 etiam
929 3624 1012 3664 ex.
1030 3610 1247 3665 virtute.
1290 3610 1403 3665 Hoc
1450 3612 1594 3667 enim
1622 3622 1707 3669 est
1731 3616 1875 3684 quod
1911 3615 2075 3673 etiam
2105 3614 2396 3685 Gregorius
2416 3617 2722 3687 Theologus
2772 3619 2886 3671 ait:
2911 3614 3127 3670 ,Nescio
3189 3622 3370 3667 utrum

151 3716 215 3757 ex
244 3702 531 3771 splendore
555 3701 785 3756 habeant
807 3701 1075 3767 ordinem,
1130 3714 1197 3755 an
1248 3716 1314 3755 ex
1365 3703 1557 3758 ordine
1599 3704 1979 3775 splendorem;
2024 3708 2227 3769 etenim
2270 3708 2524 3764 virtutem
2574 3708 2775 3764 habent
2834 3701 3367 3778 supereminentem,

151 3808 203 3852 et
230 3796 481 3851 ordinem
520 3795 1007 3851 eminentissimum
1048 3803 1103 3848 et
1134 3794 1601 3851 sublimissitnum.
1639 3798 1708 3853 Et
1758 3800 1992 3867 idcirco,
2052 3811 2318 3871 quatenus
2362 3802 2578 3871 quidem
2635 3805 2887 3858 virtutem
2932 3802 3165 3865 habent,
3208 3801 3262 3854 in
3304 3816 3371 3859 eo

152 3890 293 3959 quod
339 3891 561 3946 omnino
612 3904 807 3959 purum
861 3897 916 3943 et
946 3890 1321 3943 inconcussum
1372 3898 1454 3945 est
1488 3891 1855 3961 stabiliuntur,
1912 3904 1969 3951 ct
2026 3909 2135 3951 non
2182 3903 2640 3965 conquassautur;
2695 3897 2797 3951 hoc
2833 3881 2977 3948 enim
3009 3903 3101 3950 est
3128 3890 3371 3962 ἀρρεπὲς

154 3996 246 4036 seu
299 3990 581 4045 constans,
645 3992 912 4060 quatenus
968 3996 1097 4035 vero
1140 3982 1384 4036 ordinem
1442 3983 1641 4040 habent
1677 3986 2162 4053 subiimissimum,
2208 3989 2279 4042 ad
2314 3985 2681 4042 intellectiiem
2724 3986 2975 4041 decorem
3010 3999 3077 4049 ac
3124 3993 3369 4045 contem-

153 4074 442 4141 plationem
481 4074 839 4128 adducuntur.
885 4073 1157 4141 Quantum
1207 4076 1331 4146 66
1377 4085 1557 4131 autem
1591 4076 1673 4133 fas
1705 4090 1759 4135 et
1797 4081 2054 4150 possibile
2088 4092 2174 4138 est
2201 4080 2540 4136 seientiticas
2572 4080 2736 4134 etiam
2791 4078 3098 4135 divinorum
3145 4089 3368 4147 operum

155 4166 417 4230 rationes,
446 4176 702 4237 tanquam
751 4165 939 4236 prima:
962 4176 1018 4221 et
1045 4182 1165 4237 qua:
1213 4166 1369 4236 juxta
1423 4168 1599 4225 Deum
1628 4182 1777 4238 sunt,
1810 4175 1884 4230 ab
1930 4175 2167 4245 ipsumet
2196 4173 2461 4230 sinitiandi
2506 4171 2807 4242 principio,
2857 4171 2911 4226 id
2940 4180 3024 4226 est
3052 4169 3198 4234 Deo,
3238 4182 3369 4223 eru-

155 4258 397 4314 diuntur.

226 4413 254 4485 ς
303 4413 398 4466 lli.
446 4412 614 4466 Τοῦτο
666 4412 882 4485 δηλοῦσι
934 4413 1026 4469 καὶ
1078 4416 1127 4469 oi
1185 4416 1455 4489 προφῆται
1510 4418 1713 4487 σαφῶς.
1749 4428 1795 4487 ι)

1749 4428 1795 4487 υ
1892 4412 2037 4487 ﬁlii.
2079 4413 2192 4469 Hoc
2215 4412 2699 4497 etiam’proplteta:
2738 4414 3021 4485 perspicue
3068 4418 3364 4480 declarant.

155 4501 337 4567 Τοῦτο,
366 4504 551 4567 ποῖον;
580 4504 660 4555 ὅτι
682 4505 738 4556 αι
780 4504 879 4574 μὲν
905 4504 1115 4573 πρῶται
1153 4504 1332 4572 τάξεις
1360 4509 1424 4561 ἐκ
1458 4507 1552 4562 τοῦ
1578 4509 1711 4563 Θεοῦ

1819 4508 1985 4576 Quale
2011 4505 2150 4562 hoc?
2192 4506 2333 4576 quod
2372 4506 2623 4561 nimirum
2673 4506 2831 4574 pritni
2882 4509 3099 4564 ordines
3141 4528 3207 4566 ex
3257 4513 3365 4568 Deo

156 4595 366 4665 ἀμέσως
392 4593 772 4664 ὲλλάμπονται,
803 4592 860 4647 ai
877 4595 934 4648 δὲ
955 4595 1235 4666 ὑφειμέναι
1251 4597 1338 4651 διά
1360 4598 1468 4651 τῶν
1490 4593 1713 4672 ὑπερδε-

1819 4599 2128 4675 immediate
2163 4595 2566 4660 collustrentur,
2600 4594 2884 4653 inferiores
2915 4616 3045 4655 vero
3075 4618 3173 4671 per
3207 4618 3365 4673 supe-

156 4681 411 4753 6ηκυιῶν.
459 4682 780 4748 Ἀποδείξεις
820 4682 997 4736 τοίνυν
1039 4683 1147 4738 τῶν
1186 4687 1485 4758 εἰρημένων
1531 4688 1709 4759 τίθησι

1817 4692 2012 4745 riores.
2062 4688 2501 4757 Scripturisticas
2550 4689 2734 4756 itaque
2770 4689 3041 4745 dictorum
3082 4694 3236 4750 affert
3266 4698 3363 4751 de-

155 4771 447 4841 γραφικάς,
476 4772 559 4825 ὅτι
582 4772 725 4835 τινὲς
751 4772 849 4842 μὲν
874 4770 982 4825 τῶν
1004 4770 1263 4843 θεολόγων
1294 4774 1585 4846 προφητῶν
1611 4776 1709 4840 τὰς

156 4862 553 4933 ὑποϐεϐηκυιας
574 4864 848 4932 εἰσάγουσι
880 4865 1183 4935 μυουμένας
1212 4866 1362 4937 παρά
1379 4867 1486 4922 τῶν
1512 4868 1708 4939 προτέ-

157 4962 279 5016 ρων,
309 4948 404 5001 τὸν
426 4946 905 5019 ἀνθρωποπρεπῶς
941 4950 1022 5014 είς
1053 4952 1311 5023 οὐρανοὺς
1350 4954 1711 5027 ἀναλαμϐανὰ

160 5054 328 5106 μενον,
358 5039 630 5108 λεγουσῶν
655 5040 713 5093 ὲν
747 5041 827 5112 τῷ
855 5040 1154 5114 ἐρωτᾶσθαι
1173 5058 1189 5074 ⁶
1220 5045 1314 5110 Τίς
1336 5045 1504 5099 ἐστιν
1535 5045 1709 5115 οὗτος

158 5128 510 5218 όῌβασαεὺς
551 5129 660 5199 τῆς
686 5130 901 5199 δόξηςξ
938 5131 1116 5198 καθὼς
1149 5135 1206 5189 ὲν
1235 5134 1313 5206 τῷ
1351 5137 1575 5218 εἰκοστῷ
1600 5140 1711 5209 τρί-

156 5214 228 5285 τῷ
262 5216 461 5289 ψαλμῷ
498 5220 527 5271 ὁ
565 5220 726 5273 Acuta
751 5220 917 5288 λέγει,
973 5226 1185 5292 Κύριος
1222 5225 1340 5277 τῶν
1370 5214 1708 5298 δυνάμεων,

158 5308 329 5375 αὐτός
365 5308 538 5363 ἐστιν
562 5313 595 5363 ό
622 5311 917 5379 ,βασιλεὺς
947 5312 1056 5381 τῆς
1082 5314 1281 5382 δόξης·
1317 5316 1461 5370 ἄλλοι
1500 5318 1707 5392 δραμα-

159 5398 468 5467 τωργοῦσιν
492 5400 659 5463 αὑτὰς
675 5402 809 5474 πρὸς
832 5404 992 5457 αὑτὸν
1006 5404 1362 5477 διαπορούσας
1383 5409 1470 5461 τὸν
1483 5409 1707 5483 Κύριον,

160 5486 245 5537 καὶ
269 5486 593 5559 γλιχομένας
624 5488 810 5558 μαθεῖν
837 5492 897 5545 τὸ
925 5492 1023 5562 τῆς
1052 5494 1188 5563 ὑπὲρ
1216 5494 1371 5565 ήμῶν
1403 5498 1707 5571 οἰκονομίας

162 5579 468 5648 μυστήριον,
490 5580 551 5632 τὸ
575 5578 729 5649 ἔργον
744 5581 803 5633 τὸ
820 5582 1091 5656 προσῆκον
1105 5582 1243 5657 Θεῷ-
1259 5583 1416 5638 τοῦτο
1436 5586 1543 5662 γάρ
1558 5589 1703 5647 ἐστιν

228 5768 249 5811 ί
277 5771 415 5828 Paul.
468 5788 627 5843 “tu,
676 5775 764 5834 10.

1818 4781 2275 4846 monstrationes;
2322 4782 2465 4849 quod
2516 4781 2679 4849 aliqui
2730 4782 2947 4850 quidem
2997 4785 3362 4856 theologorum

1816 4872 2199 4941 prophetarum
2252 4869 2539 4949 interiores
2602 4871 2948 4926 introducunt
3006 4888 3033 4925 a
3087 4877 3363 4943 prioribus

1815 4963 2054 5026 edoctas,
2087 4974 2215 5016 eum
2236 4963 2325 5033 qui
2362 4963 2597 5019 humana
2628 4965 2812 5033 specie
2835 4967 2901 5019 ad
2933 4966 3099 5020 caelos
3128 4983 3365 5024 assume-

1813 5051 1997 5119 batur,
2028 5051 2336 5107 dicentibus
2379 5068 2501 5107 cum
2530 5055 2930 5125 interrogarent
2957 5071 2971 5107 :
3009 5054 3139 5120 Qui:
3163 5071 3235 5111 eu
3265 5060 3362 5113 im

1816 5136 1906 5197 res
1982 5142 2163 5211 gloria:
2193 5138 2261 5195 τί
2291 5144 2431 5197 sicut
2463 5144 2514 5197 in
2551 5145 2804 5199 vicesimo
2838 5146 2996 5199 tertio
3025 5147 3226 5215 psalmo
3258 5140 3359 5201 Da-

1814 5233 1900 5285 vid
1930 5234 2043 5288 ait:
2074 5226 2591 5289 Dominua'oirtutttm
2625 5238 2729 5304 ipse
2771 5245 2845 5289 est
2893 5254 2986 5291 re:
3016 5239 3229 5308 gloria;
3266 5242 3354 5299 alii

1814 5335 2073 5393 personas
2099 5339 2283 5396 earum
2328 5328 2589 5383 inducunt
2647 5329 2790 5382 circa
2854 5331 3026 5398 ipsum
3070 5331 3353 5387 Dominum

1811 5416 2137 5480 dubitantes,
2161 5432 2226 5493 ac
2245 5416 2454 5473 discere
2483 5419 2763 5487 cupientes
2791 5423 3103 5490 mysterium
3140 5422 3357 5489 dispen-

1807 5505 2033 5561 sationis
2061 5512 2285 5576 uostraz,
2314 5510 2454 5579 quod
2482 5525 2616 5578 opus
2642 5508 2751 5565 Deo
2778 5514 3065 5581 competit;
3096 5514 3352 5600 quoniam

1807 5606 1993 5652 nosu'a
2046 5598 2401 5671 dispensatio,
2452 5600 2550 5657 Dei
2600 5598 2847 5672 operatio
2894 5598 3167 5661 cstzvere
3209 5605 3351 5660 enim
