  <div class='ocr_page' id='page_1' title='image "/cluster/home/n/w/nwhite01/storage/ocr_20150623/3/pst.000003853313/123.png"; bbox 0 0 4176 6308; ppageno 0'>
   <div class='ocr_carea' id='block_1_1' title="bbox 748 431 850 489">
    <p class='ocr_par' dir='ltr' id='par_1_1' title="bbox 748 431 850 489">
     <span class='ocr_line' id='line_1_1' title="bbox 748 431 850 489; baseline 0.029 -3"><span class='ocrx_word' id='word_1_1' title='bbox 748 431 850 489; x_wconf 60' lang='grc' dir='ltr'>ξονι</span> 
     </span>
    </p>
   </div>
   <div class='ocr_carea' id='block_1_2' title="bbox 1917 425 2813 487">
    <p class='ocr_par' dir='ltr' id='par_1_2' title="bbox 1917 425 2813 487">
     <span class='ocr_line' id='line_1_2' title="bbox 1917 425 2813 487; baseline 0 0"><span class='ocrx_word' id='word_1_2' title='bbox 1917 427 1975 487; x_wconf 90' lang='lat' dir='ltr'><strong>S.</strong></span> <span class='ocrx_word' id='word_1_3' title='bbox 2014 425 2312 487; x_wconf 75' lang='lat' dir='ltr'><strong>DIONYSII</strong></span> <span class='ocrx_word' id='word_1_4' title='bbox 2347 430 2437 485; x_wconf 82' lang='lat' dir='ltr'><strong>AR</strong></span> <span class='ocrx_word' id='word_1_5' title='bbox 2447 430 2813 487; x_wconf 63' lang='lat' dir='ltr'><strong>EOPAGITIE</strong></span> 
     </span>
    </p>
   </div>
   <div class='ocr_carea' id='block_1_3' title="bbox 3870 439 3983 496">
    <p class='ocr_par' dir='ltr' id='par_1_3' title="bbox 3870 439 3983 496">
     <span class='ocr_line' id='line_1_3' title="bbox 3870 439 3983 496; baseline 0.009 -1"><span class='ocrx_word' id='word_1_6' title='bbox 3870 439 3983 496; x_wconf 68' lang='lat'><strong>228</strong></span> 
     </span>
    </p>
   </div>
   <div class='ocr_carea' id='block_1_4' title="bbox 749 546 2344 629">
    <p class='ocr_par' dir='ltr' id='par_1_4' title="bbox 749 546 2344 617">
     <span class='ocr_line' id='line_1_4' title="bbox 749 546 2344 617; baseline 0.001 -18"><span class='ocrx_word' id='word_1_7' title='bbox 749 548 840 602; x_wconf 83' lang='lat' dir='ltr'><strong>Dei</strong></span> <span class='ocrx_word' id='word_1_8' title='bbox 873 561 1037 615; x_wconf 85' lang='lat' dir='ltr'><strong>opera</strong></span> <span class='ocrx_word' id='word_1_9' title='bbox 1060 556 1216 604; x_wconf 87' lang='lat' dir='ltr'><strong>erant</strong></span> <span class='ocrx_word' id='word_1_10' title='bbox 1246 560 1583 617; x_wconf 77' lang='lat' dir='ltr'><strong>quaecunque</strong></span> <span class='ocrx_word' id='word_1_11' title='bbox 1611 546 1677 602; x_wconf 87' lang='lat' dir='ltr'><strong>ad</strong></span> <span class='ocrx_word' id='word_1_12' title='bbox 1702 557 1947 601; x_wconf 89' lang='lat' dir='ltr'><strong>nostram</strong></span> <span class='ocrx_word' id='word_1_13' title='bbox 1978 551 2304 616; x_wconf 73' lang='lat' dir='ltr'><strong>spectabant</strong></span> <span class='ocrx_word' id='word_1_14' title='bbox 2334 585 2344 607; x_wconf 51' lang='grc' dir='ltr'><em>λ</em></span> 
     </span>
    </p>
   </div>
   <div class='ocr_carea' id='block_1_5' title="bbox 2416 546 3995 629">
    <p class='ocr_par' dir='ltr' id='par_1_5' title="bbox 2416 546 3995 629">
     <span class='ocr_line' id='line_1_5' title="bbox 2416 546 3995 629; baseline 0.006 -29"><span class='ocrx_word' id='word_1_15' title='bbox 2416 549 2440 619; x_wconf 75' lang='grc' dir='ltr'>ἡ</span> <span class='ocrx_word' id='word_1_16' title='bbox 2480 546 2758 617; x_wconf 82' lang='grc' dir='ltr'>θεουργία,</span> <span class='ocrx_word' id='word_1_17' title='bbox 2806 549 2839 618; x_wconf 85' lang='grc' dir='ltr'><strong>ή</strong></span> <span class='ocrx_word' id='word_1_18' title='bbox 2882 547 3021 619; x_wconf 82' lang='grc' dir='ltr'>ὑπὲρ</span> <span class='ocrx_word' id='word_1_19' title='bbox 3062 549 3220 619; x_wconf 80' lang='grc' dir='ltr'>ἡμῶν</span> <span class='ocrx_word' id='word_1_20' title='bbox 3260 551 3559 622; x_wconf 85' lang='grc' dir='ltr'>οίκονομία·</span> <span class='ocrx_word' id='word_1_21' title='bbox 3600 554 3737 619; x_wconf 65' lang='grc' dir='ltr'>Θεοῦ</span> <span class='ocrx_word' id='word_1_22' title='bbox 3775 555 3879 629; x_wconf 84' lang='grc' dir='ltr'><strong>γὰρ</strong></span> <span class='ocrx_word' id='word_1_23' title='bbox 3913 556 3995 621; x_wconf 87' lang='grc' dir='ltr'>ὡς</span> 
     </span>
    </p>
   </div>
   <div class='ocr_carea' id='block_1_6' title="bbox 746 639 2309 710">
    <p class='ocr_par' dir='ltr' id='par_1_6' title="bbox 746 639 2309 710">
     <span class='ocr_line' id='line_1_6' title="bbox 746 639 2309 710; baseline 0.001 -17"><span class='ocrx_word' id='word_1_24' title='bbox 746 641 1223 709; x_wconf 79' lang='lat' dir='ltr'><strong>dispensationem.</strong></span> <span class='ocrx_word' id='word_1_25' title='bbox 1259 640 1395 696; x_wconf 90' lang='lat' dir='ltr'><strong>Hinc</strong></span> <span class='ocrx_word' id='word_1_26' title='bbox 1437 639 1603 695; x_wconf 83' lang='lat' dir='ltr'><strong>Isaias</strong></span> <span class='ocrx_word' id='word_1_27' title='bbox 1665 641 1779 694; x_wconf 88' lang='lat' dir='ltr'><strong>ait:</strong></span> <span class='ocrx_word' id='word_1_28' title='bbox 1819 640 1952 705; x_wconf 71' lang='lat' dir='ltr'><strong>Qui:</strong></span> <span class='ocrx_word' id='word_1_29' title='bbox 1981 652 2055 695; x_wconf 81' lang='lat' dir='ltr'><strong>est</strong></span> <span class='ocrx_word' id='word_1_30' title='bbox 2087 643 2181 694; x_wconf 83' lang='lat' dir='ltr'><strong>iste</strong></span> <span class='ocrx_word' id='word_1_31' title='bbox 2218 643 2309 710; x_wconf 82' lang='lat' dir='ltr'><strong>qui</strong></span> 
     </span>
    </p>
   </div>
   <div class='ocr_carea' id='block_1_7' title="bbox 745 730 2310 798">
    <p class='ocr_par' dir='ltr' id='par_1_7' title="bbox 745 730 2310 798">
     <span class='ocr_line' id='line_1_7' title="bbox 745 730 2310 798; baseline 0.002 -14"><span class='ocrx_word' id='word_1_32' title='bbox 745 732 883 784; x_wconf 84' lang='lat' dir='ltr'><strong>venit</strong></span> <span class='ocrx_word' id='word_1_33' title='bbox 923 748 986 786; x_wconf 73' lang='lat' dir='ltr'><strong>ex</strong></span> <span class='ocrx_word' id='word_1_34' title='bbox 1012 730 1178 785; x_wconf 77' lang='lat' dir='ltr'><strong>Edam</strong></span> <span class='ocrx_word' id='word_1_35' title='bbox 1207 736 1230 773; x_wconf 78' lang='grc'>8</span> <span class='ocrx_word' id='word_1_36' title='bbox 1259 734 1282 786; x_wconf 85' lang='lat'><strong>?</strong></span> <span class='ocrx_word' id='word_1_37' title='bbox 1318 744 1402 788; x_wconf 88' lang='lat' dir='ltr'><strong>et:</strong></span> <span class='ocrx_word' id='word_1_38' title='bbox 1438 732 1615 798; x_wconf 78' lang='lat' dir='ltr'><strong>Quare</strong></span> <span class='ocrx_word' id='word_1_39' title='bbox 1654 734 1813 786; x_wconf 86' lang='lat' dir='ltr'><strong>rubra</strong></span> <span class='ocrx_word' id='word_1_40' title='bbox 1850 743 1969 785; x_wconf 81' lang='lat' dir='ltr'><strong>sunt</strong></span> <span class='ocrx_word' id='word_1_41' title='bbox 2009 735 2310 787; x_wconf 81' lang='lat' dir='ltr'><strong>vestimenta</strong></span> 
     </span>
    </p>
   </div>
   <div class='ocr_carea' id='block_1_8' title="bbox 745 823 2312 893">
    <p class='ocr_par' dir='ltr' id='par_1_8' title="bbox 745 823 2312 893">
     <span class='ocr_line' id='line_1_8' title="bbox 745 823 2312 893; baseline 0.003 -18"><span class='ocrx_word' id='word_1_42' title='bbox 745 834 834 876; x_wconf 81' lang='lat' dir='ltr'><strong>tua</strong></span> <span class='ocrx_word' id='word_1_43' title='bbox 862 824 889 862; x_wconf 74' lang='grc' dir='ltr'>ιι</span> <span class='ocrx_word' id='word_1_44' title='bbox 916 823 939 876; x_wconf 83' lang='lat'><strong>?</strong></span> <span class='ocrx_word' id='word_1_45' title='bbox 970 824 1098 878; x_wconf 91' lang='lat' dir='ltr'><strong>illud</strong></span> <span class='ocrx_word' id='word_1_46' title='bbox 1130 825 1196 879; x_wconf 84' lang='lat' dir='ltr'><strong>ad</strong></span> <span class='ocrx_word' id='word_1_47' title='bbox 1227 826 1566 893; x_wconf 87' lang='lat' dir='ltr'><strong>semetipsas,</strong></span> <span class='ocrx_word' id='word_1_48' title='bbox 1595 825 1698 879; x_wconf 90' lang='lat' dir='ltr'><strong>hoc</strong></span> <span class='ocrx_word' id='word_1_49' title='bbox 1726 825 1791 877; x_wconf 91' lang='lat' dir='ltr'><strong>ad</strong></span> <span class='ocrx_word' id='word_1_50' title='bbox 1815 824 2088 879; x_wconf 77' lang='lat' dir='ltr'><strong>Christum</strong></span> <span class='ocrx_word' id='word_1_51' title='bbox 2122 824 2312 879; x_wconf 86' lang='lat' dir='ltr'><strong>Salva-</strong></span> 
     </span>
    </p>
   </div>
   <div class='ocr_carea' id='block_1_9' title="bbox 747 915 2307 985">
    <p class='ocr_par' dir='ltr' id='par_1_9' title="bbox 747 915 2307 985">
     <span class='ocr_line' id='line_1_9' title="bbox 747 915 2307 985; baseline 0.002 -17"><span class='ocrx_word' id='word_1_52' title='bbox 747 924 919 970; x_wconf 83' lang='lat' dir='ltr'><strong>tcrem</strong></span> <span class='ocrx_word' id='word_1_53' title='bbox 950 917 1183 984; x_wconf 75' lang='lat' dir='ltr'><strong>dixisse;</strong></span> <span class='ocrx_word' id='word_1_54' title='bbox 1214 917 1410 984; x_wconf 85' lang='lat' dir='ltr'><strong>quibus</strong></span> <span class='ocrx_word' id='word_1_55' title='bbox 1448 915 1699 971; x_wconf 83' lang='lat' dir='ltr'><strong>Salvator</strong></span> <span class='ocrx_word' id='word_1_56' title='bbox 1746 918 1861 984; x_wconf 88' lang='lat' dir='ltr'><strong>ipse</strong></span> <span class='ocrx_word' id='word_1_57' title='bbox 1899 930 1995 985; x_wconf 90' lang='lat' dir='ltr'><strong>per</strong></span> <span class='ocrx_word' id='word_1_58' title='bbox 2037 932 2095 971; x_wconf 90' lang='lat' dir='ltr'><strong>se</strong></span> <span class='ocrx_word' id='word_1_59' title='bbox 2138 918 2307 983; x_wconf 88' lang='lat' dir='ltr'><strong>prima</strong></span> 
     </span>
    </p>
   </div>
   <div class='ocr_carea' id='block_1_10' title="bbox 747 1006 2311 1077">
    <p class='ocr_par' dir='ltr' id='par_1_10' title="bbox 747 1006 2311 1077">
     <span class='ocr_line' id='line_1_10' title="bbox 747 1006 2311 1077; baseline 0.001 -19"><span class='ocrx_word' id='word_1_60' title='bbox 747 1006 1055 1077; x_wconf 75' lang='lat' dir='ltr'><strong>largitione,</strong></span> <span class='ocrx_word' id='word_1_61' title='bbox 1085 1018 1141 1063; x_wconf 91' lang='lat' dir='ltr'><strong>et</strong></span> <span class='ocrx_word' id='word_1_62' title='bbox 1180 1023 1284 1062; x_wconf 92' lang='lat' dir='ltr'><strong>non</strong></span> <span class='ocrx_word' id='word_1_63' title='bbox 1319 1023 1415 1076; x_wconf 86' lang='lat' dir='ltr'><strong>per</strong></span> <span class='ocrx_word' id='word_1_64' title='bbox 1447 1008 1636 1072; x_wconf 88' lang='lat' dir='ltr'><strong>alium,</strong></span> <span class='ocrx_word' id='word_1_65' title='bbox 1668 1007 1977 1062; x_wconf 82' lang='lat' dir='ltr'><strong>manifestat</strong></span> <span class='ocrx_word' id='word_1_66' title='bbox 2018 1023 2168 1061; x_wconf 86' lang='lat' dir='ltr'><strong>suam</strong></span> <span class='ocrx_word' id='word_1_67' title='bbox 2214 1010 2311 1061; x_wconf 92' lang='lat' dir='ltr'><strong>hu-</strong></span> 
     </span>
    </p>
   </div>
   <div class='ocr_carea' id='block_1_11' title="bbox 749 1100 2312 1171">
    <p class='ocr_par' dir='ltr' id='par_1_11' title="bbox 749 1100 2312 1171">
     <span class='ocr_line' id='line_1_11' title="bbox 749 1100 2312 1171; baseline -0.001 -16"><span class='ocrx_word' id='word_1_68' title='bbox 749 1115 965 1155; x_wconf 88' lang='lat' dir='ltr'><strong>manam</strong></span> <span class='ocrx_word' id='word_1_69' title='bbox 1018 1101 1455 1157; x_wconf 77' lang='lat' dir='ltr'><strong>beneﬁcentiam.</strong></span> <span class='ocrx_word' id='word_1_70' title='bbox 1486 1100 1597 1171; x_wconf 84' lang='lat' dir='ltr'><strong>Ego</strong></span> <span class='ocrx_word' id='word_1_71' title='bbox 1644 1101 1815 1161; x_wconf 89' lang='lat' dir='ltr'><strong>enim,</strong></span> <span class='ocrx_word' id='word_1_72' title='bbox 1848 1100 2055 1170; x_wconf 85' lang='lat' dir='ltr'><strong>inquit,</strong></span> <span class='ocrx_word' id='word_1_73' title='bbox 2103 1101 2193 1170; x_wconf 83' lang='lat' dir='ltr'><strong>qui</strong></span> <span class='ocrx_word' id='word_1_74' title='bbox 2234 1100 2312 1153; x_wconf 85' lang='lat' dir='ltr'><strong>Io-</strong></span> 
     </span>
    </p>
   </div>
   <div class='ocr_carea' id='block_1_12' title="bbox 747 1190 2307 1261">
    <p class='ocr_par' dir='ltr' id='par_1_12' title="bbox 747 1190 2307 1261">
     <span class='ocr_line' id='line_1_12' title="bbox 747 1190 2307 1261; baseline 0.001 -17"><span class='ocrx_word' id='word_1_75' title='bbox 747 1207 878 1261; x_wconf 87' lang='lat' dir='ltr'><strong>quor</strong></span> <span class='ocrx_word' id='word_1_76' title='bbox 917 1192 1185 1261; x_wconf 70' lang='lat' dir='ltr'><strong>justitiam</strong></span> <span class='ocrx_word' id='word_1_77' title='bbox 1212 1233 1226 1259; x_wconf 97' lang='lat'><strong>,</strong></span> <span class='ocrx_word' id='word_1_78' title='bbox 1268 1204 1316 1246; x_wconf 86' lang='lat' dir='ltr'><strong>et</strong></span> <span class='ocrx_word' id='word_1_79' title='bbox 1343 1193 1609 1261; x_wconf 78' lang='lat' dir='ltr'><strong>judicium</strong></span> <span class='ocrx_word' id='word_1_80' title='bbox 1650 1192 1903 1245; x_wconf 78' lang='lat' dir='ltr'><strong>salutaris</strong></span> <span class='ocrx_word' id='word_1_81' title='bbox 1934 1193 1977 1244; x_wconf 81' lang='grc' dir='ltr'><strong>ί.</strong></span> <span class='ocrx_word' id='word_1_82' title='bbox 2018 1190 2307 1258; x_wconf 81' lang='lat' dir='ltr'><strong>Hactenus,</strong></span> 
     </span>
    </p>
   </div>
   <div class='ocr_carea' id='block_1_13' title="bbox 754 1280 2306 1352">
    <p class='ocr_par' dir='ltr' id='par_1_13' title="bbox 754 1280 2306 1352">
     <span class='ocr_line' id='line_1_13' title="bbox 754 1280 2306 1352; baseline -0.001 -15"><span class='ocrx_word' id='word_1_83' title='bbox 754 1292 975 1338; x_wconf 75' lang='lat' dir='ltr'><strong>sanctus</strong></span> <span class='ocrx_word' id='word_1_84' title='bbox 1006 1300 1127 1339; x_wconf 91' lang='lat' dir='ltr'><strong>cum</strong></span> <span class='ocrx_word' id='word_1_85' title='bbox 1156 1286 1245 1339; x_wconf 89' lang='lat' dir='ltr'><strong>hic</strong></span> <span class='ocrx_word' id='word_1_86' title='bbox 1277 1285 1583 1338; x_wconf 86' lang='lat' dir='ltr'><strong>iutroducat</strong></span> <span class='ocrx_word' id='word_1_87' title='bbox 1605 1280 1847 1338; x_wconf 85' lang='lat' dir='ltr'><strong>Virtutes</strong></span> <span class='ocrx_word' id='word_1_88' title='bbox 1879 1284 2306 1352; x_wconf 81' lang='lat' dir='ltr'><strong>interrogantes,</strong></span> 
     </span>
    </p>
   </div>
   <div class='ocr_carea' id='block_1_14' title="bbox 751 1373 2312 1443">
    <p class='ocr_par' dir='ltr' id='par_1_14' title="bbox 751 1373 2312 1443">
     <span class='ocr_line' id='line_1_14' title="bbox 751 1373 2312 1443; baseline 0.004 -19"><span class='ocrx_word' id='word_1_89' title='bbox 751 1387 855 1426; x_wconf 87' lang='lat' dir='ltr'><strong>non</strong></span> <span class='ocrx_word' id='word_1_90' title='bbox 908 1373 1119 1443; x_wconf 86' lang='lat' dir='ltr'><strong>aliquos</strong></span> <span class='ocrx_word' id='word_1_91' title='bbox 1155 1375 1289 1428; x_wconf 89' lang='lat' dir='ltr'><strong>alios</strong></span> <span class='ocrx_word' id='word_1_92' title='bbox 1318 1374 1539 1429; x_wconf 86' lang='lat' dir='ltr'><strong>ordines</strong></span> <span class='ocrx_word' id='word_1_93' title='bbox 1570 1373 1881 1439; x_wconf 79' lang='lat' dir='ltr'><strong>inferiores,</strong></span> <span class='ocrx_word' id='word_1_94' title='bbox 1928 1376 2019 1428; x_wconf 88' lang='lat' dir='ltr'><strong>sed</strong></span> <span class='ocrx_word' id='word_1_95' title='bbox 2052 1374 2312 1443; x_wconf 90' lang='lat' dir='ltr'><strong>ipsosmet</strong></span> 
     </span>
    </p>
   </div>
   <div class='ocr_carea' id='block_1_15' title="bbox 749 1465 2310 1536">
    <p class='ocr_par' dir='ltr' id='par_1_15' title="bbox 749 1465 2310 1536">
     <span class='ocr_line' id='line_1_15' title="bbox 749 1465 2310 1536; baseline 0.003 -19"><span class='ocrx_word' id='word_1_96' title='bbox 749 1479 1032 1533; x_wconf 87' lang='lat' dir='ltr'><strong>supremos</strong></span> <span class='ocrx_word' id='word_1_97' title='bbox 1060 1481 1124 1519; x_wconf 91' lang='lat' dir='ltr'><strong>ac</strong></span> <span class='ocrx_word' id='word_1_98' title='bbox 1155 1467 1359 1536; x_wconf 90' lang='lat' dir='ltr'><strong>primos</strong></span> <span class='ocrx_word' id='word_1_99' title='bbox 1409 1466 1500 1536; x_wconf 91' lang='lat' dir='ltr'><strong>qui</strong></span> <span class='ocrx_word' id='word_1_100' title='bbox 1550 1466 1715 1519; x_wconf 87' lang='lat' dir='ltr'><strong>etiam</strong></span> <span class='ocrx_word' id='word_1_101' title='bbox 1755 1465 2068 1519; x_wconf 86' lang='lat' dir='ltr'><strong>immediate</strong></span> <span class='ocrx_word' id='word_1_102' title='bbox 2099 1465 2310 1521; x_wconf 91' lang='lat' dir='ltr'><strong>divinas</strong></span> 
     </span>
    </p>
   </div>
   <div class='ocr_carea' id='block_1_16' title="bbox 751 1554 2309 1627">
    <p class='ocr_par' dir='ltr' id='par_1_16' title="bbox 751 1554 2309 1627">
     <span class='ocr_line' id='line_1_16' title="bbox 751 1554 2309 1627; baseline 0 -18"><span class='ocrx_word' id='word_1_103' title='bbox 751 1554 1069 1623; x_wconf 74' lang='lat' dir='ltr'><strong>disciplinas</strong></span> <span class='ocrx_word' id='word_1_104' title='bbox 1092 1557 1390 1627; x_wconf 81' lang='lat' dir='ltr'><strong>excipiunt.</strong></span> <span class='ocrx_word' id='word_1_105' title='bbox 1418 1556 1605 1620; x_wconf 74' lang='lat' dir='ltr'><strong>Miror,</strong></span> <span class='ocrx_word' id='word_1_106' title='bbox 1638 1557 1834 1627; x_wconf 85' lang='lat' dir='ltr'><strong>inquit,</strong></span> <span class='ocrx_word' id='word_1_107' title='bbox 1854 1557 2123 1625; x_wconf 91' lang='lat' dir='ltr'><strong>quomodo</strong></span> <span class='ocrx_word' id='word_1_108' title='bbox 2146 1557 2309 1610; x_wconf 88' lang='lat' dir='ltr'><strong>etiam</strong></span> 
     </span>
    </p>
   </div>
   <div class='ocr_carea' id='block_1_17' title="bbox 750 1648 2311 1717">
    <p class='ocr_par' dir='ltr' id='par_1_17' title="bbox 750 1648 2311 1717">
     <span class='ocr_line' id='line_1_17' title="bbox 750 1648 2311 1717; baseline 0 -17"><span class='ocrx_word' id='word_1_109' title='bbox 750 1649 880 1715; x_wconf 62' lang='lat' dir='ltr'><strong>ipsa:</strong></span> <span class='ocrx_word' id='word_1_110' title='bbox 951 1649 1138 1717; x_wconf 64' lang='lat' dir='ltr'><strong>prima:</strong></span> <span class='ocrx_word' id='word_1_111' title='bbox 1185 1648 1487 1703; x_wconf 66' lang='lat' dir='ltr'><strong>caelestium</strong></span> <span class='ocrx_word' id='word_1_112' title='bbox 1538 1650 1941 1712; x_wconf 80' lang='lat' dir='ltr'><strong>essentiarum,</strong></span> <span class='ocrx_word' id='word_1_113' title='bbox 1989 1658 2311 1715; x_wconf 84' lang='lat' dir='ltr'><strong>tantumque</strong></span> 
     </span>
    </p>
   </div>
   <div class='ocr_carea' id='block_1_18' title="bbox 748 1738 2309 1809">
    <p class='ocr_par' dir='ltr' id='par_1_18' title="bbox 748 1738 2309 1809">
     <span class='ocr_line' id='line_1_18' title="bbox 748 1738 2309 1809; baseline -0.001 -17"><span class='ocrx_word' id='word_1_114' title='bbox 748 1740 959 1793; x_wconf 60' lang='lat' dir='ltr'><strong>ceteris</strong></span> <span class='ocrx_word' id='word_1_115' title='bbox 994 1750 1333 1809; x_wconf 63' lang='lat' dir='ltr'><strong>praestantes,</strong></span> <span class='ocrx_word' id='word_1_116' title='bbox 1368 1741 1672 1794; x_wconf 77' lang='lat' dir='ltr'><strong>divinarum</strong></span> <span class='ocrx_word' id='word_1_117' title='bbox 1705 1740 2130 1793; x_wconf 88' lang='lat' dir='ltr'><strong>illustrationum</strong></span> <span class='ocrx_word' id='word_1_118' title='bbox 2161 1738 2309 1791; x_wconf 88' lang='lat' dir='ltr'><strong>desi-</strong></span> 
     </span>
    </p>
   </div>
   <div class='ocr_carea' id='block_1_19' title="bbox 749 1828 2307 1894">
    <p class='ocr_par' dir='ltr' id='par_1_19' title="bbox 749 1828 2307 1894">
     <span class='ocr_line' id='line_1_19' title="bbox 749 1828 2307 1894; baseline 0 -13"><span class='ocrx_word' id='word_1_119' title='bbox 749 1828 901 1883; x_wconf 82' lang='lat' dir='ltr'><strong>derio</strong></span> <span class='ocrx_word' id='word_1_120' title='bbox 932 1830 1001 1883; x_wconf 87' lang='lat' dir='ltr'><strong>ita</strong></span> <span class='ocrx_word' id='word_1_121' title='bbox 1032 1840 1344 1885; x_wconf 82' lang='lat' dir='ltr'><strong>reverenter</strong></span> <span class='ocrx_word' id='word_1_122' title='bbox 1372 1830 1694 1894; x_wconf 68' lang='lat' dir='ltr'><strong>adiciantur,</strong></span> <span class='ocrx_word' id='word_1_123' title='bbox 1728 1840 1784 1883; x_wconf 88' lang='lat' dir='ltr'><strong>ut</strong></span> <span class='ocrx_word' id='word_1_124' title='bbox 1808 1830 2021 1885; x_wconf 89' lang='lat' dir='ltr'><strong>discant</strong></span> <span class='ocrx_word' id='word_1_125' title='bbox 2051 1828 2213 1882; x_wconf 89' lang='lat' dir='ltr'><strong>etiam</strong></span> <span class='ocrx_word' id='word_1_126' title='bbox 2240 1828 2307 1881; x_wconf 91' lang='lat' dir='ltr'><strong>ab</strong></span> 
     </span>
    </p>
   </div>
   <div class='ocr_carea' id='block_1_20' title="bbox 2412 636 3995 715">
    <p class='ocr_par' dir='ltr' id='par_1_20' title="bbox 2412 636 3995 715">
     <span class='ocr_line' id='line_1_20' title="bbox 2412 636 3995 715; baseline 0.003 -22"><span class='ocrx_word' id='word_1_127' title='bbox 2412 639 2629 711; x_wconf 89' lang='grc' dir='ltr'>ἀληθῶς</span> <span class='ocrx_word' id='word_1_128' title='bbox 2659 639 2797 711; x_wconf 81' lang='grc' dir='ltr'>ἔργα</span> <span class='ocrx_word' id='word_1_129' title='bbox 2837 636 2903 709; x_wconf 79' lang='grc' dir='ltr'>ἦν</span> <span class='ocrx_word' id='word_1_130' title='bbox 2930 640 2999 692; x_wconf 87' lang='grc' dir='ltr'>τὰ</span> <span class='ocrx_word' id='word_1_131' title='bbox 3034 642 3173 693; x_wconf 88' lang='grc' dir='ltr'><strong>κατά</strong></span> <span class='ocrx_word' id='word_1_132' title='bbox 3205 640 3304 711; x_wconf 81' lang='grc' dir='ltr'><strong>τὴν</strong></span> <span class='ocrx_word' id='word_1_133' title='bbox 3344 643 3652 715; x_wconf 75' lang='grc' dir='ltr'>οἰκονομίαν</span> <span class='ocrx_word' id='word_1_134' title='bbox 3695 646 3886 700; x_wconf 87' lang='grc' dir='ltr'>πάντα.</span> <span class='ocrx_word' id='word_1_135' title='bbox 3933 648 3995 700; x_wconf 84' lang='grc'><strong>’0</strong></span> 
     </span>
    </p>
   </div>
   <div class='ocr_carea' id='block_1_21' title="bbox 2424 728 3997 805">
    <p class='ocr_par' dir='ltr' id='par_1_21' title="bbox 2424 728 3997 805">
     <span class='ocr_line' id='line_1_21' title="bbox 2424 728 3997 805; baseline 0.006 -25"><span class='ocrx_word' id='word_1_136' title='bbox 2424 728 2652 792; x_wconf 77' lang='grc' dir='ltr'>Ἡσαΐας</span> <span class='ocrx_word' id='word_1_137' title='bbox 2681 728 2863 781; x_wconf 83' lang='grc' dir='ltr'>τοίνυν</span> <span class='ocrx_word' id='word_1_138' title='bbox 2895 730 3047 799; x_wconf 76' lang='grc' dir='ltr'>φησί’</span> <span class='ocrx_word' id='word_1_139' title='bbox 3083 730 3176 794; x_wconf 84' lang='grc' dir='ltr'><em>Τις</em></span> <span class='ocrx_word' id='word_1_140' title='bbox 3208 731 3384 797; x_wconf 80' lang='grc' dir='ltr'>οὗτος</span> <span class='ocrx_word' id='word_1_141' title='bbox 3433 735 3465 785; x_wconf 83' lang='grc' dir='ltr'><strong>ό</strong></span> <span class='ocrx_word' id='word_1_142' title='bbox 3516 737 3997 805; x_wconf 76' lang='grc' dir='ltr'>παραγενόμενος</span> 
     </span>
    </p>
   </div>
   <div class='ocr_carea' id='block_1_22' title="bbox 2408 820 3993 895">
    <p class='ocr_par' dir='ltr' id='par_1_22' title="bbox 2408 820 3993 895">
     <span class='ocr_line' id='line_1_22' title="bbox 2408 820 3993 895; baseline 0.005 -20"><span class='ocrx_word' id='word_1_143' title='bbox 2408 820 2479 885; x_wconf 77' lang='grc' dir='ltr'><strong>ἐξ</strong></span> <span class='ocrx_word' id='word_1_144' title='bbox 2513 821 2734 890; x_wconf 82' lang='grc' dir='ltr'>Ἐδώμ;</span> <span class='ocrx_word' id='word_1_145' title='bbox 2783 824 2894 887; x_wconf 76' lang='grc' dir='ltr'>καὶ,</span> <span class='ocrx_word' id='word_1_146' title='bbox 2932 824 3063 877; x_wconf 81' lang='grc' dir='ltr'><strong>Ἵνα</strong></span> <span class='ocrx_word' id='word_1_147' title='bbox 3106 825 3163 877; x_wconf 84' lang='grc' dir='ltr'><strong>τι</strong></span> <span class='ocrx_word' id='word_1_148' title='bbox 3212 840 3327 878; x_wconf 85' lang='grc' dir='ltr'><strong>σου</strong></span> <span class='ocrx_word' id='word_1_149' title='bbox 3368 824 3585 893; x_wconf 80' lang='grc' dir='ltr'>ἐρυθρὰ</span> <span class='ocrx_word' id='word_1_150' title='bbox 3632 828 3702 881; x_wconf 86' lang='grc' dir='ltr'>τὰ</span> <span class='ocrx_word' id='word_1_151' title='bbox 3753 828 3993 895; x_wconf 62' lang='lat' dir='ltr'><strong>(Mrta;</strong></span> 
     </span>
    </p>
   </div>
   <div class='ocr_carea' id='block_1_23' title="bbox 2410 912 3991 989">
    <p class='ocr_par' dir='ltr' id='par_1_23' title="bbox 2410 912 3991 989">
     <span class='ocr_line' id='line_1_23' title="bbox 2410 912 3991 989; baseline 0.004 -25"><span class='ocrx_word' id='word_1_152' title='bbox 2410 912 2587 966; x_wconf 81' lang='grc' dir='ltr'>ἐκεῖνο</span> <span class='ocrx_word' id='word_1_153' title='bbox 2616 913 2753 984; x_wconf 88' lang='grc' dir='ltr'>πρὸς</span> <span class='ocrx_word' id='word_1_154' title='bbox 2775 912 2993 978; x_wconf 79' lang='grc' dir='ltr'>ἐαυτὰς,</span> <span class='ocrx_word' id='word_1_155' title='bbox 3017 913 3172 967; x_wconf 79' lang='grc' dir='ltr'>τοῦτο</span> <span class='ocrx_word' id='word_1_156' title='bbox 3203 914 3338 985; x_wconf 85' lang='grc' dir='ltr'>πρὸς</span> <span class='ocrx_word' id='word_1_157' title='bbox 3352 914 3443 969; x_wconf 83' lang='grc' dir='ltr'><strong>τὸν</strong></span> <span class='ocrx_word' id='word_1_158' title='bbox 3471 916 3699 989; x_wconf 85' lang='grc' dir='ltr'><strong>Σωτῆρα</strong></span> <span class='ocrx_word' id='word_1_159' title='bbox 3726 918 3991 989; x_wconf 85' lang='grc' dir='ltr'>Χριστὸν.</span> 
     </span>
    </p>
   </div>
   <div class='ocr_carea' id='block_1_24' title="bbox 2411 1004 3991 1080">
    <p class='ocr_par' dir='ltr' id='par_1_24' title="bbox 2411 1004 3991 1080">
     <span class='ocr_line' id='line_1_24' title="bbox 2411 1004 3991 1080; baseline 0.004 -23"><span class='ocrx_word' id='word_1_160' title='bbox 2411 1004 2556 1075; x_wconf 86' lang='grc' dir='ltr'>Πρὸς</span> <span class='ocrx_word' id='word_1_161' title='bbox 2583 1005 2649 1068; x_wconf 81' lang='grc' dir='ltr'>ἃς</span> <span class='ocrx_word' id='word_1_162' title='bbox 2684 1008 2712 1058; x_wconf 86' lang='grc' dir='ltr'>ὁ</span> <span class='ocrx_word' id='word_1_163' title='bbox 2742 1006 2929 1077; x_wconf 83' lang='grc' dir='ltr'>Σωτὴρ</span> <span class='ocrx_word' id='word_1_164' title='bbox 2960 1006 3308 1077; x_wconf 84' lang='grc' dir='ltr'>πρωτοδότως</span> <span class='ocrx_word' id='word_1_165' title='bbox 3332 1009 3427 1060; x_wconf 70' lang='grc' dir='ltr'><strong>καὶ</strong></span> <span class='ocrx_word' id='word_1_166' title='bbox 3453 1010 3615 1073; x_wconf 84' lang='grc' dir='ltr'>αὑτὸς</span> <span class='ocrx_word' id='word_1_167' title='bbox 3638 1014 3729 1080; x_wconf 85' lang='grc' dir='ltr'><strong>ἀφ’</strong></span> <span class='ocrx_word' id='word_1_168' title='bbox 3767 1012 3991 1077; x_wconf 78' lang='grc' dir='ltr'>ἑαυτοῦ,</span> 
     </span>
    </p>
   </div>
   <div class='ocr_carea' id='block_1_25' title="bbox 2410 1097 3994 1176">
    <p class='ocr_par' dir='ltr' id='par_1_25' title="bbox 2410 1097 3994 1176">
     <span class='ocr_line' id='line_1_25' title="bbox 2410 1097 3994 1176; baseline 0.006 -26"><span class='ocrx_word' id='word_1_169' title='bbox 2410 1097 2504 1150; x_wconf 74' lang='grc' dir='ltr'><strong>καὶ</strong></span> <span class='ocrx_word' id='word_1_170' title='bbox 2533 1097 2594 1150; x_wconf 85' lang='grc' dir='ltr'><strong>οὐ</strong></span> <span class='ocrx_word' id='word_1_171' title='bbox 2637 1097 2704 1150; x_wconf 82' lang='grc' dir='ltr'>δι’</span> <span class='ocrx_word' id='word_1_172' title='bbox 2750 1098 2943 1161; x_wconf 72' lang='grc' dir='ltr'>ἄλλου,</span> <span class='ocrx_word' id='word_1_173' title='bbox 2988 1098 3233 1167; x_wconf 79' lang='grc' dir='ltr'>ἐκφαίνει</span> <span class='ocrx_word' id='word_1_174' title='bbox 3264 1100 3362 1170; x_wconf 82' lang='grc' dir='ltr'>τὴν</span> <span class='ocrx_word' id='word_1_175' title='bbox 3402 1101 3565 1153; x_wconf 81' lang='grc' dir='ltr'>αὑτοῦ</span> <span class='ocrx_word' id='word_1_176' title='bbox 3610 1104 3994 1176; x_wconf 66' lang='grc' dir='ltr'>φιλάνθρωπον</span> 
     </span>
    </p>
   </div>
   <div class='ocr_carea' id='block_1_26' title="bbox 2414 1189 3993 1262">
    <p class='ocr_par' dir='ltr' id='par_1_26' title="bbox 2414 1189 3993 1262">
     <span class='ocr_line' id='line_1_26' title="bbox 2414 1189 3993 1262; baseline 0.004 -20"><span class='ocrx_word' id='word_1_177' title='bbox 2414 1189 2800 1261; x_wconf 86' lang='grc' dir='ltr'>ἀγαθουργίαν.</span> <span class='ocrx_word' id='word_1_178' title='bbox 2846 1190 2989 1259; x_wconf 76' lang='grc' dir='ltr'><strong>Ἐγὼ</strong></span> <span class='ocrx_word' id='word_1_179' title='bbox 3004 1190 3135 1259; x_wconf 79' lang='grc' dir='ltr'>γὰρ,</span> <span class='ocrx_word' id='word_1_180' title='bbox 3155 1192 3307 1262; x_wconf 69' lang='grc' dir='ltr'>φησὶ,</span> <span class='ocrx_word' id='word_1_181' title='bbox 3327 1190 3667 1262; x_wconf 69' lang='grc' dir='ltr'>διαλέγομαι</span> <span class='ocrx_word' id='word_1_182' title='bbox 3685 1194 3993 1249; x_wconf 69' lang='grc' dir='ltr'>δικαιοσύ-</span> 
     </span>
    </p>
   </div>
   <div class='ocr_carea' id='block_1_27' title="bbox 2410 1250 3991 1352">
    <p class='ocr_par' dir='ltr' id='par_1_27' title="bbox 2410 1250 3991 1352">
     <span class='ocr_line' id='line_1_27' title="bbox 2410 1250 3991 1352; baseline 0.002 -20"><span class='ocrx_word' id='word_1_183' title='bbox 2410 1250 2547 1346; x_wconf 64' lang='grc' dir='ltr'><strong>νῆν,</strong></span> <span class='ocrx_word' id='word_1_184' title='bbox 2709 1250 3260 1346; x_wconf 44' lang='grc' dir='ltr'>κρίσιν’σώτῆρίού.</span> <span class='ocrx_word' id='word_1_185' title='bbox 3289 1250 3438 1341; x_wconf 77' lang='grc' dir='ltr'>Τέώς</span> <span class='ocrx_word' id='word_1_186' title='bbox 3460 1250 3535 1342; x_wconf 65' lang='grc' dir='ltr'>δέ,</span> <span class='ocrx_word' id='word_1_187' title='bbox 3560 1250 3681 1332; x_wconf 79' lang='grc' dir='ltr'>ἐπεὶ</span> <span class='ocrx_word' id='word_1_188' title='bbox 3710 1281 3991 1352; x_wconf 81' lang='grc' dir='ltr'>ἐκλαμϐά-</span> 
     </span>
    </p>
   </div>
   <div class='ocr_carea' id='block_1_28' title="bbox 2410 1371 3993 1442">
    <p class='ocr_par' dir='ltr' id='par_1_28' title="bbox 2410 1371 3993 1442">
     <span class='ocr_line' id='line_1_28' title="bbox 2410 1371 3993 1442; baseline 0.002 -18"><span class='ocrx_word' id='word_1_189' title='bbox 2410 1389 2489 1425; x_wconf 89' lang='grc' dir='ltr'><strong>νει</strong></span> <span class='ocrx_word' id='word_1_190' title='bbox 2518 1371 2615 1435; x_wconf 77' lang='grc' dir='ltr'>τὰς</span> <span class='ocrx_word' id='word_1_191' title='bbox 2638 1371 2923 1442; x_wconf 83' lang='grc' dir='ltr'>ἐρωτώσας</span> <span class='ocrx_word' id='word_1_192' title='bbox 2959 1371 3215 1441; x_wconf 87' lang='grc' dir='ltr'>δυνάμεις</span> <span class='ocrx_word' id='word_1_193' title='bbox 3244 1373 3271 1422; x_wconf 87' lang='grc' dir='ltr'>ὁ</span> <span class='ocrx_word' id='word_1_194' title='bbox 3308 1372 3481 1440; x_wconf 76' lang='grc' dir='ltr'>ἅγιος,</span> <span class='ocrx_word' id='word_1_195' title='bbox 3514 1371 3612 1425; x_wconf 84' lang='grc' dir='ltr'><strong>οὑκ</strong></span> <span class='ocrx_word' id='word_1_196' title='bbox 3642 1372 3803 1436; x_wconf 76' lang='grc' dir='ltr'>ἄλλας</span> <span class='ocrx_word' id='word_1_197' title='bbox 3832 1374 3993 1439; x_wconf 81' lang='grc' dir='ltr'>τινὰς</span> 
     </span>
    </p>
   </div>
   <div class='ocr_carea' id='block_1_29' title="bbox 2411 1463 3991 1536">
    <p class='ocr_par' dir='ltr' id='par_1_29' title="bbox 2411 1463 3991 1536">
     <span class='ocr_line' id='line_1_29' title="bbox 2411 1463 3991 1536; baseline 0.001 -17"><span class='ocrx_word' id='word_1_198' title='bbox 2411 1464 2810 1533; x_wconf 82' lang='grc' dir='ltr'>ὐποϐεϐηκυίας</span> <span class='ocrx_word' id='word_1_199' title='bbox 2846 1463 3047 1527; x_wconf 79' lang='grc' dir='ltr'>τάξεις,</span> <span class='ocrx_word' id='word_1_200' title='bbox 3078 1463 3193 1516; x_wconf 78' lang='grc' dir='ltr'>ἀλλ’</span> <span class='ocrx_word' id='word_1_201' title='bbox 3230 1463 3398 1526; x_wconf 79' lang='grc' dir='ltr'>αὑτὰς</span> <span class='ocrx_word' id='word_1_202' title='bbox 3433 1464 3531 1527; x_wconf 85' lang='grc' dir='ltr'>τὰς</span> <span class='ocrx_word' id='word_1_203' title='bbox 3559 1466 3861 1536; x_wconf 81' lang='grc' dir='ltr'>ὑπερτάτας</span> <span class='ocrx_word' id='word_1_204' title='bbox 3889 1467 3991 1521; x_wconf 78' lang='grc' dir='ltr'><strong>καὶ</strong></span> 
     </span>
    </p>
   </div>
   <div class='ocr_carea' id='block_1_30' title="bbox 2411 1551 3992 1626">
    <p class='ocr_par' dir='ltr' id='par_1_30' title="bbox 2411 1551 3992 1626">
     <span class='ocr_line' id='line_1_30' title="bbox 2411 1551 3992 1626; baseline -0.001 -18"><span class='ocrx_word' id='word_1_205' title='bbox 2411 1554 2651 1626; x_wconf 85' lang='grc' dir='ltr'><strong>πρώτας,</strong></span> <span class='ocrx_word' id='word_1_206' title='bbox 2685 1556 2739 1607; x_wconf 89' lang='grc' dir='ltr'>αἳ</span> <span class='ocrx_word' id='word_1_207' title='bbox 2774 1554 2837 1624; x_wconf 81' lang='grc' dir='ltr'>δὴ</span> <span class='ocrx_word' id='word_1_208' title='bbox 2873 1555 2967 1606; x_wconf 70' lang='grc' dir='ltr'>καὶ</span> <span class='ocrx_word' id='word_1_209' title='bbox 2999 1553 3220 1623; x_wconf 81' lang='grc' dir='ltr'>ἀμέσως</span> <span class='ocrx_word' id='word_1_210' title='bbox 3261 1551 3332 1605; x_wconf 86' lang='grc' dir='ltr'><strong>τά</strong></span> <span class='ocrx_word' id='word_1_211' title='bbox 3370 1553 3471 1623; x_wconf 82' lang='grc' dir='ltr'>τῆς</span> <span class='ocrx_word' id='word_1_212' title='bbox 3503 1554 3651 1618; x_wconf 80' lang='grc' dir='ltr'>θείας</span> <span class='ocrx_word' id='word_1_213' title='bbox 3691 1554 3992 1626; x_wconf 88' lang='grc' dir='ltr'>μαθητείας</span> 
     </span>
    </p>
   </div>
   <div class='ocr_carea' id='block_1_31' title="bbox 2409 1643 3993 1716">
    <p class='ocr_par' dir='ltr' id='par_1_31' title="bbox 2409 1643 3993 1716">
     <span class='ocr_line' id='line_1_31' title="bbox 2409 1643 3993 1716; baseline -0.001 -18"><span class='ocrx_word' id='word_1_214' title='bbox 2409 1645 2670 1715; x_wconf 84' lang='grc' dir='ltr'>δέχονται·</span> <span class='ocrx_word' id='word_1_215' title='bbox 2715 1643 3007 1715; x_wconf 76' lang='grc' dir='ltr'>Θαυμάζω,</span> <span class='ocrx_word' id='word_1_216' title='bbox 3041 1643 3207 1712; x_wconf 78' lang='grc' dir='ltr'>λέγει,</span> <span class='ocrx_word' id='word_1_217' title='bbox 3236 1643 3355 1707; x_wconf 82' lang='grc' dir='ltr'><strong>πῶς</strong></span> <span class='ocrx_word' id='word_1_218' title='bbox 3391 1644 3485 1696; x_wconf 70' lang='grc' dir='ltr'>καὶ</span> <span class='ocrx_word' id='word_1_219' title='bbox 3513 1646 3568 1696; x_wconf 88' lang='grc' dir='ltr'>αἱ</span> <span class='ocrx_word' id='word_1_220' title='bbox 3607 1644 3713 1698; x_wconf 86' lang='grc' dir='ltr'><strong>τῶν</strong></span> <span class='ocrx_word' id='word_1_221' title='bbox 3760 1645 3993 1716; x_wconf 82' lang='grc' dir='ltr'>ἐπουρα-</span> 
     </span>
    </p>
   </div>
   <div class='ocr_carea' id='block_1_32' title="bbox 2410 1744 3991 1817">
    <p class='ocr_par' dir='ltr' id='par_1_32' title="bbox 2410 1744 3991 1817">
     <span class='ocr_line' id='line_1_32' title="bbox 2410 1744 3991 1817; baseline 0 -19"><span class='ocrx_word' id='word_1_222' title='bbox 2410 1744 2535 1798; x_wconf 89' lang='grc' dir='ltr'>νίων</span> <span class='ocrx_word' id='word_1_223' title='bbox 2579 1746 2775 1798; x_wconf 84' lang='grc' dir='ltr'>οὐσιῶν</span> <span class='ocrx_word' id='word_1_224' title='bbox 2818 1744 3050 1817; x_wconf 83' lang='grc' dir='ltr'>πρῶται,</span> <span class='ocrx_word' id='word_1_225' title='bbox 3090 1745 3183 1798; x_wconf 70' lang='grc' dir='ltr'><strong>καὶ</strong></span> <span class='ocrx_word' id='word_1_226' title='bbox 3230 1745 3362 1798; x_wconf 85' lang='grc' dir='ltr'><strong>πολὺ</strong></span> <span class='ocrx_word' id='word_1_227' title='bbox 3394 1746 3548 1797; x_wconf 84' lang='grc' dir='ltr'>τόσον</span> <span class='ocrx_word' id='word_1_228' title='bbox 3591 1746 3991 1816; x_wconf 84' lang='grc' dir='ltr'>ὑπερκείμεναι</span> 
     </span>
    </p>
   </div>
   <div class='ocr_carea' id='block_1_33' title="bbox 2409 1830 3991 1903">
    <p class='ocr_par' dir='ltr' id='par_1_33' title="bbox 2409 1830 3991 1903">
     <span class='ocr_line' id='line_1_33' title="bbox 2409 1830 3991 1903; baseline 0 -15"><span class='ocrx_word' id='word_1_229' title='bbox 2409 1836 2507 1899; x_wconf 87' lang='grc' dir='ltr'><strong>τάς</strong></span> <span class='ocrx_word' id='word_1_230' title='bbox 2548 1836 2712 1900; x_wconf 79' lang='grc' dir='ltr'>ἄλλας</span> <span class='ocrx_word' id='word_1_231' title='bbox 2751 1838 2948 1899; x_wconf 82' lang='grc' dir='ltr'>πάσας,</span> <span class='ocrx_word' id='word_1_232' title='bbox 2990 1835 3233 1898; x_wconf 89' lang='grc' dir='ltr'>εὐλαϐῶς</span> <span class='ocrx_word' id='word_1_233' title='bbox 3271 1836 3366 1888; x_wconf 70' lang='grc' dir='ltr'><strong>καὶ</strong></span> <span class='ocrx_word' id='word_1_234' title='bbox 3405 1830 3562 1889; x_wconf 71' lang='grc' dir='ltr'>αὗται</span> <span class='ocrx_word' id='word_1_235' title='bbox 3602 1836 3841 1903; x_wconf 80' lang='grc' dir='ltr'>ἐφίενται</span> <span class='ocrx_word' id='word_1_236' title='bbox 3878 1835 3991 1888; x_wconf 86' lang='grc' dir='ltr'><strong>τῶν</strong></span> 
     </span>
    </p>
   </div>
   <div class='ocr_carea' id='block_1_34' title="bbox 750 1904 2344 1998">
    <p class='ocr_par' dir='ltr' id='par_1_34' title="bbox 750 1919 2309 1988">
     <span class='ocr_line' id='line_1_34' title="bbox 750 1919 2309 1988; baseline -0.001 -15"><span class='ocrx_word' id='word_1_237' title='bbox 750 1919 977 1974; x_wconf 79' lang='lat' dir='ltr'><strong>invicem</strong></span> <span class='ocrx_word' id='word_1_238' title='bbox 1012 1936 1075 1975; x_wconf 90' lang='lat' dir='ltr'><strong>ac</strong></span> <span class='ocrx_word' id='word_1_239' title='bbox 1104 1923 1148 1975; x_wconf 87' lang='lat' dir='ltr'><strong>si</strong></span> <span class='ocrx_word' id='word_1_240' title='bbox 1184 1923 1343 1976; x_wconf 89' lang='lat' dir='ltr'><strong>medii</strong></span> <span class='ocrx_word' id='word_1_241' title='bbox 1381 1922 1593 1976; x_wconf 83' lang='lat' dir='ltr'><strong>ordinis</strong></span> <span class='ocrx_word' id='word_1_242' title='bbox 1628 1929 1845 1984; x_wconf 83' lang='lat' dir='ltr'><strong>essent,</strong></span> <span class='ocrx_word' id='word_1_243' title='bbox 1890 1935 2010 1988; x_wconf 77' lang='lat' dir='ltr'><strong>quae</strong></span> <span class='ocrx_word' id='word_1_244' title='bbox 2054 1935 2083 1973; x_wconf 90' lang='lat' dir='ltr'><strong>a</strong></span> <span class='ocrx_word' id='word_1_245' title='bbox 2138 1919 2309 1974; x_wconf 89' lang='lat' dir='ltr'><strong>subli-</strong></span> 
     </span>
    </p>
   </div>
   <div class='ocr_carea' id='block_1_35' title="bbox 2416 1904 3987 1998">
    <p class='ocr_par' dir='ltr' id='par_1_35' title="bbox 2416 1925 3987 1998">
     <span class='ocr_line' id='line_1_35' title="bbox 2416 1925 3987 1998; baseline -0.001 -20"><span class='ocrx_word' id='word_1_246' title='bbox 2416 1926 2720 1997; x_wconf 85' lang='grc' dir='ltr'>θεαρχικῶν</span> <span class='ocrx_word' id='word_1_247' title='bbox 2762 1926 3098 1996; x_wconf 76' lang='grc' dir='ltr'>ἐλλάμψεων,</span> <span class='ocrx_word' id='word_1_248' title='bbox 3136 1926 3276 1995; x_wconf 81' lang='grc' dir='ltr'>ὥστε</span> <span class='ocrx_word' id='word_1_249' title='bbox 3325 1926 3511 1995; x_wconf 88' lang='grc' dir='ltr'>μαθεῖν</span> <span class='ocrx_word' id='word_1_250' title='bbox 3550 1926 3675 1998; x_wconf 86' lang='grc' dir='ltr'>παρ’</span> <span class='ocrx_word' id='word_1_251' title='bbox 3722 1925 3987 1995; x_wconf 82' lang='grc' dir='ltr'>ἀλλήλων,</span> 
     </span>
    </p>
   </div>
   <div class='ocr_carea' id='block_1_36' title="bbox 750 2010 2310 2082">
    <p class='ocr_par' dir='ltr' id='par_1_36' title="bbox 750 2010 2310 2082">
     <span class='ocr_line' id='line_1_36' title="bbox 750 2010 2310 2082; baseline 0.001 -20"><span class='ocrx_word' id='word_1_252' title='bbox 750 2012 1013 2066; x_wconf 87' lang='lat' dir='ltr'><strong>mioribus</strong></span> <span class='ocrx_word' id='word_1_253' title='bbox 1042 2013 1460 2067; x_wconf 89' lang='lat' dir='ltr'><strong>illustrationem</strong></span> <span class='ocrx_word' id='word_1_254' title='bbox 1507 2012 1757 2082; x_wconf 83' lang='lat' dir='ltr'><strong>accipere</strong></span> <span class='ocrx_word' id='word_1_255' title='bbox 1786 2013 2066 2066; x_wconf 85' lang='lat' dir='ltr'><strong>deberent.</strong></span> <span class='ocrx_word' id='word_1_256' title='bbox 2100 2010 2310 2063; x_wconf 86' lang='lat' dir='ltr'><strong>Etenim</strong></span> 
     </span>
    </p>
   </div>
   <div class='ocr_carea' id='block_1_37' title="bbox 750 2105 2314 2175">
    <p class='ocr_par' dir='ltr' id='par_1_37' title="bbox 750 2105 2314 2175">
     <span class='ocr_line' id='line_1_37' title="bbox 750 2105 2314 2175; baseline 0 -17"><span class='ocrx_word' id='word_1_257' title='bbox 750 2106 959 2169; x_wconf 67' lang='lat' dir='ltr'><strong>mediae,</strong></span> <span class='ocrx_word' id='word_1_258' title='bbox 989 2116 1047 2160; x_wconf 87' lang='lat' dir='ltr'><strong>ut</strong></span> <span class='ocrx_word' id='word_1_259' title='bbox 1083 2108 1423 2170; x_wconf 87' lang='lat' dir='ltr'><strong>dicebamus,</strong></span> <span class='ocrx_word' id='word_1_260' title='bbox 1471 2107 1983 2175; x_wconf 83' lang='lat' dir='ltr'><strong>contemplationem</strong></span> <span class='ocrx_word' id='word_1_261' title='bbox 2012 2105 2228 2174; x_wconf 91' lang='lat' dir='ltr'><strong>quidem</strong></span> <span class='ocrx_word' id='word_1_262' title='bbox 2259 2114 2314 2159; x_wconf 92' lang='lat' dir='ltr'><strong>et</strong></span> 
     </span>
    </p>
   </div>
   <div class='ocr_carea' id='block_1_38' title="bbox 750 2196 2310 2265">
    <p class='ocr_par' dir='ltr' id='par_1_38' title="bbox 750 2196 2310 2265">
     <span class='ocr_line' id='line_1_38' title="bbox 750 2196 2310 2265; baseline -0.001 -16"><span class='ocrx_word' id='word_1_263' title='bbox 750 2196 881 2265; x_wconf 77' lang='lat' dir='ltr'><strong>ipsa:</strong></span> <span class='ocrx_word' id='word_1_264' title='bbox 909 2198 1308 2252; x_wconf 79' lang='lat' dir='ltr'><strong>indeiicientem</strong></span> <span class='ocrx_word' id='word_1_265' title='bbox 1331 2200 1399 2251; x_wconf 76' lang='lat' dir='ltr'><strong>ad</strong></span> <span class='ocrx_word' id='word_1_266' title='bbox 1428 2198 1593 2251; x_wconf 87' lang='lat' dir='ltr'><strong>Dequ</strong></span> <span class='ocrx_word' id='word_1_267' title='bbox 1622 2197 1844 2261; x_wconf 87' lang='lat' dir='ltr'><strong>habent,</strong></span> <span class='ocrx_word' id='word_1_268' title='bbox 1867 2196 2310 2265; x_wconf 89' lang='lat' dir='ltr'><strong>propensionem-</strong></span> 
     </span>
    </p>
   </div>
   <div class='ocr_carea' id='block_1_39' title="bbox 751 2288 2311 2357">
    <p class='ocr_par' dir='ltr' id='par_1_39' title="bbox 751 2288 2311 2357">
     <span class='ocr_line' id='line_1_39' title="bbox 751 2288 2311 2357; baseline -0.002 -17"><span class='ocrx_word' id='word_1_269' title='bbox 751 2302 898 2356; x_wconf 87' lang='lat' dir='ltr'><strong>que:</strong></span> <span class='ocrx_word' id='word_1_270' title='bbox 932 2289 1073 2357; x_wconf 83' lang='lat' dir='ltr'><strong>quod</strong></span> <span class='ocrx_word' id='word_1_271' title='bbox 1125 2298 1304 2342; x_wconf 81' lang='lat' dir='ltr'><strong>autem</strong></span> <span class='ocrx_word' id='word_1_272' title='bbox 1354 2288 1786 2357; x_wconf 87' lang='lat' dir='ltr'><strong>contemplantes</strong></span> <span class='ocrx_word' id='word_1_273' title='bbox 1820 2289 2101 2351; x_wconf 87' lang='lat' dir='ltr'><strong>dubitant,</strong></span> <span class='ocrx_word' id='word_1_274' title='bbox 2153 2288 2254 2340; x_wconf 83' lang='lat' dir='ltr'><strong>hoc</strong></span> <span class='ocrx_word' id='word_1_275' title='bbox 2282 2300 2311 2337; x_wconf 89' lang='lat' dir='ltr'><strong>a</strong></span> 
     </span>
    </p>
   </div>
   <div class='ocr_carea' id='block_1_40' title="bbox 750 2379 2309 2448">
    <p class='ocr_par' dir='ltr' id='par_1_40' title="bbox 750 2379 2309 2448">
     <span class='ocr_line' id='line_1_40' title="bbox 750 2379 2309 2448; baseline -0.001 -15"><span class='ocrx_word' id='word_1_276' title='bbox 750 2379 1163 2433; x_wconf 80' lang='lat' dir='ltr'><strong>sublimioribus</strong></span> <span class='ocrx_word' id='word_1_277' title='bbox 1189 2380 1505 2444; x_wconf 82' lang='lat' dir='ltr'><strong>addiscunt,</strong></span> <span class='ocrx_word' id='word_1_278' title='bbox 1533 2381 1700 2433; x_wconf 85' lang='lat' dir='ltr'><strong>veluti</strong></span> <span class='ocrx_word' id='word_1_279' title='bbox 1732 2382 1774 2434; x_wconf 91' lang='lat' dir='ltr'><strong>si</strong></span> <span class='ocrx_word' id='word_1_280' title='bbox 1803 2380 1925 2448; x_wconf 87' lang='lat' dir='ltr'><strong>quis</strong></span> <span class='ocrx_word' id='word_1_281' title='bbox 1955 2388 2067 2433; x_wconf 90' lang='lat' dir='ltr'><strong>toto</strong></span> <span class='ocrx_word' id='word_1_282' title='bbox 2096 2379 2309 2448; x_wconf 88' lang='lat' dir='ltr'><strong>quidem</strong></span> 
     </span>
    </p>
   </div>
   <div class='ocr_carea' id='block_1_41' title="bbox 752 2472 2309 2545">
    <p class='ocr_par' dir='ltr' id='par_1_41' title="bbox 752 2472 2309 2545">
     <span class='ocr_line' id='line_1_41' title="bbox 752 2472 2309 2545; baseline 0.001 -19"><span class='ocrx_word' id='word_1_283' title='bbox 752 2473 934 2527; x_wconf 86' lang='lat' dir='ltr'><strong>cordis</strong></span> <span class='ocrx_word' id='word_1_284' title='bbox 962 2472 1156 2527; x_wconf 74' lang='lat' dir='ltr'><strong>affectu</strong></span> <span class='ocrx_word' id='word_1_285' title='bbox 1188 2472 1401 2527; x_wconf 84' lang='lat' dir='ltr'><strong>feratur</strong></span> <span class='ocrx_word' id='word_1_286' title='bbox 1432 2475 1484 2527; x_wconf 90' lang='lat' dir='ltr'><strong>in</strong></span> <span class='ocrx_word' id='word_1_287' title='bbox 1520 2473 1743 2545; x_wconf 79' lang='lat' dir='ltr'><strong>Regem,</strong></span> <span class='ocrx_word' id='word_1_288' title='bbox 1774 2476 1839 2529; x_wconf 88' lang='lat' dir='ltr'><strong>de</strong></span> <span class='ocrx_word' id='word_1_289' title='bbox 1867 2490 1930 2528; x_wconf 92' lang='lat' dir='ltr'><strong>eo</strong></span> <span class='ocrx_word' id='word_1_290' title='bbox 1953 2485 2132 2529; x_wconf 86' lang='lat' dir='ltr'><strong>autem</strong></span> <span class='ocrx_word' id='word_1_291' title='bbox 2166 2476 2309 2544; x_wconf 90' lang='lat' dir='ltr'><strong>quod</strong></span> 
     </span>
    </p>
   </div>
   <div class='ocr_carea' id='block_1_42' title="bbox 750 2564 2310 2633">
    <p class='ocr_par' dir='ltr' id='par_1_42' title="bbox 750 2564 2310 2633">
     <span class='ocr_line' id='line_1_42' title="bbox 750 2564 2310 2633; baseline 0 -16"><span class='ocrx_word' id='word_1_292' title='bbox 750 2565 943 2618; x_wconf 83' lang='lat' dir='ltr'><strong>videns</strong></span> <span class='ocrx_word' id='word_1_293' title='bbox 989 2565 1271 2620; x_wconf 87' lang='lat' dir='ltr'><strong>dubitabat</strong></span> <span class='ocrx_word' id='word_1_294' title='bbox 1302 2565 1628 2619; x_wconf 87' lang='lat' dir='ltr'><strong>solutionem</strong></span> <span class='ocrx_word' id='word_1_295' title='bbox 1682 2566 1917 2633; x_wconf 87' lang='lat' dir='ltr'><strong>accipiat</strong></span> <span class='ocrx_word' id='word_1_296' title='bbox 1961 2580 1990 2619; x_wconf 88' lang='lat' dir='ltr'><strong>a</strong></span> <span class='ocrx_word' id='word_1_297' title='bbox 2038 2564 2310 2633; x_wconf 60' lang='lat' dir='ltr'><strong>praefecto.</strong></span> 
     </span>
    </p>
   </div>
   <div class='ocr_carea' id='block_1_43' title="bbox 751 2653 2314 2725">
    <p class='ocr_par' dir='ltr' id='par_1_43' title="bbox 751 2653 2314 2725">
     <span class='ocr_line' id='line_1_43' title="bbox 751 2653 2314 2725; baseline -0.001 -16"><span class='ocrx_word' id='word_1_298' title='bbox 751 2653 896 2709; x_wconf 87' lang='lat' dir='ltr'><strong>Idem</strong></span> <span class='ocrx_word' id='word_1_299' title='bbox 924 2656 1148 2709; x_wconf 90' lang='lat' dir='ltr'><strong>omnino</strong></span> <span class='ocrx_word' id='word_1_300' title='bbox 1177 2657 1343 2709; x_wconf 88' lang='lat' dir='ltr'><strong>etiam</strong></span> <span class='ocrx_word' id='word_1_301' title='bbox 1374 2656 1461 2710; x_wconf 89' lang='lat' dir='ltr'><strong>hic</strong></span> <span class='ocrx_word' id='word_1_302' title='bbox 1487 2665 1729 2725; x_wconf 88' lang='lat' dir='ltr'><strong>apparet,</strong></span> <span class='ocrx_word' id='word_1_303' title='bbox 1774 2671 1839 2710; x_wconf 91' lang='lat' dir='ltr'><strong>ac</strong></span> <span class='ocrx_word' id='word_1_304' title='bbox 1880 2657 1924 2710; x_wconf 89' lang='lat' dir='ltr'><strong>si</strong></span> <span class='ocrx_word' id='word_1_305' title='bbox 1958 2654 2195 2710; x_wconf 80' lang='lat' dir='ltr'><strong>Virtutes</strong></span> <span class='ocrx_word' id='word_1_306' title='bbox 2225 2666 2314 2710; x_wconf 88' lang='lat' dir='ltr'><strong>es-</strong></span> 
     </span>
    </p>
   </div>
   <div class='ocr_carea' id='block_1_44' title="bbox 750 2747 2315 2819">
    <p class='ocr_par' dir='ltr' id='par_1_44' title="bbox 750 2747 2315 2819">
     <span class='ocr_line' id='line_1_44' title="bbox 750 2747 2315 2819; baseline 0.001 -18"><span class='ocrx_word' id='word_1_307' title='bbox 750 2756 871 2801; x_wconf 84' lang='lat' dir='ltr'><strong>sent</strong></span> <span class='ocrx_word' id='word_1_308' title='bbox 919 2747 1078 2802; x_wconf 89' lang='lat' dir='ltr'><strong>medii</strong></span> <span class='ocrx_word' id='word_1_309' title='bbox 1110 2748 1321 2802; x_wconf 88' lang='lat' dir='ltr'><strong>ordinis</strong></span> <span class='ocrx_word' id='word_1_310' title='bbox 1347 2790 1362 2815; x_wconf 93' lang='lat'><strong>,</strong></span> <span class='ocrx_word' id='word_1_311' title='bbox 1396 2758 1452 2803; x_wconf 91' lang='lat' dir='ltr'><strong>et</strong></span> <span class='ocrx_word' id='word_1_312' title='bbox 1482 2750 1728 2803; x_wconf 86' lang='lat' dir='ltr'><strong>viderent</strong></span> <span class='ocrx_word' id='word_1_313' title='bbox 1770 2750 1987 2819; x_wconf 90' lang='lat' dir='ltr'><strong>quidem</strong></span> <span class='ocrx_word' id='word_1_314' title='bbox 2019 2750 2315 2803; x_wconf 88' lang='lat' dir='ltr'><strong>ascenden-</strong></span> 
     </span>
    </p>
   </div>
   <div class='ocr_carea' id='block_1_45' title="bbox 751 2840 2315 2909">
    <p class='ocr_par' dir='ltr' id='par_1_45' title="bbox 751 2840 2315 2909">
     <span class='ocr_line' id='line_1_45' title="bbox 751 2840 2315 2909; baseline 0.001 -17"><span class='ocrx_word' id='word_1_315' title='bbox 751 2850 891 2905; x_wconf 87' lang='lat' dir='ltr'><strong>tem,</strong></span> <span class='ocrx_word' id='word_1_316' title='bbox 948 2840 1262 2895; x_wconf 84' lang='lat' dir='ltr'><strong>dubitantes</strong></span> <span class='ocrx_word' id='word_1_317' title='bbox 1318 2850 1502 2895; x_wconf 89' lang='lat' dir='ltr'><strong>autem</strong></span> <span class='ocrx_word' id='word_1_318' title='bbox 1561 2842 1884 2895; x_wconf 86' lang='lat' dir='ltr'><strong>solutionem</strong></span> <span class='ocrx_word' id='word_1_319' title='bbox 1948 2850 2200 2909; x_wconf 83' lang='lat' dir='ltr'><strong>peterent</strong></span> <span class='ocrx_word' id='word_1_320' title='bbox 2249 2840 2315 2894; x_wconf 80' lang='lat' dir='ltr'><strong>ab</strong></span> 
     </span>
    </p>
   </div>
   <div class='ocr_carea' id='block_1_46' title="bbox 752 2930 2317 3003">
    <p class='ocr_par' dir='ltr' id='par_1_46' title="bbox 752 2930 2317 3003">
     <span class='ocr_line' id='line_1_46' title="bbox 752 2930 2317 3003; baseline 0.002 -20"><span class='ocrx_word' id='word_1_321' title='bbox 752 2930 891 2993; x_wconf 85' lang='lat' dir='ltr'><strong>aliis,</strong></span> <span class='ocrx_word' id='word_1_322' title='bbox 920 2931 1215 2985; x_wconf 88' lang='lat' dir='ltr'><strong>secundum</strong></span> <span class='ocrx_word' id='word_1_323' title='bbox 1241 2932 1488 2987; x_wconf 88' lang='lat' dir='ltr'><strong>ordinem</strong></span> <span class='ocrx_word' id='word_1_324' title='bbox 1526 2949 1685 3003; x_wconf 88' lang='lat' dir='ltr'><strong>quem</strong></span> <span class='ocrx_word' id='word_1_325' title='bbox 1717 2933 1919 2987; x_wconf 70' lang='lat' dir='ltr'><strong>divina!</strong></span> <span class='ocrx_word' id='word_1_326' title='bbox 1950 2934 2189 2988; x_wconf 84' lang='lat' dir='ltr'><strong>Virtutes</strong></span> <span class='ocrx_word' id='word_1_327' title='bbox 2220 2933 2317 2986; x_wconf 83' lang='lat' dir='ltr'><strong>ha-</strong></span> 
     </span>
    </p>
   </div>
   <div class='ocr_carea' id='block_1_47' title="bbox 750 3023 2317 3093">
    <p class='ocr_par' dir='ltr' id='par_1_47' title="bbox 750 3023 2317 3093">
     <span class='ocr_line' id='line_1_47' title="bbox 750 3023 2317 3093; baseline 0.001 -17"><span class='ocrx_word' id='word_1_328' title='bbox 750 3023 911 3087; x_wconf 90' lang='lat' dir='ltr'><strong>bent;</strong></span> <span class='ocrx_word' id='word_1_329' title='bbox 952 3034 1127 3092; x_wconf 90' lang='lat' dir='ltr'><strong>neque</strong></span> <span class='ocrx_word' id='word_1_330' title='bbox 1153 3026 1298 3079; x_wconf 90' lang='lat' dir='ltr'><strong>enim</strong></span> <span class='ocrx_word' id='word_1_331' title='bbox 1330 3025 1501 3091; x_wconf 90' lang='lat' dir='ltr'><strong>illico,</strong></span> <span class='ocrx_word' id='word_1_332' title='bbox 1536 3026 1733 3093; x_wconf 89' lang='lat' dir='ltr'><strong>inquit,</strong></span> <span class='ocrx_word' id='word_1_333' title='bbox 1765 3024 2050 3079; x_wconf 90' lang='lat' dir='ltr'><strong>Dominum</strong></span> <span class='ocrx_word' id='word_1_334' title='bbox 2085 3027 2317 3079; x_wconf 87' lang='lat' dir='ltr'><strong>interro-</strong></span> 
     </span>
    </p>
   </div>
   <div class='ocr_carea' id='block_1_48' title="bbox 752 3113 2317 3182">
    <p class='ocr_par' dir='ltr' id='par_1_48' title="bbox 752 3113 2317 3182">
     <span class='ocr_line' id='line_1_48' title="bbox 752 3113 2317 3182; baseline 0.002 -19"><span class='ocrx_word' id='word_1_335' title='bbox 752 3120 918 3178; x_wconf 76' lang='lat' dir='ltr'><strong>gant:</strong></span> <span class='ocrx_word' id='word_1_336' title='bbox 947 3113 1125 3177; x_wconf 75' lang='lat' dir='ltr'><strong>Quare</strong></span> <span class='ocrx_word' id='word_1_337' title='bbox 1169 3116 1328 3167; x_wconf 86' lang='lat' dir='ltr'><strong>rubra</strong></span> <span class='ocrx_word' id='word_1_338' title='bbox 1370 3126 1491 3168; x_wconf 77' lang='lat' dir='ltr'><strong>sunt</strong></span> <span class='ocrx_word' id='word_1_339' title='bbox 1538 3117 1842 3168; x_wconf 76' lang='lat' dir='ltr'><strong>vestimenta</strong></span> <span class='ocrx_word' id='word_1_340' title='bbox 1892 3114 2024 3167; x_wconf 76' lang='lat' dir='ltr'><strong>tua?</strong></span> <span class='ocrx_word' id='word_1_341' title='bbox 2052 3114 2145 3168; x_wconf 87' lang='lat' dir='ltr'><strong>sed</strong></span> <span class='ocrx_word' id='word_1_342' title='bbox 2169 3113 2317 3182; x_wconf 89' lang='lat' dir='ltr'><strong>prius</strong></span> 
     </span>
    </p>
   </div>
   <div class='ocr_carea' id='block_1_49' title="bbox 758 3207 2386 3290">
    <p class='ocr_par' dir='ltr' id='par_1_49' title="bbox 758 3207 2386 3290">
     <span class='ocr_line' id='line_1_49' title="bbox 758 3207 2386 3290; baseline 0 -32"><span class='ocrx_word' id='word_1_343' title='bbox 758 3220 943 3258; x_wconf 87' lang='lat' dir='ltr'><strong>secum</strong></span> <span class='ocrx_word' id='word_1_344' title='bbox 973 3207 1225 3259; x_wconf 68' lang='lat' dir='ltr'><strong>haesitant</strong></span> <span class='ocrx_word' id='word_1_345' title='bbox 1263 3208 1530 3270; x_wconf 78' lang='lat' dir='ltr'><strong>attonitze,</strong></span> <span class='ocrx_word' id='word_1_346' title='bbox 1551 3207 1828 3261; x_wconf 87' lang='lat' dir='ltr'><strong>dicentes:</strong></span> <span class='ocrx_word' id='word_1_347' title='bbox 1858 3208 1988 3273; x_wconf 83' lang='lat' dir='ltr'><strong>Quis</strong></span> <span class='ocrx_word' id='word_1_348' title='bbox 2009 3217 2082 3263; x_wconf 79' lang='lat' dir='ltr'><strong>est</strong></span> <span class='ocrx_word' id='word_1_349' title='bbox 2108 3210 2205 3260; x_wconf 79' lang='lat' dir='ltr'><strong>iste</strong></span> <span class='ocrx_word' id='word_1_350' title='bbox 2228 3208 2315 3268; x_wconf 87' lang='lat' dir='ltr'><strong>qui</strong></span> <span class='ocrx_word' id='word_1_351' title='bbox 2344 3234 2386 3290; x_wconf 65' lang='grc' dir='ltr'>α</span> 
     </span>
    </p>
   </div>
   <div class='ocr_carea' id='block_1_50' title="bbox 749 3296 2315 3367">
    <p class='ocr_par' dir='ltr' id='par_1_50' title="bbox 749 3296 2315 3367">
     <span class='ocr_line' id='line_1_50' title="bbox 749 3296 2315 3367; baseline 0.002 -19"><span class='ocrx_word' id='word_1_352' title='bbox 749 3296 859 3367; x_wconf 73' lang='grc'><strong>67</strong></span> <span class='ocrx_word' id='word_1_353' title='bbox 872 3298 1100 3354; x_wconf 81' lang='lat' dir='ltr'><strong>ascendit</strong></span> <span class='ocrx_word' id='word_1_354' title='bbox 1110 3298 1173 3352; x_wconf 80' lang='lat' dir='ltr'><strong>de</strong></span> <span class='ocrx_word' id='word_1_355' title='bbox 1187 3296 1385 3351; x_wconf 85' lang='lat' dir='ltr'><strong>Edam?</strong></span> <span class='ocrx_word' id='word_1_356' title='bbox 1399 3298 1687 3352; x_wconf 80' lang='lat' dir='ltr'><strong>Admiraus</strong></span> <span class='ocrx_word' id='word_1_357' title='bbox 1704 3301 1916 3353; x_wconf 85' lang='lat' dir='ltr'><strong>tandem</strong></span> <span class='ocrx_word' id='word_1_358' title='bbox 1938 3299 2166 3353; x_wconf 86' lang='lat' dir='ltr'><strong>Sanctus</strong></span> <span class='ocrx_word' id='word_1_359' title='bbox 2181 3299 2315 3367; x_wconf 76' lang='lat' dir='ltr'><strong>ipse,</strong></span> 
     </span>
    </p>
   </div>
   <div class='ocr_carea' id='block_1_51' title="bbox 755 3387 2314 3457">
    <p class='ocr_par' dir='ltr' id='par_1_51' title="bbox 755 3387 2314 3457">
     <span class='ocr_line' id='line_1_51' title="bbox 755 3387 2314 3457; baseline 0.001 -16"><span class='ocrx_word' id='word_1_360' title='bbox 755 3387 975 3441; x_wconf 82' lang='lat' dir='ltr'><strong>dubium</strong></span> <span class='ocrx_word' id='word_1_361' title='bbox 996 3388 1174 3450; x_wconf 90' lang='lat' dir='ltr'><strong>solvit,</strong></span> <span class='ocrx_word' id='word_1_362' title='bbox 1209 3388 1377 3451; x_wconf 88' lang='lat' dir='ltr'><strong>aiens,</strong></span> <span class='ocrx_word' id='word_1_363' title='bbox 1399 3387 1660 3441; x_wconf 89' lang='lat' dir='ltr'><strong>declarari</strong></span> <span class='ocrx_word' id='word_1_364' title='bbox 1701 3391 1918 3457; x_wconf 86' lang='lat' dir='ltr'><strong>quidem</strong></span> <span class='ocrx_word' id='word_1_365' title='bbox 1942 3390 2057 3444; x_wconf 88' lang='lat' dir='ltr'><strong>illas</strong></span> <span class='ocrx_word' id='word_1_366' title='bbox 2075 3391 2314 3444; x_wconf 87' lang='lat' dir='ltr'><strong>discendi</strong></span> 
     </span>
    </p>
   </div>
   <div class='ocr_carea' id='block_1_52' title="bbox 755 3482 2315 3549">
    <p class='ocr_par' dir='ltr' id='par_1_52' title="bbox 755 3482 2315 3549">
     <span class='ocr_line' id='line_1_52' title="bbox 755 3482 2315 3549; baseline -0.003 -13"><span class='ocrx_word' id='word_1_367' title='bbox 755 3483 960 3545; x_wconf 86' lang='lat' dir='ltr'><strong>avidas,</strong></span> <span class='ocrx_word' id='word_1_368' title='bbox 997 3491 1051 3535; x_wconf 90' lang='lat' dir='ltr'><strong>et</strong></span> <span class='ocrx_word' id='word_1_369' title='bbox 1104 3483 1414 3536; x_wconf 89' lang='lat' dir='ltr'><strong>desiderare</strong></span> <span class='ocrx_word' id='word_1_370' title='bbox 1453 3483 1593 3537; x_wconf 88' lang='lat' dir='ltr'><strong>scire</strong></span> <span class='ocrx_word' id='word_1_371' title='bbox 1641 3482 1878 3535; x_wconf 86' lang='lat' dir='ltr'><strong>divinam</strong></span> <span class='ocrx_word' id='word_1_372' title='bbox 1914 3482 2315 3549; x_wconf 69' lang='lat' dir='ltr'><strong>operationem,</strong></span> 
     </span>
    </p>
   </div>
   <div class='ocr_carea' id='block_1_53' title="bbox 755 3572 2317 3641">
    <p class='ocr_par' dir='ltr' id='par_1_53' title="bbox 755 3572 2317 3641">
     <span class='ocr_line' id='line_1_53' title="bbox 755 3572 2317 3641; baseline 0.001 -14"><span class='ocrx_word' id='word_1_373' title='bbox 755 3572 999 3636; x_wconf 87' lang='lat' dir='ltr'><strong>modum,</strong></span> <span class='ocrx_word' id='word_1_374' title='bbox 1023 3572 1263 3641; x_wconf 86' lang='lat' dir='ltr'><strong>inquam,</strong></span> <span class='ocrx_word' id='word_1_375' title='bbox 1283 3572 1603 3627; x_wconf 77' lang='lat' dir='ltr'><strong>ineﬂabilem</strong></span> <span class='ocrx_word' id='word_1_376' title='bbox 1624 3572 2057 3641; x_wconf 80' lang='lat' dir='ltr'><strong>dispensationis,</strong></span> <span class='ocrx_word' id='word_1_377' title='bbox 2080 3582 2317 3628; x_wconf 84' lang='lat' dir='ltr'><strong>attamen</strong></span> 
     </span>
    </p>
   </div>
   <div class='ocr_carea' id='block_1_54' title="bbox 755 3663 2315 3734">
    <p class='ocr_par' dir='ltr' id='par_1_54' title="bbox 755 3663 2315 3734">
     <span class='ocr_line' id='line_1_54' title="bbox 755 3663 2315 3734; baseline 0.001 -17"><span class='ocrx_word' id='word_1_378' title='bbox 755 3663 995 3717; x_wconf 83' lang='lat' dir='ltr'><strong>divinam</strong></span> <span class='ocrx_word' id='word_1_379' title='bbox 1053 3665 1273 3718; x_wconf 68' lang='lat' dir='ltr'><strong>indulta:</strong></span> <span class='ocrx_word' id='word_1_380' title='bbox 1318 3666 1420 3719; x_wconf 87' lang='lat' dir='ltr'><strong>sibi</strong></span> <span class='ocrx_word' id='word_1_381' title='bbox 1478 3663 1864 3719; x_wconf 82' lang='lat' dir='ltr'><strong>illustrationis</strong></span> <span class='ocrx_word' id='word_1_382' title='bbox 1911 3666 2315 3734; x_wconf 78' lang='lat' dir='ltr'><strong>processionem</strong></span> 
     </span>
    </p>
   </div>
   <div class='ocr_carea' id='block_1_55' title="bbox 756 3757 2318 3828">
    <p class='ocr_par' dir='ltr' id='par_1_55' title="bbox 756 3757 2318 3828">
     <span class='ocr_line' id='line_1_55' title="bbox 756 3757 2318 3828; baseline 0.001 -19"><span class='ocrx_word' id='word_1_383' title='bbox 756 3757 979 3810; x_wconf 87' lang='lat' dir='ltr'><strong>minimc</strong></span> <span class='ocrx_word' id='word_1_384' title='bbox 1009 3758 1335 3826; x_wconf 58' lang='lat' dir='ltr'><strong>praevenire,</strong></span> <span class='ocrx_word' id='word_1_385' title='bbox 1376 3758 1520 3828; x_wconf 88' lang='lat' dir='ltr'><strong>quod</strong></span> <span class='ocrx_word' id='word_1_386' title='bbox 1552 3758 1833 3821; x_wconf 89' lang='lat' dir='ltr'><strong>nimirum,</strong></span> <span class='ocrx_word' id='word_1_387' title='bbox 1868 3758 1997 3812; x_wconf 90' lang='lat' dir='ltr'><strong>licet</strong></span> <span class='ocrx_word' id='word_1_388' title='bbox 2028 3758 2169 3813; x_wconf 84' lang='lat' dir='ltr'><strong>forte</strong></span> <span class='ocrx_word' id='word_1_389' title='bbox 2205 3758 2318 3827; x_wconf 86' lang='lat' dir='ltr'><strong>pri-</strong></span> 
     </span>
    </p>
   </div>
   <div class='ocr_carea' id='block_1_56' title="bbox 755 3849 2317 3915">
    <p class='ocr_par' dir='ltr' id='par_1_56' title="bbox 755 3849 2317 3915">
     <span class='ocr_line' id='line_1_56' title="bbox 755 3849 2317 3915; baseline 0.001 -10"><span class='ocrx_word' id='word_1_390' title='bbox 755 3864 876 3905; x_wconf 89' lang='lat' dir='ltr'><strong>mus</strong></span> <span class='ocrx_word' id='word_1_391' title='bbox 908 3849 997 3903; x_wconf 90' lang='lat' dir='ltr'><strong>ille</strong></span> <span class='ocrx_word' id='word_1_392' title='bbox 1031 3849 1300 3905; x_wconf 77' lang='lat' dir='ltr'><strong>Virtutum</strong></span> <span class='ocrx_word' id='word_1_393' title='bbox 1332 3852 1508 3905; x_wconf 89' lang='lat' dir='ltr'><strong>ternio</strong></span> <span class='ocrx_word' id='word_1_394' title='bbox 1543 3851 1841 3915; x_wconf 79' lang='lat' dir='ltr'><strong>haesitaret,</strong></span> <span class='ocrx_word' id='word_1_395' title='bbox 1881 3866 1985 3904; x_wconf 93' lang='lat' dir='ltr'><strong>non</strong></span> <span class='ocrx_word' id='word_1_396' title='bbox 2035 3861 2213 3906; x_wconf 90' lang='lat' dir='ltr'><strong>tamen</strong></span> <span class='ocrx_word' id='word_1_397' title='bbox 2252 3854 2317 3906; x_wconf 88' lang='lat' dir='ltr'><strong>il-</strong></span> 
     </span>
    </p>
   </div>
   <div class='ocr_carea' id='block_1_57' title="bbox 757 3940 2316 4010">
    <p class='ocr_par' dir='ltr' id='par_1_57' title="bbox 757 3940 2316 4010">
     <span class='ocr_line' id='line_1_57' title="bbox 757 3940 2316 4010; baseline 0.003 -15"><span class='ocrx_word' id='word_1_398' title='bbox 757 3940 861 3997; x_wconf 87' lang='lat' dir='ltr'><strong>lico</strong></span> <span class='ocrx_word' id='word_1_399' title='bbox 916 3943 1188 3996; x_wconf 89' lang='lat' dir='ltr'><strong>dubitaret</strong></span> <span class='ocrx_word' id='word_1_400' title='bbox 1224 3943 1368 3999; x_wconf 86' lang='lat' dir='ltr'><strong>clrca</strong></span> <span class='ocrx_word' id='word_1_401' title='bbox 1419 3944 1733 4007; x_wconf 90' lang='lat' dir='ltr'><strong>Dominum,</strong></span> <span class='ocrx_word' id='word_1_402' title='bbox 1783 3945 2038 4010; x_wconf 90' lang='lat' dir='ltr'><strong>quoniam</strong></span> <span class='ocrx_word' id='word_1_403' title='bbox 2076 3942 2316 3999; x_wconf 77' lang='lat' dir='ltr'><strong>futurum</strong></span> 
     </span>
    </p>
   </div>
   <div class='ocr_carea' id='block_1_58' title="bbox 758 4031 2313 4104">
    <p class='ocr_par' dir='ltr' id='par_1_58' title="bbox 758 4031 2313 4104">
     <span class='ocr_line' id='line_1_58' title="bbox 758 4031 2313 4104; baseline 0.001 -18"><span class='ocrx_word' id='word_1_404' title='bbox 758 4041 900 4095; x_wconf 87' lang='lat' dir='ltr'><strong>erat,</strong></span> <span class='ocrx_word' id='word_1_405' title='bbox 929 4042 986 4084; x_wconf 91' lang='lat' dir='ltr'><strong>ut</strong></span> <span class='ocrx_word' id='word_1_406' title='bbox 1020 4031 1398 4087; x_wconf 84' lang='lat' dir='ltr'><strong>illustrationis</strong></span> <span class='ocrx_word' id='word_1_407' title='bbox 1422 4048 1705 4104; x_wconf 86' lang='lat' dir='ltr'><strong>processus</strong></span> <span class='ocrx_word' id='word_1_408' title='bbox 1735 4035 2031 4089; x_wconf 88' lang='lat' dir='ltr'><strong>secundum</strong></span> <span class='ocrx_word' id='word_1_409' title='bbox 2062 4036 2313 4089; x_wconf 89' lang='lat' dir='ltr'><strong>ordinem</strong></span> 
     </span>
    </p>
   </div>
   <div class='ocr_carea' id='block_1_59' title="bbox 757 4119 2318 4190">
    <p class='ocr_par' dir='ltr' id='par_1_59' title="bbox 757 4119 2318 4190">
     <span class='ocr_line' id='line_1_59' title="bbox 757 4119 2318 4190; baseline 0.002 -18"><span class='ocrx_word' id='word_1_410' title='bbox 757 4119 1063 4190; x_wconf 77' lang='lat' dir='ltr'><strong>obtingeret</strong></span> <span class='ocrx_word' id='word_1_411' title='bbox 1117 4125 1388 4189; x_wconf 88' lang='lat' dir='ltr'><strong>supremis</strong></span> <span class='ocrx_word' id='word_1_412' title='bbox 1435 4122 1538 4175; x_wconf 90' lang='lat' dir='ltr'><strong>illis</strong></span> <span class='ocrx_word' id='word_1_413' title='bbox 1595 4124 1769 4175; x_wconf 88' lang='lat' dir='ltr'><strong>tribus</strong></span> <span class='ocrx_word' id='word_1_414' title='bbox 1817 4123 2125 4176; x_wconf 84' lang='lat' dir='ltr'><strong>ordinibus.</strong></span> <span class='ocrx_word' id='word_1_415' title='bbox 2175 4122 2318 4186; x_wconf 78' lang='lat' dir='ltr'><strong>Quid</strong></span> 
     </span>
    </p>
   </div>
   <div class='ocr_carea' id='block_1_60' title="bbox 758 4215 2317 4281">
    <p class='ocr_par' dir='ltr' id='par_1_60' title="bbox 758 4215 2317 4281">
     <span class='ocr_line' id='line_1_60' title="bbox 758 4215 2317 4281; baseline 0.001 -15"><span class='ocrx_word' id='word_1_416' title='bbox 758 4215 921 4281; x_wconf 75' lang='lat' dir='ltr'><strong>igitur</strong></span> <span class='ocrx_word' id='word_1_417' title='bbox 971 4215 1189 4278; x_wconf 86' lang='lat' dir='ltr'><strong>mirum,</strong></span> <span class='ocrx_word' id='word_1_418' title='bbox 1226 4218 1268 4267; x_wconf 90' lang='lat' dir='ltr'><strong>si</strong></span> <span class='ocrx_word' id='word_1_419' title='bbox 1319 4215 1603 4268; x_wconf 67' lang='lat' dir='ltr'><strong>cherubim</strong></span> <span class='ocrx_word' id='word_1_420' title='bbox 1653 4216 1992 4269; x_wconf 85' lang='lat' dir='ltr'><strong>accesserint</strong></span> <span class='ocrx_word' id='word_1_421' title='bbox 2042 4218 2107 4268; x_wconf 90' lang='lat' dir='ltr'><strong>ad</strong></span> <span class='ocrx_word' id='word_1_422' title='bbox 2159 4230 2317 4268; x_wconf 86' lang='lat' dir='ltr'><strong>sera-</strong></span> 
     </span>
    </p>
   </div>
   <div class='ocr_carea' id='block_1_61' title="bbox 759 4304 2319 4372">
    <p class='ocr_par' dir='ltr' id='par_1_61' title="bbox 759 4304 2319 4372">
     <span class='ocr_line' id='line_1_61' title="bbox 759 4304 2319 4372; baseline 0.002 -16"><span class='ocrx_word' id='word_1_423' title='bbox 759 4306 928 4372; x_wconf 81' lang='lat' dir='ltr'><strong>pbitu,</strong></span> <span class='ocrx_word' id='word_1_424' title='bbox 963 4308 1043 4357; x_wconf 90' lang='lat' dir='ltr'><strong>vel</strong></span> <span class='ocrx_word' id='word_1_425' title='bbox 1093 4307 1143 4359; x_wconf 92' lang='lat' dir='ltr'><strong>hi</strong></span> <span class='ocrx_word' id='word_1_426' title='bbox 1193 4307 1257 4358; x_wconf 88' lang='lat' dir='ltr'><strong>ad</strong></span> <span class='ocrx_word' id='word_1_427' title='bbox 1294 4306 1554 4369; x_wconf 88' lang='lat' dir='ltr'><strong>thronos;</strong></span> <span class='ocrx_word' id='word_1_428' title='bbox 1602 4320 1722 4359; x_wconf 91' lang='lat' dir='ltr'><strong>cum</strong></span> <span class='ocrx_word' id='word_1_429' title='bbox 1773 4304 2012 4358; x_wconf 78' lang='lat' dir='ltr'><strong>futurum</strong></span> <span class='ocrx_word' id='word_1_430' title='bbox 2046 4316 2212 4372; x_wconf 89' lang='lat' dir='ltr'><strong>esset,</strong></span> <span class='ocrx_word' id='word_1_431' title='bbox 2262 4316 2319 4359; x_wconf 90' lang='lat' dir='ltr'><strong>ut</strong></span> 
     </span>
    </p>
   </div>
   <div class='ocr_carea' id='block_1_62' title="bbox 762 4397 2318 4466">
    <p class='ocr_par' dir='ltr' id='par_1_62' title="bbox 762 4397 2318 4466">
     <span class='ocr_line' id='line_1_62' title="bbox 762 4397 2318 4466; baseline 0.001 -17"><span class='ocrx_word' id='word_1_432' title='bbox 762 4397 844 4449; x_wconf 91' lang='lat' dir='ltr'><strong>his</strong></span> <span class='ocrx_word' id='word_1_433' title='bbox 878 4397 1047 4464; x_wconf 90' lang='lat' dir='ltr'><strong>prima</strong></span> <span class='ocrx_word' id='word_1_434' title='bbox 1081 4397 1372 4449; x_wconf 86' lang='lat' dir='ltr'><strong>illustratio</strong></span> <span class='ocrx_word' id='word_1_435' title='bbox 1411 4397 1740 4464; x_wconf 79' lang='lat' dir='ltr'><strong>obtingeret,</strong></span> <span class='ocrx_word' id='word_1_436' title='bbox 1776 4408 1937 4465; x_wconf 85' lang='lat' dir='ltr'><strong>atque</strong></span> <span class='ocrx_word' id='word_1_437' title='bbox 1974 4398 2048 4451; x_wconf 90' lang='lat' dir='ltr'><strong>ita</strong></span> <span class='ocrx_word' id='word_1_438' title='bbox 2087 4412 2181 4466; x_wconf 89' lang='lat' dir='ltr'><strong>per</strong></span> <span class='ocrx_word' id='word_1_439' title='bbox 2227 4413 2318 4452; x_wconf 81' lang='lat' dir='ltr'><strong>eos</strong></span> 
     </span>
    </p>
   </div>
   <div class='ocr_carea' id='block_1_63' title="bbox 762 4488 2315 4557">
    <p class='ocr_par' dir='ltr' id='par_1_63' title="bbox 762 4488 2315 4557">
     <span class='ocr_line' id='line_1_63' title="bbox 762 4488 2315 4557; baseline 0.001 -18"><span class='ocrx_word' id='word_1_440' title='bbox 762 4489 1102 4540; x_wconf 86' lang='lat' dir='ltr'><strong>cberubinis.</strong></span> <span class='ocrx_word' id='word_1_441' title='bbox 1174 4488 1370 4556; x_wconf 81' lang='lat' dir='ltr'><strong>thuid</strong></span> <span class='ocrx_word' id='word_1_442' title='bbox 1403 4489 1566 4557; x_wconf 79' lang='lat' dir='ltr'><strong>igitur</strong></span> <span class='ocrx_word' id='word_1_443' title='bbox 1595 4489 1979 4557; x_wconf 60' lang='lat' dir='ltr'><strong>praevenirent,</strong></span> <span class='ocrx_word' id='word_1_444' title='bbox 2009 4501 2062 4541; x_wconf 88' lang='lat' dir='ltr'><strong>et</strong></span> <span class='ocrx_word' id='word_1_445' title='bbox 2099 4504 2202 4541; x_wconf 92' lang='lat' dir='ltr'><strong>non</strong></span> <span class='ocrx_word' id='word_1_446' title='bbox 2235 4504 2315 4541; x_wconf 88' lang='lat' dir='ltr'><strong>se-</strong></span> 
     </span>
    </p>
   </div>
   <div class='ocr_carea' id='block_1_64' title="bbox 761 4562 2392 4647">
    <p class='ocr_par' dir='ltr' id='par_1_64' title="bbox 761 4562 2392 4647">
     <span class='ocr_line' id='line_1_64' title="bbox 761 4562 2392 4647; baseline 0.001 -14"><span class='ocrx_word' id='word_1_447' title='bbox 761 4578 993 4633; x_wconf 88' lang='lat' dir='ltr'><strong>cundum</strong></span> <span class='ocrx_word' id='word_1_448' title='bbox 1026 4579 1259 4632; x_wconf 89' lang='lat' dir='ltr'><strong>divinam</strong></span> <span class='ocrx_word' id='word_1_449' title='bbox 1304 4582 1707 4647; x_wconf 78' lang='lat' dir='ltr'><strong>processionem</strong></span> <span class='ocrx_word' id='word_1_450' title='bbox 1763 4578 2177 4636; x_wconf 86' lang='lat' dir='ltr'><strong>illustrationem</strong></span> <span class='ocrx_word' id='word_1_451' title='bbox 2222 4598 2316 4637; x_wconf 85' lang='lat' dir='ltr'><strong>ex-</strong></span> <span class='ocrx_word' id='word_1_452' title='bbox 2350 4562 2392 4614; x_wconf 80' lang='lat' dir='ltr'><strong>D</strong></span> 
     </span>
    </p>
   </div>
   <div class='ocr_carea' id='block_1_65' title="bbox 766 4658 2317 4741">
    <p class='ocr_par' dir='ltr' id='par_1_65' title="bbox 766 4658 2317 4741">
     <span class='ocr_line' id='line_1_65' title="bbox 766 4658 2317 4741; baseline 0.004 -22"><span class='ocrx_word' id='word_1_453' title='bbox 766 4658 1119 4737; x_wconf 78' lang='lat' dir='ltr'><strong>spectarent?</strong></span> <span class='ocrx_word' id='word_1_454' title='bbox 1169 4671 1416 4724; x_wconf 61' lang='grc' dir='ltr'><strong>Αὺδοινίι</strong></span> <span class='ocrx_word' id='word_1_455' title='bbox 1480 4671 1675 4725; x_wconf 87' lang='lat' dir='ltr'><strong>deinde</strong></span> <span class='ocrx_word' id='word_1_456' title='bbox 1733 4687 1884 4726; x_wconf 88' lang='lat' dir='ltr'><strong>suam</strong></span> <span class='ocrx_word' id='word_1_457' title='bbox 1940 4674 2317 4741; x_wconf 71' lang='lat' dir='ltr'><strong>quaestionem.</strong></span> 
     </span>
    </p>
   </div>
   <div class='ocr_carea' id='block_1_66' title="bbox 770 4756 2317 4827">
    <p class='ocr_par' dir='ltr' id='par_1_66' title="bbox 770 4756 2317 4827">
     <span class='ocr_line' id='line_1_66' title="bbox 770 4756 2317 4827; baseline 0.005 -18"><span class='ocrx_word' id='word_1_458' title='bbox 770 4756 898 4809; x_wconf 86' lang='lat' dir='ltr'><strong>Erat</strong></span> <span class='ocrx_word' id='word_1_459' title='bbox 927 4768 1105 4811; x_wconf 88' lang='lat' dir='ltr'><strong>autem</strong></span> <span class='ocrx_word' id='word_1_460' title='bbox 1133 4759 1268 4820; x_wconf 67' lang='lat' dir='ltr'><strong>hanc,</strong></span> <span class='ocrx_word' id='word_1_461' title='bbox 1295 4774 1452 4825; x_wconf 88' lang='lat' dir='ltr'><strong>quam</strong></span> <span class='ocrx_word' id='word_1_462' title='bbox 1478 4769 1791 4827; x_wconf 87' lang='lat' dir='ltr'><strong>putaremus</strong></span> <span class='ocrx_word' id='word_1_463' title='bbox 1814 4775 1933 4814; x_wconf 88' lang='lat' dir='ltr'><strong>esse</strong></span> <span class='ocrx_word' id='word_1_464' title='bbox 1961 4762 2317 4817; x_wconf 87' lang='lat' dir='ltr'><strong>hierarchiam</strong></span> 
     </span>
    </p>
   </div>
   <div class='ocr_carea' id='block_1_67' title="bbox 762 4851 2314 4920">
    <p class='ocr_par' dir='ltr' id='par_1_67' title="bbox 762 4851 2314 4920">
     <span class='ocr_line' id='line_1_67' title="bbox 762 4851 2314 4920; baseline 0.005 -19"><span class='ocrx_word' id='word_1_465' title='bbox 762 4851 1057 4918; x_wconf 89' lang='lat' dir='ltr'><strong>primarum</strong></span> <span class='ocrx_word' id='word_1_466' title='bbox 1113 4852 1495 4905; x_wconf 83' lang='lat' dir='ltr'><strong>essentiarum.</strong></span> <span class='ocrx_word' id='word_1_467' title='bbox 1552 4852 1727 4906; x_wconf 85' lang='lat' dir='ltr'><strong>l’rIma</strong></span> <span class='ocrx_word' id='word_1_468' title='bbox 1789 4855 1957 4920; x_wconf 82' lang='lat' dir='ltr'><strong>igitur</strong></span> <span class='ocrx_word' id='word_1_469' title='bbox 2009 4855 2314 4909; x_wconf 75' lang='lat' dir='ltr'><strong>coeleinqu</strong></span> 
     </span>
    </p>
   </div>
   <div class='ocr_carea' id='block_1_68' title="bbox 762 4942 2318 5013">
    <p class='ocr_par' dir='ltr' id='par_1_68' title="bbox 762 4942 2318 5013">
     <span class='ocr_line' id='line_1_68' title="bbox 762 4942 2318 5013; baseline 0.006 -21"><span class='ocrx_word' id='word_1_470' title='bbox 762 4942 1249 5010; x_wconf 78' lang='lat' dir='ltr'><strong>intelligentiarum</strong></span> <span class='ocrx_word' id='word_1_471' title='bbox 1279 4943 1586 4996; x_wconf 85' lang='lat' dir='ltr'><strong>hierarcbia</strong></span> <span class='ocrx_word' id='word_1_472' title='bbox 1612 4958 1716 4995; x_wconf 90' lang='lat' dir='ltr'><strong>non</strong></span> <span class='ocrx_word' id='word_1_473' title='bbox 1747 4946 1813 4999; x_wconf 88' lang='lat' dir='ltr'><strong>ab</strong></span> <span class='ocrx_word' id='word_1_474' title='bbox 1839 4945 1945 4999; x_wconf 89' lang='lat' dir='ltr'><strong>alia</strong></span> <span class='ocrx_word' id='word_1_475' title='bbox 1976 4946 2199 5013; x_wconf 87' lang='lat' dir='ltr'><strong>virtute,</strong></span> <span class='ocrx_word' id='word_1_476' title='bbox 2226 4950 2318 5003; x_wconf 85' lang='lat' dir='ltr'><strong>sed</strong></span> 
     </span>
    </p>
   </div>
   <div class='ocr_carea' id='block_1_69' title="bbox 763 5035 2317 5109">
    <p class='ocr_par' dir='ltr' id='par_1_69' title="bbox 763 5035 2317 5109">
     <span class='ocr_line' id='line_1_69' title="bbox 763 5035 2317 5109; baseline 0.006 -22"><span class='ocrx_word' id='word_1_477' title='bbox 763 5035 829 5087; x_wconf 90' lang='lat' dir='ltr'><strong>ab</strong></span> <span class='ocrx_word' id='word_1_478' title='bbox 865 5036 1095 5102; x_wconf 55' lang='lat' dir='ltr'><strong>ipsumet</strong></span> <span class='ocrx_word' id='word_1_479' title='bbox 1138 5035 1384 5087; x_wconf 88' lang='lat' dir='ltr'><strong>initiandi</strong></span> <span class='ocrx_word' id='word_1_480' title='bbox 1420 5037 1723 5105; x_wconf 72' lang='lat' dir='ltr'><strong>principatu:</strong></span> <span class='ocrx_word' id='word_1_481' title='bbox 1760 5039 1987 5107; x_wconf 82' lang='lat' dir='ltr'><strong>mystica</strong></span> <span class='ocrx_word' id='word_1_482' title='bbox 2028 5040 2317 5109; x_wconf 84' lang='lat' dir='ltr'><strong>divinaque</strong></span> 
     </span>
    </p>
   </div>
   <div class='ocr_carea' id='block_1_70' title="bbox 763 5126 2319 5201">
    <p class='ocr_par' dir='ltr' id='par_1_70' title="bbox 763 5126 2319 5201">
     <span class='ocr_line' id='line_1_70' title="bbox 763 5126 2319 5201; baseline 0.003 -21"><span class='ocrx_word' id='word_1_483' title='bbox 763 5126 1125 5180; x_wconf 90' lang='lat' dir='ltr'><strong>illustratione</strong></span> <span class='ocrx_word' id='word_1_484' title='bbox 1174 5136 1492 5180; x_wconf 86' lang='lat' dir='ltr'><strong>consecrata</strong></span> <span class='ocrx_word' id='word_1_485' title='bbox 1553 5131 1999 5198; x_wconf 76' lang='lat' dir='ltr'><strong>gubernataque,</strong></span> <span class='ocrx_word' id='word_1_486' title='bbox 2050 5130 2151 5186; x_wconf 91' lang='lat' dir='ltr'><strong>hoc</strong></span> <span class='ocrx_word' id='word_1_487' title='bbox 2205 5134 2319 5201; x_wconf 90' lang='lat' dir='ltr'><strong>ipso</strong></span> 
     </span>
    </p>
   </div>
   <div class='ocr_carea' id='block_1_71' title="bbox 763 5218 2317 5288">
    <p class='ocr_par' dir='ltr' id='par_1_71' title="bbox 763 5218 2317 5288">
     <span class='ocr_line' id='line_1_71' title="bbox 763 5218 2317 5288; baseline 0.004 -17"><span class='ocrx_word' id='word_1_488' title='bbox 763 5234 869 5287; x_wconf 90' lang='lat' dir='ltr'><strong>quo</strong></span> <span class='ocrx_word' id='word_1_489' title='bbox 903 5219 968 5272; x_wconf 88' lang='lat' dir='ltr'><strong>ad</strong></span> <span class='ocrx_word' id='word_1_490' title='bbox 997 5220 1293 5288; x_wconf 89' lang='lat' dir='ltr'><strong>primarum</strong></span> <span class='ocrx_word' id='word_1_491' title='bbox 1323 5221 1547 5271; x_wconf 91' lang='lat' dir='ltr'><strong>istarum</strong></span> <span class='ocrx_word' id='word_1_492' title='bbox 1583 5224 1844 5274; x_wconf 86' lang='lat' dir='ltr'><strong>mentium</strong></span> <span class='ocrx_word' id='word_1_493' title='bbox 1876 5218 2175 5277; x_wconf 63' lang='lat' dir='ltr'><strong>caelestium</strong></span> <span class='ocrx_word' id='word_1_494' title='bbox 2203 5224 2317 5277; x_wconf 92' lang='lat' dir='ltr'><strong>hie-</strong></span> 
     </span>
    </p>
   </div>
   <div class='ocr_carea' id='block_1_72' title="bbox 765 5308 2317 5385">
    <p class='ocr_par' dir='ltr' id='par_1_72' title="bbox 765 5308 2317 5385">
     <span class='ocr_line' id='line_1_72' title="bbox 765 5308 2317 5385; baseline 0.003 -21"><span class='ocrx_word' id='word_1_495' title='bbox 765 5310 1034 5364; x_wconf 87' lang='lat' dir='ltr'><strong>rarchiam</strong></span> <span class='ocrx_word' id='word_1_496' title='bbox 1060 5308 1377 5377; x_wconf 78' lang='lat' dir='ltr'><strong>subrigitur,</strong></span> <span class='ocrx_word' id='word_1_497' title='bbox 1394 5308 1735 5366; x_wconf 85' lang='lat' dir='ltr'><strong>sanctissima</strong></span> <span class='ocrx_word' id='word_1_498' title='bbox 1760 5314 1973 5382; x_wconf 90' lang='lat' dir='ltr'><strong>quidem</strong></span> <span class='ocrx_word' id='word_1_499' title='bbox 1999 5317 2317 5385; x_wconf 81' lang='lat' dir='ltr'><strong>purgatione</strong></span> 
     </span>
    </p>
   </div>
   <div class='ocr_carea' id='block_1_73' title="bbox 766 5403 2325 5473">
    <p class='ocr_par' dir='ltr' id='par_1_73' title="bbox 766 5403 2325 5473">
     <span class='ocr_line' id='line_1_73' title="bbox 766 5403 2325 5473; baseline 0.002 -15"><span class='ocrx_word' id='word_1_500' title='bbox 766 5404 963 5458; x_wconf 81' lang='lat' dir='ltr'><strong>referta</strong></span> <span class='ocrx_word' id='word_1_501' title='bbox 1016 5403 1285 5471; x_wconf 76' lang='lat' dir='ltr'><strong>expiatur,</strong></span> <span class='ocrx_word' id='word_1_502' title='bbox 1332 5415 1385 5457; x_wconf 90' lang='lat' dir='ltr'><strong>et</strong></span> <span class='ocrx_word' id='word_1_503' title='bbox 1432 5406 1692 5457; x_wconf 89' lang='lat' dir='ltr'><strong>immenso</strong></span> <span class='ocrx_word' id='word_1_504' title='bbox 1743 5404 2068 5473; x_wconf 84' lang='lat' dir='ltr'><strong>&#39;IIIiinitoque</strong></span> <span class='ocrx_word' id='word_1_505' title='bbox 2120 5406 2325 5461; x_wconf 84' lang='lat' dir='ltr'><strong>lumine</strong></span> 
     </span>
    </p>
   </div>
   <div class='ocr_carea' id='block_1_74' title="bbox 768 5492 2322 5564">
    <p class='ocr_par' dir='ltr' id='par_1_74' title="bbox 768 5492 2322 5564">
     <span class='ocr_line' id='line_1_74' title="bbox 768 5492 2322 5564; baseline 0.002 -15"><span class='ocrx_word' id='word_1_506' title='bbox 768 5492 942 5549; x_wconf 75' lang='lat' dir='ltr'><strong>dcn&#39;uo</strong></span> <span class='ocrx_word' id='word_1_507' title='bbox 970 5495 1195 5563; x_wconf 87' lang='lat' dir='ltr'><strong>repleta,</strong></span> <span class='ocrx_word' id='word_1_508' title='bbox 1233 5495 1557 5559; x_wconf 89' lang='lat' dir='ltr'><strong>illustratur,</strong></span> <span class='ocrx_word' id='word_1_509' title='bbox 1589 5496 2098 5564; x_wconf 84' lang='lat' dir='ltr'><strong>pericctissimaque</strong></span> <span class='ocrx_word' id='word_1_510' title='bbox 2130 5514 2322 5553; x_wconf 89' lang='lat' dir='ltr'><strong>conse-</strong></span> 
     </span>
    </p>
   </div>
   <div class='ocr_carea' id='block_1_75' title="bbox 768 5587 2322 5656">
    <p class='ocr_par' dir='ltr' id='par_1_75' title="bbox 768 5587 2322 5656">
     <span class='ocr_line' id='line_1_75' title="bbox 768 5587 2322 5656; baseline -0.001 -12"><span class='ocrx_word' id='word_1_511' title='bbox 768 5593 1012 5644; x_wconf 83' lang='lat' dir='ltr'><strong>Crat&#39;ione</strong></span> <span class='ocrx_word' id='word_1_512' title='bbox 1046 5590 1236 5641; x_wconf 87' lang='lat' dir='ltr'><strong>iterum</strong></span> <span class='ocrx_word' id='word_1_513' title='bbox 1270 5589 1444 5656; x_wconf 88' lang='lat' dir='ltr'><strong>pleIIa,</strong></span> <span class='ocrx_word' id='word_1_514' title='bbox 1477 5587 1771 5640; x_wconf 81' lang='lat' dir='ltr'><strong>secundum</strong></span> <span class='ocrx_word' id='word_1_515' title='bbox 1804 5587 2013 5641; x_wconf 88' lang='lat' dir='ltr'><strong>ordinis</strong></span> <span class='ocrx_word' id='word_1_516' title='bbox 2051 5591 2322 5643; x_wconf 86' lang='lat' dir='ltr'><strong>conditio-</strong></span> 
     </span>
    </p>
   </div>
   <div class='ocr_carea' id='block_1_76' title="bbox 770 5680 2321 5753">
    <p class='ocr_par' dir='ltr' id='par_1_76' title="bbox 770 5680 2321 5753">
     <span class='ocr_line' id='line_1_76' title="bbox 770 5680 2321 5753; baseline 0.001 -18"><span class='ocrx_word' id='word_1_517' title='bbox 770 5697 892 5737; x_wconf 78' lang='lat' dir='ltr'><strong>nem</strong></span> <span class='ocrx_word' id='word_1_518' title='bbox 921 5682 1217 5753; x_wconf 79' lang='lat' dir='ltr'><strong>perﬁcitur.</strong></span> <span class='ocrx_word' id='word_1_519' title='bbox 1254 5680 1401 5734; x_wconf 82' lang='lat' dir='ltr'><strong>Hanc</strong></span> <span class='ocrx_word' id='word_1_520' title='bbox 1444 5682 1587 5733; x_wconf 88' lang='lat' dir='ltr'><strong>enim</strong></span> <span class='ocrx_word' id='word_1_521' title='bbox 1620 5680 1979 5733; x_wconf 86' lang='lat' dir='ltr'><strong>bierarchiam</strong></span> <span class='ocrx_word' id='word_1_522' title='bbox 2015 5695 2178 5749; x_wconf 80' lang='lat' dir='ltr'><strong>supra</strong></span> <span class='ocrx_word' id='word_1_523' title='bbox 2230 5696 2321 5736; x_wconf 73' lang='lat' dir='ltr'><strong>v0-</strong></span> 
     </span>
    </p>
   </div>
   <div class='ocr_carea' id='block_1_77' title="bbox 846 5834 2123 5903">
    <p class='ocr_par' dir='ltr' id='par_1_77' title="bbox 846 5834 2123 5903">
     <span class='ocr_line' id='line_1_77' title="bbox 846 5834 2123 5903; baseline -0.002 -13"><span class='ocrx_word' id='word_1_524' title='bbox 846 5839 871 5877; x_wconf 75' lang='grc' dir='ltr'>ε</span> <span class='ocrx_word' id='word_1_525' title='bbox 916 5836 1037 5892; x_wconf 82' lang='lat' dir='ltr'><strong>lsai.</strong></span> <span class='ocrx_word' id='word_1_526' title='bbox 1082 5852 1231 5903; x_wconf 68' lang='lat' dir='ltr'><strong>LXIII,</strong></span> <span class='ocrx_word' id='word_1_527' title='bbox 1276 5839 1321 5893; x_wconf 86' lang='lat' dir='ltr'><strong>l.</strong></span> <span class='ocrx_word' id='word_1_528' title='bbox 1401 5837 1425 5877; x_wconf 67' lang='grc' dir='ltr'>ιι</span> <span class='ocrx_word' id='word_1_529' title='bbox 1459 5836 1614 5903; x_wconf 84' lang='lat' dir='ltr'><strong>lbid.,</strong></span> <span class='ocrx_word' id='word_1_530' title='bbox 1662 5835 1715 5888; x_wconf 77' lang='lat'><strong>‘2.</strong></span> <span class='ocrx_word' id='word_1_531' title='bbox 1800 5838 1813 5876; x_wconf 72' lang='grc' dir='ltr'>ἱ</span> <span class='ocrx_word' id='word_1_532' title='bbox 1874 5834 2030 5900; x_wconf 66' lang='lat' dir='ltr'><strong>Ibid,</strong></span> <span class='ocrx_word' id='word_1_533' title='bbox 2071 5834 2123 5888; x_wconf 71' lang='lat' dir='ltr'><strong>i.</strong></span> 
     </span>
    </p>
   </div>
   <div class='ocr_carea' id='block_1_78' title="bbox 2415 2014 3987 2089">
    <p class='ocr_par' dir='ltr' id='par_1_78' title="bbox 2415 2014 3987 2089">
     <span class='ocr_line' id='line_1_78' title="bbox 2415 2014 3987 2089; baseline -0.001 -19"><span class='ocrx_word' id='word_1_534' title='bbox 2415 2018 2600 2087; x_wconf 84' lang='grc' dir='ltr'>ῶσπερ</span> <span class='ocrx_word' id='word_1_535' title='bbox 2627 2018 2691 2072; x_wconf 83' lang='grc' dir='ltr'><strong>ἂν</strong></span> <span class='ocrx_word' id='word_1_536' title='bbox 2720 2014 2859 2089; x_wconf 85' lang='grc' dir='ltr'>ἦσαν</span> <span class='ocrx_word' id='word_1_537' title='bbox 2894 2022 3233 2088; x_wconf 83' lang='grc' dir='ltr'>μεσοταγεῖς,</span> <span class='ocrx_word' id='word_1_538' title='bbox 3260 2019 3422 2088; x_wconf 85' lang='grc' dir='ltr'>αἴπερ</span> <span class='ocrx_word' id='word_1_539' title='bbox 3455 2016 3673 2088; x_wconf 79' lang='grc' dir='ltr'>ἔμελλον</span> <span class='ocrx_word' id='word_1_540' title='bbox 3702 2017 3853 2089; x_wconf 85' lang='grc' dir='ltr'><strong>παρά</strong></span> <span class='ocrx_word' id='word_1_541' title='bbox 3874 2017 3987 2070; x_wconf 88' lang='grc' dir='ltr'><strong>τῶν</strong></span> 
     </span>
    </p>
   </div>
   <div class='ocr_carea' id='block_1_79' title="bbox 2415 2097 3988 2181">
    <p class='ocr_par' dir='ltr' id='par_1_79' title="bbox 2415 2097 3988 2181">
     <span class='ocr_line' id='line_1_79' title="bbox 2415 2097 3988 2181; baseline -0.002 -17"><span class='ocrx_word' id='word_1_542' title='bbox 2415 2097 2758 2181; x_wconf 74' lang='grc' dir='ltr'>ὑψηλοτέρων</span> <span class='ocrx_word' id='word_1_543' title='bbox 2782 2110 3075 2180; x_wconf 85' lang='grc' dir='ltr'>λαμϐάνειν</span> <span class='ocrx_word' id='word_1_544' title='bbox 3104 2111 3201 2181; x_wconf 85' lang='grc' dir='ltr'>τὴν</span> <span class='ocrx_word' id='word_1_545' title='bbox 3220 2110 3497 2180; x_wconf 73' lang='grc' dir='ltr'>ἐλλαμψιν.</span> <span class='ocrx_word' id='word_1_546' title='bbox 3529 2111 3638 2163; x_wconf 75' lang='grc' dir='ltr'>Καὶ</span> <span class='ocrx_word' id='word_1_547' title='bbox 3668 2110 3774 2181; x_wconf 81' lang='grc' dir='ltr'><strong>γὰρ</strong></span> <span class='ocrx_word' id='word_1_548' title='bbox 3797 2112 3855 2162; x_wconf 78' lang='grc' dir='ltr'><strong>αἱ</strong></span> <span class='ocrx_word' id='word_1_549' title='bbox 3886 2110 3988 2180; x_wconf 81' lang='grc' dir='ltr'><strong>μέ-</strong></span> 
     </span>
    </p>
   </div>
   <div class='ocr_carea' id='block_1_80' title="bbox 2416 2200 3986 2272">
    <p class='ocr_par' dir='ltr' id='par_1_80' title="bbox 2416 2200 3986 2272">
     <span class='ocr_line' id='line_1_80' title="bbox 2416 2200 3986 2272; baseline -0.001 -18"><span class='ocrx_word' id='word_1_550' title='bbox 2416 2211 2524 2266; x_wconf 83' lang='grc' dir='ltr'>σαι,</span> <span class='ocrx_word' id='word_1_551' title='bbox 2557 2203 2631 2264; x_wconf 89' lang='grc' dir='ltr'><strong>ώς</strong></span> <span class='ocrx_word' id='word_1_552' title='bbox 2657 2202 2900 2271; x_wconf 78' lang='grc' dir='ltr'>εἴπομεν,</span> <span class='ocrx_word' id='word_1_553' title='bbox 2928 2202 3025 2271; x_wconf 81' lang='grc' dir='ltr'><strong>τὴν</strong></span> <span class='ocrx_word' id='word_1_554' title='bbox 3072 2202 3169 2272; x_wconf 83' lang='grc' dir='ltr'><strong>μὲν</strong></span> <span class='ocrx_word' id='word_1_555' title='bbox 3212 2201 3442 2272; x_wconf 80' lang='grc' dir='ltr'>θεωρίαν</span> <span class='ocrx_word' id='word_1_556' title='bbox 3477 2202 3569 2254; x_wconf 74' lang='grc' dir='ltr'><strong>καὶ</strong></span> <span class='ocrx_word' id='word_1_557' title='bbox 3594 2203 3753 2254; x_wconf 76' lang='grc' dir='ltr'>αὑταὶ</span> <span class='ocrx_word' id='word_1_558' title='bbox 3792 2200 3986 2271; x_wconf 84' lang='grc' dir='ltr'>ἀκλινῆ</span> 
     </span>
    </p>
   </div>
   <div class='ocr_carea' id='block_1_81' title="bbox 2415 2288 3987 2368">
    <p class='ocr_par' dir='ltr' id='par_1_81' title="bbox 2415 2288 3987 2368">
     <span class='ocr_line' id='line_1_81' title="bbox 2415 2288 3987 2368; baseline -0.001 -19"><span class='ocrx_word' id='word_1_559' title='bbox 2415 2296 2551 2368; x_wconf 75' lang='grc' dir='ltr'>πρὸς</span> <span class='ocrx_word' id='word_1_560' title='bbox 2575 2295 2663 2347; x_wconf 85' lang='grc' dir='ltr'><strong>τὸν</strong></span> <span class='ocrx_word' id='word_1_561' title='bbox 2687 2288 2818 2347; x_wconf 78' lang='grc' dir='ltr'>Θεὸν</span> <span class='ocrx_word' id='word_1_562' title='bbox 2839 2294 3039 2363; x_wconf 78' lang='grc' dir='ltr'>ἔχουσι,</span> <span class='ocrx_word' id='word_1_563' title='bbox 3070 2296 3162 2346; x_wconf 69' lang='grc' dir='ltr'><strong>καὶ</strong></span> <span class='ocrx_word' id='word_1_564' title='bbox 3191 2296 3288 2364; x_wconf 81' lang='grc' dir='ltr'><strong>τὴν</strong></span> <span class='ocrx_word' id='word_1_565' title='bbox 3318 2296 3522 2363; x_wconf 62' lang='grc' dir='ltr'>ἔφεσιν,</span> <span class='ocrx_word' id='word_1_566' title='bbox 3551 2294 3579 2347; x_wconf 82' lang='grc' dir='ltr'><strong>ὃ</strong></span> <span class='ocrx_word' id='word_1_567' title='bbox 3603 2295 3658 2347; x_wconf 84' lang='grc' dir='ltr'><strong>δέ</strong></span> <span class='ocrx_word' id='word_1_568' title='bbox 3687 2294 3987 2365; x_wconf 73' lang='grc' dir='ltr'>θεωροῦσαι</span> 
     </span>
    </p>
   </div>
   <div class='ocr_carea' id='block_1_82' title="bbox 2416 2382 3983 2455">
    <p class='ocr_par' dir='ltr' id='par_1_82' title="bbox 2416 2382 3983 2455">
     <span class='ocr_line' id='line_1_82' title="bbox 2416 2382 3983 2455; baseline -0.001 -16"><span class='ocrx_word' id='word_1_569' title='bbox 2416 2384 2700 2455; x_wconf 79' lang='grc' dir='ltr'>ἀποροῦσι,</span> <span class='ocrx_word' id='word_1_570' title='bbox 2738 2382 2893 2436; x_wconf 79' lang='grc' dir='ltr'>τοῦτο</span> <span class='ocrx_word' id='word_1_571' title='bbox 2921 2384 3069 2453; x_wconf 78' lang='grc' dir='ltr'>παρὰ</span> <span class='ocrx_word' id='word_1_572' title='bbox 3096 2384 3201 2436; x_wconf 88' lang='grc' dir='ltr'><strong>τῶν</strong></span> <span class='ocrx_word' id='word_1_573' title='bbox 3228 2385 3569 2455; x_wconf 46' lang='grc' dir='ltr'>ὐῂλοτὲρων</span> <span class='ocrx_word' id='word_1_574' title='bbox 3603 2385 3983 2455; x_wconf 80' lang='grc' dir='ltr'>μανθάνουσιν,</span> 
     </span>
    </p>
   </div>
   <div class='ocr_carea' id='block_1_83' title="bbox 2415 2464 3988 2547">
    <p class='ocr_par' dir='ltr' id='par_1_83' title="bbox 2415 2464 3988 2547">
     <span class='ocr_line' id='line_1_83' title="bbox 2415 2464 3988 2547; baseline 0.001 -20"><span class='ocrx_word' id='word_1_575' title='bbox 2415 2464 2601 2545; x_wconf 87' lang='grc' dir='ltr'>ῶσπερ</span> <span class='ocrx_word' id='word_1_576' title='bbox 2631 2476 2693 2527; x_wconf 78' lang='grc' dir='ltr'>ἄν</span> <span class='ocrx_word' id='word_1_577' title='bbox 2734 2492 2817 2537; x_wconf 86' lang='grc' dir='ltr'><strong>τις</strong></span> <span class='ocrx_word' id='word_1_578' title='bbox 2852 2464 3035 2545; x_wconf 78' lang='grc' dir='ltr'>όλικὴν</span> <span class='ocrx_word' id='word_1_579' title='bbox 3065 2476 3160 2545; x_wconf 83' lang='grc' dir='ltr'><strong>μὲν</strong></span> <span class='ocrx_word' id='word_1_580' title='bbox 3187 2475 3297 2545; x_wconf 74' lang='grc' dir='ltr'>ἔχοι</span> <span class='ocrx_word' id='word_1_581' title='bbox 3325 2478 3424 2546; x_wconf 83' lang='grc' dir='ltr'><strong>τῆς</strong></span> <span class='ocrx_word' id='word_1_582' title='bbox 3458 2476 3681 2547; x_wconf 88' lang='grc' dir='ltr'>καρδίας</span> <span class='ocrx_word' id='word_1_583' title='bbox 3708 2477 3805 2546; x_wconf 82' lang='grc' dir='ltr'><strong>τὴν</strong></span> <span class='ocrx_word' id='word_1_584' title='bbox 3833 2477 3988 2530; x_wconf 82' lang='grc' dir='ltr'>τάσιν</span> 
     </span>
    </p>
   </div>
   <div class='ocr_carea' id='block_1_84' title="bbox 2406 2557 3987 2636">
    <p class='ocr_par' dir='ltr' id='par_1_84' title="bbox 2406 2557 3987 2636">
     <span class='ocr_line' id='line_1_84' title="bbox 2406 2557 3987 2636; baseline 0 -19"><span class='ocrx_word' id='word_1_585' title='bbox 2406 2562 2551 2636; x_wconf 77' lang='grc' dir='ltr'>’πρὸς</span> <span class='ocrx_word' id='word_1_586' title='bbox 2587 2558 2677 2617; x_wconf 75' lang='grc' dir='ltr'>τὸν</span> <span class='ocrx_word' id='word_1_587' title='bbox 2714 2563 2954 2633; x_wconf 83' lang='grc' dir='ltr'>βασιλέα,</span> <span class='ocrx_word' id='word_1_588' title='bbox 2988 2564 3071 2632; x_wconf 74' lang='grc' dir='ltr'><strong>ἐφ’</strong></span> <span class='ocrx_word' id='word_1_589' title='bbox 3106 2557 3148 2630; x_wconf 84' lang='grc' dir='ltr'>ᾧ</span> <span class='ocrx_word' id='word_1_590' title='bbox 3192 2565 3247 2615; x_wconf 88' lang='grc' dir='ltr'>δὲ</span> <span class='ocrx_word' id='word_1_591' title='bbox 3287 2565 3515 2634; x_wconf 79' lang='grc' dir='ltr'>ἀποροίη</span> <span class='ocrx_word' id='word_1_592' title='bbox 3555 2564 3843 2633; x_wconf 85' lang='grc' dir='ltr'>θεώμενος,</span> <span class='ocrx_word' id='word_1_593' title='bbox 3886 2565 3987 2634; x_wconf 77' lang='grc' dir='ltr'><strong>τὴν</strong></span> 
     </span>
    </p>
   </div>
   <div class='ocr_carea' id='block_1_85' title="bbox 2416 2650 3987 2723">
    <p class='ocr_par' dir='ltr' id='par_1_85' title="bbox 2416 2650 3987 2723">
     <span class='ocr_line' id='line_1_85' title="bbox 2416 2650 3987 2723; baseline 0 -18"><span class='ocrx_word' id='word_1_594' title='bbox 2416 2654 2566 2705; x_wconf 85' lang='grc' dir='ltr'>λύσιν</span> <span class='ocrx_word' id='word_1_595' title='bbox 2599 2652 2859 2722; x_wconf 80' lang='grc' dir='ltr'>λαμϐάνει</span> <span class='ocrx_word' id='word_1_596' title='bbox 2903 2650 3052 2722; x_wconf 76' lang='grc' dir='ltr'>παρὰ</span> <span class='ocrx_word' id='word_1_597' title='bbox 3092 2652 3185 2705; x_wconf 78' lang='grc' dir='ltr'><strong>τοῦ</strong></span> <span class='ocrx_word' id='word_1_598' title='bbox 3223 2653 3595 2723; x_wconf 82' lang='grc' dir='ltr'>ὑπερέχοντος.</span> <span class='ocrx_word' id='word_1_599' title='bbox 3646 2653 3814 2705; x_wconf 79' lang='grc' dir='ltr'>Τοῦτο</span> <span class='ocrx_word' id='word_1_600' title='bbox 3856 2653 3987 2720; x_wconf 81' lang='grc' dir='ltr'>γοῦν</span> 
     </span>
    </p>
   </div>
   <div class='ocr_carea' id='block_1_86' title="bbox 2416 2736 3988 2813">
    <p class='ocr_par' dir='ltr' id='par_1_86' title="bbox 2416 2736 3988 2813">
     <span class='ocr_line' id='line_1_86' title="bbox 2416 2736 3988 2813; baseline -0.001 -19"><span class='ocrx_word' id='word_1_601' title='bbox 2416 2741 2689 2794; x_wconf 80' lang='grc' dir='ltr'>κάνταῦθα</span> <span class='ocrx_word' id='word_1_602' title='bbox 2718 2740 2983 2811; x_wconf 84' lang='grc' dir='ltr'>φαίνεται,</span> <span class='ocrx_word' id='word_1_603' title='bbox 3015 2741 3202 2813; x_wconf 87' lang='grc' dir='ltr'>ῶσπερ</span> <span class='ocrx_word' id='word_1_604' title='bbox 3236 2736 3299 2794; x_wconf 82' lang='grc' dir='ltr'><strong>ἂν</strong></span> <span class='ocrx_word' id='word_1_605' title='bbox 3352 2738 3487 2811; x_wconf 81' lang='grc' dir='ltr'>ἦσαν</span> <span class='ocrx_word' id='word_1_606' title='bbox 3514 2742 3569 2793; x_wconf 95' lang='grc' dir='ltr'>αἰ</span> <span class='ocrx_word' id='word_1_607' title='bbox 3603 2742 3860 2811; x_wconf 82' lang='grc' dir='ltr'>δυνάμεις</span> <span class='ocrx_word' id='word_1_608' title='bbox 3893 2758 3988 2812; x_wconf 84' lang='grc' dir='ltr'>με-</span> 
     </span>
    </p>
   </div>
   <div class='ocr_carea' id='block_1_87' title="bbox 2420 2830 3983 2902">
    <p class='ocr_par' dir='ltr' id='par_1_87' title="bbox 2420 2830 3983 2902">
     <span class='ocr_line' id='line_1_87' title="bbox 2420 2830 3983 2902; baseline 0.002 -19"><span class='ocrx_word' id='word_1_609' title='bbox 2420 2831 2685 2898; x_wconf 82' lang='grc' dir='ltr'>σοταγεῖς,</span> <span class='ocrx_word' id='word_1_610' title='bbox 2737 2832 2835 2883; x_wconf 65' lang='grc' dir='ltr'><strong>κα)¹</strong></span> <span class='ocrx_word' id='word_1_611' title='bbox 2871 2830 3093 2882; x_wconf 77' lang='grc' dir='ltr'>ἔϐλεπον</span> <span class='ocrx_word' id='word_1_612' title='bbox 3140 2832 3234 2901; x_wconf 86' lang='grc' dir='ltr'><strong>μὲν</strong></span> <span class='ocrx_word' id='word_1_613' title='bbox 3268 2831 3407 2900; x_wconf 85' lang='grc' dir='ltr'>πρὸς</span> <span class='ocrx_word' id='word_1_614' title='bbox 3448 2830 3539 2884; x_wconf 86' lang='grc' dir='ltr'><strong>τὸν</strong></span> <span class='ocrx_word' id='word_1_615' title='bbox 3588 2831 3983 2902; x_wconf 74' lang='grc' dir='ltr'>ἀνερχόμενὸν,</span> 
     </span>
    </p>
   </div>
   <div class='ocr_carea' id='block_1_88' title="bbox 2419 2920 3984 2993">
    <p class='ocr_par' dir='ltr' id='par_1_88' title="bbox 2419 2920 3984 2993">
     <span class='ocr_line' id='line_1_88' title="bbox 2419 2920 3984 2993; baseline -0.001 -18"><span class='ocrx_word' id='word_1_616' title='bbox 2419 2920 2718 2993; x_wconf 71' lang='grc' dir='ltr'>ἀποροῦσαι</span> <span class='ocrx_word' id='word_1_617' title='bbox 2763 2921 2819 2973; x_wconf 87' lang='grc' dir='ltr'>δὲ</span> <span class='ocrx_word' id='word_1_618' title='bbox 2856 2920 3148 2991; x_wconf 73' lang='grc' dir='ltr'>ἐπεζήτουν</span> <span class='ocrx_word' id='word_1_619' title='bbox 3170 2920 3266 2992; x_wconf 82' lang='grc' dir='ltr'>τὴν</span> <span class='ocrx_word' id='word_1_620' title='bbox 3296 2921 3444 2974; x_wconf 86' lang='grc' dir='ltr'>λύσιν</span> <span class='ocrx_word' id='word_1_621' title='bbox 3468 2921 3618 2992; x_wconf 88' lang='grc' dir='ltr'><strong>παρά</strong></span> <span class='ocrx_word' id='word_1_622' title='bbox 3645 2922 3751 2974; x_wconf 89' lang='grc' dir='ltr'><strong>τῶν</strong></span> <span class='ocrx_word' id='word_1_623' title='bbox 3786 2922 3984 2987; x_wconf 80' lang='grc' dir='ltr'>ἄλλων,</span> 
     </span>
    </p>
   </div>
   <div class='ocr_carea' id='block_1_89' title="bbox 2417 3011 3986 3081">
    <p class='ocr_par' dir='ltr' id='par_1_89' title="bbox 2417 3011 3986 3081">
     <span class='ocr_line' id='line_1_89' title="bbox 2417 3011 3986 3081; baseline -0.001 -16"><span class='ocrx_word' id='word_1_624' title='bbox 2417 3013 2599 3075; x_wconf 85' lang='grc' dir='ltr'>καθὼς</span> <span class='ocrx_word' id='word_1_625' title='bbox 2641 3014 2696 3065; x_wconf 88' lang='grc' dir='ltr'>αἱ</span> <span class='ocrx_word' id='word_1_626' title='bbox 2747 3012 2885 3063; x_wconf 84' lang='grc' dir='ltr'>θεῖαι</span> <span class='ocrx_word' id='word_1_627' title='bbox 2934 3011 3199 3081; x_wconf 84' lang='grc' dir='ltr'>δυνάμεις</span> <span class='ocrx_word' id='word_1_628' title='bbox 3231 3011 3409 3079; x_wconf 71' lang='grc' dir='ltr'>ἔχουσι</span> <span class='ocrx_word' id='word_1_629' title='bbox 3449 3011 3670 3075; x_wconf 79' lang='grc' dir='ltr'>τάξεως.</span> <span class='ocrx_word' id='word_1_630' title='bbox 3716 3012 3826 3071; x_wconf 75' lang='grc' dir='ltr'><strong>Καὶ</strong></span> <span class='ocrx_word' id='word_1_631' title='bbox 3856 3011 3986 3081; x_wconf 85' lang='grc' dir='ltr'>γὰρ,</span> 
     </span>
    </p>
   </div>
   <div class='ocr_carea' id='block_1_90' title="bbox 2418 3100 3992 3173">
    <p class='ocr_par' dir='ltr' id='par_1_90' title="bbox 2418 3100 3992 3173">
     <span class='ocr_line' id='line_1_90' title="bbox 2418 3100 3992 3173; baseline 0.001 -20"><span class='ocrx_word' id='word_1_632' title='bbox 2418 3103 2614 3173; x_wconf 75' lang='grc' dir='ltr'>φησὶν,</span> <span class='ocrx_word' id='word_1_633' title='bbox 2664 3102 2765 3153; x_wconf 78' lang='grc' dir='ltr'><strong>οὐκ</strong></span> <span class='ocrx_word' id='word_1_634' title='bbox 2812 3100 3031 3153; x_wconf 85' lang='grc' dir='ltr'>αὐτόθεν</span> <span class='ocrx_word' id='word_1_635' title='bbox 3077 3100 3319 3172; x_wconf 84' lang='grc' dir='ltr'>ἐρωτῶσι</span> <span class='ocrx_word' id='word_1_636' title='bbox 3367 3102 3454 3153; x_wconf 78' lang='grc' dir='ltr'><strong>τὸν</strong></span> <span class='ocrx_word' id='word_1_637' title='bbox 3507 3101 3728 3171; x_wconf 81' lang='grc' dir='ltr'>Κύριον·</span> <span class='ocrx_word' id='word_1_638' title='bbox 3784 3102 3888 3155; x_wconf 83' lang='grc' dir='ltr'><strong>Διὰ</strong></span> <span class='ocrx_word' id='word_1_639' title='bbox 3935 3102 3992 3155; x_wconf 79' lang='grc' dir='ltr'><strong>τί</strong></span> 
     </span>
    </p>
   </div>
   <div class='ocr_carea' id='block_1_91' title="bbox 2419 3192 3988 3264">
    <p class='ocr_par' dir='ltr' id='par_1_91' title="bbox 2419 3192 3988 3264">
     <span class='ocr_line' id='line_1_91' title="bbox 2419 3192 3988 3264; baseline -0.001 -16"><span class='ocrx_word' id='word_1_640' title='bbox 2419 3211 2535 3248; x_wconf 81' lang='grc' dir='ltr'><strong>σου</strong></span> <span class='ocrx_word' id='word_1_641' title='bbox 2577 3193 2792 3261; x_wconf 76' lang='grc' dir='ltr'>ἐρυθρὰ</span> <span class='ocrx_word' id='word_1_642' title='bbox 2854 3194 2925 3245; x_wconf 83' lang='grc' dir='ltr'>τὰ</span> <span class='ocrx_word' id='word_1_643' title='bbox 2980 3192 3208 3261; x_wconf 77' lang='grc' dir='ltr'>ίμάτια;</span> <span class='ocrx_word' id='word_1_644' title='bbox 3268 3194 3402 3264; x_wconf 81' lang='grc' dir='ltr'>πρὸς</span> <span class='ocrx_word' id='word_1_645' title='bbox 3451 3194 3643 3256; x_wconf 65' lang='grc' dir='ltr'>ἑαυτὰς</span> <span class='ocrx_word' id='word_1_646' title='bbox 3694 3194 3749 3246; x_wconf 79' lang='grc' dir='ltr'>δὲ</span> <span class='ocrx_word' id='word_1_647' title='bbox 3802 3194 3988 3248; x_wconf 72' lang='grc' dir='ltr'>διασω-</span> 
     </span>
    </p>
   </div>
   <div class='ocr_carea' id='block_1_92' title="bbox 2429 3282 3992 3356">
    <p class='ocr_par' dir='ltr' id='par_1_92' title="bbox 2429 3282 3992 3356">
     <span class='ocr_line' id='line_1_92' title="bbox 2429 3282 3992 3356; baseline 0.001 -20"><span class='ocrx_word' id='word_1_648' title='bbox 2429 3285 2582 3356; x_wconf 84' lang='grc' dir='ltr'><strong>ρούσι</strong></span> <span class='ocrx_word' id='word_1_649' title='bbox 2638 3284 2934 3354; x_wconf 81' lang='grc' dir='ltr'>πρότερον·</span> <span class='ocrx_word' id='word_1_650' title='bbox 2978 3283 3070 3347; x_wconf 84' lang='grc' dir='ltr'><strong>Τίς</strong></span> <span class='ocrx_word' id='word_1_651' title='bbox 3102 3282 3276 3348; x_wconf 83' lang='grc' dir='ltr'>οὗτος</span> <span class='ocrx_word' id='word_1_652' title='bbox 3328 3287 3358 3336; x_wconf 84' lang='lat' dir='ltr'><strong>d</strong></span> <span class='ocrx_word' id='word_1_653' title='bbox 3406 3286 3884 3354; x_wconf 76' lang='grc' dir='ltr'>παραγενόμενος</span> <span class='ocrx_word' id='word_1_654' title='bbox 3921 3283 3992 3350; x_wconf 77' lang='grc' dir='ltr'><strong>ἐξ</strong></span> 
     </span>
    </p>
   </div>
   <div class='ocr_carea' id='block_1_93' title="bbox 2434 3373 3991 3445">
    <p class='ocr_par' dir='ltr' id='par_1_93' title="bbox 2434 3373 3991 3445">
     <span class='ocr_line' id='line_1_93' title="bbox 2434 3373 3991 3445; baseline -0.001 -17"><span class='ocrx_word' id='word_1_655' title='bbox 2434 3375 2617 3444; x_wconf 84' lang='grc' dir='ltr'>Ἐδώμ</span> <span class='ocrx_word' id='word_1_656' title='bbox 2633 3392 2653 3439; x_wconf 81' lang='lat'><strong><em>;</em></strong></span> <span class='ocrx_word' id='word_1_657' title='bbox 2680 3375 2943 3443; x_wconf 77' lang='grc' dir='ltr'>λέγουσαι.</span> <span class='ocrx_word' id='word_1_658' title='bbox 2974 3373 3267 3442; x_wconf 84' lang='grc' dir='ltr'>Θαυμάσας</span> <span class='ocrx_word' id='word_1_659' title='bbox 3286 3374 3613 3438; x_wconf 82' lang='grc' dir='ltr'>τοίνυν,λύει</span> <span class='ocrx_word' id='word_1_660' title='bbox 3637 3380 3733 3445; x_wconf 79' lang='grc' dir='ltr'>τὴν</span> <span class='ocrx_word' id='word_1_661' title='bbox 3758 3374 3991 3445; x_wconf 81' lang='grc' dir='ltr'>ἀπορίαν</span> 
     </span>
    </p>
   </div>
   <div class='ocr_carea' id='block_1_94' title="bbox 2417 3465 3991 3536">
    <p class='ocr_par' dir='ltr' id='par_1_94' title="bbox 2417 3465 3991 3536">
     <span class='ocr_line' id='line_1_94' title="bbox 2417 3465 3991 3536; baseline -0.002 -15"><span class='ocrx_word' id='word_1_662' title='bbox 2417 3470 2446 3520; x_wconf 79' lang='grc' dir='ltr'>ὁ</span> <span class='ocrx_word' id='word_1_663' title='bbox 2479 3466 2846 3535; x_wconf 74' lang='grc' dir='ltr'>ἀγιος,λέγων,</span> <span class='ocrx_word' id='word_1_664' title='bbox 2870 3466 2948 3517; x_wconf 85' lang='grc' dir='ltr'><strong>ὅτι</strong></span> <span class='ocrx_word' id='word_1_665' title='bbox 2978 3465 3308 3517; x_wconf 76' lang='grc' dir='ltr'>ἐνδείκνυται</span> <span class='ocrx_word' id='word_1_666' title='bbox 3339 3466 3434 3535; x_wconf 83' lang='grc' dir='ltr'><strong>μὲν</strong></span> <span class='ocrx_word' id='word_1_667' title='bbox 3462 3467 3540 3518; x_wconf 85' lang='grc' dir='ltr'>ὅτι</span> <span class='ocrx_word' id='word_1_668' title='bbox 3565 3466 3663 3534; x_wconf 81' lang='grc' dir='ltr'>τῆς</span> <span class='ocrx_word' id='word_1_669' title='bbox 3696 3466 3991 3536; x_wconf 81' lang='grc' dir='ltr'>μαθητείας</span> 
     </span>
    </p>
   </div>
   <div class='ocr_carea' id='block_1_95' title="bbox 2419 3555 3990 3631">
    <p class='ocr_par' dir='ltr' id='par_1_95' title="bbox 2419 3555 3990 3631">
     <span class='ocr_line' id='line_1_95' title="bbox 2419 3555 3990 3631; baseline -0.003 -19"><span class='ocrx_word' id='word_1_670' title='bbox 2419 3559 2688 3631; x_wconf 82' lang='grc' dir='ltr'>γλίχονται</span> <span class='ocrx_word' id='word_1_671' title='bbox 2714 3598 2728 3621; x_wconf 96' lang='grc'><strong>,</strong></span> <span class='ocrx_word' id='word_1_672' title='bbox 2775 3558 2869 3610; x_wconf 74' lang='grc' dir='ltr'>καὶ</span> <span class='ocrx_word' id='word_1_673' title='bbox 2907 3556 3146 3624; x_wconf 83' lang='grc' dir='ltr'>ἐφίενται</span> <span class='ocrx_word' id='word_1_674' title='bbox 3183 3555 3382 3623; x_wconf 84' lang='grc' dir='ltr'>γνῶναι</span> <span class='ocrx_word' id='word_1_675' title='bbox 3417 3556 3513 3625; x_wconf 85' lang='grc' dir='ltr'><strong>τὴν</strong></span> <span class='ocrx_word' id='word_1_676' title='bbox 3561 3556 3870 3628; x_wconf 78' lang='grc' dir='ltr'>θεουργίαν,</span> <span class='ocrx_word' id='word_1_677' title='bbox 3898 3557 3990 3609; x_wconf 81' lang='grc' dir='ltr'><strong>τὸν</strong></span> 
     </span>
    </p>
   </div>
   <div class='ocr_carea' id='block_1_96' title="bbox 2418 3646 3994 3722">
    <p class='ocr_par' dir='ltr' id='par_1_96' title="bbox 2418 3646 3994 3722">
     <span class='ocr_line' id='line_1_96' title="bbox 2418 3646 3994 3722; baseline -0.004 -19"><span class='ocrx_word' id='word_1_678' title='bbox 2418 3652 2616 3722; x_wconf 85' lang='grc' dir='ltr'>τρόπον</span> <span class='ocrx_word' id='word_1_679' title='bbox 2645 3650 2786 3717; x_wconf 83' lang='grc' dir='ltr'>λέγω</span> <span class='ocrx_word' id='word_1_680' title='bbox 2812 3648 2909 3716; x_wconf 76' lang='grc' dir='ltr'><strong>τῆς</strong></span> <span class='ocrx_word' id='word_1_681' title='bbox 2937 3646 3246 3717; x_wconf 80' lang='grc' dir='ltr'>οἰκονομίας</span> <span class='ocrx_word' id='word_1_682' title='bbox 3276 3647 3367 3699; x_wconf 82' lang='grc' dir='ltr'><strong>τὸν</strong></span> <span class='ocrx_word' id='word_1_683' title='bbox 3395 3648 3649 3719; x_wconf 74' lang='grc' dir='ltr'>ἄρρητον,</span> <span class='ocrx_word' id='word_1_684' title='bbox 3686 3648 3746 3698; x_wconf 90' lang='grc' dir='ltr'><strong>οὐ</strong></span> <span class='ocrx_word' id='word_1_685' title='bbox 3779 3663 3994 3717; x_wconf 85' lang='grc' dir='ltr'>προπη-</span> 
     </span>
    </p>
   </div>
   <div class='ocr_carea' id='block_1_97' title="bbox 2417 3737 3992 3809">
    <p class='ocr_par' dir='ltr' id='par_1_97' title="bbox 2417 3737 3992 3809">
     <span class='ocr_line' id='line_1_97' title="bbox 2417 3737 3992 3809; baseline -0.003 -14"><span class='ocrx_word' id='word_1_686' title='bbox 2417 3742 2549 3795; x_wconf 82' lang='grc' dir='ltr'>δῶσι</span> <span class='ocrx_word' id='word_1_687' title='bbox 2580 3741 2637 3793; x_wconf 83' lang='grc' dir='ltr'><strong>δέ</strong></span> <span class='ocrx_word' id='word_1_688' title='bbox 2668 3740 2766 3809; x_wconf 80' lang='grc' dir='ltr'>τῆς</span> <span class='ocrx_word' id='word_1_689' title='bbox 2793 3738 2935 3791; x_wconf 82' lang='grc' dir='ltr'>κατὰ</span> <span class='ocrx_word' id='word_1_690' title='bbox 2973 3738 3121 3789; x_wconf 90' lang='grc' dir='ltr'>θείαν</span> <span class='ocrx_word' id='word_1_691' title='bbox 3156 3738 3379 3807; x_wconf 75' lang='grc' dir='ltr'>πρόοδον</span> <span class='ocrx_word' id='word_1_692' title='bbox 3416 3738 3751 3808; x_wconf 75' lang='grc' dir='ltr'>ἐνδιδομένης</span> <span class='ocrx_word' id='word_1_693' title='bbox 3790 3737 3992 3808; x_wconf 78' lang='grc' dir='ltr'>ἐλλάμ-</span> 
     </span>
    </p>
   </div>
   <div class='ocr_carea' id='block_1_98' title="bbox 2418 3827 3994 3903">
    <p class='ocr_par' dir='ltr' id='par_1_98' title="bbox 2418 3827 3994 3903">
     <span class='ocr_line' id='line_1_98' title="bbox 2418 3827 3994 3903; baseline -0.004 -18"><span class='ocrx_word' id='word_1_694' title='bbox 2418 3834 2583 3903; x_wconf 68' lang='grc' dir='ltr'>ψεως,</span> <span class='ocrx_word' id='word_1_695' title='bbox 2607 3832 2689 3883; x_wconf 81' lang='grc' dir='ltr'><strong>ὅτι</strong></span> <span class='ocrx_word' id='word_1_696' title='bbox 2724 3831 2884 3899; x_wconf 82' lang='grc' dir='ltr'>τυχὸν</span> <span class='ocrx_word' id='word_1_697' title='bbox 2926 3830 2972 3881; x_wconf 87' lang='grc' dir='ltr'><strong>εί</strong></span> <span class='ocrx_word' id='word_1_698' title='bbox 3002 3830 3095 3881; x_wconf 72' lang='grc' dir='ltr'><strong>καὶ</strong></span> <span class='ocrx_word' id='word_1_699' title='bbox 3133 3830 3164 3899; x_wconf 81' lang='grc' dir='ltr'>ἡ</span> <span class='ocrx_word' id='word_1_700' title='bbox 3205 3828 3394 3900; x_wconf 84' lang='grc' dir='ltr'>πρώτη</span> <span class='ocrx_word' id='word_1_701' title='bbox 3430 3830 3521 3881; x_wconf 71' lang='grc' dir='ltr'><strong>καὶ</strong></span> <span class='ocrx_word' id='word_1_702' title='bbox 3553 3830 3832 3899; x_wconf 80' lang='grc' dir='ltr'>ὑπερτάτη</span> <span class='ocrx_word' id='word_1_703' title='bbox 3884 3827 3994 3880; x_wconf 85' lang='grc' dir='ltr'><strong>τῶν</strong></span> 
     </span>
    </p>
   </div>
   <div class='ocr_carea' id='block_1_99' title="bbox 2419 3915 3993 3991">
    <p class='ocr_par' dir='ltr' id='par_1_99' title="bbox 2419 3915 3993 3991">
     <span class='ocr_line' id='line_1_99' title="bbox 2419 3915 3993 3991; baseline -0.004 -14"><span class='ocrx_word' id='word_1_704' title='bbox 2419 3924 2592 3978; x_wconf 66' lang='grc' dir='ltr'>ἀλλων</span> <span class='ocrx_word' id='word_1_705' title='bbox 2636 3920 2791 3991; x_wconf 78' lang='grc' dir='ltr'>τριὰς</span> <span class='ocrx_word' id='word_1_706' title='bbox 2823 3920 2870 3972; x_wconf 85' lang='grc' dir='ltr'>οἱ</span> <span class='ocrx_word' id='word_1_707' title='bbox 2911 3919 3242 3991; x_wconf 79' lang='grc' dir='ltr'>ἀποροῦντες</span> <span class='ocrx_word' id='word_1_708' title='bbox 3289 3915 3447 3989; x_wconf 82' lang='grc' dir='ltr'>ἦσαν,</span> <span class='ocrx_word' id='word_1_709' title='bbox 3484 3922 3582 3973; x_wconf 83' lang='grc' dir='ltr'><strong>οὐκ</strong></span> <span class='ocrx_word' id='word_1_710' title='bbox 3624 3920 3825 3983; x_wconf 83' lang='grc' dir='ltr'>εὐθέως</span> <span class='ocrx_word' id='word_1_711' title='bbox 3856 3921 3993 3989; x_wconf 75' lang='grc' dir='ltr'>ἠπό-</span> 
     </span>
    </p>
   </div>
   <div class='ocr_carea' id='block_1_100' title="bbox 2421 4009 3991 4084">
    <p class='ocr_par' dir='ltr' id='par_1_100' title="bbox 2421 4009 3991 4084">
     <span class='ocr_line' id='line_1_100' title="bbox 2421 4009 3991 4084; baseline -0.002 -20"><span class='ocrx_word' id='word_1_712' title='bbox 2421 4029 2593 4084; x_wconf 84' lang='grc' dir='ltr'>ρησαν</span> <span class='ocrx_word' id='word_1_713' title='bbox 2624 4010 2760 4080; x_wconf 79' lang='grc' dir='ltr'>πρὸς</span> <span class='ocrx_word' id='word_1_714' title='bbox 2789 4010 2879 4062; x_wconf 85' lang='grc' dir='ltr'><strong>τὸν</strong></span> <span class='ocrx_word' id='word_1_715' title='bbox 2906 4009 3127 4079; x_wconf 85' lang='grc' dir='ltr'>Κύριον,</span> <span class='ocrx_word' id='word_1_716' title='bbox 3157 4010 3235 4060; x_wconf 78' lang='grc' dir='ltr'><strong>ὅτι</strong></span> <span class='ocrx_word' id='word_1_717' title='bbox 3264 4009 3451 4078; x_wconf 74' lang='grc' dir='ltr'>ἔμελλε</span> <span class='ocrx_word' id='word_1_718' title='bbox 3478 4011 3571 4062; x_wconf 74' lang='grc' dir='ltr'>καὶ</span> <span class='ocrx_word' id='word_1_719' title='bbox 3600 4013 3632 4080; x_wconf 80' lang='grc' dir='ltr'>ἡ</span> <span class='ocrx_word' id='word_1_720' title='bbox 3661 4011 3760 4079; x_wconf 80' lang='grc' dir='ltr'>τῆς</span> <span class='ocrx_word' id='word_1_721' title='bbox 3790 4009 3991 4082; x_wconf 80' lang='grc' dir='ltr'>ἐλλάμ-</span> 
     </span>
    </p>
   </div>
   <div class='ocr_carea' id='block_1_101' title="bbox 2417 4100 3995 4173">
    <p class='ocr_par' dir='ltr' id='par_1_101' title="bbox 2417 4100 3995 4173">
     <span class='ocr_line' id='line_1_101' title="bbox 2417 4100 3995 4173; baseline 0.002 -18"><span class='ocrx_word' id='word_1_722' title='bbox 2417 4105 2562 4172; x_wconf 79' lang='grc' dir='ltr'>ψεως</span> <span class='ocrx_word' id='word_1_723' title='bbox 2589 4102 2811 4173; x_wconf 82' lang='grc' dir='ltr'>πρόοδος</span> <span class='ocrx_word' id='word_1_724' title='bbox 2875 4100 3014 4171; x_wconf 82' lang='grc' dir='ltr'><strong>κατά</strong></span> <span class='ocrx_word' id='word_1_725' title='bbox 3045 4100 3197 4165; x_wconf 80' lang='grc' dir='ltr'>τάξιν</span> <span class='ocrx_word' id='word_1_726' title='bbox 3233 4100 3486 4166; x_wconf 85' lang='grc' dir='ltr'>γενέσθαι</span> <span class='ocrx_word' id='word_1_727' title='bbox 3517 4104 3629 4164; x_wconf 79' lang='grc' dir='ltr'>τοῖς</span> <span class='ocrx_word' id='word_1_728' title='bbox 3668 4103 3995 4171; x_wconf 74' lang='grc' dir='ltr'>ὑπερτάταις</span> 
     </span>
    </p>
   </div>
   <div class='ocr_carea' id='block_1_102' title="bbox 2418 4192 3993 4270">
    <p class='ocr_par' dir='ltr' id='par_1_102' title="bbox 2418 4192 3993 4270">
     <span class='ocr_line' id='line_1_102' title="bbox 2418 4192 3993 4270; baseline 0.001 -19"><span class='ocrx_word' id='word_1_729' title='bbox 2418 4200 2562 4270; x_wconf 79' lang='grc' dir='ltr'>τρισὶ</span> <span class='ocrx_word' id='word_1_730' title='bbox 2585 4199 2845 4268; x_wconf 75' lang='grc' dir='ltr'>τάγμασι.</span> <span class='ocrx_word' id='word_1_731' title='bbox 2873 4196 2936 4248; x_wconf 89' lang='grc' dir='ltr'>Τί</span> <span class='ocrx_word' id='word_1_732' title='bbox 2959 4192 3051 4247; x_wconf 77' lang='grc' dir='ltr'><strong>οὖν</strong></span> <span class='ocrx_word' id='word_1_733' title='bbox 3074 4195 3239 4260; x_wconf 76' lang='grc' dir='ltr'>ξένον,</span> <span class='ocrx_word' id='word_1_734' title='bbox 3259 4196 3306 4246; x_wconf 79' lang='grc' dir='ltr'>εἰ</span> <span class='ocrx_word' id='word_1_735' title='bbox 3336 4193 3404 4246; x_wconf 87' lang='grc' dir='ltr'><strong>τά</strong></span> <span class='ocrx_word' id='word_1_736' title='bbox 3423 4195 3683 4265; x_wconf 68' lang='grc' dir='ltr'>χερουϐὶμ</span> <span class='ocrx_word' id='word_1_737' title='bbox 3704 4197 3993 4269; x_wconf 85' lang='grc' dir='ltr'>διηπόρουν</span> 
     </span>
    </p>
   </div>
   <div class='ocr_carea' id='block_1_103' title="bbox 2420 4284 3994 4358">
    <p class='ocr_par' dir='ltr' id='par_1_103' title="bbox 2420 4284 3994 4358">
     <span class='ocr_line' id='line_1_103' title="bbox 2420 4284 3994 4358; baseline 0.001 -19"><span class='ocrx_word' id='word_1_738' title='bbox 2420 4288 2557 4358; x_wconf 84' lang='grc' dir='ltr'>πρὸς</span> <span class='ocrx_word' id='word_1_739' title='bbox 2595 4287 2663 4338; x_wconf 89' lang='grc' dir='ltr'>τὰ</span> <span class='ocrx_word' id='word_1_740' title='bbox 2704 4288 2963 4357; x_wconf 69' lang='grc' dir='ltr'>σεραφὶμ,</span> <span class='ocrx_word' id='word_1_741' title='bbox 2998 4285 3228 4355; x_wconf 83' lang='grc' dir='ltr'>ἢταύτα</span> <span class='ocrx_word' id='word_1_742' title='bbox 3260 4285 3395 4355; x_wconf 84' lang='grc' dir='ltr'>πρὸς</span> <span class='ocrx_word' id='word_1_743' title='bbox 3426 4285 3552 4347; x_wconf 75' lang='grc' dir='ltr'>τοὺς</span> <span class='ocrx_word' id='word_1_744' title='bbox 3594 4284 3848 4355; x_wconf 85' lang='grc' dir='ltr'>θρόνους;</span> <span class='ocrx_word' id='word_1_745' title='bbox 3893 4288 3994 4357; x_wconf 75' lang='grc' dir='ltr'>τῆς</span> 
     </span>
    </p>
   </div>
   <div class='ocr_carea' id='block_1_104' title="bbox 2421 4382 3989 4457">
    <p class='ocr_par' dir='ltr' id='par_1_104' title="bbox 2421 4382 3989 4457">
     <span class='ocr_line' id='line_1_104' title="bbox 2421 4382 3989 4457; baseline -0.002 -16"><span class='ocrx_word' id='word_1_746' title='bbox 2421 4388 2736 4457; x_wconf 68' lang='grc' dir='ltr'>ἐλλάμψεως</span> <span class='ocrx_word' id='word_1_747' title='bbox 2778 4385 3078 4456; x_wconf 81' lang='grc' dir='ltr'>μελλούσης</span> <span class='ocrx_word' id='word_1_748' title='bbox 3102 4384 3347 4453; x_wconf 88' lang='grc' dir='ltr'>γίνεσθαι</span> <span class='ocrx_word' id='word_1_749' title='bbox 3388 4382 3608 4454; x_wconf 83' lang='grc' dir='ltr'>πρώτης</span> <span class='ocrx_word' id='word_1_750' title='bbox 3638 4386 3717 4446; x_wconf 87' lang='grc' dir='ltr'><strong>είς</strong></span> <span class='ocrx_word' id='word_1_751' title='bbox 3744 4386 3989 4450; x_wconf 76' lang='grc' dir='ltr'>τούτους,</span> 
     </span>
    </p>
   </div>
   <div class='ocr_carea' id='block_1_105' title="bbox 2422 4475 3993 4546">
    <p class='ocr_par' dir='ltr' id='par_1_105' title="bbox 2422 4475 3993 4546">
     <span class='ocr_line' id='line_1_105' title="bbox 2422 4475 3993 4546; baseline -0.001 -12"><span class='ocrx_word' id='word_1_752' title='bbox 2422 4481 2518 4535; x_wconf 77' lang='grc' dir='ltr'>εἷθ’</span> <span class='ocrx_word' id='word_1_753' title='bbox 2570 4482 2710 4533; x_wconf 79' lang='grc' dir='ltr'>οὑτω</span> <span class='ocrx_word' id='word_1_754' title='bbox 2759 4484 2850 4533; x_wconf 74' lang='grc' dir='ltr'><strong>καὶ</strong></span> <span class='ocrx_word' id='word_1_755' title='bbox 2896 4479 2963 4532; x_wconf 78' lang='grc' dir='ltr'>δι’</span> <span class='ocrx_word' id='word_1_756' title='bbox 3000 4478 3175 4530; x_wconf 87' lang='grc' dir='ltr'>αὑτῶν</span> <span class='ocrx_word' id='word_1_757' title='bbox 3229 4479 3308 4539; x_wconf 82' lang='grc' dir='ltr'>εἰς</span> <span class='ocrx_word' id='word_1_758' title='bbox 3349 4476 3417 4527; x_wconf 78' lang='grc' dir='ltr'>τὰ</span> <span class='ocrx_word' id='word_1_759' title='bbox 3462 4475 3743 4546; x_wconf 82' lang='grc' dir='ltr'>χερουϐίμ.</span> <span class='ocrx_word' id='word_1_760' title='bbox 3784 4480 3896 4532; x_wconf 86' lang='grc' dir='ltr'>Ἱνα</span> <span class='ocrx_word' id='word_1_761' title='bbox 3938 4481 3993 4533; x_wconf 86' lang='grc' dir='ltr'><strong>τί</strong></span> 
     </span>
    </p>
   </div>
   <div class='ocr_carea' id='block_1_106' title="bbox 2421 4565 3992 4643">
    <p class='ocr_par' dir='ltr' id='par_1_106' title="bbox 2421 4565 3992 4643">
     <span class='ocr_line' id='line_1_106' title="bbox 2421 4565 3992 4643; baseline -0.002 -18"><span class='ocrx_word' id='word_1_762' title='bbox 2421 4575 2547 4643; x_wconf 79' lang='grc' dir='ltr'>γοῦν</span> <span class='ocrx_word' id='word_1_763' title='bbox 2582 4572 3007 4642; x_wconf 74' lang='grc' dir='ltr'>τίροπηδήσειαν,</span> <span class='ocrx_word' id='word_1_764' title='bbox 3043 4570 3134 4621; x_wconf 69' lang='grc' dir='ltr'><strong>καὶ</strong></span> <span class='ocrx_word' id='word_1_765' title='bbox 3170 4568 3241 4639; x_wconf 84' lang='grc' dir='ltr'>μὴ</span> <span class='ocrx_word' id='word_1_766' title='bbox 3280 4568 3374 4637; x_wconf 82' lang='grc' dir='ltr'>τὴν</span> <span class='ocrx_word' id='word_1_767' title='bbox 3415 4566 3553 4619; x_wconf 75' lang='grc' dir='ltr'><strong>κατά</strong></span> <span class='ocrx_word' id='word_1_768' title='bbox 3586 4565 3732 4621; x_wconf 90' lang='grc' dir='ltr'>θείαν</span> <span class='ocrx_word' id='word_1_769' title='bbox 3765 4571 3992 4640; x_wconf 80' lang='grc' dir='ltr'>πρόοδον</span> 
     </span>
    </p>
   </div>
   <div class='ocr_carea' id='block_1_107' title="bbox 2423 4659 3995 4735">
    <p class='ocr_par' dir='ltr' id='par_1_107' title="bbox 2423 4659 3995 4735">
     <span class='ocr_line' id='line_1_107' title="bbox 2423 4659 3995 4735; baseline -0.004 -17"><span class='ocrx_word' id='word_1_770' title='bbox 2423 4664 2683 4735; x_wconf 65' lang='grc' dir='ltr'>ἕλλαμψιν</span> <span class='ocrx_word' id='word_1_771' title='bbox 2720 4659 3103 4732; x_wconf 85' lang='grc' dir='ltr'>ἀναμείνειαν;</span> <span class='ocrx_word' id='word_1_772' title='bbox 3138 4659 3501 4729; x_wconf 75' lang='grc' dir='ltr'>Συμπεραίνει</span> <span class='ocrx_word' id='word_1_773' title='bbox 3534 4659 3780 4712; x_wconf 75' lang='grc' dir='ltr'>ἐντεῦθεν</span> <span class='ocrx_word' id='word_1_774' title='bbox 3808 4661 3867 4713; x_wconf 80' lang='grc' dir='ltr'><strong>τὸ</strong></span> <span class='ocrx_word' id='word_1_775' title='bbox 3899 4661 3995 4733; x_wconf 75' lang='grc' dir='ltr'><strong>ζή-</strong></span> 
     </span>
    </p>
   </div>
   <div class='ocr_carea' id='block_1_108' title="bbox 2420 4748 3993 4827">
    <p class='ocr_par' dir='ltr' id='par_1_108' title="bbox 2420 4748 3993 4827">
     <span class='ocr_line' id='line_1_108' title="bbox 2420 4748 3993 4827; baseline -0.003 -18"><span class='ocrx_word' id='word_1_776' title='bbox 2420 4763 2569 4827; x_wconf 71' lang='grc' dir='ltr'>τημα</span> <span class='ocrx_word' id='word_1_777' title='bbox 2607 4754 2789 4807; x_wconf 76' lang='grc' dir='ltr'>αὑτοῦ.</span> <span class='ocrx_word' id='word_1_778' title='bbox 2836 4750 2943 4805; x_wconf 67' lang='grc' dir='ltr'><strong>*Ην</strong></span> <span class='ocrx_word' id='word_1_779' title='bbox 2973 4749 3110 4804; x_wconf 82' lang='grc' dir='ltr'>δὲτὸ</span> <span class='ocrx_word' id='word_1_780' title='bbox 3139 4749 3355 4820; x_wconf 79' lang='grc' dir='ltr'>ζήτημα</span> <span class='ocrx_word' id='word_1_781' title='bbox 3395 4750 3577 4810; x_wconf 80' lang='grc' dir='ltr'>αὑτοῦ,</span> <span class='ocrx_word' id='word_1_782' title='bbox 3610 4748 3727 4801; x_wconf 88' lang='grc' dir='ltr'>τίνα</span> <span class='ocrx_word' id='word_1_783' title='bbox 3768 4748 3993 4821; x_wconf 76' lang='grc' dir='ltr'>οἰόμεθα</span> 
     </span>
    </p>
   </div>
   <div class='ocr_carea' id='block_1_109' title="bbox 2422 4836 3992 4919">
    <p class='ocr_par' dir='ltr' id='par_1_109' title="bbox 2422 4836 3992 4919">
     <span class='ocr_line' id='line_1_109' title="bbox 2422 4836 3992 4919; baseline -0.004 -18"><span class='ocrx_word' id='word_1_784' title='bbox 2422 4850 2520 4919; x_wconf 84' lang='grc' dir='ltr'><strong>τὴν</strong></span> <span class='ocrx_word' id='word_1_785' title='bbox 2561 4848 2667 4900; x_wconf 89' lang='grc' dir='ltr'><strong>τῶν</strong></span> <span class='ocrx_word' id='word_1_786' title='bbox 2703 4845 2931 4915; x_wconf 87' lang='grc' dir='ltr'>πρώτων</span> <span class='ocrx_word' id='word_1_787' title='bbox 2980 4842 3174 4895; x_wconf 86' lang='grc' dir='ltr'>οὐσιῶν</span> <span class='ocrx_word' id='word_1_788' title='bbox 3224 4842 3523 4913; x_wconf 83' lang='grc' dir='ltr'>ίεραρχίαν.</span> <span class='ocrx_word' id='word_1_789' title='bbox 3569 4836 3773 4893; x_wconf 71' lang='grc' dir='ltr'>Οὐκοῦν</span> <span class='ocrx_word' id='word_1_790' title='bbox 3813 4842 3992 4895; x_wconf 88' lang='grc' dir='ltr'>τοίνυν</span> 
     </span>
    </p>
   </div>
   <div class='ocr_carea' id='block_1_110' title="bbox 2426 4930 3994 5011">
    <p class='ocr_par' dir='ltr' id='par_1_110' title="bbox 2426 4930 3994 5011">
     <span class='ocr_line' id='line_1_110' title="bbox 2426 4930 3994 5011; baseline -0.004 -20"><span class='ocrx_word' id='word_1_791' title='bbox 2426 4943 2458 5011; x_wconf 78' lang='grc' dir='ltr'><strong>ἡ</strong></span> <span class='ocrx_word' id='word_1_792' title='bbox 2491 4939 2679 5009; x_wconf 86' lang='grc' dir='ltr'>πρώτη</span> <span class='ocrx_word' id='word_1_793' title='bbox 2712 4936 2819 4989; x_wconf 87' lang='grc' dir='ltr'><strong>τῶν</strong></span> <span class='ocrx_word' id='word_1_794' title='bbox 2844 4935 3105 5007; x_wconf 82' lang='grc' dir='ltr'>οὐρανίων</span> <span class='ocrx_word' id='word_1_795' title='bbox 3140 4934 3271 4987; x_wconf 84' lang='grc' dir='ltr'>νοῶν</span> <span class='ocrx_word' id='word_1_796' title='bbox 3297 4932 3545 5003; x_wconf 83' lang='grc' dir='ltr'>ίεραρχία</span> <span class='ocrx_word' id='word_1_797' title='bbox 3573 4930 3633 4983; x_wconf 84' lang='grc' dir='ltr'><strong>οὐ</strong></span> <span class='ocrx_word' id='word_1_798' title='bbox 3666 4935 3793 5003; x_wconf 81' lang='grc' dir='ltr'>παρ’</span> <span class='ocrx_word' id='word_1_799' title='bbox 3826 4934 3994 5003; x_wconf 77' lang='grc' dir='ltr'>ἄλλης</span> 
     </span>
    </p>
   </div>
   <div class='ocr_carea' id='block_1_111' title="bbox 2425 5017 3993 5100">
    <p class='ocr_par' dir='ltr' id='par_1_111' title="bbox 2425 5017 3993 5100">
     <span class='ocr_line' id='line_1_111' title="bbox 2425 5017 3993 5100; baseline -0.013 -15"><span class='ocrx_word' id='word_1_800' title='bbox 2425 5033 2721 5100; x_wconf 87' lang='grc' dir='ltr'>δυνάμεως,</span> <span class='ocrx_word' id='word_1_801' title='bbox 2752 5031 2877 5099; x_wconf 78' lang='grc' dir='ltr'>παρ’</span> <span class='ocrx_word' id='word_1_802' title='bbox 2910 5027 3077 5096; x_wconf 77' lang='grc' dir='ltr'>αὐτῆς</span> <span class='ocrx_word' id='word_1_803' title='bbox 3117 5026 3172 5078; x_wconf 82' lang='grc' dir='ltr'><strong>δὲ</strong></span> <span class='ocrx_word' id='word_1_804' title='bbox 3203 5025 3303 5093; x_wconf 77' lang='grc' dir='ltr'>τῆς</span> <span class='ocrx_word' id='word_1_805' title='bbox 3334 5017 3699 5092; x_wconf 84' lang='grc' dir='ltr'>τελεταρχίας,</span> <span class='ocrx_word' id='word_1_806' title='bbox 3747 5024 3848 5091; x_wconf 81' lang='grc' dir='ltr'>τῆς</span> <span class='ocrx_word' id='word_1_807' title='bbox 3892 5042 3993 5092; x_wconf 84' lang='grc' dir='ltr'><strong>μυ-</strong></span> 
     </span>
    </p>
   </div>
   <div class='ocr_carea' id='block_1_112' title="bbox 2427 5115 3989 5193">
    <p class='ocr_par' dir='ltr' id='par_1_112' title="bbox 2427 5115 3989 5193">
     <span class='ocr_line' id='line_1_112' title="bbox 2427 5115 3989 5193; baseline -0.008 -16"><span class='ocrx_word' id='word_1_808' title='bbox 2427 5125 2615 5193; x_wconf 68' lang='grc' dir='ltr'>σιτικῆς</span> <span class='ocrx_word' id='word_1_809' title='bbox 2638 5122 2731 5175; x_wconf 72' lang='grc' dir='ltr'><strong>καὶ</strong></span> <span class='ocrx_word' id='word_1_810' title='bbox 2755 5122 2903 5182; x_wconf 90' lang='grc' dir='ltr'>θείας</span> <span class='ocrx_word' id='word_1_811' title='bbox 2927 5117 3240 5188; x_wconf 73' lang='grc' dir='ltr'>ἐλλάμψεως</span> <span class='ocrx_word' id='word_1_812' title='bbox 3266 5115 3656 5185; x_wconf 83' lang='grc' dir='ltr'>ίεραρχουμένη</span> <span class='ocrx_word' id='word_1_813' title='bbox 3680 5116 3770 5166; x_wconf 82' lang='grc' dir='ltr'>καὶ</span> <span class='ocrx_word' id='word_1_814' title='bbox 3789 5115 3989 5166; x_wconf 78' lang='grc' dir='ltr'>οἰκονο-</span> 
     </span>
    </p>
   </div>
   <div class='ocr_carea' id='block_1_113' title="bbox 2429 5206 3985 5286">
    <p class='ocr_par' dir='ltr' id='par_1_113' title="bbox 2429 5206 3985 5286">
     <span class='ocr_line' id='line_1_113' title="bbox 2429 5206 3985 5286; baseline -0.006 -18"><span class='ocrx_word' id='word_1_815' title='bbox 2429 5235 2528 5286; x_wconf 89' lang='grc' dir='ltr'><strong>μου</strong></span> <span class='ocrx_word' id='word_1_816' title='bbox 2539 5216 2692 5285; x_wconf 81' lang='grc' dir='ltr'>μένη,</span> <span class='ocrx_word' id='word_1_817' title='bbox 2713 5216 2768 5265; x_wconf 83' lang='grc' dir='ltr'><strong>ἐν</strong></span> <span class='ocrx_word' id='word_1_818' title='bbox 2783 5213 2860 5281; x_wconf 83' lang='grc' dir='ltr'>τῷ</span> <span class='ocrx_word' id='word_1_819' title='bbox 2879 5213 2964 5262; x_wconf 78' lang='grc' dir='ltr'>ἐπ’</span> <span class='ocrx_word' id='word_1_820' title='bbox 2987 5210 3153 5279; x_wconf 81' lang='grc' dir='ltr'>αὐτὴν</span> <span class='ocrx_word' id='word_1_821' title='bbox 3169 5208 3230 5278; x_wconf 79' lang='grc' dir='ltr'>δὴ</span> <span class='ocrx_word' id='word_1_822' title='bbox 3246 5208 3340 5278; x_wconf 79' lang='grc' dir='ltr'>τὴν</span> <span class='ocrx_word' id='word_1_823' title='bbox 3355 5208 3460 5261; x_wconf 87' lang='grc' dir='ltr'><strong>τῶν</strong></span> <span class='ocrx_word' id='word_1_824' title='bbox 3482 5206 3708 5277; x_wconf 83' lang='grc' dir='ltr'>πρώτων</span> <span class='ocrx_word' id='word_1_825' title='bbox 3727 5207 3985 5276; x_wconf 75' lang='grc' dir='ltr'>οὐρανίων</span> 
     </span>
    </p>
   </div>
   <div class='ocr_carea' id='block_1_114' title="bbox 2428 5306 3981 5385">
    <p class='ocr_par' dir='ltr' id='par_1_114' title="bbox 2428 5306 3981 5385">
     <span class='ocr_line' id='line_1_114' title="bbox 2428 5306 3981 5385; baseline -0.008 -16"><span class='ocrx_word' id='word_1_826' title='bbox 2428 5318 2559 5369; x_wconf 89' lang='grc' dir='ltr'>νόων</span> <span class='ocrx_word' id='word_1_827' title='bbox 2597 5314 2875 5385; x_wconf 88' lang='grc' dir='ltr'>ίεραρχίαν</span> <span class='ocrx_word' id='word_1_828' title='bbox 2914 5310 3305 5373; x_wconf 84' lang='grc' dir='ltr'>ἀνατείνεσθαι,</span> <span class='ocrx_word' id='word_1_829' title='bbox 3335 5309 3434 5377; x_wconf 81' lang='grc' dir='ltr'>τῆς</span> <span class='ocrx_word' id='word_1_830' title='bbox 3469 5307 3733 5374; x_wconf 85' lang='grc' dir='ltr'>παναγίας</span> <span class='ocrx_word' id='word_1_831' title='bbox 3763 5306 3858 5375; x_wconf 81' lang='grc' dir='ltr'>μὲν</span> <span class='ocrx_word' id='word_1_832' title='bbox 3890 5324 3981 5357; x_wconf 87' lang='grc' dir='ltr'>κα-</span> 
     </span>
    </p>
   </div>
   <div class='ocr_carea' id='block_1_115' title="bbox 2430 5397 3982 5478">
    <p class='ocr_par' dir='ltr' id='par_1_115' title="bbox 2430 5397 3982 5478">
     <span class='ocr_line' id='line_1_115' title="bbox 2430 5397 3982 5478; baseline -0.006 -18"><span class='ocrx_word' id='word_1_833' title='bbox 2430 5409 2669 5478; x_wconf 83' lang='grc' dir='ltr'>θάρσεως</span> <span class='ocrx_word' id='word_1_834' title='bbox 2694 5404 3038 5475; x_wconf 80' lang='grc' dir='ltr'>πληρουμένη</span> <span class='ocrx_word' id='word_1_835' title='bbox 3070 5401 3406 5471; x_wconf 88' lang='grc' dir='ltr'>καθαίρεται,</span> <span class='ocrx_word' id='word_1_836' title='bbox 3431 5397 3523 5449; x_wconf 74' lang='grc' dir='ltr'>τοῦ</span> <span class='ocrx_word' id='word_1_837' title='bbox 3552 5398 3778 5450; x_wconf 80' lang='grc' dir='ltr'>ἀπλέτου</span> <span class='ocrx_word' id='word_1_838' title='bbox 3810 5397 3865 5449; x_wconf 85' lang='grc' dir='ltr'><strong>δέ</strong></span> <span class='ocrx_word' id='word_1_839' title='bbox 3897 5399 3982 5451; x_wconf 79' lang='grc' dir='ltr'>καὶ</span> 
     </span>
    </p>
   </div>
   <div class='ocr_carea' id='block_1_116' title="bbox 2430 5488 3989 5569">
    <p class='ocr_par' dir='ltr' id='par_1_116' title="bbox 2430 5488 3989 5569">
     <span class='ocr_line' id='line_1_116' title="bbox 2430 5488 3989 5569; baseline -0.008 -17"><span class='ocrx_word' id='word_1_840' title='bbox 2430 5502 2651 5569; x_wconf 87' lang='grc' dir='ltr'>ἀπείρου</span> <span class='ocrx_word' id='word_1_841' title='bbox 2688 5497 2862 5568; x_wconf 75' lang='grc' dir='ltr'>φωτὸς</span> <span class='ocrx_word' id='word_1_842' title='bbox 2906 5499 3066 5551; x_wconf 86' lang='grc' dir='ltr'>πάλιν</span> <span class='ocrx_word' id='word_1_843' title='bbox 3109 5494 3491 5565; x_wconf 81' lang='grc' dir='ltr'>πληρουμένη,</span> <span class='ocrx_word' id='word_1_844' title='bbox 3539 5490 3845 5560; x_wconf 78' lang='grc' dir='ltr'>φωτίζεται,</span> <span class='ocrx_word' id='word_1_845' title='bbox 3888 5488 3989 5555; x_wconf 81' lang='grc' dir='ltr'>τῆς</span> 
     </span>
    </p>
   </div>
   <div class='ocr_carea' id='block_1_117' title="bbox 2429 5581 3989 5661">
    <p class='ocr_par' dir='ltr' id='par_1_117' title="bbox 2429 5581 3989 5661">
     <span class='ocr_line' id='line_1_117' title="bbox 2429 5581 3989 5661; baseline -0.008 -18"><span class='ocrx_word' id='word_1_846' title='bbox 2429 5591 2735 5661; x_wconf 85' lang='grc' dir='ltr'>προτελείου</span> <span class='ocrx_word' id='word_1_847' title='bbox 2783 5590 3180 5658; x_wconf 77' lang='grc' dir='ltr'>τελεσιουργίας</span> <span class='ocrx_word' id='word_1_848' title='bbox 3231 5586 3386 5639; x_wconf 77' lang='grc' dir='ltr'>πάλιν</span> <span class='ocrx_word' id='word_1_849' title='bbox 3440 5582 3817 5653; x_wconf 80' lang='grc' dir='ltr'>πληρουμένη,</span> <span class='ocrx_word' id='word_1_850' title='bbox 3866 5581 3989 5631; x_wconf 82' lang='grc' dir='ltr'>κατ’</span> 
     </span>
    </p>
   </div>
   <div class='ocr_carea' id='block_1_118' title="bbox 2431 5669 3993 5751">
    <p class='ocr_par' dir='ltr' id='par_1_118' title="bbox 2431 5669 3993 5751">
     <span class='ocr_line' id='line_1_118' title="bbox 2431 5669 3993 5751; baseline -0.01 -16"><span class='ocrx_word' id='word_1_851' title='bbox 2431 5683 2715 5751; x_wconf 79' lang='grc' dir='ltr'>ἀναλογίαν</span> <span class='ocrx_word' id='word_1_852' title='bbox 2756 5682 2855 5751; x_wconf 78' lang='grc' dir='ltr'>τῆς</span> <span class='ocrx_word' id='word_1_853' title='bbox 2884 5680 3088 5746; x_wconf 73' lang='grc' dir='ltr'>τάξεως</span> <span class='ocrx_word' id='word_1_854' title='bbox 3133 5678 3600 5745; x_wconf 76' lang='grc' dir='ltr'>τελεσιουργεῖται.</span> <span class='ocrx_word' id='word_1_855' title='bbox 3636 5672 3846 5739; x_wconf 86' lang='grc' dir='ltr'>Ταύτην</span> <span class='ocrx_word' id='word_1_856' title='bbox 3881 5669 3993 5740; x_wconf 61' lang='grc' dir='ltr'><strong>γὰρ</strong></span> 
     </span>
    </p>
   </div>
  </div>
