4176 6308
168 459 278 520 εει)

672 457 761 514 DE
794 456 1118 516 C(ELESTI
1155 456 1596 526 HIERARCIIIA,
1628 458 1780 514 CAP.
1815 457 1926 513 VII.
1964 489 2031 498 —-
2069 456 2413 514 PARAPHR.
2444 457 2910 521 PACHYMERE.

3297 469 3403 526 9.50

169 576 268 646 τὴν
299 575 583 648 ίεραρχίαν
613 571 975 646 προεθέμεθα,
1001 571 1288 644 κάθαρσιν,
1321 574 1617 646 φωτισμὸν,
1651 574 1746 625 καὶ
1775 579 1818 635 Α

1775 579 1821 635 Α
1849 573 2106 628 cabamus
2123 575 2510 643 expiationem,
2536 576 3012 648 illuminationem,
3036 591 3090 640 et
3111 588 3403 654 perlectio-

172 667 470 720 τελείωσιν.
508 667 662 719 Ἐστι
691 666 747 717 δὲ
772 666 804 734 ἡ
839 664 1062 736 τοιαύτη
1096 666 1343 737 ίεραρχία
1373 666 1482 719 τῶν
1513 665 1742 738 πρώτων

169 757 440 830 οὐρανίων
466 757 622 820 νοῶν,
654 757 747 809 καὶ
777 757 956 828 πάσης
983 755 1226 826 ὑφέσεως
1252 758 1344 810 καὶ
1371 756 1744 828 ὑποϐιϐασμοῦ

173 851 382 923 ἀμιγὴς
414 853 483 923 (οἱ
508 851 614 923 γάρ
645 851 822 921 θρόνοι
846 851 1184 923 ὲξαίρονται)
1209 853 1302 905 καὶ
1330 861 1546 923 πρῶτον
1569 852 1745 922 φωτὸς

173 944 413 1016 πλήρης.
465 943 808 1015 Ἐμπρησταὶ
848 943 956 1016 γὰρ
977 943 1045 996 τά
1088 946 1328 1016 σεραφὶμ
1353 944 1618 1013 λέγονται,
1652 946 1745 998 καὶ

172 1038 514 1110 πρωτοδότου
538 1038 845 1108 ἐπιστήμης
865 1038 958 1091 καὶ
984 1037 1236 1106 γνώσεως
1261 1038 1503 1110 μέτοχος,
1525 1039 1746 1092 τοιαῦτα

172 1129 286 1202 γάρ
317 1130 385 1182 τά
428 1127 711 1200 χερουαμ.
737 1127 882 1200 Πλὴν
908 1129 1008 1183 οὑκ
1038 1131 1179 1194 ἰδίως
1213 1130 1291 1184 ἐνὶ
1313 1132 1524 1202 ἑκάστῳ
1550 1131 1742 1197 ταῦτα,

173 1221 316 1274 ἀλλά
362 1222 539 1275 πάντα
584 1223 717 1275 πᾶσι
767 1221 909 1275 κατά
950 1224 1043 1294 τὴν
1077 1223 1185 1276 ἀπὸ
1227 1221 1361 1276 Θεοῦ
1405 1224 1541 1296 πρὸς
1577 1204 1746 1289 αὑτάς

173 1315 355 1386 χάριν.
375 1314 472 1369 Διά
488 1314 646 1368 τοῦτο
661 1316 754 1368 καὶ
778 1315 1008 1387 πρώτως
1027 1317 1128 1388 τὴν
1155 1315 1262 1370 τῶν
1279 1317 1480 1390 θρόνων
1510 1318 1744 1388 ἰδιότητα

173 1403 321 1472 εἷπε,
356 1408 610 1480 δευτέραν
653 1408 712 1462 δὲ
757 1411 855 1482 τὴν
893 1409 1001 1462 τῶν
1042 1411 1302 1483 σεραφὶμ,
1341 1412 1434 1464 καὶ¹
1471 1407 1570 1465 εἷθ’
1605 1412 1746 1466 οὑτω

171 1498 276 1567 τὴν
306 1498 413 1552 τῶν
455 1499 632 1571 μέσων
661 1500 837 1553 αὑτῶν
881 1500 1164 1573 χερουϐὶμ,
1204 1500 1390 1570 ῶσπερ
1418 1503 1743 1574 εἰλημμένου

170 1588 271 1641 ⁴¹τοῦ
299 1589 462 1658 μέσου
483 1588 568 1642 διά
583 1589 691 1642 τῶν
707 1589 909 1662 ἄκρων,
937 1591 1030 1644 καὶ
1059 1591 1188 1662 μιᾶς
1209 1594 1502 1665 γενομένης
1517 1595 1740 1660 τάξεως.

172 1680 276 1733 Διά
295 1679 452 1734 τοῦτο
477 1680 693 1750 λέγεται
716 1683 890 1735 καὶτὸ
911 1681 1043 1752 ῦψος
1069 1683 1276 1738 τούτων
1300 1683 1480 1754 πάσης
1505 1684 1745 1752 ὑφέσεως

173 1772 394 1842 ἀμιγὲς,
427 1773 519 1826 καὶ
546 1774 608 1827 τὸ
637 1773 753 1843 φῶς
780 1776 1014 1846 πρῶτον,
1051 1778 1142 1829 καὶ
1169 1779 1201 1846 ἡ
1245 1776 1444 1846 γνῶσις
1473 1775 1744 1847 πρωτόδο-

172 1883 285 1928 τος,
317 1866 396 1919 ὅτι
441 1868 535 1920 καὶ
567 1866 637 1920 τά
677 1867 801 1939 τρία
847 1867 1101 1940 τάγματα
1130 1870 1209 1933 εἰς
1252 1868 1378 1940 μίαν
1425 1870 1741 1937 συνάγονται

1850 681 1974 723 nem
2025 680 2118 720 seu
2173 671 2666 725 consecrationem.
2719 672 2817 728 Est
2862 684 3048 731 autem
3097 676 3402 734 istiusmodi

1848 757 2142 826 primarum
2191 762 2452 814 mentium
2501 761 2801 818 cmlestium
2847 765 3181 835 hierarcliia,
3227 773 3404 826 omnis

1849 862 1972 903 cum
2027 849 2250 904 vilitatis
2303 860 2414 906 tum
2455 853 2812 922 SUIchCliOHiS
2860 873 3056 928 expers
3104 862 3396 933 (siquidem

1851 937 2030 993 throni
2056 939 2320 1012 eminent)
2352 951 2407 996 et
2429 944 2620 1013 prima:
2658 945 2796 1001 lucis
2823 947 3003 1016 plena,
3039 953 3288 1020 quoniam
3319 956 3403 1009 in-

1848 1046 2104 1090 censores
2150 1035 2494 1104 appellantur
2543 1039 2856 1110 seraphim;
2910 1054 3008 1095 nec
3053 1056 3160 1096 non
3213 1047 3404 1115 primae

1846 1126 2090 1181 scientia:
2135 1127 2568 1199 cognitionisque
2612 1133 2905 1204 particeps,
2962 1143 3018 1188 ιιι
3068 1151 3132 1190 ex
3183 1139 3401 1191 nomine

1847 1225 1995 1285 patet
2047 1218 2355 1276 cherubini.
2410 1221 2610 1278 Verum
2649 1226 2927 1281 enimvero
2984 1227 3128 1282 haud
3185 1229 3402 1298 proprie

1848 1309 1963 1366 haec
1986 1311 2209 1368 cuilibet
2229 1315 2585 1377 conveniunt.
2618 1319 2710 1372 sed
2740 1319 2920 1372 omnia
2953 1319 3179 1391 singulis
3209 1335 3402 1375 secun-

1848 1404 1971 1458 dum
2004 1405 2136 1474 ipsis
2168 1421 2196 1458 a
2229 1407 2335 1463 Deo
2369 1408 2552 1464 datam
2576 1411 2829 1481 gratiam.
2864 1411 2930 1465 Et
2970 1422 3254 1482 propterea
3289 1414 3400 1478 pri-

1849 1511 1993 1551 mum
2046 1497 2365 1554 thronorum
2411 1502 2794 1571 proprietatem
2845 1505 3119 1571 exposuit,
3160 1513 3401 1558 secundo

1846 1586 1965 1644 loco
1995 1591 2432 1659 seraphinoru'm,
2474 1602 2527 1648 et
2559 1602 2740 1664 postea
2788 1595 2962 1650 medio
2992 1597 3109 1652 loco
3146 1597 3401 1652 cherubi-

1846 1697 2059 1750 norum,
2099 1683 2174 1737 ita
2220 1692 2279 1738 nt
2327 1685 2539 1741 medius
2581 1686 2977 1756 quodammodo
3024 1690 3091 1743 ab
3136 1693 3398 1747 extremis

1844 1773 2227 1842 concludatur,
2260 1791 2504 1846 unusque
2530 1778 2665 1833 ordo
2698 1779 2810 1833 fiat.
2840 1778 3105 1845 Quocirca
3132 1783 3293 1837 etiam
3318 1783 3398 1838 di-

1846 1866 1986 1922 citur
2007 1867 2311 1922 sublimitas
2335 1883 2524 1924 eorum
2552 1872 2728 1926 omnis
2754 1872 3075 1941 dejectionis
3100 1888 3314 1944 expers,
3344 1887 3399 1930 et

172 1960 349 2026 τάξιν,
382 1964 475 2015 καὶ
513 1959 607 2033 μία
641 1979 727 2025 τις
762 1963 1101 2017 ἀποτελεῖται
1128 1963 1306 2036 τριὰς,
1345 1963 1522 2016 κοινὸν
1549 1964 1641 2016 καὶ
1681 1956 1742 2016 τὸ
1773 1938 1814 1992 Β

1773 1938 1814 1992 Β
1843 1958 2023 2013 lumen
2057 1959 2309 2029 primum,
2335 1970 2391 2014 et
2422 1962 2648 2017 scientia
2683 1938 2934 2033 primitus
2961 1966 3118 2028 data;
3143 1938 3393 2036 quoniam

174 2053 429 2126 ὑπερῃρη
437 2053 614 2124 μένον,
633 2054 728 2108 καὶ
745 2056 923 2126 πάσης
939 2055 1180 2125 ὑφέσεως
1202 2052 1546 2126 ὑψηλότερον,
1566 2050 1741 2106 κοινὸν

173 2146 272 2199 καὶ
317 2146 380 2199 τδ
425 2147 639 2218 πρῶτον
687 2149 835 2218 φῶς,
884 2147 1068 2220 κοινὴν
1116 2148 1210 2202 καὶ
1256 2147 1357 2220 τὴν
1408 2145 1742 2220 πρωτόδοτον

183 2233 374 2304 γνῶσιν
419 2234 633 2305 ἔχουσα.
679 2235 777 2289 Διά
817 2236 970 2290 τοῦτο
1019 2237 1194 2291 τοίνυν
1240 2237 1409 2301 οὕτως
1452 2237 1563 2308 ἔχει
1605 2241 1742 2291 νοεῖν

171 2327 267 2379 ἐπὶ
300 2329 364 2397 τῇ
398 2325 587 2402 πρώτῃ
618 2327 990 2402 διακοσμήσει,
1025 2331 1104 2384 ﬁt
1129 2330 1198 2384 τὰ
1228 2329 1354 2402 τρία
1382 2329 1634 2401 τάγματα
1663 2333 1742 2395 είς

175 2420 310 2492 μίαν
330 2420 484 2486 τάξιν
524 2423 862 2491 συνάγονται,
888 2424 982 2478 καὶ
1015 2423 1083 2476 τά
1115 2423 1257 2487 ίδίως
1295 2423 1741 2495 ἀπονενεμημένα

171 2512 386 2576 τούτοις
412 2512 562 2587 παρά
583 2514 683 2585 τῆς
709 2515 926 2588 χάριτος
948 2515 1139 2579 κοινῶς
1162 2516 1255 2569 καὶ
1275 2515 1504 2586 πρώτως
1537 2515 1738 2585 ἔχουσι.

174 2606 288 2658 Καὶ
315 2605 454 2676 αῦτη
477 2608 508 2678 ὴ
531 2605 684 2670 τάξις
711 2606 900 2679 πρώτη
922 2607 1156 2675 λέγεται,
1184 2606 1365 2670 καθὼς
1395 2607 1487 2661 καὶ
1513 2607 1622 2660 ἀπὸ
1646 2607 1743 2678 τῆς

173 2697 491 2768 ἐπιγραφῆς
531 2697 625 2751 τοῦ
670 2697 938 2770 παρόντος
985 2699 1210 2770 ἑϐδόμου
1261 2696 1554 2768 κεφαλαίου
1598 2697 1742 2752 ἔστιν

178 2792 343 2846 ίδεῐν·
387 2790 610 2865 πρώτην
649 2793 757 2866 γάρ
788 2793 1067 2866 ἱεραρχίαν
1104 2793 1202 2865 τὴν
1243 2793 1351 2847 τῶν
1392 2793 1558 2865 τριῶν
1605 2791 1741 2863 ὁμοῦ

174 2883 380 2955 τίθησι.
414 2883 524 2938 Καὶ
545 2884 597 2936 τί
626 2884 789 2953 λέγω,
822 2885 1004 2957 φησιν,
1040 2885 1122 2938 ὅτι
1157 2883 1504 2956 πληρουμένη
1535 2883 1741 2955 καθάρ-

177 2990 338 3039 σεως,
387 2975 738 3047 καθαίρεται·
798 2978 891 3030 καὶ
941 2975 1218 3048 φωτισμοῦ
1271 2975 1590 3045 φωτίζεται·
1651 2977 1743 3028 καὶ

174 3069 600 3140 τελεσιουργίας,
626 3069 1082 3142 τελεσιουργεῖται
1101 3087 1116 3136 ;
1137 3069 1293 3124 τοῦτο
1318 3070 1425 3143 γάρ
1445 3072 1539 3125 καὶ
1568 3089 1745 3143 παρα-

174 3158 479 3230 τεταμένην
519 3159 632 3230 ἔχει
669 3158 766 3231 τὴν
812 3158 1030 3232 πρᾶξιν,
1066 3161 1156 3214 καὶ
1197 3155 1307 3215 οἷον
1355 3160 1574 3226 ἀτελοῦς
1601 3179 1744 3226 τινος

1844 2058 1955 2125 tres
1983 2051 2069 2105 isti
2101 2051 2322 2107 ordines
2350 2054 2401 2106 in
2433 2069 2596 2107 unum
2646 2066 2862 2119 coeunt,
2911 2065 2964 2109 et
3002 2072 3142 2111 unus
3176 2058 3394 2126 quidam

1841 2143 2123 2214 perficitur
2156 2145 2428 2201 ternarius
2449 2188 2462 2211 ,
2497 2145 2586 2215 qui
2621 2147 2674 2201 in
2710 2147 2982 2200 communi
3015 2149 3395 2218 possideteie-

1841 2236 2135 2300 vationem,
2177 2252 2338 2306 supra
2382 2252 2596 2291 omnem
2647 2237 3062 2291 submissionein
3096 2238 3396 2294 sublimita-

1844 2337 1972 2392 tem,
2007 2329 2325 2398 primarium
2377 2328 2579 2392 iumen,
2621 2337 2678 2382 et
2717 2329 2967 2398 primitus
3004 2330 3180 2384 datam
3210 2326 3397 2396 cogni-

1846 2421 2070 2476 tionem.
2105 2421 2215 2476 Hoc
2241 2421 2352 2492 es
2380 2421 2544 2491 igitur
2572 2421 2730 2476 modo
2756 2423 2819 2476 de
2843 2421 3021 2491 prima
3045 2423 3396 2492 dispositione

1844 2513 2197 2573 sentiendum.
2231 2525 2338 2580 est,
2379 2514 2504 2582 quia
2558 2522 2671 2568 tres
2725 2515 2812 2569 isti
2855 2515 3077 2569 ordines
3127 2515 3180 2569 in
3230 2531 3393 2569 unum

1844 2606 2239 2670 coadunautur,
2280 2618 2334 2662 et
2366 2622 2484 2675 qua:
2527 2607 2744 2678 proprie
2785 2623 2879 2677 per
2927 2609 3157 2676 gratiam
3191 2609 3394 2664 indqu

1844 2707 1992 2763 sunt,
2044 2698 2099 2753 in
2149 2699 2424 2754 communi
2477 2699 2848 2769 primarioque
2880 2700 3174 2768 possident.
3219 2700 3397 2768 Atque

1845 2791 1934 2846 hic
1961 2793 2095 2846 ordo
2126 2793 2336 2860 primus
2368 2800 2736 2862 nuncupatur,
2775 2792 2850 2845 uti
2886 2806 2951 2845 ex
2995 2790 3154 2858 hujus
3179 2793 3392 2860 septimi

1845 2882 2042 2951 capitis
2099 2883 2456 2955 inscriptione
2511 2882 2713 2937 videre.
2744 2882 2871 2938 licet
2913 2899 2930 2935 :
2983 2882 3210 2951 primam
3251 2883 3396 2938 enim

1843 2976 2214 3032 liierarchiam
2249 2979 2408 3032 trium
2442 2978 2635 3033 borum
2669 2977 2831 3032 simul
2866 2978 3034 3048 ponit.
3064 2975 3288 3046 Ecquid,
3314 2977 3401 3030 in-

1844 3069 1979 3140 quit,
2009 3069 2154 3133 dico,
2183 3072 2326 3139 quod
2350 3069 2657 3139 expiatione
2685 3069 2837 3139 plena
2866 3070 3146 3137 expietur,
3166 3077 3230 3137 ,οι
3273 3068 3396 3122 illii-

1845 3163 2110 3216 stratione
2138 3163 2292 3232 plena
2323 3163 2680 3222 illuutiuetnr,
2706 3163 3220 3231 conscrrationeque
3241 3161 3397 3232 plena

176 3255 448 3324 κινήσεως
473 3252 675 3306 ἔννοιαν
712 3253 945 3307 δίδωσιν.
999 3253 1157 3307 Ἀλλά
1192 3253 1422 3307 συνελὼν
1452 3253 1615 3323 λέγω,
1649 3257 1745 3310 καὶ
1772 3283 1812 3339 c

1772 3283 1812 3339 ε
1845 3253 2194 3323 perﬁciatur?
2216 3251 2328 3309 Hoc
2349 3255 2490 3309 enim
2519 3266 2794 3309 cxtensam
2822 3256 2887 3310 lia
2899 3255 2986 3309 bet
3008 3256 3394 3324 operationem,

170 3345 319 3416 τάχα
348 3346 448 3402 οὑκ
485 3345 808 3410 ἀπεικότως,
844 3346 974 3400 αὑτὸ
999 3344 1065 3400 ’τὸ
1113 3348 1469 3418 προσεγ·τ’σαι
1512 3347 1606 3400 καὶ
1647 3365 1743 3419 με-

173 3437 433 3491 ταλαϐεῖν
471 3437 570 3507 τῆς
603 3436 896 3510 θεαρχικῆς
939 3439 1261 3510 ἐπιστήμης.
1324 3438 1661 3510 Ἐπιστήμην
1688 3437 1744 3490 δὲ

172 3529 338 3585 κάλει
374 3527 444 3582 τά
471 3528 596 3601 τρία
635 3530 829 3594 ταῦτα,
872 3528 969 3601 τὴν
1006 3527 1292 3600 κάθαρσιν,
1331 3549 1415 3580 ’.ολ
1444 3528 1740 3599 φωτισμὸν,

172 3623 280 3694 τὴν
315 3620 629 3684 τελείωσινο
676 3621 758 3674 ὅτι
792 3621 912 3675 καθ’
955 3621 1087 3688 ἕξιν,
1135 3621 1330 3693 μᾶλλον
1373 3621 1428 3674 δὲ
1468 3620 1562 3674 καὶ
1607 3621 1746 3692 ὑπὲρ

173 3711 294 3782 {etv
322 3713 579 3786 ἀρρήτως
603 3710 777 3768 ταῦτα
810 3713 1058 3785 πρόσεισι
1087 3712 1164 3784 τῷ
1196 3711 1332 3784 Θεῷ.
1365 3712 1505 3766 Αὐτὸ
1532 3712 1662 3784 γοῦν
1686 3712 1746 3766 τὸ

178 3804 508 3878 μεταλασεϊν
537 3803 639 3874 τῆς
667 3804 818 3868 θείας
847 3803 1152 3876 ἐπιστήμης
1182 3805 1447 3876 κάθαρσις
1480 3806 1616 3869 ἐστι,
1653 3805 1746 3858 καὶ

177 3897 480 3969 φωτισμὸς,
510 3899 601 3951 καὶ
632 3897 924 3962 τελείωσις,
950 3898 1168 3966 ἀγνοίας
1190 3898 1284 3968 μὲν
1305 3897 1746 3970 ἀποκαθαίρουσα

177 3995 237 4046 ιν
269 3993 337 4062 τῇ
381 3987 578 4058 γνώσει
625 3989 734 4042 τῶν
777 3973 1121 4061 τελειοτέρων
1172 3993 1420 4063 μυήσεων
1469 3990 1610 4044 κατά
1649 3990 1746 4061 τὴν

175 4081 333 4146 τάξιν
347 4080 448 4150 τῆς
481 4080 736 4142 στάσεως·
763 4078 948 4150 (ἄλλας
973 4077 1081 4149 γὰρ
1109 4078 1219 4150 ἔχει
1246 4077 1580 4149 τελειοτέρας
1613 4078 1748 4149 μυή-

178 4190 300 4238 σεις
346 4172 416 4227 τά
447 4174 707 4246 σεραφὶμ,
737 4175 830 4228 καὶ
874 4172 1037 4236 ἀλλας
1073 4173 1122 4225 οἱ
1153 4170 1401 4241 ἄγγελοι·
1442 4170 1602 4242 τυχὸν
1641 4169 1748 4240 γὰρ

178 4267 247 4331 ἀς
281 4265 466 4336 έχουσι
497 4265 833 4339 τελειοτέρας
867 4266 958 4318 καὶ⁵
997 4263 1329 4334 ὑψηλοτέρας
1367 4261 1660 4333 ὲλλάμψεις
1698 4263 1746 4315 οἱ

180 4357 426 4425 ἄγγελοι,
453 4354 653 4419 ταύτας
693 4355 764 4409 τά
803 4355 1039 4425 σεραφὶμ
1076 4352 1306 4417 ἑκτικῶς
1344 4352 1560 4423 κατέχει
1599 4351 1751 4422 παρά

179 4447 283 4517 τῆς
313 4447 464 4509 θείας
487 4446 761 4519 χάριτοςο)
801 4447 1106 4515 φωτίζουσα
1135 4445 1192 4500 δὲ
1232 4448 1288 4498 tv
1322 4445 1456 4517 αὑτῇ
1485 4445 1656 4518 ταύτῃ
1681 4446 1749 4517 τῇ

179 4539 406 4610 γνώσει,
437 4540 502 4593 δι’
530 4534 598 4611 ἧς
635 4540 729 4592 καὶ
771 4538 1019 4611 καθαίρει
1059 4540 1157 4611 τὴν
1191 4539 1251 4592 οὑ
1285 4539 1547 4611 πρότερον
1578 4553 1747 4591 κατα-

1845 3353 1899 3399 et
1928 3346 2080 3415 quasi
2126 3344 2426 3416 imperfecti
2467 3345 2749 3413 cujusdam
2784 3355 2962 3401 motus
2990 3361 3210 3401 sensum
3243 3346 3395 3415 iugc-

1845 3437 1939 3490 rit.
1974 3435 2169 3491 Verum
2202 3438 2514 3491 summatim
2543 3438 2686 3504 dico,
2718 3447 2772 3491 et
2803 3436 2945 3491 forte
2973 3452 3079 3491 non
3104 3439 3394 3499 immerito,

1845 3526 1896 3580 id
1926 3527 2098 3596 ipsum
2144 3543 2264 3583 esse
2294 3529 2730 3598 appmpinquare
2777 3536 2834 3584 et
2871 3529 3280 3583 communicare
3311 3527 3395 3580 di—

1843 3620 1982 3674 vina:
2026 3619 2284 3674 scientiae.
2336 3619 2630 3675 Scientiam
2671 3629 2852 3673 autem
2899 3629 3058 3674 vocat
3111 3619 3225 3673 haec
3268 3619 3395 3681 tria,

1844 3711 2053 3767 scilicet
2111 3712 2516 3781 expiationem,
2572 3711 3052 3776 illuminationem,
3103 3711 3398 3781 perfectio.

1846 3819 1998 3868 nem;
2024 3805 2277 3874 quoniam
2307 3805 2601 3859 secundum
2629 3804 2894 3868 habitum,
2923 3803 3003 3857 vel
3032 3805 3209 3874 potius
3233 3820 3397 3874 supra

1847 3898 2110 3960 habitum,
2143 3895 2489 3952 iueﬂabiliter
2521 3897 2620 3950 ista
2645 3904 2774 3949 sunt
2808 3897 2861 3948 iu
2892 3895 3023 3952 Deo.
3048 3896 3276 3965 lpsamet
3299 3894 3400 3950 ita-

1844 4006 1950 4060 que
1995 3989 2347 4061 participatio
2380 3987 2573 4043 divina:
2605 3987 2869 4050 scientiae,
2919 3983 3156 4056 expiatio
3182 3995 3309 4051 .est,
3341 3995 3398 4038 et

1847 4081 2167 4138 illuminatio
2217 4092 2382 4150 atque
2426 4079 2714 4152 perfectio,
2767 4078 3129 4149 ignorantiam
3179 4079 3397 4148 quidem

1845 4175 2075 4244 expians
2111 4173 2303 4227 notitia
2342 4171 2726 4242 perfectiorum
2761 4171 3170 4226 institutionum
3208 4185 3401 4224 secun-

1845 4268 1972 4320 dum
2003 4265 2249 4319 ordinem
2287 4273 2463 4318 status
2514 4263 2661 4332 (nam
2693 4261 2828 4321 alias
2859 4262 3215 4332 perfectiores
3246 4262 3400 4315 insti-

1849 4360 2080 4414 tutiones
2105 4358 2306 4411 habent
2332 4355 2632 4424 serapliim,
2657 4363 2712 4409 et
2740 4355 2877 4410 alias
2899 4355 3078 4425 angeli
3104 4372 3117 4420 ;
3153 4353 3399 4408 fortassis

1847 4453 1991 4521 enim
2020 4449 2370 4520 perfectiores
2395 4461 2457 4503 ac.
2479 4447 2822 4502 sublimiores
2850 4447 3242 4502 illustrationes
3266 4461 3400 4515 quas

1848 4543 2021 4615 angeli
2047 4543 2268 4608 habent,
2295 4547 2512 4596 easdem
2542 4539 2811 4610 seraphim
2837 4540 3015 4594 divina
3043 4539 3220 4609 gratia
3248 4539 3401 4593 habi-

179 4633 460 4704 νοήσασαν
502 4632 749 4703 δύναμιν,
788 4633 1003 4695 ἐκεῖνα,
1052 4631 1195 4702 άπερ
1228 4630 1324 4684 νῦν
1359 4629 1612 4698 γινώσκει
1661 4627 1748 4682 διὰ
1780 4639 1823 4694 1)

1780 4639 1823 4694 D
1851 4636 2068 4692 tualiter
2100 4633 2420 4700 continent),
2455 4632 2766 4686 illuminaus
2800 4646 2928 4686 vero
2951 4646 3014 4685 ea
3047 4631 3162 4700 ipsa
3189 4629 3397 4692 notitia,

177 4725 286 4795 τῆς
325 4723 661 4800 ὑψηλοτέρας
689 4721 1034 4793 ὲλλάμψεως⁹
1059 4722 1153 4775 καὶ
1179 4720 1457 4796 τελειοῦσα
1494 4720 1651 4775 πάλιν
1690 4723 1748 4775 tv

178 4817 336 4888 αὑτῷ
360 4815 438 4888 τῷ
467 4817 604 4886 φωτὶ
632 4818 693 4869 tv
732 4819 802 4887 τῇ
847 4815 966 4869 καθ’
999 4815 1110 4880 ἕξιν
1145 4815 1342 4884 γνώσει
1373 4813 1482 4868 τῶν
1532 4814 1748 4884 ὑψηλῶν

181 4908 279 4960 καὶ
333 4906 729 4977 λαμπροτάτων
778 4907 1036 4978 νοήσεων.
1074 4907 1144 4958 Σὺ
1188 4905 1242 4958 δὲ
1293 4905 1413 4976 ὅρα,
1455 4905 1534 4957 ὅτι
1574 4905 1632 4957 tv
1680 4907 1748 4975 τῇ

183 5000 384 5071 γνώσει
418 5002 510 5053 καὶ
532 5000 845 5071 καθαίρεται
883 4999 976 5052 καὶ
1018 4998 1306 5068 φωτίζεται
1336 4999 1369 5069 ἡ
1398 4997 1621 5068 οὐρανία
1657 4996 1750 5050 δύ-

178 5109 383 5163 ναμις’
414 5092 470 5144 tv
497 5092 555 5144 δὲ
577 5091 655 5162 τῷ
678 5089 959 5162 φωτισμῷ,
997 5090 1124 5143 ὅταν
1163 5089 1283 5143 καθ’
1330 5088 1441 5154 ἕξιν
1485 5086 1747 5158 φωτισθῇ,

181 5183 280 5238 καὶ
309 5181 682 5252 ἀμετάϐλητος
719 5183 812 5235 καὶ
844 5180 1233 5252 ἀμετακίνητος
1261 5181 1317 5231 tv
1345 5179 1536 5250 ἐκείνῳ
1569 5179 1746 5251 μείνῃ,

177 5275 308 5327 τότε
333 5274 396 5345 δὴ
421 5273 737 5328 τελειοῦται.
770 5273 871 5328 Διά
895 5274 948 5326 τί
977 5275 1032 5327 δὲ
1062 5274 1156 5325 καὶ
1182 5274 1239 5325 tv
1262 5275 1328 5343 τῇ
1357 5271 1477 5324 καθ’
1506 5271 1617 5336 ἕξιν
1651 5290 1750 5324 κα-

179 5365 376 5438 θάρσει
397 5367 459 5418 οὑ
484 5367 800 5430 τελειοῦται,
817 5369 867 5419 εί
896 5367 968 5437 μὴ
991 5366 1048 5418 tv
1070 5364 1146 5436 τῷ
1169 5363 1290 5418 καθ’
1315 5363 1425 5428 ἕξιν
1452 5363 1747 5434 φωτισμῷ;

176 5468 320 5524 διότι
358 5469 392 5538 η
426 5467 524 5537 μὲν
566 5466 954 5538 κάθαρσιςτάς
987 5465 1208 5535 ἀγνοίας
1248 5463 1626 5534 ἀποκαθαίρει,
1659 5463 1751 5514 καὶ

178 5562 248 5616 οὑ
278 5562 386 5625 πᾶς
411 5561 704 5632 καθαρθεὶς
728 5562 828 5633 ήδη
862 5561 956 5615 καὶ
981 5561 1061 5623 είς
1083 5560 1144 5612 τὸ
1170 5559 1336 5629 ἀκρον
1370 5557 1615 5626 πέφθακε
1638 5576 1648 5586 ο
1672 5557 1751 5628 τῷ

177 5655 242 5710 δὲ
298 5654 626 5724 καθαρθέντι
676 5656 704 5707 ό
734 5655 1012 5724 φωτισμὸς
1056 5651 1506 5723 ὲπεισερχόμενος
1534 5649 1746 5713 τελειοῐ,

177 5745 324 5812 ὅπερ
362 5745 475 5796 ἐστὶ
517 5745 844 5814 τελειότερος
895 5744 1172 5814 φωτισμός
1222 5759 1280 5795 τε
1331 5742 1426 5794 καὶ
1470 5741 1745 5812 ἐλλαμψις.

181 5843 437 5898 Τοιοῦτον
462 5845 569 5916 γάρ
593 5847 708 5896 ἐστι
730 5848 821 5898 καὶ
851 5847 930 5898 τόο
965 5848 1065 5899 Ἐν
1085 5843 1164 5909 τῷ
1185 5845 1331 5913 φωτί
1355 5859 1467 5896 σου
1489 5843 1750 5914 ὀψόμεθα

182 5935 329 6004 φῶς,
364 5935 608 6006 δηλονότι
635 5938 690 5990 tv
717 5937 794 6006 τῷ
822 5936 1078 6007 φωτισμῷ
1111 5937 1207 6006 τὴν
1238 5934 1534 5991 τελείωσιν.

1849 4745 1953 4798 qua
1981 4728 2186 4797 expiat,
2221 4726 2471 4781 virtutem
2505 4725 2674 4791 illam,
2711 4741 2832 4795 qua:
2871 4725 3018 4794 prius
3064 4739 3170 4780 non
3204 4737 3402 4795 cogno-

1849 4822 2036 4877 sCebat
2074 4836 2136 4876 ea
2165 4837 2285 4894 qua:
2327 4837 2468 4877 nunc
2497 4821 2776 4890 cognoscit
2803 4835 2897 4889 per
2925 4819 3290 4875 sublimiorem
3337 4817 3401 4871 il-

1851 4914 2260 4980 lustrationem;
2314 4923 2473 4982 atque
2518 4911 2802 4981 perficiens
2834 4927 3049 4966 rursum
3090 4913 3278 4966 eodem
3321 4911 3402 4963 lu-

1852 5007 1997 5060 mine
2027 5005 2079 5059 in
2106 5005 2332 5061 scientia
2364 5003 2625 5059 habituali
2659 5002 3027 5057 sublimiorum
3061 5012 3114 5054 et
3146 5000 3401 5054 illustris.

1851 5101 2107 5155 simarum
2181 5098 2682 5166 intelligentiarum.
2768 5096 2846 5150 Tu
2927 5110 3058 5149 vero
3117 5093 3400 5148 considera

1852 5191 2124 5262 quomodo
2169 5189 2408 5245 caelestis
2439 5191 2610 5242 virtus
2646 5187 2950 5257 cognitione
2995 5194 3049 5239 et
3076 5184 3319 5253 expietur
3347 5191 3402 5236 et

1854 5282 2205 5346 illuminetur,
2235 5281 2287 5334 in
2314 5279 2712 5333 illuminatione
2745 5287 2951 5340 autem,
2976 5277 3191 5346 quando
3215 5287 3402 5330 secun-

1851 5375 1979 5430 dum
2017 5375 2258 5428 habitum
2298 5371 2602 5426 illuminata
2637 5370 2822 5436 fuerit,
2869 5367 3323 5436 immutabilisque
3351 5375 3404 5419 ct

1853 5467 2193 5522 invariabilis
2222 5468 2274 5521 in
2301 5481 2365 5521 ea
2396 5461 2780 5534 permanserit,
2813 5460 3147 5530 perﬁciatur.
3207 5457 3402 5526 L‘tqnid

1852 5569 2030 5616 autem
2067 5559 2333 5614 babituali
2363 5557 2674 5626 expiatione
2707 5567 2927 5622 quoque
2959 5566 3062 5605 non
3099 5549 3403 5619 perficitur,

1853 5655 1946 5708 sed
1990 5663 2196 5706 tantum
2243 5653 2295 5706 in
2347 5650 2604 5706 habituali
2662 5644 3102 5700 illuminatione?
3151 5643 3402 5712 quoniam

1852 5747 2090 5814 expiatio
2135 5747 2351 5814 quidem
2393 5753 2584 5813 purgat
2618 5740 2952 5812 ignoranti-as
2993 5748 3047 5793 et
3077 5751 3181 5790 non
3228 5735 3406 5789 omnis

1853 5837 2099 5907 expiatus
2127 5837 2309 5889 statim
2335 5834 2398 5888 ad
2417 5848 2685 5888 summum
2712 5831 2980 5900 pervenit,
3007 5830 3101 5882 sed
3125 5825 3401 5894 expiatum

1855 5931 2174 5986 illuinlnatio
2207 5929 2595 6001 superveniens
2629 5925 2860 5995 perficit,
2895 5938 2956 5981 ea
2992 5921 3241 5978 nimirum
3285 5931 3404 5989 qua:
