4176 6308
770 384 874 445 2M

1941 385 1998 444 S.
2040 386 2337 444 DlONYSll
2370 388 2833 449 AREOPAGITE

3915 404 4022 458 252

772 504 1070 573 perfectior
1093 513 1177 559 est
1206 502 1531 558 illuminatie
1561 512 1615 557 et
1650 502 1963 559 illustratio.
2011 502 2317 560 istiusmodi
2353 506 2496 561 enim
2522 516 2603 562 est
2632 518 2687 564 ct
2731 510 2863 564 illud
2892 528 2906 565 :
2944 508 3010 564 In
3046 511 3245 565 tumin:
3276 520 3366 565 tuo
3419 510 3706 565 videbimus
3760 515 3930 567 tamen
3961 512 4013 578 ι,

772 614 973 670 nempe
1002 600 1055 653 in
1090 598 1497 654 illuminationc
1528 600 1941 669 perfectionem.

849 696 877 769 ᾗ
906 697 993 751 IV.
1029 696 1151 752 [hec
1184 698 1387 766 itaque,
1427 696 1729 751 secundum
1759 711 1932 749 meam
1964 696 2181 765 quidem
2214 709 2339 765 spc-

2513 692 2539 765 §
2572 690 2659 747 IV.
2701 692 2845 764 Αὕτη
2894 695 2990 764 μὲν
3023 690 3115 747 οὖν
3138 696 3304 759 ἐστιν,
3350 696 3424 759 ὼς
3453 696 3571 751 κατ’
3607 698 3743 769 ἐμὴν
3786 702 4014 773 θεωρίαν

775 786 1099 841 culationem
1147 799 1209 838 ac
1241 785 1489 838 nOtitiam
1526 784 1824 851 loquendo,
1860 792 1944 839 est
1983 798 2047 836 ca
2088 798 2249 852 quam
2288 791 2343 837 et

770 878 1057 933 scientiam
1087 878 1325 948 appellat
1356 893 1383 929 a
1417 877 1715 945 propositis
1743 875 1886 929 circa
1932 876 2185 930 caelestes
2228 874 2339 928 vir-

767 979 921 1024 tutes
970 970 1310 1034 rationibus;
1354 970 1611 1035 quoniam
1665 968 1932 1023 liabituali
1986 968 2212 1022 scientia
2254 980 2342 1022 res

779 1061 1226 1127 praeclarissimas
1258 1046 1515 1115 educetur
1558 1060 1644 1115 illa
1689 1062 1863 1130 prima
1894 1060 2196 1114 cmlestium
2250 1074 2340 1113 es-

777 1152 1073 1205 sentiarum
1104 1152 1439 1217 distributio,
1480 1168 1601 1220 quae
1631 1152 1681 1203 in
1721 1150 1831 1222 69
1877 1150 2107 1204 circuitu
2140 1150 2231 1203 Dei
2278 1166 2342 1204 ac

778 1243 925 1295 circa
960 1243 1125 1295 Deum
1161 1242 1472 1295 immediate
1511 1243 1781 1295 consistit.
1820 1243 2001 1312 Atque
2042 1241 2335 1295 notandum

778 1337 920 1403 quod
969 1334 1239 1403 theologia
1284 1333 1485 1387 divinis
1543 1334 1835 1387 virtutibus
1874 1334 2071 1386 tribuat
2116 1348 2219 1387 non
2259 1347 2341 1385 rc-

767 1434 942 1488 ctam,
984 1425 1076 1478 sed
1105 1426 1158 1477 in
1197 1426 1427 1479 cirCnitu
1476 1429 1766 1479 stationem
1792 1466 1806 1486 .
1847 1424 2000 1494 juxta
2047 1424 2177 1478 illud
2218 1442 2231 1479 :
2272 1422 2339 1477 In

775 1516 999 1567 circuitu
1023 1515 1136 1582 ejus
1175 1515 1567 1568 tabernaculum
1612 1516 1776 1581 ipsius
1816 1513 1857 1572 ι.
1910 1514 2109 1570 Motum
2156 1525 2337 1568 autem

775 1608 939 1660 etiam
965 1607 1325 1661 orbicularetn
1358 1608 1569 1669 tribuit,
1604 1616 1657 1660 et
1684 1612 2004 1671 rectum,‘et
2036 1608 2335 1674 obliquum,

778 1706 835 1749 nl
866 1698 917 1751 in
953 1699 1125 1765 capite
1155 1709 1353 1766 quarto
1388 1697 1509 1750 libri
1544 1698 1615 1751 De
1663 1699 1855 1753 divinis
1891 1698 2193 1752 nominibus
2229 1708 2338 1751 tra—

777 1792 855 1844 dit
887 1807 899 1842 :
933 1791 1297 1845 orbicularem
1329 1791 1567 1858 quidem,
1592 1791 1811 1859 quando
1841 1790 2106 1860 principio
2138 1806 2332 1844 caren-

778 1884 923 1937 tibus
948 1883 1156 1952 pulchri
1189 1884 1421 1951 bonique
1454 1882 1832 1949 splendoribus
1862 1884 2143 1949 uniuntnr,
2178 1895 2234 1937 et
2268 1893 2334 1938 ad

779 1976 942 2029 Deum
972 1984 1199 2043 vergunt
1230 1992 1242 2027 :
1284 1984 1489 2027 rectum
1526 1985 1734 2039 autem,
1764 1975 1981 2043 quando
2015 1975 2080 2028 ad
2110 1975 2332 2029 inferio-

778 2082 894 2119 rum
938 2067 1330 2135 providentiam
1384 2067 1705 2134 procedunt,
1748 2074 1870 2121 tunc
1906 2067 2049 2119 enim
2088 2075 2233 2122 recte
2265 2068 2329 2121 ad

2437 2058 2571 2131 πρὸς
2617 2062 2800 2115 ἐκεῖνα
2862 2063 3235 2133 περαίνονται·
3272 2062 3535 2133 ἑλικοειδῆ
3587 2061 3642 2116 δὲ

778 2174 839 2211 ca
879 2159 1138 2221 tendunt;
1168 2158 1446 2225 obliquum
1476 2172 1627 2220 vero,
1662 2163 1785 2211 dum
1822 2157 2172 2213 inferioribus
2204 2175 2334 2213 con-

774 2251 1034 2315 sulentes,
1075 2250 1355 2304 indivulsaa
1386 2265 1497 2304 sua:
1531 2251 1830 2305 immanent
1861 2252 2147 2315 identitati,
2188 2252 2334 2308 circa

775 2358 993 2397 causam
1027 2344 1324 2397 identitatis
1359 2344 1643 2411 pulchrum
1673 2355 1727 2399 et
1762 2345 1959 2399 bonum
1997 2346 2333 2400 incessanter

773 2437 1257 2505 circumgyrantes.
1298 2435 1388 2488 Ille
1417 2436 1559 2489 enim
1589 2437 1898 2505 angelorum
1934 2438 2216 2501 circuitus,
2247 2449 2332 2495 est

770 2536 1031 2593 perpetua
1071 2524 1161 2577 Dei
1200 2524 1466 2592 cognitio,
1512 2542 1630 2593 quae
1664 2539 1927 2595 perpetuo
1965 2541 2111 2581 motu
2148 2530 2329 2584 circu-

774 2614 953 2667 lariter
994 2614 1046 2666 iu
1081 2614 1266 2667 eodem
1306 2615 1541 2669 stabilita
1577 2625 1677 2683 est,
1715 2617 1863 2682 juxta
1902 2617 2027 2671 illud
2058 2617 2329 2675 lsaizant

770 2706 1030 2775 seraphin
1073 2708 1278 2759 stabunt
1325 2708 1381 2759 in
1414 2709 1637 2760 circuitu
1666 2710 1817 2777 ejus;
1845 2719 1897 2762 et
1947 2712 2326 2780 prosequendo

764 2798 883 2852 ait:
936 2796 1002 2849 Et
1042 2798 1243 2851 duabus
1293 2800 1393 2852 alis
1438 2799 1769 2855 volabant‘.
1814 2800 2093 2868 Quomodo
2146 2806 2327 2874 itaque

771 2898 914 2943 stant
946 2890 1105 2943 simul
1130 2899 1184 2944 et
1218 2892 1536 2945 moventur?
1570 2892 1917 2948 manifestum
1946 2896 2153 2965 utique,
2182 2899 2325 2967 quod

774 2981 823 3035 in
858 2982 1043 3035 eodem
1094 2984 1311 3051 quidem
1364 2985 1685 3048 consistant,
1742 3000 2061 3042 moveantur
2097 3004 2226 3043 vero
2260 2990 2326 3043 ad

772 3073 915 3127 illam
956 3074 1393 3132 illustrationem.
1434 3076 1898 3140 Quemadmodum
1930 3082 2073 3135 enim
2109 3083 2326 3136 univer—

771 3179 887 3217 sum
915 3164 1035 3229 hoc,
1061 3168 1220 3221 utsic
1249 3168 1527 3229 dicam.eo
1556 3171 1671 3236 ipso
1697 3171 1819 3223 dum
1846 3173 2187 3227 circulariter
2213 3192 2323 3230 mox

768 3265 943 3319 vetor,
979 3256 1180 3324 pariter
1216 3269 1479 3326 perpetuo
1512 3260 1709 3314 mobile
1744 3270 1848 3327 est,
1899 3275 1952 3317 et
2001 3266 2318 3331 immobile;

771 3344 1042 3400 immobile
1079 3349 1318 3415 quidem,
1354 3350 1651 3402 secundum
1701 3361 1893 3419 totum,
1926 3372 2029 3409 non
2065 3358 2207 3411 enim
2257 3359 2322 3412 de

770 3438 883 3492 loco
914 3441 981 3492 ad
1021 3440 1192 3494 locum
1239 3447 1462 3512 migrat;
1515 3455 1777 3515 perpetuo
1809 3464 1935 3503 vero
1973 3450 2189 3512 mobile.
2223 3465 2311 3505 se-

767 3535 998 3587 cundum
1047 3546 1229 3604 partes
1264 3577 1276 3591 .
1341 3540 1416 3591 ita
1458 3540 1741 3595 caelestem
1776 3558 1994 3611 quoque
2025 3544 2318 3599 circuitum

767 3624 1050 3694 intelligit;
1098 3642 1220 3679 nam
1253 3639 1305 3680 ct
1341 3629 1455 3697 ipse
1482 3646 1694 3699 quoque
1733 3644 1995 3700 perpetuo
2030 3645 2174 3689 motu
2210 3646 2320 3691 sla-

769 3715 972 3781 bilitur,
1004 3731 1064 3770 ac
1092 3718 1134 3772 si
1164 3720 1300 3773 lixus
1330 3726 1750 3778 Inaneret.circa
1781 3727 1921 3779 idem
1953 3742 2167 3797 semper
2189 3745 2318 3785 con-

766 3823 974 3875 versus,
998 3825 1171 3879 coque
1216 3828 1466 3880 vergens,
1504 3819 1643 3883 quod
1678 3833 1953 3885 nunquam
1998 3819 2056 3871 lit
2088 3820 2139 3873 in
2168 3827 2316 3876 motu

766 3908 931 3953 recto.
968 3901 1099 3954 Cum
1144 3902 1327 3970 itaque
1377 3906 1443 3958 ad
1479 3909 1718 3961 divinum
1765 3908 1973 3964 Numen
2008 3911 2110 3964 hoc
2158 3914 2315 3966 modo

764 4003 977 4059 semper
1019 4005 1243 4062 vergat,
1302 3998 1499 4052 nmltas
1553 4001 1773 4068 quidem
1826 4012 1881 4057 et
1928 4004 2114 4058 beatas
2168 4007 2315 4061 videt

760 4084 1271 4151 contemplationes,
1329 4088 1489 4157 idque
1548 4106 1681 4160 pure
1715 4094 2013 4147 secundum
2069 4095 2311 4152 habitum

762 4170 944 4236 suum.
993 4191 1097 4231 non
1130 4183 1421 4233 secundum
1461 4183 1763 4237 divinorum
1801 4186 2070 4241 radiorum
2103 4188 2314 4242 evibra-

762 4258 998 4333 tionem,
1028 4284 1088 4323 ut
1124 4272 1179 4325 in
1228 4288 1286 4327 se
1319 4284 1469 4338 sunt,
1510 4278 1944 4345 quandoquidem
1998 4279 2048 4333 bi
2100 4294 2312 4349 quoque

758 4360 1095 4427 obvelentur,
1117 4365 1417 4418 secundum
1443 4365 1753 4435 Scripturas
1775 4370 2183 4438 prophetarum.
2204 4374 2308 4427 Sed

758 4452 900 4505 sicut
940 4455 984 4506 is
1028 4454 1119 4522 qui
1170 4470 1331 4511 sanos
1362 4458 1524 4512 habet
1555 4460 1764 4523 oculos,
1795 4460 1961 4515 solem
2010 4478 2141 4533 pure
2167 4465 2310 4520 vidct

756 4543 976 4599 omnino
1005 4547 1300 4601 sccumlum
1342 4564 1497 4603 suum
1546 4552 1826 4615 habitum,
1863 4554 2010 4609 nullo
2042 4568 2305 4623 quantum

756 4643 928 4686 estex
966 4645 1119 4701 parte
1158 4637 1438 4691 oculormn
1482 4638 1596 4705 ejus
1650 4642 2035 4709 impedimento
2068 4646 2304 4701 interve-

2443 784 2538 836 xui
2565 782 2763 852 γνῶσιν
2794 785 2987 847 εἰπεῖν,
3013 784 3078 855 ἢν
3106 786 3199 837 xui
3226 786 3533 857 ἐπιστήμην
3569 787 3735 856 λέγει,
3769 790 3874 843 ἀπὸ
3899 791 4013 844 τῶν

2442 874 2815 944 προκειμένων
2851 873 3041 943 λόγων,
3082 876 3210 945 περὶ
3248 875 3354 927 τῶν
3399 878 3662 947 οὐρανίων
3692 880 4009 950 δυνάμεων

2441 964 2523 1018 ὅτι
2566 969 2633 1036 τῇ
2682 966 2803 1018 καθ’
2849 966 2959 1032 ’ἐξιν
2992 968 3268 1039 ἐπιστήμῃ
3316 968 3541 1039 μυοῦται
3570 968 3640 1022 τὰ
3678 971 3944 1039 φανότατα

2442 1055 2633 1127 πρώτη
2666 1056 2773 1108 τῶν
2802 1044 3065 1128 οὐρανίων
3106 1057 3302 1110 οὐσιῶν
3338 1059 3714 1132 διακόσμησις,
3760 1064 3792 1133 ἠ
3822 1062 4008 1134 κύκλῳ

2440 1147 2574 1200 Θεοῦ
2597 1148 2689 1201 xui
2715 1148 2843 1220 περὶ
2861 1148 2990 1201 Θεὸν
3009 1149 3227 1218 ἀμέσως
3247 1152 3526 1225 ὲστηκρῖα.
3548 1155 3655 1205 Καὶ
3680 1156 4007 1224 σημειωτέον

2441 1241 2521 1293 ὅτι
2561 1242 2621 1293 ού
2647 1242 2858 1295 δίδωσιν
2886 1244 2917 1313 ἡ
2948 1242 3193 1313 θεολογία
3234 1247 3355 1311 ταῖς
3397 1243 3567 1307 θείαις
3611 1234 3866 1317 δυνάμεσι
3905 1248 4008 1317 τὴν

2439 1332 2525 1384 ἐπ’
2550 1332 2783 1395 εὐθείας,
2808 1332 2942 1385 ἀλλὰ
2966 1334 3062 1404 τὴν
3084 1334 3267 1404 κύκλῳ
3290 1334 3496 1399 στάσιν,
3522 1335 3662 1387 κατὰ
3682 1336 3761 1387 τό·
3792 1338 4006 1399 Κύκλῳ

2438 1424 2621 1477 αὑτοῦ
2656 1425 2693 1492 ἡ
2718 1422 2916 1493 σκηνὴ
2941 1427 3145 1481 αὑτοῦ.
3184 1422 3290 1497 Τὴν
3313 1426 3369 1477 δὲ
3394 1427 3605 1497 κίνησιν
3628 1427 3719 1480 xui
3743 1428 4005 1499 κυκλικὴν

2438 1513 2637 1577 δίδωσι,
2673 1512 2767 1565 καὶ
2813 1514 2931 1566 κατ’
2983 1515 3217 1579 εὐθεῖαν,
3256 1516 3349 1568 xui
3398 1513 3683 1585 ἑλικοειδῆ,
3724 1516 3798 1578 ὡς
3842 1517 4002 1579 αὑτός

2438 1623 2601 1676 φησιν
2634 1608 2690 1659 ὲν
2716 1606 2792 1677 τῷ
2812 1607 3054 1678 τετάρτῳ
3081 1608 3356 1678 κεφαλαίῳ
3376 1608 3470 1660 τοῦ
3498 1608 3635 1675 Περὶ
3666 1610 3836 1662 θείων
3864 1610 3996 1663 dro-

2430 1694 2635 1763 μὰτων
2687 1695 2926 1766 βιὸλίου’
2980 1698 3240 1769 κυκλικὴν
3290 1699 3406 1768 μὲν,
3462 1700 3549 1751 ὅτε
3587 1702 3707 1762 ταῖς
3746 1699 4003 1771 ἀνάρχοιξ

2435 1785 2676 1839 ἑνοῦνται
2712 1785 2805 1837 τοῦ
2843 1784 3007 1838 καλοῦ
3053 1788 3146 1839 καί
3185 1786 3389 1854 ἀγαθοῦ
3425 1787 3740 1858 ὲλλάμψεσι,
3787 1791 3879 1842 xui
3922 1793 4001 1852 ei;

2432 1875 2561 1929 Θεὸν
2592 1874 2845 1949 ῥέπουσι·
2875 1878 2974 1947 τὴν
3015 1878 3100 1929 ἐπ’
3150 1876 3362 1942 εὐθείας
3402 1880 3477 1944 δὲ,
3520 1878 3717 1932 ὁπόταν
3744 1882 3999 1953 προΐωσιν

2434 1970 2512 2031 είς
2536 1969 2632 2041 τὴν
2671 1969 2778 2031 τῶν
2825 1952 3129 2040 ὑφειμένων
3168 1970 3442 2041 πρόνοιαν,
3482 1972 3597 2023 τότε
3637 1972 3763 2044 γὰρ,
3798 1972 3999 2035 εὐθέως

3727 2067 3855 2118 ὅταν
3902 2065 3995 2119 xui

2440 2152 2784 2219 προνοοῦντες
2798 2154 2904 2207 τῶν
2916 2155 3341 2226 καταδεεστέρων
3358 2157 3751 2227 ἁνεκιροιτήτως
3768 2159 3996 2227 μένωσιν

2436 2246 2494 2299 ὲν
2533 2246 2839 2321 ταύτότητι,
2873 2248 3000 2318 περὶ
3029 2248 3088 2299 τὸ
3123 2248 3223 2318 τῆς
3258 2249 3581 2319 ταύτότητος
3621 2250 3792 2303 αἴτιον
3834 2250 3996 2303 καλὸν

2434 2336 2528 2389 xui
2558 2336 2756 2402 ἀγαθὸν
2782 2337 3171 2407 ἀκαταλήκτως
3200 2340 3658 2413 περιχορεύοντες.
3692 2339 3861 2394 Τοῦτο
3887 2342 3995 2413 γάρ

2433 2431 2546 2482 ἐστι
2588 2429 2680 2482 xui
2720 2426 2782 2483 τὸ
2822 2431 2928 2482 τῶν
2975 2431 3218 2499 ἀγγέλων
3264 2433 3653 2503 περιχόρευμα,
3697 2436 3729 2505 ὴ
3780 2433 3995 2498 αἰώνιος

2432 2523 2560 2594 περὶ
2588 2522 2722 2575 Θεοῦ
2749 2522 2969 2591 γνῶσις,
3007 2526 3039 2594 ἡ
3084 2523 3224 2577 κατὰ
3266 2524 3459 2577 κύκλον
3496 2527 3813 2598 ἀεικινήτως
3854 2527 3995 2599 ἱδρυ-

2436 2615 2568 2686 μένη
2616 2617 2695 2679 είς
2732 2606 2793 2669 τὸ
2827 2616 2978 2679 αὐτὸ,
3021 2617 3133 2669 καῖ
3151 2616 3305 2669 τοῦτο
3347 2618 3409 2669 ὲκ
3449 2619 3541 2671 τοῦ
3591 2602 3831 2673 Ἦσαΐου’
3882 2620 3990 2675 Καὶ

2428 2707 2688 2776 Σεραρὶμ
2720 2707 3103 2774 εἱστήκεισαν
3129 2710 3329 2773 κύκλῳ
3353 2710 3534 2765 αὐτοῦ
3558 2728 3569 2740 ο
3595 2712 3687 2764 xui
3712 2720 3993 2785 παρακατ·

2430 2796 2544 2849 ιών·
2624 2796 2753 2861 Ταῖς
2810 2796 2990 2849 δυσὶν
3048 2796 3366 2861 ἐπέταντο,
3426 2799 3574 2869 φησί.
3634 2798 3756 2862 Πῶς
3813 2800 3989 2853 τοίνυν

2428 2888 2668 2941 ἵστανται
2697 2886 2812 2957 ἃμα
2854 2887 2946 2939 xui
2982 2886 3251 2941 κινοῦνται
3273 2905 3286 2953 ;
3311 2889 3467 2958 δῆλον
3528 2884 3618 2942 οῦν
3642 2891 3721 2943 ὅτι
3747 2892 3990 2946 ἵστανται

2432 2978 2529 3048 μὲν
2558 2980 2684 3049 περὶ
2711 2977 2772 3030 τὸ
2812 2977 2963 3040 αὐτὸ,
2996 2978 3264 3030 κινοῦνται
3292 2978 3347 3031 δὲ
3377 2984 3510 3049 πρὸς
3536 2981 3748 3050 ἐκείνην
3774 2980 3871 3052 τὴν
3902 2981 3991 3033 ἐλ-

2427 3069 2648 3139 λαμψιν.
2705 3070 2791 3133 Ὠς
2829 3069 2936 3140 γὰρ
2975 3068 3035 3122 τὸ
3068 3072 3173 3122 πᾶν
3203 3070 3377 3134 τοῦτο,
3424 3069 3551 3141 φέρε
3600 3072 3791 3139 εἰπεῖν,
3833 3074 3889 3125 ἐν
3914 3071 3991 3144 τῷ

2426 3162 2607 3231 κύκλῳ
2638 3160 2919 3225 κινεῖσθαι,
2950 3163 3042 3214 xui
3066 3161 3367 3232 ἀεικίνητόν
3402 3165 3535 3226 ὲστι,
3572 3166 3665 3216 xui
3701 3165 3955 3235 ἀκίνητον

2425 3254 2679 3324 ἀκίνητον
2706 3254 2800 3323 μὲν
2827 3253 2967 3306 κατὰ
2991 3254 3049 3305 τὸ
3071 3254 3210 3317 ὅλον,
3234 3255 3293 3305 οὺ
3316 3254 3424 3324 γὰρ
3451 3256 3513 3307 ὲκ
3534 3256 3697 3308 τόπου
3728 3260 3807 3319 είς
3828 3258 3989 3311 τόπον

2429 3339 2759 3410 μεταϐαίνει,
2795 3341 3097 3411 ἀεικίνητον
3132 3342 3185 3393 δὲ
3215 3343 3355 3395 κατὰ
3392 3343 3459 3395 τὰ
3492 3344 3626 3416 μέρη
3648 3362 3660 3374 °
3692 3345 3833 3398 οὕτω
3874 3364 3990 3411 πως

2435 3432 2537 3484 νόει
2586 3433 2679 3485 xui
2722 3432 2819 3503 τὴν
2864 3433 3121 3505 οὐρανίαν
3165 3436 3570 3507 περιχόρευσινο
3622 3440 3715 3491 xui
3756 3439 3867 3512 γὰρ
3892 3442 3987 3494 xui

2424 3521 2561 3593 αὕτη
2601 3525 2920 3593 ἁεικινήτως
2963 3526 3188 3595 ἵδρυται,
3234 3526 3395 3578 οἱονεὶ
3427 3527 3597 3595 παγία
3648 3529 3818 3599 μένει,
3861 3530 3982 3603 περὶ

2416 3616 2480 3667 τὸ
2516 3615 2645 3669 αὐτὸ
2689 3616 2776 3668 ἀεὶ
2805 3617 3160 3687 στρεφομένη,
3188 3618 3407 3671 κάκεῖσε
3443 3616 3687 3684 νεύουσα,
3719 3622 3854 3692 ὅπερ
3886 3624 3983 3675 οὐκ

2420 3707 2487 3761 ἂν
2539 3706 2749 3764 γένοιτο
2799 3707 3014 3761 πώποτε
3053 3711 3143 3762 ἐπὶ
3182 3710 3279 3779 τῆς
3324 3711 3409 3764 ἐπ’
3452 3712 3660 3776 εὐθείας
3698 3715 3981 3785 κινήσεως.

2420 3806 2607 3861 Τοίνυν
2650 3807 2742 3860 xui
2786 3809 2907 3861 ἐπεὶ
2943 3811 3367 3882 τοιουτοτρόπως
3411 3811 3546 3883 πρὸς
3590 3812 3649 3865 τὸ
3694 3814 3847 3867 Θεῖον
3894 3817 3979 3871 ἀεὶ

2418 3899 2584 3963 νεύει,
2637 3900 2837 3964 πολλὰς
2881 3902 2977 3971 μὲν
3012 3902 3104 3954 xui
3150 3904 3423 3974 μακαρίας
3457 3907 3557 3975 ὁρᾷ
3596 3904 3842 3975 θεωρίας,
3879 3926 3981 3961 κα-

2417 3990 2597 4062 θαρῶς
2621 3992 2761 4046 κατὰ
2782 3994 2879 4063 τὴν
2906 3994 3099 4065 ἑαυτῆς
3129 3994 3259 4059 ἕξιν,
3287 3994 3346 4046 ού
3370 3995 3511 4049 κατὰ
3532 3996 3629 4067 τὴν
3652 3996 3800 4050 Θείαν
3826 4000 3983 4053 ἀκτι-

2414 4084 2676 4161 νοβολίαν,
2702 4086 2883 4148 καθὼς
2911 4086 3042 4156 ἔχει,
3071 4085 3192 4138 ἐπεὶ
3212 4088 3305 4139 xui
3326 4076 3815 4157 περικαλύπτονται
3839 4092 3981 4146 κατὰ

2412 4175 2510 4239 τὰς
2536 4174 2641 4226 τῶν
2667 4172 2956 4245 προφητῶν
2981 4172 3271 4242 θεολογίας.
3319 4172 3451 4225 Ἀλλ’
3482 4173 3556 4236 ὡς
3589 4172 3771 4243 βλέπει
3799 4177 3827 4228 ὁ
3852 4180 3979 4232 τοὺς

2412 4275 2719 4345 ὀφθαλμοὺς
2739 4275 2993 4341 ὑγιαίνων
3021 4271 3111 4327 τὸν
3138 4274 3284 4344 ἦλιον
3304 4274 3575 4340 καθαρῶς,
3599 4275 3812 4337 πάντως
3836 4274 3976 4328 κατὰ

2410 4368 2507 4438 τὴν
2538 4366 2729 4421 ἑαυτοῦ
2759 4367 2890 4430 ἕξιν,
2922 4364 3129 4430 οὐδενὸς
3172 4366 3417 4437 ἐμποδὼν
3444 4367 3730 4437 γενομένου
3760 4369 3881 4421 ὅσον
3910 4371 3971 4420 ἐκ

2408 4459 2515 4511 τῶν
2556 4458 2845 4529 ὀφθαλμῶν
2875 4458 3061 4521 αὐτοῦ,
3093 4458 3203 4511 ἀλλ’
3235 4459 3286 4511 εί
3315 4476 3366 4511 τι
3405 4457 3469 4511 ἂν
3498 4459 3579 4529 εἴη
3610 4458 3667 4511 τὸ
3696 4460 3970 4529 ἐμπόδιον,

2407 4549 2507 4619 τῆς
2529 4548 2622 4602 τοῦ
2650 4550 2801 4621 ήλίου
2830 4550 3201 4613 ἀκτινοϐολίας
3229 4550 3396 4613 ἐστὶν,
3426 4549 3501 4613 ὠς
3535 4550 3609 4621 μὴ
3639 4551 3796 4619 φύσιν
3818 4553 3974 4623 ἐχού-

2409 4658 2507 4711 σης
2535 4642 2919 4713 πληρεστάτως
2948 4642 3293 4706 ἐπιπολάζειν
3320 4645 3431 4704 τοῖς
3460 4642 3750 4713 ὀφθαλμοῖς
3770 4661 3783 4674 ’
3813 4646 3972 4699 τοῦτο

756 4728 973 4791 nicnte;
1022 4728 1115 4781 sed
1159 4728 1204 4782 si
1255 4730 1397 4797 quod
1450 4734 1793 4788 obstaculum
1847 4736 1939 4800 sit,
2004 4738 2055 4792 id
2103 4741 2340 4819 accidit;

2428 4735 2516 4788 νόει
2563 4736 2654 4789 xui
2700 4736 2791 4787 ἐπὶ
2833 4736 2941 4789 τῶν
2988 4736 3144 4787 θείων
3181 4734 3475 4805 δυνάμεων.
3518 4737 3625 4789 Καὶ
3669 4735 3809 4789 οὕτω
3869 4740 3968 4808 μὲν

751 4816 1025 4869 cmissioni
1073 4818 1345 4872 radiorum
1394 4819 1548 4886 solis,
1598 4832 1654 4875 ut
1697 4838 1817 4892 quas
1869 4838 2101 4895 nequeat
2151 4831 2304 4897 plene

750 4906 922 4961 oculis
956 4921 1014 4960 se
1048 4908 1341 4965 immittere
1380 4934 1391 4967 :
1432 4911 1572 4965 idem
1607 4915 1781 4983 cogita
1815 4916 1977 4971 etiam
2005 4920 2057 4973 in
2092 4921 2305 4976 virtuti-

751 4996 849 5050 bus
873 4996 1090 5052 divinis.
1112 5001 1286 5068 Atque
1308 5004 1379 5057 ita
1410 5006 1625 5072 quidem
1651 5020 1787 5075 pure
1816 5012 2301 5079 contemplationes

749 5087 1027 5155 intuetur,
1068 5090 1373 5147 illustratur
1406 5106 1584 5149 autem
1630 5096 1970 5167 simplicibus
2011 5112 2065 5156 et
2103 5104 2297 5159 imme-

748 5180 910 5234 diatis
939 5186 1423 5249 coruscationibus,
1459 5199 1512 5243 et
1544 5204 1895 5261 nequaquam
1931 5195 2299 5251 mediantibus

747 5273 1005 5340 symbolis
1028 5292 1147 5342 quae
1175 5278 1325 5344 prius
1363 5282 2023 5352 vocavitcmnpositiones.
2054 5285 2295 5343 Satiatur

744 5376 905 5430 porro
947 5367 1124 5421 divino
1159 5369 1313 5433 cibo,
1365 5371 1531 5424 multo
1577 5374 1757 5441 simul,
1802 5386 1855 5430 et
1904 5390 2056 5430 uno:
2106 5378 2291 5446 multo,

2406 4828 2658 4899 καθαρῶς
2690 4826 2789 4891 τὰς
2818 4826 3047 4898 θεωρίας
3074 4828 3194 4898 δρᾷ,
3225 4826 3553 4897 ὲλλάμπεται
3583 4827 3638 4880 δὲ
3666 4820 3761 4893 τὰς
3791 4830 3969 4895 ἁπλᾶς

2404 4921 2496 4973 xui
2521 4921 2757 4989 ἀμέσους
2790 4920 3172 4991 μαρμαρυγὰς,
3213 4921 3273 4973 ού
3306 4919 3402 4983 τὰς
3439 4920 3525 4973 διὰ
3556 4920 3732 4990 μέσων
3766 4923 3967 4992 συμϐό-

2402 5007 2527 5073 λων,
2557 5011 2622 5073 ἃς
2649 5011 2711 5083 δὴ
2734 5014 2825 5065 καὶ
2858 5010 3128 5073 συνθέσεις
3158 5010 3348 5083 πρῴην
3379 5011 3649 5065 ἐκάλεσεν.
3694 5014 3966 5087 Ἀποπλη-

2403 5101 2589 5172 ροῦται
2615 5102 2670 5156 δὲ
2704 5104 2803 5173 τῆς
2848 5102 2997 5165 θείας
3022 5103 3245 5173 τροφῆς,
3278 5102 3475 5173 πολλῆς
3504 5104 3637 5174 ἅμα,
3670 5105 3762 5157 xui
3793 5108 3918 5174 μιᾶς
3947 5126 3959 5137 ·

2400 5194 2599 5264 πολλῆς
2654 5196 2792 5247 κατὰ
2836 5196 2933 5265 τὴν
2994 5190 3169 5265 χύσιν,
3219 5196 3345 5265 μιᾶς
3396 5196 3478 5248 ὅτι
3520 5197 3826 5260 ἀποίκιλτος
3866 5198 3962 5250 xui

2396 5286 2634 5349 ἑνοποιὸς
2679 5290 2711 5355 ή
2774 5288 3032 5349 ἑστίασις.
3092 5288 3361 5350 Ἐστίασις
3392 5288 3447 5341 δὲ
3496 5289 3588 5340 xui
3629 5290 3801 5359 τροφὴ
3849 5290 3956 5342 τῶν

2393 5377 2637 5443 ἀγγέλων
2671 5379 2939 5449 πάντωςὴ
2971 5379 3230 5449 ἐλλαμψις
3264 5380 3356 5432 καὶ
3388 5382 3419 5450 ὴ
3464 5379 3694 5449 μάθησις
3716 5398 3729 5409 ·
3767 5384 3813 5432 εἰ
3847 5383 3955 5449 γὰρ

744 5452 851 5522 70
880 5458 1169 5510 secundum
1202 5456 1578 5526 dimisionem;
1626 5479 1757 5527 uno,
1792 5464 1916 5533 quia
1954 5466 2174 5521 minime
2201 5484 2294 5521 va—

2429 5470 2483 5519 ui
2506 5469 2538 5537 ἡ
2576 5470 2806 5539 μάθησις
2829 5471 2999 5541 τροφὴ
3026 5471 3116 5523 τοῦ
3141 5472 3427 5541 τρέφοντος
3459 5471 3667 5538 λέγεται
3694 5471 3831 5523 κατὰ
3862 5472 3955 5524 τὸν

744 5544 821 5594 ria
856 5553 938 5597 est
970 5554 1023 5597 et
1052 5547 1248 5600 uninca
1278 5552 1556 5605 comestio.
1598 5552 1868 5608 Comestio
1899 5564 2075 5609 autem
2108 5558 2287 5611 cibus-

2389 5558 2645 5627 Θεολόγον
2670 5563 2761 5613 xui
2794 5563 2963 5631 μέγαν
2991 5563 3306 5633 Γρηγόριον,
3344 5563 3518 5632 πολλῷ
3543 5580 3603 5631 γε
3631 5562 3826 5631 μᾶλλον
3860 5565 3955 5616 καὶ

742 5648 844 5703 quc
878 5637 1212 5704 angelorum,
1254 5650 1337 5695 est
1367 5640 1651 5698 illustratio
1680 5656 1733 5699 et
1769 5650 2039 5715 eruditio;
2077 5650 2119 5704 si
2144 5650 2287 5705 enim

2460 5650 2693 5722 μάθησις
2718 5654 2887 5725 τροφὴ
2914 5654 2978 5707 διν
3012 5654 3101 5707 τοῦ
3128 5656 3457 5727 τρεφομένου
3488 5654 3711 5723 λέγοιτο.
3748 5653 3872 5717 Πῶς
3896 5653 3953 5709 δὲ

812 5808 833 5846 ι
876 5809 1014 5865 Psal.
1064 5828 1225 5881 xxxv,
1260 5815 1342 5871 10.
1427 5816 1440 5857 ι
1482 5819 1623 5876 Psal.
1674 5839 1805 5885 xvn.
1849 5824 1931 5880 l2.

2037 5833 2071 5856 ³³
2098 5825 2198 5881 lsa.
2228 5841 2303 5889 vi.
2328 5826 2382 5882 2.
