4176 6308
124 401 235 456 233

617 399 706 454 DE
735 397 1059 456 C(ELESTI
1095 399 1538 464 mERARClllA,
1573 401 1718 458 CAP.
1766 401 1875 457 νη.
1908 431 1976 441 -
2004 402 2354 460 PARAPHR.
2393 406 2855 465 PACHYMER/E.

3270 419 3377 475 251

126 526 158 588 ή
194 517 436 582 ἑστίασις
470 520 780 582 άποίκιλτος
815 522 907 574 καὶ
952 521 1231 586 ἐνοποιός;
1282 523 1363 574 ὅτι
1395 521 1564 592 ἁπλῆ,
1614 527 1697 574 καὶ

1805 521 1970 574 etiam
2014 523 2249 577 eruditio
2298 525 2449 580 cibus
2484 527 2776 584 nutrientis
2839 530 3158 602 appellatur,
3211 533 3372 602 juxta

127 614 227 666 ούκ
261 611 320 676 ἐξ
353 610 526 665 ἄλλων
555 612 647 664 καὶ
679 611 851 664 ἀλλων
892 611 1244 682 συγκειμένη,
1286 611 1380 666 νῦν
1416 613 1513 682 μὲν
1544 613 1706 683 τυχὸν

128 705 419 774 νοστίμων,
455 704 550 756 νῦν
580 702 717 756 δὲού
750 703 1024 764 τοιούτων,
1060 703 1171 756 ἀλλ’
1194 704 1289 774 ὅλη
1314 705 1584 774 νόστιμος,
1614 707 1707 758 καὶ

130 797 332 868 ἀγαθὴ,
367 797 460 851 καὶ
493 795 757 859 θεοποιὸς,
785 796 877 849 καὶ
909 796 1178 863 ἀγνοοῦσα
1206 795 1432 850 καθόλου
1457 795 1545 849 τὸν
1571 796 1707 865 ἴλιγ-

129 907 246 957 γον,
292 887 474 952 καθὼς
507 890 605 943 καὶ·
635 888 823 960 πρώην
857 890 1134 961 ἐλέγομεν.
1173 891 1249 943 Οὐ
1295 893 1475 960 χεῖρον
1522 889 1578 943 δὲ
1613 891 1704 944 καὶ

127 981 227 1052 τὴν
258 983 355 1036 τοῦ
401 980 494 1034 νοῦ
528 980 788 1052 κυκλικὴν
821 979 1032 1053 κίνησιν
1067 980 1422 1052 καταμαθεῖν.
1459 981 1706 1051 Λέγομεν

125 1073 331 1137 τοίνυν,
364 1074 445 1126 ὅτι
480 1074 587 1125 πᾶν
617 1070 680 1125 τὸ
710 1071 826 1135 νοῦ,
860 1072 892 1143 ἢ
925 1071 1048 1135 νοῦς
1080 1072 1137 1125 ὂν
1169 1076 1300 1134 νοεῖ,
1327 1072 1360 1143 ἢ
1394 1071 1516 1125 νοῦν
1549 1072 1698 1142 ἔχον·

124 1167 153 1217 ὁ
188 1166 288 1229 μὲν
321 1164 444 1227 νοῦς
476 1164 551 1218 ὢν
591 1161 822 1236 πρώτως
854 1166 989 1216 νιεῖ·
1025 1163 1086 1216 τὸ
1117 1163 1173 1217 δὲ
1203 1161 1327 1216 νοῦν
1372 1162 1496 1234 ἕχον
1527 1162 1705 1216 δευτέ-

124 1274 236 1327 ρως
259 1258 392 1311 νοεῖ.
423 1254 575 1309 Καθδ
606 1254 736 1323 γοῦν
769 1253 892 1317 νοῦς
923 1252 998 1307 ὢν
1024 1252 1153 1319 νοεῖ,
1188 1253 1450 1308 κινεῖσθαι
1483 1253 1698 1321 λέγοιτο

122 1347 188 1400 ἀν
212 1363 225 1376 ’
263 1346 401 1400 καθὸ
433 1343 487 1397 δὲ
516 1345 888 1416 ἀνακάμπτων
919 1343 1012 1397 καὶ
1047 1343 1175 1414 περὶ
1208 1339 1367 1396 αὐτὸν
1396 1342 1698 1413 γινόμενος,

121 1436 318 1490 ἑαυτὸν
334 1439 461 1500 νοεῖ,
481 1435 573 1489 καὶ
595 1431 684 1488 τὸν
705 1432 813 1505 πρὸ
836 1430 1000 1486 αὐτοῦ
1028 1432 1088 1513 e3
1103 1427 1164 1490 οῦ
1193 1432 1441 1503 συνέστη,
1469 1432 1700 1504 κυκλικὴ

121 1532 418 1583 ἐπινοεῖται
463 1528 762 1600 ήκίνησις.
821 1527 908 1590 Ὠς
939 1523 1032 1578 οῦν
1065 1527 1128 1578 ὲκ
1173 1524 1309 1578 Θεοῦ
1354 1525 1702 1596 βουληθέντος

121 1621 471 1693 προϐληθεὶς,
519 1622 648 1692 περὶ
679 1620 778 1689 τὴν
821 1617 914 1671 τοῦ
949 1616 1084 1671 Θεοῦ
1117 1617 1300 1686 ἔφεσιν
1333 1618 1426 1670 καὶ
1460 1618 1698 1687 ἀγάπην,

117 1716 194 1779 ὡς
228 1716 360 1787 περὶ
392 1711 637 1784 κέντρον,
673 1713 823 1767 ἔσται
848 1731 860 1742 ·
893 1712 957 1765 οὐ
991 1713 1098 1784 γὰρ
1131 1709 1346 1765 ἑνοῦται
1377 1711 1445 1764 τὰ
1480 1710 1702 1781 δεύτερα

118 1813 231 1873 τοῖς
259 1806 366 1880 πρὸ
389 1808 588 1870 αὐτῶν,
617 1805 753 1859 ἀλλά
773 1804 962 1877 χορείᾳ⁴
983 1805 1093 1856 τινὶ
1113 1801 1176 1855 τὸ
1205 1801 1487 1872 γινόμενον
1521 1803 1662 1857 ἔοικε
1683 1821 1697 1835 ο

119 1898 396 1961 κυκλικῶς
420 1897 528 1969 γὰρ
560 1896 668 1950 τῶν
704 1895 1078 1966 γεννωμένων,
1108 1896 1214 1948 τῶν
1237 1896 1546 1963 γεννώντων
1578 1899 1696 1950 ὲπι-

117 1992 442 2063 δράττεσθαι
476 1989 776 2060 ἐφιεμένων
800 2006 813 2018 °
845 1984 1002 2058 μόνον
1037 1989 1092 2041 δὲ
1118 1988 1577 2060 περιαθρούντων,
1603 1992 1696 2044 καὶ

115 2083 211 2136 τοῦ
246 2082 456 2135 ἐκεῖθεν
498 2081 726 2143 κάλλους
756 2071 1276 2151 ἀποπληρουμένων.
1314 2077 1386 2132 Τὸ
1415 2075 1508 2135 οὖν
1541 2083 1598 2134 ὲν
1630 2086 1695 2154 ea

116 2176 304 2244 νοήσει
326 2174 464 2245 πρὸς
488 2170 550 2224 τὸ
583 2171 688 2243 πρὸ
716 2169 910 2224 ἑαυτοῦ
940 2168 1406 2240 ὲπεστραμμένον,
1435 2170 1699 2241 κυκλικῆς

117 2266 389 2334 κινήσεως
435 2263 642 2318 ἔννοιαν
684 2263 914 2329 εἰσάγει.
980 2257 1134 2314 Ἐπεὶ
1177 2257 1269 2314 οὖν
1315 2260 1590 2331 πανταχοῦ
1638 2263 1699 2314 τὸ

116 2358 294 2418 Θείθν,
327 2356 397 2409 τά
429 2353 702 2426 πανταχοῦ
730 2353 879 2423 αῦτῷ
906 2351 1420 2418 συνακολουθοῦντα,
1447 2351 1540 2406 καὶ¹
1567 2352 1699 2405 αὐτὸ

115 2451 262 2501 νοεῖν
299 2448 386 2500 ἀεὶ
419 2445 691 2510 ἐθέλοντα,
727 2445 818 2496 ἐπὶ
847 2441 1022 2514 τούτῳ
1055 2443 1380 2510 ἀγάλλονται
1417 2432 1700 2514 καῖπερι-

116 2540 459 2613 χορεύουσιν,
496 2537 682 2609 ὥσπερ
727 2540 793 2608 τῇ
837 2538 1020 2608 νοήσει
1064 2535 1422 2606 κυκλούμενα.
1471 2535 1698 2604 Λέγεται

116 2632 250 2702 γοῦν
282 2631 407 2696 νοῦς
437 2633 494 2684 ὲν
519 2629 695 2701 ἐαυτῷ
720 2623 884 2692 εἶναι,
916 2629 1010 2682 καὶ
1040 2627 1176 2698 πρὸς
1198 2627 1396 2688 ἑαυτὸν,
1414 2627 1661 2680 σπεύδειν
1686 2643 1695 2652 '

115 2719 162 2791 ᾧ
194 2723 292 2792 μὲν
324 2717 417 2775 οὖν
453 2724 509 2773 ὲν
542 2719 718 2790 ἑαυτῴ
763 2719 901 2782 ἐστι,
941 2718 1129 2771 στάσιν
1173 2717 1282 2788 ἔχει
1304 2734 1317 2748 ⁶
1369 2717 1510 2770 κατὰ
1539 2717 1596 2770 δὲ
1637 2718 1699 2770 τὸ

117 2815 258 2886 πρὸς
291 2815 482 2867 ἑαυτὸν
517 2813 785 2876 σπεύδειν,
821 2813 1072 2876 κινεῖται,
1112 2812 1186 2882 μὴ
1222 2810 1543 2881 βουλόμενος
1581 2810 1699 2864 δια-

116 2907 331 2978 χεῖσθαι
398 2907 478 2969 είς
531 2905 628 2968 τὰς
691 2902 995 2976 προσύλους
1041 2904 1134 2956 καὶ¹
1187 2903 1473 2974 ἀλλοτρίας
1536 2903 1698 2958 αὑτοῦ

115 2999 360 3064 νοήσεις·
412 2997 552 3050 κατά
602 2996 698 3068 μὲν
737 2991 832 3050 οὖν
862 2995 924 3049 τὸ
965 2994 1372 3064 ταὺτοκίνητον,
1427 2997 1696 3048 κινεῖται·

114 3088 262 3142 κατὰ
287 3088 344 3142 δὲ
368 3087 466 3158 τὴν
490 3087 675 3140 οὐσίαν
700 3086 886 3140 στάσιν
906 3086 1020 3140 ἀλλ’
1052 3086 1112 3139 οὺ
1135 3085 1347 3155 κίνησιν
1375 3084 1507 3156 ἔχει.
1545 3084 1698 3139 Ἔστι

1810 614 2118 685 theologum
2165 631 2526 686 magnumque
2558 618 2882 689 Gregorium
2912 662 2927 686 ,
2988 626 3155 677 multo
3203 627 3378 694 magis

1807 703 1972 757 etiam
2000 704 2236 760 eruditio
2280 707 2435 761 cibus
2467 710 2664 762 eruditi
2710 709 2814 764 dici
2865 714 3054 780 possit.
3094 714 3379 780 Quomodo

1807 806 1987 849 autem
2021 796 2136 851 haec
2165 799 2431 853 comestio
2467 801 2692 857 minime
2721 804 2870 858 varia
2892 813 2947 859 et
2971 806 3172 862 uniﬁca
3195 808 3220 860 ‘l
3250 809 3376 876 quia

1807 888 2033 954 simplex
2074 897 2179 951 est,
2212 899 2266 944 et
2299 907 2403 944 non
2453 908 2518 946 ex
2554 893 2676 948 aliis
2706 903 2872 964 atque
2904 896 3023 952 aliis
3051 901 3376 969 composita,

1806 978 1965 1032 modo
1997 979 2213 1046 quidem
2261 980 2401 1034 forte
2434 982 2706 1047 dulcibus,
2740 987 2901 1041 modo
2933 1002 3062 1042 vero
3095 1006 3200 1044 non
3247 993 3374 1047 tali-

1804 1066 1928 1130 bus,
1961 1068 2053 1122 sed
2087 1076 2198 1120 tota
2232 1067 2403 1124 dulcis
2431 1082 2534 1136 est,
2561 1083 2615 1128 et
2643 1075 2808 1139 bona,
2839 1085 2895 1130 et
2932 1078 3149 1145 deiﬁca,
3180 1091 3235 1136 et
3259 1097 3376 1136 om-

1806 1159 1934 1211 nino
1969 1159 2216 1213 nesciens
2256 1162 2599 1232 vertiginem,
2637 1165 2779 1222 sicut
2809 1167 2972 1222 etiam
3006 1180 3133 1225 ante
3155 1172 3377 1228 diceba-

1805 1262 1943 1302 mus.
1981 1247 2163 1318 Neque
2195 1265 2326 1306 vero
2351 1253 2579 1309 minoris
2614 1259 2870 1313 momenti
2906 1267 3011 1321 est,
3049 1262 3376 1319 circularem

1808 1349 2012 1391 motum
2043 1353 2396 1408 cognoscere.
2460 1341 2697 1401 Dicimus
2735 1347 2917 1417 itaque
2944 1353 3122 1419 quoad
3153 1354 3366 1410 intelle-

1805 1437 1971 1489 ctum,
2001 1430 2576 1502 quidlibetintelligere
2608 1437 2693 1491 vel
2721 1449 2780 1492 ut
2812 1439 3120 1498 intellectus
3150 1454 3254 1510 est,
3289 1447 3376 1501 vel

1804 1520 1857 1573 in
1900 1531 2160 1590 quantum
2209 1523 2372 1578 habet
2418 1524 2778 1582 intellectum.
2826 1530 2929 1596 Qui
2963 1534 3178 1601 quidem
3214 1537 3378 1593 intel-

1807 1612 1981 1668 lectus
2016 1626 2122 1679 est,
2153 1616 2414 1684 primario
2443 1619 2725 1693 intelligit;
2757 1623 2848 1692 qui
2876 1639 3009 1679 vero
3039 1626 3374 1686 intellectum

1802 1703 2006 1771 habet,
2061 1707 2384 1763 secundario
2441 1709 2816 1783 intelligit..ln
2874 1723 3139 1783 quantum
3190 1720 3375 1789 itaque

1803 1793 2061 1867 intelligit
2098 1807 2156 1852 ιιι
2193 1799 2506 1856 intellectus
2531 1813 2637 1869 est,
2672 1805 2777 1859 dici
2811 1818 2995 1876 posset
3033 1813 3285 1880 moveri;
3318 1814 3373 1868 in

1801 1892 2063 1952 quantum
2095 1901 2224 1942 vero
2254 1899 2380 1942 actu
2417 1890 2616 1946 reﬂexo
2653 1908 2713 1949 se
2764 1899 3091 1969 recolligens
3121 1905 3376 1973 semetip-

1800 1988 1917 2042 sum
1955 1977 2232 2048 intelligit,
2265 1988 2321 2033 et
2353 1980 2405 2034 id
2440 1996 2469 2034 a
2509 1997 2616 2051 quo
2662 1984 3048 2054 proficiscitur,
3080 1993 3376 2048 circularis

1800 2076 1982 2123 motus
2009 2069 2359 2140 intelligitur.
2396 2071 2585 2142 Itaque
2611 2091 2733 2130 cum
2765 2093 2829 2133 ex
2861 2080 2969 2134 Deo
3004 2082 3219 2139 volente
3246 2102 3373 2155 pro-

1801 2159 1974 2215 fectus
2002 2161 2095 2223 sit,
2121 2163 2266 2216 circa
2293 2164 2390 2219 Dei
2415 2165 2742 2221 desiderium
2769 2177 2822 2223 et
2854 2171 3222 2242 dilectionem,
3254 2187 3375 2231 tan-

1800 2265 1960 2320 quam
1988 2251 2136 2307 circa
2163 2260 2435 2318 centrum,
2470 2256 2820 2312 versabitur:
2855 2275 2962 2314 non
2994 2264 3141 2318 enim
3173 2267 3373 2319 uniun-

1802 2351 1890 2415 tur
1920 2343 2165 2397 secunda
2202 2344 2494 2412 prioribus,
2516 2347 2612 2401 sed
2637 2349 2781 2416 quod
2809 2350 3138 2422 factum-est,
3157 2358 3370 2412 cuidam

1800 2433 2012 2488 chorea:
2037 2444 2410 2502 comparatur,
2439 2436 2567 2491 dum
2593 2438 2850 2494 nimirum
2879 2458 2941 2497 ea
2965 2459 3083 2514 qua:
3105 2449 3371 2516 producta

1798 2531 1944 2587 sunt,
1981 2525 2339 2592 pt'oductores
2387 2541 2517 2581 suos
2563 2529 2849 2597 complecﬁ
2884 2536 3144 2603 cupiunt;
3196 2538 3371 2594 solum

1798 2623 1977 2668 autem
2015 2615 2066 2668 in
2103 2615 2340 2671 circuitu
2383 2630 2807 2688 congregantur,
2859 2633 3025 2694 atque
3071 2628 3216 2690 inde,
3249 2632 3371 2699 pul-

1798 2705 2111 2760 ehritudine
2159 2706 2460 2776 replentur.
2517 2712 2671 2777 Quod
2706 2715 2889 2785 itaque
2922 2718 3274 2789 intelligendo
3301 2723 3370 2777 ad

1801 2795 1879 2861 id,
1924 2811 1955 2848 a
1985 2811 2093 2865 quo
2131 2802 2418 2872 processit,
2448 2806 2810 2873 convertitur,
2857 2809 3147 2866 circularis
3191 2823 3371 2869 motus

1802 2885 2215 2958 intelligentiam
2260 2894 2583 2948 introducit.
2628 2896 2762 2950 Cum
2806 2899 2969 2968 igitur
2997 2901 3240 2958 divinum
3267 2904 3372 2959 Nu-

1801 2994 1922 3035 men
1955 2982 2028 3034 sit
2055 2983 2278 3053 ubique,
2310 2999 2371 3037 ea
2401 3000 2522 3054 quae
2551 2988 2751 3057 ubique
2780 2991 2955 3060 ipsum
2980 2993 3366 3064 insequuntur,

1801 3069 2087 3143 ipsumque
2122 3089 2337 3144 semper
2369 3077 2679 3145 intelligere
2707 3079 3034 3148 desiderant,
3071 3086 3121 3140 in
3150 3088 3249 3144 hoc
3276 3106 3373 3144 ex-

115 3179 299 3232 τοίνυν
328 3177 422 3232 καὶ
451 3180 543 3231 ἐπὶ
586 3177 695 3230 τῶν
732 3175 890 3231 θείων
934 3179 1028 3230 καὶ
1058 3177 1324 3249 οὐρανίων
1369 3177 1506 3230 νόων
1552 3177 1697 3249 ὁρμὴ

1811 3159 2058 3226 sultant,
2113 3172 2171 3217 et
2225 3166 2459 3218 choreas
2503 3166 2729 3232 ducunt,
2784 3178 2969 3238 utpote
3019 3171 3371 3244 intelligendo

114 3271 216 3324 καὶ
237 3270 468 3340 κίνησις,
497 3271 530 3339 ἡ
560 3268 696 3341 πρὸς
724 3269 786 3321 τὸ
806 3268 959 3321 Θεῐον
984 3268 1185 3338 ἔφεσις,
1217 3269 1310 3322 καὶ
1351 3270 1384 3338 ἡ
1414 3267 1538 3339 περὶ
1565 3267 1696 3321 αὐτὸ

111 3364 194 3424 ὡς
245 3362 373 3432 περὶ
425 3362 650 3432 κέντρον
706 3358 939 3429 κυκλικὴ
991 3358 1178 3431 χορεία
1209 3398 1223 3423 ,
1267 3360 1343 3423 ὡς
1394 3361 1429 3430 ἡ
1471 3358 1564 3411 τοῦ
1602 3359 1698 3413 κύ-

116 3455 248 3508 κλου
284 3453 413 3525 περὶ
440 3454 502 3506 τὸ
529 3453 754 3524 σημεῖον
787 3453 906 3523 ἦτοι
940 3452 1184 3524 κέντρον,
1220 3453 1312 3521 ἀφ’
1343 3447 1404 3506 οῦ
1439 3451 1693 3523 συνέστη.

116 3543 232 3598 Καὶ
264 3546 373 3616 γὰρ
405 3544 499 3599 καὶ
546 3543 689 3598 κατά
736 3544 970 3615 φυσικὴν
1006 3543 1252 3615 ἀνάγκην
1309 3545 1538 3599 ἕκαστον
1591 3544 1700 3597 τῶν

112 3638 292 3690 ὄντων
329 3638 429 3707 τὴν
473 3636 602 3708 περὶ
631 3635 724 3689 τὸν
770 3634 902 3688 Θεὸν
943 3631 1159 3707 χορεύει
1187 3637 1427 3707 χορείαν,
1457 3635 1701 3707 ,ἐφιέμει-

114 3742 207 3779 νον
267 3726 362 3780 τοῦ
406 3727 580 3781 αίτίου
620 3727 760 3781 κατά
786 3727 849 3779 τὸ
891 3722 1050 3780 εἷναι.
1095 3725 1282 3790 Οῦτως
1315 3722 1406 3781 οῦν
1449 3727 1578 3798 περὶ
1605 3725 1700 3779 τὸν

115 3815 338 3870 πάντων
374 3817 595 3886 βασιλέα
626 3816 803 3870 πάντα
827 3816 972 3884 τἐστὶ,
1006 3816 1100 3870 καὶ⁵
1129 3817 1336 3871 ἐκείνου
1367 3819 1529 3872 ἕνεκα
1562 3817 1701 3871 πάνο

112 3927 206 3974 τα,
243 3910 340 3963 καὶ
385 3910 560 3963 ἐκεῖνο
607 3907 864 3962 ἁπάντων
911 3905 1091 3962 καλῶν
1136 3906 1308 3961 αἴτιον
1361 3910 1512 3963 Ἐπεὶ
1557 3909 1702 3964 νεύει

113 4003 257 4074 πρὸς
281 4000 436 4074 Θεὸν,
466 3999 666 4070 πολλῆς
694 3996 982 4062 κοινωνίας
1001 4003 1097 4059 καὶ
1110 3999 1424 4073 συνεργείας
1449 3997 1698 4068 ἠξίωται,

114 4096 175 4147 ιν
207 4098 275 4166 τῇ
308 4089 445 4164 πρὸς
468 4089 650 4154 αὐτὸν,
674 4091 749 4154 ὡς
775 4090 1016 4159 ἐφικτὸν,
1049 4088 1379 4161 ἀφομοιώσει
1400 4105 1413 4119 ⁸
1444 4090 1565 4142 ἐπεὶ
1592 4089 1700 4162 γὰρ

113 4187 174 4237 ὲν
208 4183 327 4254 Θεῴ
366 4183 479 4246 ἕξις
514 4183 634 4234 ἐστὶ
666 4181 759 4234 καὶ
796 4180 1066 4252 ἐνέργεια,
1095 4177 1334 4250 δηλονότι
1367 4177 1428 4233 τὺ
1460 4177 1698 4252 καθαρὸν

114 4275 210 4329 καὶ
243 4279 274 4345 ἡ
312 4274 600 4345 κάθαρσις,
641 4271 700 4325 τὺ
732 4273 848 4342 φῶς
881 4275 976 4328 καὶ
1017 4271 1047 4325 ὁ
1080 4271 1376 4344 φωτισμὺς,
1407 4273 1469 4327 τὸ
1498 4272 1700 4327 τέλειον

113 4369 210 4419 καὶ
235 4365 296 4418 τὸ
322 4363 649 4418 τελειοποιὺν
683 4363 907 4436 (τούτων
936 4364 1045 4435 γὰρ
1077 4364 1138 4418 τὸ
1170 4365 1266 4436 μέν
1301 4368 1446 4418 ἐστιν
1472 4364 1604 4428 ἕξις,
1635 4364 1699 4417 τὺ

112 4458 167 4510 δὲ
196 4451 493 4526 ἐνέργεια),
520 4454 745 4525 ἠξίωται
779 4456 871 4508 καὶ
902 4455 1042 4526 αὕτη
1069 4455 1352 4518 κοινωνίας
1379 4454 1486 4507 τῶν
1517 4455 1696 4509 καλῶν

1805 3254 2291 3322 circumgyrantia.
2342 3254 2555 3310 Dicitur
2593 3258 2779 3327 itaque
2812 3275 2964 3316 mens
2993 3261 3044 3314 iu
3077 3268 3370 3335 semetipsa

1797 3356 1940 3410 esse,
1971 3353 2029 3400 et
2063 3345 2128 3399 ad
2160 3361 2219 3400 se
2254 3347 2426 3416 ipsam
2471 3365 2773 3420 properare
2801 3369 2816 3406 :
2846 3364 3010 3422 atque
3055 3371 3120 3411 eo
3148 3357 3367 3424 quidem

1797 3436 1940 3503 quod
1976 3435 2029 3490 in
2082 3452 2139 3491 se
2182 3439 2296 3507 ipsa
2344 3451 2448 3507 est,
2498 3451 2707 3498 statum
2750 3445 2948 3513 habet;
3002 3448 3054 3501 in
3106 3461 3366 3517 quantum

1799 3539 1934 3579 vero
1979 3527 2047 3580 ad
2093 3530 2443 3598 semetipsam
2494 3541 2797 3601 properat,
2847 3535 3117 3602 movetur,
3176 3539 3370 3596 nolens

1799 3616 2092 3674 elluudiin
2131 3629 2379 3676 terrenas
2423 3633 2479 3677 et
2511 3624 2719 3682 alienas
2765 3640 2796 3680 a
2832 3641 2894 3683 se
2927 3629 3366 3699 intelligentias;

1801 3710 1985 3780 itaque
2021 3711 2317 3765 secundum
2352 3713 2403 3766 id
2433 3715 2653 3782 quidem
2682 3715 2829 3784 quod
2859 3730 2918 3772 se
2949 3727 3151 3782 movet,
3179 3735 3368 3775 move-

1802 3809 1911 3868 tur,
1941 3804 2241 3857 secundum
2276 3806 2638 3861 substantiam
2669 3818 2851 3862 autem
2872 3817 3100 3876 statum,
3132 3813 3225 3867 sed
3257 3828 3366 3869 non

1799 3903 2004 3948 motum
2033 3894 2219 3951 habet.
2266 3897 2363 3952 Est
2409 3897 2575 3967 igitur
2609 3898 2774 3952 etiam
2807 3900 2862 3954 in
2893 3901 3094 3956 divinis
3134 3905 3368 3959 celesti-

1800 3987 2008 4055 busque
2034 3989 2311 4043 mentibus
2342 3990 2580 4059 impetus
2628 3992 2851 4061 quidam
2883 4007 2948 4047 ac
2978 4004 3181 4063 motus,
3233 3996 3366 4052 illud

1799 4076 1866 4130 ad
1897 4078 2140 4132 divinum
2177 4078 2388 4136 Numen
2419 4081 2774 4151 desiderium,
2812 4093 2975 4155 atque
3007 4087 3106 4140 ‘illa
3158 4088 3364 4151 circum

1801 4167 1998 4237 ipsum,
2037 4178 2296 4240 tanquam
2323 4172 2686 4230 circumcirca
2710 4184 2987 4241 centrum,
3012 4178 3240 4243 chorea,
3260 4194 3367 4238 non

1799 4274 1958 4315 secus
2003 4275 2068 4316 ac
2116 4263 2308 4318 circuli
2347 4265 2552 4320 circum
2592 4276 2856 4335 punctum
2893 4282 2989 4323 seu
3038 4280 3288 4325 centrum
3331 4286 3363 4325 a

1800 4366 1908 4421 quo
1974 4352 2241 4410 deductus
2310 4364 2415 4418 est.
2477 4356 2770 4414 Enimvero
2841 4361 3005 4414 etiam
3063 4364 3364 4420 secundum

1800 4444 1902 4513 71
1973 4446 2353 4520 necessitatem
2406 4451 2709 4504 naturalem
2768 4466 2855 4505 res
2909 4449 3169 4522 quaelibet
3213 4455 3363 4510 circa

111 4549 302 4615 ἕξεων,
344 4546 418 4611 ὼς
459 4542 595 4600 εἶναι
637 4547 729 4600 καὶ
773 4547 996 4617 ταύτην,
1037 4547 1178 4600 κατὰ
1218 4545 1397 4617 χάριν,
1427 4545 1694 4617 καθαρὰν,

1803 4535 1968 4592 Deum
2002 4538 2260 4595 choream
2290 4540 2464 4605 ducit,
2497 4542 2621 4597 dum
2655 4557 2876 4599 causam
2901 4557 3053 4598 suam
3082 4543 3254 4599 ambit
3275 4559 3367 4600 se-

115 4641 207 4693 καὶ
255 4640 394 4709 φῶς,
430 4640 522 4693 καὶ
567 4640 803 4693 τελείαν·
835 4637 1063 4708 ἠξίωται
1109 4640 1203 4692 καὶ
1243 4638 1576 4710 συνεργείας,
1613 4639 1688 4702 ὡς

113 4729 401 4800 καθαίρειν
447 4730 540 4782 καὶ
590 4727 812 4800 ταύτην,
847 4727 941 4783 καί
987 4728 1259 4798 φωτίζειν,
1289 4730 1382 4782 καὶ
1415 4726 1649 4781 τελειοῦν
1671 4745 1685 4759 ·

113 4818 286 4872 πολλά
317 4817 374 4871 δὲ
403 4819 682 4886 γινώσκει,
710 4819 822 4872 ἀλλ’
852 4819 1278 4891 ὐπερκειμένως,
1307 4819 1400 4872 καὶ
1444 4817 1506 4872 οὐ
1550 4819 1693 4872 κατά

112 4908 421 4978 ἄνθρωπον,
456 4910 553 4962 καὶ
581 4909 638 4961 ὲν
669 4907 927 4980 μετουσίᾳ
952 4910 1051 4980 τῆς
1076 4908 1224 4972 θείας
1251 4910 1563 4980 ἐπιστήμης
1599 4909 1692 4964 καὶ

110 4999 390 5067 γνώσεως,
424 5000 544 5053 καθ’
574 5001 697 5053 ὅσον
738 5001 874 5062 ἐστὶ,
900 5000 1126 5069 γίνεται.
1161 5000 1271 5063 Διὸ,
1297 5000 1372 5064 ὡς
1408 5000 1577 5053 πολλά
1609 5018 1694 5069 γι-

108 5089 432 5159 meum;
477 5091 666 5161 αὐτῆς,
698 5090 791 5144 καὶ
842 5088 1043 5161 ὕμνους
1085 5093 1118 5161 ἡ
1162 5090 1408 5159 θεολογία
1451 5094 1562 5154 τοῖς
1601 5094 1693 5146 ἐπὶ

107 5179 220 5249 τῆς
267 5179 616 5250 παραδέδωκε
639 5197 653 5210 ·
688 5183 736 5233 εἰ
766 5181 839 5251 μὴ
874 5181 981 5253 γὰρ
1014 5182 1333 5252 ἠπίσταντο,
1362 5183 1463 5236 οὐκ
1492 5183 1556 5236 ἂν
1585 5183 1691 5254 ὓμ-

107 5286 238 5325 νουν
266 5288 280 5301 ο
310 5273 405 5325 καὶ
438 5273 485 5323 εί
514 5273 588 5344 μὴ
625 5272 991 5343 ἑνελάμποντο
1023 5273 1162 5328 κατά
1193 5275 1253 5326 τὸ
1282 5274 1564 5346 ὑπερέχον,
1592 5278 1692 5330 οὐκ

109 5363 179 5418 ἂν
210 5365 244 5433 ἠ
270 5365 422 5435 φωνὴ
449 5365 650 5418 τούτων
681 5361 770 5437 ἦν,
791 5359 1062 5437 αἰσθητῶς
1083 5369 1277 5431 εἰπεῖν,
1301 5369 1376 5430 ὼς
1397 5369 1546 5440 φωνὴ
1571 5370 1692 5424 ὑδά-

106 5469 220 5507 των
243 5455 476 5510 πολλῶν.
498 5456 788 5512 ’Δναὸοῶσι
814 5458 946 5528 γὰρ,
971 5459 1112 5512 κατά
1132 5459 1222 5513 τὸν
1255 5458 1689 5530 θεοληπτικώτα-

105 5561 198 5599 τον
239 5543 496 5615 Ἰεζεκιὴλ
516 5587 530 5608 ,
564 5548 951 5619 Εὐλογημένη
993 5549 1030 5618 ἡ
1069 5548 1217 5613 δόξα
1247 5552 1467 5617 Κυρίου
1496 5551 1563 5605 ἐκ
1590 5553 1691 5606 τοῦ

104 5640 298 5692 τόπου
335 5639 554 5692 αὐτοῦ·
581 5641 674 5693 καὶ
712 5641 859 5695 ἄλλοι
894 5643 992 5714 τὴν
1018 5642 1386 5713 πολυύμνητον
1415 5642 1689 5711 θεολογίαν

101 5726 476 5798 ἀνακράζουσι
496 5730 792 5799 τὸ,⁸Ἀγιος,
806 5732 989 5799 ἅγιος,
1012 5732 1178 5802 ἅγιος
1198 5734 1408 5800 Κύριος
1420 5736 1684 5795 Σαϐαὼθ,

102 5822 343 5886 πλήρης
369 5819 536 5874 πᾶσα
556 5822 594 5888 ἠ
611 5821 686 5890 γῆ
714 5822 821 5890 τῆς
842 5822 1024 5893 δόξης
1044 5824 1470 5888 αὐτοῦ.Ταύτας
1493 5825 1548 5878 δὲ
1585 5825 1686 5887 τὰς

263 5912 537 5972 Ριτιιοι.
570 5910 688 5974 Gtt.
725 5913 836 5974 ιιι.

1793 4632 2026 4685 cundqu
2053 4646 2194 4686 esse.
2231 4632 2345 4688 lloc
2381 4635 2566 4705 utique
2597 4636 2756 4690 modo
2783 4637 2990 4699 circum
3020 4635 3217 4705 Regem
3241 4653 3331 4692 om

1792 4723 1942 4776 nium
1979 4732 2108 4775 sunt
2135 4724 2347 4790 omnia,
2383 4735 2438 4780 et
2477 4737 2696 4796 propter
2727 4730 2900 4796 ipsum
2933 4739 3058 4783 sunt
3087 4733 3362 4797 universa,

1794 4817 2017 4885 ipseque
2054 4828 2246 4870 attetor
2283 4828 2366 4872 est
2398 4821 2641 4874 omnium
2678 4822 2966 4878 bonorum.
3003 4824 3233 4892 Quando
3263 4827 3365 4879 ali-

1793 4909 1915 4976 quis
1952 4907 2019 4961 ad
2053 4909 2222 4962 Deum
2251 4909 2447 4978 vergit,
2487 4910 2653 4964 multa
2679 4912 2802 4982 ejus
2833 4914 3207 4970 communione
3236 4931 3366 4971 coo-

1795 4999 2186 5068 perationeque
2226 5000 2422 5068 dignus
2457 5001 2709 5066 edicitur,
2757 5019 2854 5074 per
2891 5020 3010 5059 eam
3064 5022 3184 5075 «λειω
3236 5019 3362 5064 cum

1795 5092 1910 5160 ipso
1941 5092 2057 5147 ﬁeri
2091 5103 2268 5163 potest
2302 5094 2755 5150 assimilationem
2788 5109 2804 5149 :
2836 5112 2958 5151 cum
2982 5098 3124 5151 enim
3160 5098 3211 5151 in
3244 5098 3358 5154 Deo

1797 5183 2022 5237 habitus
2044 5193 2128 5238 est
2153 5195 2208 5239 et
2235 5187 2504 5255 operatio,
2533 5186 2742 5244 scilicet
2774 5187 2982 5256 puritas
3013 5201 3070 5242 et
3098 5190 3360 5258 expiatio,

1795 5273 1978 5330 lumen
2026 5285 2080 5330 et
2111 5276 2433 5332 illuminatio
2459 5317 2474 5335 .
2507 5277 2768 5346 perfectio
2797 5291 2854 5334 et
2885 5281 2937 5336 id
2969 5280 3110 5347 quod
3145 5283 3362 5348 perﬁcit

1795 5370 2044 5437 (quorum
2078 5368 2307 5423 alterum
2349 5361 2568 5434 quidem
2599 5371 2820 5427 habitus
2853 5383 2958 5436 est,
2990 5375 3221 5427 alterum
3257 5389 3360 5426 au-

1796 5470 1901 5514 tem
1950 5462 2196 5529 operatio
2216 5462 2258 5527 _),
2283 5477 2436 5515 mens
2489 5477 2703 5532 quoque
2752 5463 3016 5520 bonorum
3078 5465 3360 5519 babitumn

1793 5554 2176 5608 communione
2200 5554 2358 5624 digna
2386 5556 2652 5621 redditur,
2686 5567 2745 5610 ut
2773 5567 2829 5612 et
2862 5557 2972 5627 ipsa
2998 5572 3090 5625 per
3124 5560 3359 5626 gratiam

1794 5659 1951 5713 pura,
1985 5647 2099 5707 lux,
2132 5653 2188 5697 et
2217 5645 2457 5713 perfecta
2488 5647 2590 5711 sit;
2637 5649 2768 5717 quin
2798 5659 2854 5702 et
2886 5650 2938 5702 in
2970 5661 3175 5714 partem
3212 5651 3359 5704 venit

1793 5735 2219 5803 cooperationis.
2260 5735 2386 5789 dum
2417 5747 2470 5790 et
2501 5738 2613 5805 ipsa
2649 5749 2862 5809 purgat,
2898 5749 2954 5792 et
2981 5739 3271 5804 illuminat,
3301 5748 3359 5792 et

1793 5826 2039 5894 perﬁcit;
2075 5826 2238 5880 multa
2290 5842 2505 5896 quoque
2553 5831 2856 5900 cognoscit,
2892 5833 2987 5888 sed
3024 5832 3350 5897 emineutcr,

2996 5919 3040 5988 8
