4176 6308
815 394 924 453 9:55

1950 397 2004 452 S.
2040 397 2339 454 DlONYSlI
2379 395 2838 454 AREOPAGlTxE

3952 410 4059 465 236

816 518 870 561 et
901 521 1004 559 non
1033 505 1326 560 secundum
1358 505 1655 570 hominem,
1697 517 1772 570 et,
1805 510 1983 575 quoad
2017 509 2130 563 fieri
2173 519 2366 579 potest,

2481 511 2688 581 ὑψηλὰς
2719 512 3040 583 ὐμνολογίας
3071 514 3176 566 τῶν
3219 516 3622 588 ὐπερουρανίων
3652 519 3925 590 δυνάμεων
3956 522 4058 595 ἤδη

815 600 1012 654 divina:
1059 598 1302 652 scientiae
1350 601 1786 669 cognitionisque
1834 604 2106 672 particeps
2134 603 2378 658 elliuitur.

814 692 1177 758 Quamobrem
1229 692 1370 760 quod
1419 693 1583 745 multa
1618 704 1932 762 cognoscat,
1974 696 2203 764 hymnos
2244 683 2381 765 qno-

813 797 923 851 que
951 783 1223 852 theologia
1255 783 1542 853 terrigenis
1578 782 1802 837 tradidit
1834 801 1847 836 :
1888 785 1990 839 nisi
2024 786 2168 840 enim
2202 787 2382 841 credi-

813 874 1044 937 dissent,
1075 887 1414 942 nequaquam
1455 875 1640 929 laudes
1682 877 2031 937 cecinissent.
2069 889 2122 933 et
2164 879 2264 934 nisi
2292 893 2378 934 se-

811 965 1046 1017 cundum
1075 963 1410 1032 superim-em
1444 974 1652 1032 partem
1694 964 1953 1022 illustrati
2003 968 2254 1035 fuissent,
2287 985 2380 1022 ne-

809 1070 1081 1123 quaquam
1113 1070 1218 1108 vox
1262 1072 1447 1110 eorum
1492 1059 1824 1112 sensibiliter
1864 1060 2156 1128 loquendo,
2189 1062 2380 1115 fuisset

809 1148 963 1213 quasi
1001 1162 1100 1202 vox
1133 1162 1396 1216 aquarum
1433 1149 1744 1214 multarum,
1774 1151 2011 1205 clamant
2043 1153 2185 1206 enim
2223 1152 2376 1218 juxta

808 1238 1208 1292 divinissiznum
1247 1238 1612 1305 Ezeclticlem,
1641 1239 1937 1295 Benedicta
1966 1242 2135 1311 gloria
2162 1242 2376 1296 Domini

806 1331 871 1383 de
900 1331 1013 1384 loco
1044 1347 1140 1384 suo
1164 1341 1191 1368 υ
1227 1349 1239 1384 :
1283 1340 1447 1398 atque
1479 1332 1568 1385 alii
1596 1333 2008 1387 celeberrimum
2047 1335 2173 1389 illud
2215 1351 2377 1392 vene-

804 1423 1132 1491 rationeqne
1188 1422 1562 1490 plenissimum
1622 1425 1817 1481 divinze
1874 1427 2046 1481 laudis
2100 1430 2370 1485 canticum

803 1513 1144 1581 proclamant
1171 1530 1183 1566 :
1212 1511 1462 1578 Sanctus,
1486 1526 1720 1576 sanctus.
1743 1529 1957 1572 sanctus
1990 1519 2244 1574 Dominus
2269 1522 2371 1576 Sa-

805 1605 990 1669 baoth,
1016 1605 1169 1672 plena
1199 1616 1272 1659 est
1297 1607 1464 1660 onmis
1498 1615 1640 1660 terra
1666 1609 1837 1676 gloria
1871 1620 1962 1663 tua
1981 1619 2027 1665 °.
2056 1611 2163 1667 llas
2195 1624 2372 1668 autem

801 1697 1223 1751 sublimissimas
1296 1697 1604 1752 coalestium
1662 1702 1929 1755 virtutum
1998 1703 2373 1775 hymnologias

2490 603 2586 672 μὲν
2616 604 2673 655 ὲν
2698 604 2776 674 τῷ
2801 604 2928 674 περὶ
2948 603 3106 657 θείων
3137 605 3319 676 ὕμνων
3345 609 3695 680 συντάγματι,
3721 611 3795 674 ὡς
3812 613 4058 678 δυνατὸν,

2482 693 2914 766 διηρευνήσαμεν
2962 697 3055 748 καὶ
3098 696 3505 768 ὲξηγησάμεθα,
3549 703 3640 755 καὶ
3681 702 3892 774 εἴρηται
3929 708 4062 778 περὶ

2481 787 2685 837 τούτων
2717 787 2923 847 ἐκεῖσε,
2949 785 3023 849 ὼς
3053 787 3195 840 κατὰ
3233 788 3329 858 τὴν
3369 792 3640 863 ἡμετέραν
3665 793 3906 865 δύναμιν,
3932 797 4064 850 ίκα-

2483 875 2614 939 νῶς·
2647 877 2738 944 ἀφ’
2761 869 2834 929 ὧν
2873 877 3044 946 λόγων
3085 870 3262 948 ἀρκεῖ,
3299 879 3441 932 κατὰ
3479 881 3538 933 τὸ
3581 883 3772 954 παρὸν,
3803 885 4061 941 τοσοῦτον

2481 971 2673 1028 εἰπεῖν,
2699 971 2781 1022 ὅτι
2809 972 2841 1042 ἡ
2873 970 3064 1041 πρώτη
3090 971 3444 1042 διακόσμησις
3467 973 3828 1045 ὲλλαμφθεῖσα
3853 976 4060 1052 ταύτην

2479 1061 2542 1134 δὴ
2594 1063 2692 1134 τὴν
2734 1063 2841 1116 τῶν
2893 1064 3074 1136 ὕμνων
3127 1066 3425 1136 θεολογίαν,
3441 1068 3588 1152 1καθ’
3615 1070 3736 1122 ὅσον
3779 1072 4058 1143 ἐνεχώρει,

2481 1154 2637 1225 παρὰ
2660 1157 2758 1226 τῆς
2787 1156 2881 1210 τοῦ
2910 1158 3042 1211 Θεοῦ
3068 1159 3418 1230 ἀγαθότητος,
3450 1161 3653 1231 ταύτης
3690 1161 3752 1232 δὴ
3792 1163 3891 1233 τῆς
3933 1164 4060 1219 θεο-

2479 1245 2684 1313 λογίας,
2720 1249 2795 1310 ὠς
2834 1250 3152 1322 ἀγαθοειδὴς
3197 1251 3445 1321 ίεραρχία
3486 1251 3578 1305 καὶ
3615 1252 3784 1319 τάξις.
3823 1256 4058 1324 Λέγεται

2477 1337 2585 1409 γὰρ
2612 1340 2882 1412 ίεραρχία,
2918 1343 2992 1414 μὴ
3021 1342 3178 1413 μόνον
3198 1345 3235 1414 ἡ
3259 1345 3459 1398 τούτων
3482 1344 3613 1409 ἕξις,
3638 1346 3728 1398 καὶ
3751 1347 4053 1419 ἐπιστήμη,

2476 1433 2570 1484 καὶ
2592 1433 2858 1503 ἐνέργεια,
2885 1433 3019 1486 ἀλλὰ
3039 1435 3132 1487 καὶ
3153 1437 3302 1506 αὐτὴ,
3314 1435 3376 1508 δὴ
3399 1438 3430 1506 ἡ
3459 1437 3810 1508 διακόσμησις
3825 1455 3839 1468 ·
3863 1439 4057 1510 ὥσπερ

2474 1523 2505 1591 ἡ
2545 1523 2811 1594 ἱερωσύνη
2860 1525 2954 1577 καὶ
3001 1525 3137 1596 αὐτὴ
3171 1527 3203 1596 ἡ
3233 1525 3376 1591 ἀξία,
3411 1526 3505 1579 καὶ
3532 1528 3582 1579 οί
3611 1527 3924 1597 μετέχοντες
3958 1532 4054 1583 αὐ-

2473 1619 2592 1688 τῆς,
2625 1618 2700 1682 ὥς
2743 1635 2939 1689 φαμεν,
2978 1620 3134 1673 Πᾶσα
3165 1621 3198 1690 ἡ
3235 1618 3496 1691 ἱερωσύνη
3523 1620 3582 1672 τὺ
3613 1621 3705 1673 καὶ
3742 1622 3800 1673 τὸ
3823 1622 4054 1692 εὐηργε-

2471 1710 2630 1781 τήθη,
2666 1710 2758 1763 καὶ
2784 1711 2844 1762 τὸ
2873 1711 2965 1762 καὶ
2989 1711 3050 1762 τὸ
3073 1709 3329 1762 πέπονθε.
3359 1711 3546 1764 Τοίνυν
3579 1712 3612 1782 ὴ
3640 1711 3862 1783 τοιαύτη
3897 1714 4055 1781 τάξις

797 1789 1121 1858 jampridem
1152 1789 1202 1842 in
1240 1798 1468 1843 tractatu
1502 1789 1577 1843 De
1599 1790 1790 1845 divinis
1821 1792 2025 1862 hymnis
2049 1799 2065 1816 ⁶
2093 1798 2366 1850 examina-

2475 1804 2568 1855 καὶ
2591 1801 2947 1872 διακόσμησις
2966 1801 3040 1863 ὡς
3067 1802 3405 1874 ἁγαθοειδὴς,
3429 1804 3630 1874 ταύτης
3653 1804 3752 1875 τῆς
3776 1805 4053 1874 θεολογίας

800 1883 978 1936 vimus
1006 1889 1062 1936 et
1089 1881 1475 1950 explicuimus,
1506 1884 1821 1954 ibidemque
1854 1889 1917 1940 de
1942 1888 2008 1941 iis
2028 1889 2160 1942 satis
2183 1904 2372 1958 snper-

797 1988 906 2043 que
955 1988 1054 2043 pro
1091 1973 1308 2028 modulo
1355 1984 1541 2028 nostro
1573 1976 1773 2029 dictum
1805 1987 1886 2030 est
1917 1991 1932 2030 :
1965 1993 1995 2032 e
2026 1978 2222 2047 quibus
2254 1994 2372 2034 ser-

796 2065 1050 2119 monibus
1103 2064 1336 2118 suﬂiciat
1391 2065 1444 2119 in
1507 2068 1925 2134 praisentiarum
1985 2069 2088 2123 hoc
2138 2069 2366 2134 dixisse,

795 2163 940 2227 (ιιιοά
977 2163 1150 2231 prima
1191 2163 1503 2219 distributio
1528 2163 1770 2217 divinum
1800 2165 1900 2220 hoc
1928 2165 2150 2220 laudum
2183 2167 2366 2221 canti-

795 2272 941 2320 cunt,
961 2256 1140 2324 quoad
1170 2255 1250 2309 l‘as
1277 2264 1415 2321 erat,
1436 2271 1534 2325 per
1567 2256 1981 2310 illustrationem
2007 2272 2035 2308 a
2055 2257 2235 2311 divina
2267 2257 2366 2312 bo-

796 2348 970 2400 nitate
996 2348 1289 2417 acceperit,
1311 2349 1378 2403 ab
1401 2363 1487 2415 ea,
1511 2347 1753 2417 inquam,
1778 2349 2043 2415 theologia
2069 2365 2160 2403 seu
2187 2351 2365 2405 divina

794 2437 1060 2501 bonitate,
1093 2453 1213 2506 qua:
1255 2439 1416 2491 etiam
1454 2437 1772 2493 bonilormis
1806 2437 2114 2492 hierarchia
2145 2448 2200 2491 et
2229 2441 2363 2493 ordo

791 2529 1040 2584 exsistit.
1066 2530 1275 2585 Dicitur
1302 2530 1445 2583 enim
1479 2529 1792 2584 hierarchia
1829 2547 1934 2584 non
1970 2540 2174 2584 tantum
2223 2531 2362 2600 ipse-

793 2635 908 2681 met
950 2640 1138 2679 eorum
1200 2624 1437 2689 habitus,
1472 2633 1525 2680 et
1575 2624 1826 2687 scientia,
1867 2635 1920 2678 et
1972 2626 2361 2694 operatio,sed

2475 1898 2588 1957 τοῖς
2623 1894 2737 1964 μετ’
2780 1895 2948 1964 αὐτὴν
2978 1893 3293 1963 μεταδίδωσι
3315 1909 3328 1922 ·
3364 1893 3521 1948 τοῦτο
3552 1895 3658 1967 γάρ
3682 1897 3796 1948 ἐστι
3821 1898 3882 1950 τὸ
3910 1897 4051 1966 ἀγα-

2475 1987 2693 2050 θοειδὲς,
2717 1985 2777 2039 τὸ
2801 1988 3089 2048 κοινωνοὺς
3113 1985 3379 2038 ποιεῖσθαι
3411 1987 3504 2039 καὶ
3528 1987 3774 2058 ἑταίρους
3796 1987 3891 2042 τοῦ
3917 1989 4050 2044 ἰδίου

2471 2078 2658 2133 καλοῦ.
2697 2077 3043 2132 Μεταδέδωκε
3088 2077 3217 2146 γοῦν
3261 2079 3436 2130 έκεῖνο
3473 2078 3840 2150 ὑφηγουμένη,
3866 2079 3941 2142 ὡς
3984 2082 4050 2134 ἂν

2470 2174 2629 2234 είπω,
2666 2172 2785 2224 κατ’
2810 2171 3073 2240 ἐπιτομὴν
3111 2171 3204 2222 καὶ
3250 2171 3554 2240 συντόμως·
3589 2171 3672 2223 ὅτι
3699 2170 3918 2234 πάντως
3964 2171 4049 2225 θε-

2474 2262 2624 2332 μιτὸν
2673 2263 2768 2314 καί¹
2814 2263 3021 2315 δίκαιόν
3069 2263 3204 2322 ἐστι,
3233 2260 3382 2330 παρὰ
3418 2260 3602 2313 πασῶν
3637 2261 3746 2314 τῶν
3789 2260 4050 2332 θεοδόχων

2466 2353 2764 2424 δυνάμεων,
2795 2355 2891 2406 καὶ
2930 2352 3311 2421 γινώσκεσθαι,
3348 2355 3441 2406 καὶ
3467 2353 3767 2423 ὑμνεῖσθαι,
3797 2355 3937 2426 πλὴν
3974 2356 4052 2418 ὡς

2466 2444 2703 2511 ἐφικτὸν,
2734 2443 2900 2513 αὐτὴν
2937 2443 3000 2512 δὴ
3039 2442 3137 2513 τὴν
3180 2442 3476 2513 σεϐασμίαν
3523 2444 3615 2497 καὶ
3661 2444 4046 2515 ὐπερεύφημον

2465 2537 2558 2588 καὶ
2592 2536 2943 2606 πανεύφημον
2982 2535 3237 2605 Θεότητα,
3270 2535 3344 2597 ὡς
3388 2535 3456 2589 ἂν
3495 2535 3551 2587 ὲν
3598 2538 3694 2606 μιᾷ
3727 2538 3936 2608 κινήσει
3960 2535 4049 2598 διὰ

2464 2627 2679 2681 πάντων
2712 2627 3028 2698 δοξάζηται·
3057 2623 3202 2681 οὑτοι
3237 2627 3343 2698 γάρ
3377 2629 3530 2691 εἰσιν,
3561 2627 3637 2690 ὼς
3665 2629 3781 2698 Θεῷ
3808 2629 4048 2700 πρέπον·

792 2715 959 2770 etiam
992 2716 1224 2784 ipsamet
1251 2715 1563 2770 distributio
1598 2730 1613 2768 :
1650 2716 1789 2768 sicut
1815 2716 2181 2770 sacerdotium
2214 2716 2358 2784 ipsa-

2466 2738 2568 2784 τες,
2583 2723 2632 2774 οἱ
2653 2720 2781 2772 θεῖοι
2804 2721 2954 2773 τόποι
2973 2720 3072 2790 τῆς
3092 2719 3254 2772 αὐτοῦ
3280 2719 3880 2783 καταπαύσεως,καθὼς
3903 2722 3959 2773 ἐν
3978 2721 4044 2791 τῇ

787 2817 904 2864 met
943 2808 1203 2878 dignitas,
1237 2818 1291 2862 et
1327 2809 1420 2877 qui
1450 2823 1569 2862 eam
1601 2811 1961 2880 participant;
2006 2809 2076 2863 ita
2105 2810 2356 2876 dicimus,

2464 2814 2584 2884 ίςρᾷ
2617 2814 2804 2886 Γραφῇ
2822 2813 3055 2882 λέγεταιο
3080 2811 3260 2867 Ποῖον
3290 2811 3455 2865 οἷκον
3479 2812 3900 2880 οἰκοδομήσετέ
3913 2829 4041 2881 μοι,

788 2901 1161 2958 sacerdotium
1199 2901 1298 2955 hoc
1329 2910 1380 2955 et
1411 2900 1538 2954 illud
1565 2902 1887 2955 beneﬁcium
1917 2903 2144 2970 accepit,
2170 2912 2224 2956 et
2256 2903 2357 2957 hoc

2466 2906 2620 2975 λέγει
2677 2904 2911 2973 Κύριοςί
2978 2903 3016 2972 ἢ
3052 2905 3144 2969 τίς
3210 2903 3391 2967 τόπος
3443 2902 3554 2971 τῆς
3616 2901 4044 2968 καταπαύσεώς

787 3005 844 3049 et
877 2995 1003 3048 illud
1038 3008 1253 3064 passum
1284 3002 1388 3048 est.
1415 2993 1602 3061 itaque
1629 2995 1766 3046 ordo
1812 2992 2116 3046 istiusmodi
2148 3006 2210 3046 ac
2240 2992 2354 3048 dis-

2466 3010 2607 3060 nov;
2634 2992 2806 3045 Αὐτοῦ
2830 2991 2924 3045 τοῦ
2951 2991 3165 3063 ἔχοντος
3189 2990 3426 3060 δηλονότι
3448 2992 3544 3054 τὰς
3566 2993 3727 3060 ἁγίας
3747 2994 3841 3044 καὶ
3864 3009 4041 3062 μακα-

791 3086 1041 3151 tributio,
1121 3094 1382 3153 tanquam
1431 3082 1776 3146 bonilormis,
1831 3084 2155 3154 theologiam
2212 3086 2354 3141 hanc

2466 3087 2578 3154 ρίας
2614 3087 2801 3149 οὐσίας
2833 3085 3050 3147 τόπους,
3077 3085 3240 3137 οίονεὶ
3261 3085 3536 3147 δεκτικοὺς
3561 3083 3660 3153 τῆς
3687 3082 3852 3135 αὐτοῦ
3890 3083 4036 3153 λαμο

788 3180 1142 3235 inferioribus
1179 3176 1499 3233 transmittit
1532 3176 1838 3244 :siquidein
1869 3178 1984 3231 haec
2009 3187 2091 3230 est
2123 3178 2360 3232 bonil‘or-

2467 3177 2764 3250 πρὸτητος·
2805 3177 2881 3240 ὡς
2925 3176 3031 3247 γὰρ
3074 3178 3102 3228 ὁ
3147 3176 3310 3239 τόπος
3334 3174 3574 3238 δεκτικός
3611 3177 3725 3227 ἐστι
3767 3175 4039 3244 σώματος,

786 3271 968 3337 mitas,
999 3271 1105 3342 72
1136 3281 1194 3324 ut
1226 3270 1349 3338 quis
1382 3268 1520 3323 alios
1551 3269 1676 3323 boni
1709 3270 1788 3322 sni
1821 3269 2114 3338 participes
2143 3270 2360 3325 eliiciat.

787 3363 1190 3431 Transcripsit,
1223 3363 1470 3432 inquam,
1518 3362 1645 3415 illud
1678 3361 2026 3430 explicando,
2059 3372 2116 3415 ut
2158 3363 2240 3418 sic
2275 3365 2360 3418 di-

788 3473 940 3522 cam,
972 3471 1067 3525 per
1119 3457 1397 3524 epitonien
1459 3464 1513 3508 et
1566 3455 1911 3520 summatim;
1949 3458 2088 3524 quod
2141 3457 2361 3512 omnino

787 3564 1006 3618 acquum
1044 3559 1099 3602 et
1140 3545 1347 3616 justum
1383 3548 1472 3610 sit,
1505 3550 1573 3602 ab
1622 3549 1874 3603 omnibus
1925 3549 2017 3604 Dei
2069 3551 2359 3618 capacibus

786 3641 1088 3694 virtutibus
1140 3654 1259 3693 cum
1315 3640 1465 3704 sciri,
1513 3649 1624 3694 tum
1672 3641 1972 3703 decantari,
2006 3643 2185 3711 quoad
2242 3643 2357 3698 ﬁeri

787 3740 987 3800 potest,
1018 3731 1189 3799 ipsam
1237 3730 1626 3793 venerandam,
1661 3740 1715 3784 et
1747 3746 1908 3800 supra
1939 3747 2100 3800 quam
2131 3733 2355 3787 laudan-

786 3822 938 3884 dam,
971 3821 1224 3890 onmique
1250 3820 1409 3874 laude
1439 3820 1659 3889 dignam
1697 3821 1989 3885 Dcitatem,
2017 3834 2076 3878 ut
2107 3841 2213 3880 uno
2243 3841 2358 3879 mo-

791 3925 847 3966 tu
891 3929 986 3982 per
1014 3913 1196 3967 omnia
1226 3911 1565 3981 gloriﬁcctur
1597 3930 1608 3965 :
1647 3914 1917 3982 siquidem
1949 3916 2002 3969 hi
2033 3927 2161 3971 sunt
2187 3917 2354 3972 divini

791 4005 894 4056 Ioui
928 4006 1034 4058 Deo
1073 4004 1483 4066 convenientes,
1523 4003 1576 4056 in
1605 4005 1800 4072 quibus
1835 4006 2147 4073 requiescit,
2173 4021 2355 4076 quem-

789 4097 1079 4151 admodum
1110 4097 1162 4151 in
1207 4112 1360 4162 sacra
1409 4096 1691 4166 Scriptura
1720 4098 1961 4152 dicitur:
1996 4098 2219 4164 Qualem
2255 4105 2352 4154 d0-

787 4205 930 4241 mum
957 4189 1292 4256 wdificabitis
1317 4190 1490 4242 milii?
1549 4190 1675 4242 dicit
1709 4189 1999 4255 Dominus;
2029 4193 2102 4246 vel
2133 4195 2247 4263 quis
2272 4193 2352 4246 lo-

787 4299 880 4333 cus
910 4281 1246 4349 rcquietionis
1277 4297 1404 4334 mew
1427 4281 1498 4333 Pi
1529 4279 1607 4333 lla
1642 4281 1894 4336 nimirum
1942 4293 2000 4336 ut
2041 4285 2151 4352 ipse
2181 4284 2354 4352 possi—

789 4375 915 4428 deat
944 4383 1167 4427 sanctas
1191 4373 1322 4428 istas
1350 4374 1644 4441 beatasque
1671 4385 1896 4429 naturas
1920 4384 2174 4444 tanquam
2206 4377 2353 4432 locos

2463 3270 2605 3324 οὕτω
2642 3271 2732 3323 καὶ
2758 3265 2914 3323 αὗται
2948 3269 3047 3336 τῆς
3078 3268 3226 3331 θείας
3258 3265 3655 3338 λαμπρότητος.
3685 3265 3808 3329 Πῶς
3831 3265 3909 3330 δὲ,
3941 3264 4040 3335 τῆς

2462 3364 2684 3436 Γραφῆς
2730 3362 3040 3432 ἁπανταχοῦ
3085 3360 3345 3432 λεγούσης
3386 3355 3761 3430 ἀπεριόριστον
3794 3359 3854 3410 τὸ
3887 3359 4043 3412 Θεῖον

2463 3461 2558 3530 (ὡς
2583 3460 2661 3512 τό’
2695 3460 2746 3511 Ὀ
2768 3459 3020 3526 οὐρανὸς
3055 3458 3264 3525 θρόνος
3293 3456 3499 3520 αὐτοῦ,
3533 3457 3571 3524 ἡ
3602 3454 3669 3508 δὲ
3698 3453 3774 3524 γῆ
3807 3455 4040 3508 ὑποπό-

2459 3550 2590 3602 διον
2613 3567 2626 3579 ·
2655 3550 2748 3602 καὶ
2774 3549 2952 3617 πάλιν,
2963 3550 3222 3615 Ἔστησε
3243 3549 3347 3614 τὰς
3373 3546 3566 3613 νάπας
3591 3546 3762 3616 ζυγῷ,
3796 3546 3896 3599 καὶ
3925 3545 4043 3613 τὴν

2458 3641 2576 3712 γῆν
2603 3640 2795 3708 δρακί·
2829 3640 2921 3693 καὶ
2960 3635 3133 3702 αὖθις,
3160 3637 3294 3691 Ἐὰν
3321 3636 3584 3705 πορευθῶ
3611 3640 3696 3702 εὶς
3727 3639 3834 3689 τεν
3864 3639 4039 3705 oirpa-

2458 3734 2587 3797 νὸν,
2611 3731 2800 3801 πάρει’
2825 3731 2934 3786 ἐὰν
2957 3729 3187 3783 καταϐῶ
3217 3732 3302 3795 εἰς
3333 3730 3439 3782 τόν
3469 3729 3642 3796 ᾅδην,
3674 3729 3803 3782 ἐκεῖ
3829 3730 3868 3796 ἠ
3903 3731 4033 3796 χείρ

2457 3827 2615 3897 σου),
2639 3828 2789 3878 ποῖον
2813 3824 2975 3876 τόπον
3011 3825 3038 3876 ό
3068 3822 3319 3892 Ἰεζεκιὴλ
3342 3822 3600 3892 ἐπενόησε
3629 3821 3705 3892 τῷ
3732 3822 3849 3892 Θεῷ
3870 3839 3883 3885 ;
3907 3822 4040 3876 Θεο-

2458 3914 2684 3986 πρεπῶς
2711 3916 2909 3966 νοεῖται
2938 3909 3096 3965 τοῦτο
3117 3928 3130 3941 ’
3161 3910 3307 3979 λέγει
3334 3909 3441 3980 γὰρ
3466 3911 3558 3963 καὶ
3583 3910 3640 3963 ὲν
3676 3911 4034 3978 Εὐαγγελίοις

2456 4008 2486 4060 ό
2499 4005 2746 4077 Κύριος,(
2764 4003 2901 4073 Ἐγὼ
2916 4003 3008 4057 καὶ
3028 4005 3055 4056 ὁ
3075 4001 3284 4073 Πατὴρ)
3309 4001 3695 4072 ἐλευσόμεθα,
3721 4001 3815 4054 καί
3831 4001 4031 4069 μονὴν

2455 4098 2592 4166 παρ’
2605 4098 2763 4163 αὐτῷ
2781 4097 3168 4165 ποιησόμεθα,
3195 4094 3333 4148 ὥστε
3350 4094 3443 4148 καὶ
3465 4095 3519 4146 αἱ
3543 4095 3724 4166 νοηταὶ
3751 4093 4032 4164 δυνάμεις,

2455 4193 2548 4244 καὶ
2577 4191 2683 4243 τῶν
2717 4190 2885 4258 ἁγίων
2917 4189 2973 4241 αί
3011 4187 3197 4258 ψυχαὶ,
3226 4189 3388 4250 τόπος
3430 4186 3651 4249 εἰκότως
3680 4185 3923 4257 κληθεῖεν
3958 4188 4026 4238 ἂν

2453 4284 2547 4336 καὶ
2578 4282 2878 4344 ἀνάπαυσις
2900 4279 2993 4333 τοῦ
3020 4279 3174 4334 Θεοῦ.
3195 4279 3323 4331 Ἀπὸ
3352 4278 3532 4332 κοινοῦ
3566 4281 3598 4349 ή
3627 4277 3890 4341 σύνταξις.
3908 4279 4028 4330 Κὰ-

2454 4379 2598 4428 κεῖνο
2645 4375 2805 4428 πάλιν
2853 4373 3202 4444 ὑφηγουμένη
3257 4373 3289 4442 ἡ
3339 4372 3526 4443 πρώτη
3579 4372 3929 4442 διακόσμησις
3961 4372 4030 4440 τῇ

787 4480 1019 4535 capaces
1055 4464 1365 4533 splendoris
1396 4466 1482 4534 sui
1516 4482 1531 4520 :
1558 4467 1698 4519 sicut
1728 4467 1869 4518 enim
1904 4466 2048 4520 locus
2078 4483 2247 4536 capax
2269 4476 2351 4522 est

2466 4469 2575 4538 μετ’
2616 4466 2784 4536 αὐτὴν
2815 4463 3164 4531 ἀγαθοειδῶς,
3191 4464 3252 4515 τδ
3289 4465 3368 4516 ὅτι
3411 4463 3576 4533 μονάς
3613 4464 3729 4516 ἐστι
3762 4463 3855 4514 καὶ
3894 4461 4024 4526 ὲνὰς

787 4557 1054 4624 corporis,
1102 4557 1180 4611 sic
1220 4567 1272 4610 et
1322 4557 1450 4624 ipsa:
1492 4556 1662 4610 divini
1708 4557 2033 4625 Splendoris.
2071 4558 2352 4623 Quomodo

2466 4561 2883 4632 τρισυπόστατος
2923 4560 2955 4628 ἡ
3002 4559 3243 4629 μακαρία
3290 4558 3384 4610 καὶ
3423 4557 3662 4624 παναγία
3719 4555 3885 4626 Τριὰς
3928 4554 4030 4608 καὶ

789 4659 994 4711 autem,
1029 4648 1244 4702 dicente
1276 4648 1558 4714 Scriptura
1586 4648 1784 4717 ubique
1827 4648 1992 4702 Deum
2025 4663 2144 4704 esse
2193 4651 2353 4705 incir-

789 4741 1179 4809 cumscriptum
1210 4745 1225 4809 (
1254 4751 1312 4792 ut
1341 4756 1464 4793 cum
1498 4741 1592 4803 ait,
1632 4742 1830 4795 caelum
1861 4757 1980 4796 esse
2008 4742 2188 4797 sedem
2216 4744 2352 4812 ejus,

786 4843 989 4886 terram
1017 4841 1198 4886 autem
1227 4831 1605 4897 scabellnms;
1639 4843 1693 4886 et
1731 4833 1927 4887 iterum
1966 4854 1977 4888 :
2017 4834 2215 4889 Statuit
2247 4838 2352 4890 col-

787 4925 862 4978 les
901 4933 1122 4988 statera,
1151 4932 1196 4976 et
1239 4934 1430 4978 terram
1461 4940 1632 4994 pugno
1655 4935 1696 4991 r;
1747 4935 1801 4979 et
1841 4940 2049 4990 rursus,
2078 4925 2138 4980 Si
2170 4944 2349 4981 ascen-

788 5015 912 5068 dero
940 5016 993 5068 in
1020 5017 1225 5079 caelum,
1269 5022 1429 5077 ades;
1461 5018 1505 5070 si
1545 5018 1856 5070 descendero
1887 5019 1941 5070 in
1971 5019 2253 5085 infernum,
2287 5021 2351 5072 il-

789 5108 874 5161 luc
905 5123 1089 5160 manus
1117 5117 1207 5159 tua
1243 5108 1544 5175 '),qnalem
1575 5107 1753 5161 locum
1785 5106 2030 5163 Ezechiel
2059 5109 2164 5162 Deo
2194 5125 2347 5163 exeo-

789 5196 1016 5267 pilavit?
1070 5197 1177 5251 Deo
1226 5198 1386 5266 digne
1438 5200 1540 5252 hoc
1591 5200 1914 5268 intelligitur
1956 5217 1969 5252 :
2025 5202 2155 5254 dicit
2207 5205 2348 5255 enim

790 5289 951 5342 etiam
987 5289 1036 5341 in
1067 5288 1371 5359 Evsngeliis
1406 5289 1661 5345 Dominu:
1691 5312 1704 5345 ς
1739 5292 1874 5361 (Ego
1895 5301 1948 5345 et
1975 5290 2151 5360 Pater)
2176 5293 2349 5346 venie-

781 5396 926 5442 mus,
976 5386 1022 5432 et
1072 5381 1394 5433 mansionem
1447 5382 1587 5450 apud
1639 5398 1757 5435 eum
1800 5383 2054 5450 faciemus
2083 5387 2098 5418 ι
2135 5401 2146 5436 :
2177 5384 2246 5436 ita
2292 5392 2360 5436 nt°

791 5475 953 5527 etiam
981 5469 1220 5526 Virtutes
1254 5475 1568 5545 spirituales
1595 5482 1758 5544 atque
1788 5475 1982 5530 anima:
2012 5486 2344 5542 sanctorum,

2462 4651 2649 4722 μονὰς,
2676 4650 2868 4703 διιείσα
2901 4650 2993 4702 καὶ
3022 4649 3398 4719 διαπέμπουσα
3423 4649 3520 4718 τὴν
3544 4649 3711 4717 αὐτῆς
3738 4645 4024 4714 ἀγαθωτά-

2455 4760 2555 4813 την
2601 4743 2851 4813 πρόνοιαν
2895 4741 2987 4793 ἀπ’
3011 4741 3190 4794 αὐτῶν
3219 4741 3325 4794 τῶν
3363 4738 3589 4810 πρώτων
3628 4739 3888 4809 οὐρανίων
3926 4739 4024 4792 οὐλ

2457 4834 2586 4886 σιῶν
2616 4835 2707 4886 ἐπὶ
2734 4833 2908 4886 πάντα
2931 4832 2998 4885 τὰ
3027 4831 3172 4895 ὄντα,
3207 4833 3365 4902 μέχρι
3385 4831 3477 4884 τοὺ
3506 4829 3850 4893 λεπτοτάτου,
3877 4828 4026 4882 κατὰ

2450 4923 2512 4974 τό
2531 4939 2543 4952 ·
2582 4925 2648 4976 Τὸ
2683 4922 3124 4990 ἀκατέργαστόν
3150 4939 3268 4991 μου
3292 4914 3458 4976 ἐἶδον
3484 4923 3536 4974 οἱ
3569 4921 3858 4989 ὀφθαλμοί
3880 4936 4020 4973 σου⁸

2458 5015 2532 5078 ὡς
2579 5015 2758 5084 πάσης
2797 5015 2983 5078 οὐσίας
3019 5013 3160 5084 ἀρχὴ
3188 5013 3533 5083 ὑπεράρχιος,
3555 5011 3648 5064 καὶ
3674 5011 3813 5081 ὑπὲρ
3843 5011 4024 5064 πᾶσαν

2457 5105 2629 5175 ἀρχὴν
2655 5103 2784 5159 οὖσα
2809 5106 2975 5169 αίτία,
2999 5108 3092 5158 καὶ
3112 5106 3325 5158 πάντων
3350 5105 3456 5157 τῶν
3483 5105 3650 5156 ὄντων
3673 5101 4024 5173 περιδεδραγο

2459 5199 2590 5268 μένη
2620 5198 2972 5268 ὐπερουσίως,
2999 5198 3054 5249 ὲν
3079 5197 3288 5266 ἀσχέτῳ
3320 5195 3800 5265 συνοχῇ.’Δσχετον
3827 5193 3880 5246 δὲ
3907 5210 4023 5247 συν-

2456 5290 2584 5360 οχὴν
2617 5288 2760 5356 λέγει
2787 5289 2882 5358 τὴν
2913 5287 3076 5358 ὲξῃρη
3087 5288 3252 5357 μένην
3286 5286 3458 5355 πάντη
3498 5286 3591 5338 καὶ
3617 5284 3862 5353 ὰσυναφῆ
3885 5285 4020 5355 πρὸς

2453 5384 2520 5436 τὰ
2535 5385 2862 5454 συνεχόμενα
2886 5383 3277 5454 περικράτησιν
3296 5397 3309 5411 ο
3335 5383 3381 5433 εί
3409 5379 3514 5450 γὰρ
3537 5379 3629 5432 καὶ
3646 5378 3857 5430 πάντων
3872 5393 4020 5448 περι-

2450 5475 2806 5548 δεδραγμένον
2848 5476 2963 5528 ἐστὶ
2999 5473 3059 5528 τὸ
3098 5474 3270 5539 Θείον,
3307 5473 3397 5526 καὶ
3441 5473 3614 5524 πάντα
3658 5468 4020 5540 τεερικρατοῦν

860 5625 1106 5709 ξιΕιοειι.
1145 5629 1349 5709 ηερ-12.
1428 5637 1450 5663 °
1497 5629 1600 5694 lsa.
1641 5645 1714 5696 γι,
1747 5629 1801 5685 3.
1879 5641 1907 5682 Ρ
1935 5631 2054 5685 Act.
2106 5647 2202 5697 vn,
2236 5632 2322 5690 49.

2475 5632 2595 5691 lsai.
2629 5649 2773 5697 mi,
2826 5634 2876 5686 l.
2956 5643 2976 5670 τ
3005 5632 3108 5709 lsa.
3143 5648 3232 5694 χι..
3270 5631 3357 5685 η.
3435 5637 3458 5666 ³
3485 5627 3624 5685 Psal.
3659 5639 3936 5693 cxxxvut,
3963 5626 4013 5682 8.

796 5698 813 5734 ¹
843 5696 1002 5752 Joan.
1027 5711 1140 5761 ιιν,
1191 5697 1281 5750 23.

861 5818 876 5835 ⁶
910 5811 1279 5868 Desideratur.
