4176 6308
150 358 256 414 εστ

1006 361 1094 416 DE
1131 364 1455 421 C(ELESTI
1492 365 1944 433 lllERARCHIA,
1980 360 2134 428 CAP.
2168 370 2306 427 VIII.

3277 390 3386 451 238

150 475 294 528 κατὰ
333 474 430 545 τὴν
472 475 609 528 ίδίαν
637 475 991 549 ἀγαθωτάτην
1021 479 1294 549 πρόνοιαν,
1325 480 1460 533 ἀλλὰ
1502 483 1596 534 καὶ
1644 483 1723 548 ἐξ·
1749 488 1796 544 Α

1749 488 1796 544 Α
1827 482 2019 536 merito
2052 483 2218 538 .locus
2258 499 2320 537 ac
2362 487 2624 554 requietio
2673 491 2763 546 Dei
2809 497 3105 563 nuncupari
3154 505 3383 567 possint.

150 569 554 639 ηρημένονὲστὶ
581 570 795 623 πάντων
819 570 1152 642 ὑπερουσίως
1165 574 1304 626 κατὰ
1328 575 1424 646 τὴν
1449 576 1606 644 φύσιν
1631 580 1721 631 αὐ-

149 658 267 720 τοῦ,
291 659 372 710 ὅτι
409 659 561 711 οὐδὲν
585 659 690 710 τῶν
725 659 892 712 15ντων
926 658 1103 724 ἐστὶν,
1129 662 1263 715 ἀλλὰ
1298 666 1510 718 πάντων
1549 667 1726 720 αὐτῶν

150 749 496 820 άσυγκρίτως
527 750 799 806 ἐπέκεινα.
829 750 1011 814 Μονὰς
1029 752 1083 805 δέ
1111 754 1224 805 ἐστι
1251 755 1342 808 καὶ
1375 757 1499 820 ἐνὰς
1536 760 1567 828 ἡ
1597 758 1724 826 ἁγία

151 843 244 894 καὶ
263 843 508 912 μακαρία
529 843 726 913 Τριάςο
764 844 930 914 μονὰς
967 846 1084 915 μὲν,
1116 846 1191 909 ὡς
1230 847 1374 918 ἁπλῆ
1394 851 1484 903 καὶ
1501 850 1725 903 ἀσύνθε-

149 949 259 995 τος,
280 933 405 996 ὲνὰς
436 934 511 995 δὲ,
531 934 712 1004 ἐπειδὴ
741 937 834 988 καὶ
859 922 992 1007 πρὸς
1013 939 1209 1008 ἑαυτὴν
1229 941 1427 1010 ἥνωται
1457 945 1719 1012 φυσικῶς,

151 1023 245 1074 καὶ
271 1024 384 1074 ὲνοῐ
407 1024 612 1087 πάντας
629 1026 754 1088 τοὺς
781 1028 916 1097 αὐτῇ
939 1028 1350 1097 πλησιάζοντας,
1373 1034 1512 1087 κατὰ
1540 1035 1599 1088 τὸ
1636 1038 1717 1104 εί-

153 1113 389 1182 ρημένον
423 1116 478 1166 ἐν
504 1120 614 1178 τοῖς
635 1118 984 1186 Εὐαγγελίοις
1003 1137 1018 1150 ·
1049 1121 1180 1176 Ἵνα
1210 1123 1361 1177 ὦσιν
1403 1126 1491 1193 ἓν,
1527 1130 1719 1198 καθὼς

150 1204 248 1257 καὶ
283 1206 450 1272 ἡμεῖς
480 1207 548 1260 ἓν
578 1209 783 1278 ἐσμεν.

147 1363 314 1434 piale,
370 1371 426 1416 et
481 1378 645 1434 super
692 1382 854 1424 omne
892 1369 1218 1442 principium
1258 1377 1530 1434 exsistens
1591 1397 1774 1450 causa,

1834 570 1913 625 Ex
1951 586 2100 627 more
2123 577 2394 630 communi
2426 578 2703 650 desumpta
2735 584 2848 638 haec
2885 596 2968 640 cst
2999 589 3219 646 locutio.
3243 595 3384 661 Quin

1830 672 1888 718 et
1918 664 2044 719 illud
2067 680 2279 736 quoque
2307 670 2480 737 prima
2519 671 2828 732 distributio
2856 684 3104 750 sequenti
3139 700 3198 740 se
3229 686 3388 741 boni-

1825 755 2074 813 formiter
2095 761 2432 832 manifestat,
2462 769 2606 836 quod
2653 769 2905 828 nimirum
2951 791 3140 832 manas
3181 783 3388 837 unitas-

1825 862 1929 918 que
1975 865 2094 919 quae
2137 852 2313 910 tribus
2340 856 2481 912 inest
2504 860 2779 930 Personis,
2806 865 2877 917 sit
2904 866 3060 922 beata
3090 874 3382 928 sanctissi-

1825 953 2018 1008 tuaque
2047 939 2308 1010 Trinitas,
2341 957 2397 1001 et
2424 952 2624 1015 unitas,
2652 968 2771 1022 qum
2795 957 3049 1023 optimam
3079 974 3230 1015 suam
3259 980 3387 1032 pro-

1825 1027 2139 1098 videntiam,
2166 1035 2234 1089 ab
2262 1036 2394 1106 ipsis
2425 1041 2615 1110 primis
2645 1046 2852 1099 naturis
2876 1048 3190 1108 cmlestibtls
3215 1027 3273 1107 in
3298 1071 3386 1111 res

1825 1131 2014 1174 omnes
2044 1135 2219 1191 usque
2251 1127 2318 1180 ad
2351 1129 2628 1186 minimam
2666 1132 2916 1189 diﬂ‘undit
2938 1153 3002 1192 ac
3033 1145 3384 1211 transmittit,

1822 1209 1976 1278 juxta
2003 1212 2136 1268 illud
2164 1232 2179 1268 :
2208 1216 2574 1288 Imperfectum
2610 1242 2781 1280 meum
2812 1230 3048 1284 viderunt
3074 1235 3213 1287 oculi
3235 1209 3376 1316 tui",

1827 1309 2080 1370 tanquam
2115 1310 2293 1365 omnis
2329 1312 2640 1370 substantia
2666 1320 2988 1388 principium
3019 1309 3382 1393 superprinci;

1825 1399 1986 1462 atque
2037 1411 2126 1452 res
2156 1414 2347 1456 omnes
2403 1411 2934 1472 superessentialiter
2973 1415 3256 1471 continens
3295 1419 3350 1473 in

151 1461 630 1525 comprehensibili
671 1465 974 1534 complexu.
1033 1465 1638 1539 Incomprebensibilem
1704 1492 1886 1540 autem
1953 1493 2294 1561 complexum
2372 1509 2574 1566 vocat,
2627 1505 2952 1562 eminentem
3001 1513 3219 1566 omnino
3250 1529 3386 1569 con-

154 1549 465 1620 tinentiam,
537 1567 591 1610 et
666 1574 787 1626 qua:
845 1575 875 1614 a
939 1563 1102 1618 rebus
1161 1570 1436 1624 contentis
1497 1573 1690 1645 attingi
1749 1593 1987 1650 nequeat

149 1643 451 1702 circumdet
481 1689 496 1715 ,
545 1662 598 1705 et
651 1656 854 1722 optima

2047 1599 2062 1639 :
2130 1589 2402 1659 siquidem
2468 1593 2706 1650 divinum
2756 1599 2964 1656 Numen
3029 1620 3150 1660 cum
3197 1609 3380 1663 omnia

915 1671 1014 1711 sua
1068 1661 1409 1729 providentia
1467 1669 1765 1738 contineat,
1813 1677 2036 1748 insuper
2093 1684 2160 1738 ab
2212 1686 2486 1753 omnibus,
2545 1693 2842 1747 secundum
2901 1707 3147 1752 naturam
3200 1715 3379 1757 suam.

149 1744 681 1805 superesseutialiter
729 1759 1038 1818 exemptum
1096 1762 1210 1818 est;
1270 1757 1396 1826 quia
1455 1761 1589 1815 nihil
1648 1777 1734 1820 est
1779 1783 1966 1826 eorum
2031 1791 2150 1842 qua:
2201 1787 2353 1844 sunt,
2406 1782 2501 1837 sed
2555 1787 2806 1841 omnibus
2859 1789 2976 1844 istis
3028 1791 3378 1861 incompara-

151 1833 336 1861 Ιιξιζιιι..
393 1838 671 1861 -..|_I:__:-__
754 1841 907 1861 n_,,,,
1099 1856 1108 1861 .
1201 1850 1213 1861 .
1519 1855 1605 1861 -.
1659 1860 1665 1861 ,

151 1833 336 1888 biliter
391 1838 692 1896 sublimius.
751 1841 918 1899 Porro
960 1856 1146 1903 sancta
1198 1850 1468 1922 beateque
1519 1855 1757 1916 Trinitas
1785 1880 1972 1923 tnonas
2005 1872 2168 1926 etiam

147 1923 383 1994 simplex
430 1929 535 2000 73
577 1944 631 1986 ct
683 1934 1073 2006 incomposita;
1133 1943 1314 2000 unitas

145 2125 333 2165 sumus
353 2121 401 2167 ν.

2211 1884 2294 1929 est
2337 1887 2392 1931 et
2439 1879 2645 1935 unitas:
2678 1899 2865 1939 monas
2902 1887 3144 1955 quidem,
3191 1899 3374 1960 utpote

1362 1955 1847 2020 autem,quoniam‘
1872 1961 2037 2015 etiam
2085 1967 2150 2019 ad
2205 1968 2438 2035 seipsam
2506 1975 2828 2031 naturaliter
2873 1981 3100 2046 unitur,
3148 1984 3371 2053 unitque

144 2031 339 2075 omnes
386 2022 489 2078 sibi
541 2027 988 2099 propinquantes,
1030 2034 1183 2102 juxta
1235 2037 1380 2108 quod
1431 2042 1637 2098 dictum
1686 2058 1771 2102 est
1832 2051 1884 2105 in
1933 2052 2244 2124 Evangeliis

2298 2074 2313 2113 :
2375 2056 2443 2114 Ut
2497 2065 2602 2118 sint
2630 2081 2808 2131 unum,
2849 2071 2984 2122 sicut
3011 2079 3060 2124 et
3092 2087 3184 2125 nos
3213 2090 3375 2127 unum

176 2247 3348 2316 ————————________________________

497 2409 1135 2508 ΚΕΦΑΛΑΙΟΝ
1191 2425 1268 2509 Η
1308 2491 1326 2509 .

142 2543 283 2622 Περὶ
331 2544 452 2633 τῷῖ
500 2551 880 2633 κυριοτήτῳν,
930 2557 1027 2633 καὶ
1077 2558 1195 2633 τῶν
1240 2562 1566 2633 δυνάμεων,
1614 2567 1714 2621 καὶ

212 2613 331 2666 τῶν
367 2613 679 2736 ἔξουσιῶν,
714 2613 812 2677 καὶ
853 2613 986 2694 περὶ
1032 2613 1163 2697 τῆςν

205 2698 365 2752 Papi
390 2703 462 2752 ας
466 2730 479 2744 ο

207 3219 468 3273 Μετιτέον
489 3220 546 3274 δὲ
566 3219 660 3276 νῦν
693 3224 822 3295 ἡμῖν
852 3225 944 3280 ἐπὶ
973 3229 1072 3300 τὴν
1107 3231 1276 3304 μέσην
1307 3238 1412 3291 τῶν
1444 3243 1706 3312 οὐρανίων

139 3308 270 3362 νοῶν
304 3310 679 3383 διακόσμησιν,
711 3315 809 3379 τὰς
849 3319 1170 3391 κυριότητας
1217 3324 1429 3391 ἐκείνας
1474 3308 1709 3403 ὑπερκο-

143 3404 319 3474 σμίοις
370 3404 680 3476 ὀφθαλμοῖς,
714 3407 789 3472 ὡς
838 3411 1073 3479 ἐφικτὸν,
1107 3417 1483 3488 ἐποπτεύουσι,
1519 3426 1610 3479 καὶ
1642 3428 1711 3482 τὰ

140 3494 306 3558 ὅντως
356 3497 556 3550 δυνατὰ
601 3499 847 3571 θεάματα
878 3505 984 3558 τῶν
1017 3507 1172 3562 θείων
1205 3511 1462 3576 ἐξουσιῶν
1495 3519 1587 3572 καὶ
1617 3519 1708 3573 δυ-

142 3588 392 3672 νάμεων-ο
427 3588 524 3642 καὶ
570 3589 678 3662 γὰρ
727 3593 928 3667 ἑκάστη
977 3597 1083 3651 τῶν
1132 3600 1270 3672 ὑπὲρ
1320 3605 1466 3676 ἡμᾶς
1511 3609 1706 3664 οὐσιῶν

141 3659 445 3749 ιπωνυμία,
492 3680 589 3744 τὰς
638 3659 1000 3756 θεομιμήτους
1049 3659 1574 3766 αὐτῶνΙὲκξραίνεμδ
1616 3703 1710 3756 τοῦ

143 3765 403 3832 θεοειδοῦς
441 3770 723 3842 ἰδιότητας.
760 3775 878 3827 Τῶν
914 3777 1011 3846 μὲν
1042 3777 1132 3834 οὖν
1165 3784 1711 3861 ἁγίωνκυριοτήτων

141 3857 234 3930 τὴν
265 3862 663 3935 ὲκφαντορικὴν
696 3866 988 3938 ὀνομασίαν
1021 3867 1174 3943 οἶμαι
1205 3875 1394 3947 δηλοῦν
1416 3857 1710 3935 ἀδούλωτον

141 3965 253 4004 τινα
284 3954 381 4006 καὶ
414 3955 593 4026 πάσης
628 3958 921 4023 ὑποπεζίας
937 3963 981 3993 ³⁸
1004 3964 1244 4032 ὑφέσεως
1265 3969 1552 4043 ἐλευθέραν
1579 3975 1710 4029 ἀνα-

141 4044 354 4115 γωγὴν,
399 4045 522 4098 οὐδὲ
558 4050 657 4119 μιᾷ
686 4049 793 4101 τῶν
824 4056 1156 4117 τυραννικῶν
1185 4054 1708 4132 ἀνομοιοτήτων,οὐ-

141 4133 245 4189 δενὶ
274 4139 465 4210 τρόπῳ
499 4142 724 4196 καθόλου
756 4148 1208 4222 κατακλινομένην
1234 4153 1400 4227 αὐτὴν
1433 4154 1710 4230 ἐλευθερο-

142 4229 361 4298 πρεπῶς
392 4231 470 4294 ὡς
503 4233 812 4304 ἀμείλικτον
844 4240 1152 4312 κυριότητα,
1189 4245 1368 4317 πάσης
1415 4229 1709 4322 μειωτικῆς

144 4317 534 4384 ὃουλοποιίας⁸⁶
600 4325 1013 4401 ὑπερκειμένην,
1050 4334 1324 4390 ἁνένδοτον
1375 4317 1561 4410 ὑερέσει
1604 4317 1708 4396 πά-

146 4427 230 4484 σῃ,
261 4416 355 4466 καὶ
403 4414 747 4489 ὲξῃρημὲνην
790 4422 1006 4494 ἁπάσης
1037 4427 1429 4502 ἀνομοιότητος,
1463 4435 1562 4506 τῆς
1622 4436 1708 4488 ὅν-

145 4519 245 4568 τως
275 4504 600 4579 κυριότητος
630 4509 723 4562 καὶ
755 4515 1074 4584 κυριαρχίας
1128 4504 1527 4592 ἁκαταλήκτως
1559 4527 1705 4594 ἐφιε-

152 4596 328 4668 μένην,
364 4599 461 4651 καὶ
507 4599 641 4670 πρὸς
689 4599 784 4672 τὴν
829 4604 998 4676 αὐτῆς
1059 4611 1251 4679 κυρίαν
1285 4613 1596 4685 ἐμφέρειαν,
1631 4619 1705 4681 ὡς

148 4687 374 4756 ἐφικτὸν,
411 4690 612 4762 ἑαυτήν
656 4709 714 4744 τε
755 4695 845 4747 καὶ
875 4696 944 4750 τὰ
977 4701 1091 4768 μετ’
1124 4703 1291 4773 αὐτὴν
1308 4707 1350 4738 ³⁷
1381 4707 1705 4774 ἀγαθοειδῶς

144 4779 562 4834 διαπλάττουσαν
595 4784 728 4855 πρὸς
748 4786 897 4839 οὐδὲν
913 4788 956 4820 ³⁸
965 4791 1073 4843 τῶν
1094 4794 1216 4864 εικῆ
1238 4794 1552 4862 δοκούντων,
1571 4801 1703 4856 ἀλλὰ

144 4873 270 4942 πρὸς
311 4875 373 4926 τὸ
418 4874 625 4946 κυρίως
671 4875 729 4929 ὃν
773 4879 966 4944 ὑλικῶς
989 4883 1461 4960 ἐπιτετραμμένην
1480 4893 1545 4956 ³⁹,
1610 4896 1703 4947 καὶ

2252 2450 2631 2543 CAPUT
2695 2456 2977 2547 VIII.

1821 2573 1896 2628 De
1921 2576 2382 2659 dominationibus,
2409 2585 2688 2659 virtutibus
2739 2598 2786 2640 et
2833 2592 3199 2659 potestatibus,
3229 2602 3279 2649 et
3309 2595 3378 2650 a's

2237 2653 2406 2705 media
2428 2670 2606 2708 earum
2635 2653 2954 2714 ltierarcltia.

1437 2817 1772 2880 SYNOPSIS
1812 2825 2101 2882 CAPITIS.

1888 3246 2043 3304 Modo
2090 3252 2246 3308 nobis
2289 3258 2676 3314 transeundum
2717 3270 2800 3316 est
2839 3264 2905 3318 ad
2951 3267 3180 3325 mediam
3210 3275 3376 3333 caele-

1818 3339 1980 3393 stium
2012 3343 2304 3411 spirituum
2335 3346 2769 3420 distinctionem,
2818 3356 3210 3418 dominationes
3240 3366 3374 3423 istas

1816 3435 2266 3500 supermundanis
2320 3439 2511 3504 oculis,
2559 3453 2718 3510 prout
2762 3460 3073 3516 possumus,
3127 3465 3374 3511 contem-

1815 3519 2034 3588 plando,
2065 3539 2170 3580 una
2204 3542 2324 3580 cum
2354 3532 2666 3597 potentibus
2714 3551 2903 3592 revera
2935 3546 3261 3611 spectaculis
3287 3550 3372 3604 di-

1815 3612 2064 3667 vinarum
2131 3627 2460 3684 potestatum
2513 3631 2674 3692 atque
2723 3629 2987 3686 virtutum
3044 3651 3059 3688 :
3117 3640 3373 3706 quaelibet

1814 3701 1956 3755 enim
1977 3713 2289 3760 naturarum
2321 3710 2610 3778 appellatio
2640 3729 3019 3788 supernarum,
3057 3701 3371 3786 Divinitalis

1814 3792 2136 3849 imitatrices
2191 3799 2504 3864 earumdem
2551 3802 2840 3861 deiformes
2871 3808 3094 3867 denotat
3121 3819 3370 3885 proprie-

1816 3891 1974 3938 tates.
2007 3885 2211 3940 Nomen
2240 3889 2424 3958 itaque
2467 3895 2610 3961 quod
2661 3907 2886 3954 sanctas
2915 3901 3160 3973 designat
3194 3909 3369 3964 domi-

1812 3975 2077 4042 nationes,
2115 3979 2371 4034 existimo
2405 3982 2684 4040 declarare
2712 3989 3012 4046 absolutum
3041 3995 3274 4067 aliquem
3312 4011 3369 4057 et

1811 4064 1878 4119 ab
1903 4067 2048 4120 omni
2079 4076 2292 4124 terrena
2311 4072 2543 4129 utilitate
2574 4075 2804 4135 liberum
2831 4086 2899 4136 ad
2928 4064 3160 4155 superna
3191 4101 3367 4148 trans-

1811 4154 1966 4220 itum,
2017 4157 2270 4229 nullaque
2327 4164 2542 4231 penitus
2591 4170 2872 4238 tyrannica
2929 4154 3368 4240 dissimilitudine

1810 4246 1916 4301 ullo
1950 4248 2111 4302 modo
2151 4250 2485 4318 inclinatam,
2518 4259 2610 4312 sed
2650 4259 2946 4319 liberaliter
2985 4282 3228 4326 severam
3269 4276 3367 4329 do-

1811 4339 2183 4404 minationem,
2227 4358 2346 4410 quae
2393 4347 2537 4401 omni
2583 4350 2794 4420 abjecta
2835 4357 3100 4413 servitute
3145 4363 3362 4431 celsior,

1807 4430 1950 4483 omni
1985 4431 2285 4499 dejectione
2319 4439 2588 4506 superior,
2617 4451 2671 4494 et
2719 4445 2786 4498 ab
2830 4447 2975 4500 omni
3023 4430 3362 4508 dissimilitu-

1806 4519 1934 4574 dine
1967 4533 2193 4590 remota,
2223 4527 2445 4596 verique
2475 4529 2807 4600 dominatus,
2854 4551 3064 4594 necnon
3110 4544 3359 4614 principii

1806 4612 2188 4672 dominationis
2231 4617 2430 4688 iugiter
2474 4623 2655 4687 avida,
2687 4640 2811 4680 cum
2842 4630 2957 4697 ipsa
2987 4647 3069 4699 se,
3104 4643 3214 4688 tum
3253 4612 3360 4692 sibi

1805 4705 2020 4760 subdita
2044 4707 2108 4760 ad
2137 4712 2423 4778 genuinam
2450 4713 2567 4782 ejus
2593 4716 3027 4788 similitudinem,
3057 4729 3231 4793 quoad
3259 4744 3358 4795 po-

1808 4807 1932 4863 test,
1975 4799 2218 4857 beneﬁce
2249 4804 2636 4875 transformat;
2669 4817 2722 4864 et
2753 4809 2816 4864 ad
2854 4814 2989 4869 nihil
3018 4831 3202 4872 eorum
3239 4836 3358 4889 quae

1806 4893 2040 4949 inaniter
2069 4907 2349 4964 apparent,
2380 4901 2472 4954 sed
2506 4902 2570 4955 ad
2593 4903 2642 4956 id
2672 4905 2811 4972 quod
2855 4921 2982 4962 vere
3009 4919 3094 4964 est
3119 4915 3358 4969 tolalilet‘

147 4966 503 5035 κυριαρχικῆς
550 4966 636 5019 άε)⁸
681 4967 964 5034 θεοειδείας
979 4971 1025 5003 ⁴⁵⁰
1057 4974 1114 5026 ὲν
1150 4978 1436 5048 μετουσίᾳ,
1473 4982 1612 5036 κατὰ
1641 4984 1702 5036 τὸ
1733 5021 1776 5074 D

1733 5021 1776 5074 Β
1805 4998 2092 5061 conversa,
2119 4989 2414 5044 Dominiue
2445 5007 2658 5062 semper
2678 4996 3057 5053 deil'ormitatis
3086 5004 3355 5072 particeps

147 5053 355 5107 δυνατὸν
373 5058 538 5128 αὐτῇ,
559 5059 862 5130 γινομένην·
888 5062 986 5131 τὴν
1002 5063 1058 5116 δὲ
1078 5065 1183 5118 τῶν
1205 5067 1371 5135 ἁγίων
1395 5070 1692 5143 δυνάμεων,

145 5143 450 5212 ἀρρενωπόν
482 5164 602 5200 τινα
648 5150 740 5202 καὶ
790 5151 1177 5206 ἀκατάσειστον
1209 5156 1446 5228 ἀνδρίαν,
1479 5163 1558 5219 είς
1591 5162 1695 5214 πά-

147 5247 234 5296 σας
261 5236 357 5299 τὰς
389 5238 510 5290 κατ’
545 5239 720 5293 αὐτῶν
737 5241 778 5273 ⁸¹
815 5242 1061 5306 θεοειδεῖς
1094 5246 1387 5317 ἐνεργείας,
1423 5252 1556 5322 πρὸς
1592 5272 1696 5325 μη-

209 5390 399 5446 “Psal.
455 5409 716 5464 cxxxvut,
769 5402 851 5457 l6.
927 5401 1129 5459 'Joan.
1177 5419 1308 5470 xvn,
1347 5407 1440 5462 22.

1803 5079 2038 5131 exsistit.
2060 5079 2382 5134 Sanctarum
2412 5092 2589 5138 autem
2622 5087 2908 5155 appellatio
2936 5092 3211 5157 virtutum,
3242 5094 3357 5150 l‘or-

1807 5175 1911 5220 tetu
1941 5171 2232 5236 quamdam
2279 5180 2332 5224 et
2358 5172 2733 5228 inconcussam
2762 5177 2980 5232 denotat
3011 5182 3352 5248 virilitatem,

1809 5259 1860 5310 iu
1893 5273 2084 5315 omnes
2111 5262 2403 5316 deiformes
2443 5279 2626 5317 earum
2673 5269 2910 5323 actiones
2941 5271 3353 5338 redundantem,

1424 5571 1650 5629 VARl/E
1685 5574 1978 5630 LECTION
1984 5575 2085 5635 ES.

204 5716 247 5794 ξδ
281 5720 376 5794 Cll.
520 5721 575 5776 S.
611 5724 667 5779 P.
698 5725 963 5794 ἐμφαίνει.

1060 5728 1103 5758 ³⁸
1142 5727 1217 5780 Clt
1272 5723 1606 5799 περιπεζίας.

146 5788 227 5839 καὶ
259 5790 386 5859 πρὸς
417 5793 594 5848 οὐδέν.

688 5795 728 5826 ³⁸
765 5796 825 5852 Ι).
854 5796 912 5851 Ρ.
942 5798 1000 5851 S.
1030 5795 1498 5870 ἐπεστραμμένην.

1685 5734 1728 5764 ³⁸
1755 5734 1852 5787 Ch.
1886 5737 2326 5808 δουλοπρεπείας.

1575 5804 1619 5834 ⁸ο
1670 5804 1730 5859 υ.
1771 5805 1827 5860 S.
1881 5805 1941 5860 Ρ.
1985 5804 2371 5875 ἀγαθοειδείας.

2406 5741 2463 5818 s7-
2484 5741 2597 5818 ᾔει)...
2637 5743 2844 5818 Dig,le
2878 5747 3093 5818 ἑαυτήν.
3172 5752 3214 5783 ³⁸
3239 5755 3340 5813 Illi.

2452 5812 2495 5842 ”
2539 5813 2639 5868 Clt.
2697 5812 2756 5868 υ.
2811 5815 2871 5869 Ρ.
2911 5812 3040 5870 κατ’⁷
3079 5820 3270 5891 αὑτήν.
3328 5812 3347 5884 ξ
