4176 6308
804 333 910 392 259

1928 332 1986 389 S.
2021 332 2319 389 DlONYSIl
2358 333 2820 391 AREOPAGITE

3922 334 4031 395 140

803 467 871 505 ne
897 446 1189 518 quidquam
1235 445 1543 511 admittant,
1573 460 1681 514 quo
1717 447 1846 514 ipsis
1884 448 2058 502 insitze
2102 448 2362 500 divinitus

2469 448 2659 517 δεμίαν
2705 450 2965 520 ὑποδοχὴν
3020 451 3126 504 τῶν
3159 451 3502 521 ὲνδιδομένων
3548 452 3681 521 αὐτῇ
3732 451 4035 524 θεαρχικῶν

803 538 1199 593 illustrationes
1229 536 1527 591 imminuta:
1557 535 1847 601 deﬁciant;
1894 553 2012 605 qme
2051 538 2260 606 magnis
2287 540 2367 591 vi-

804 632 956 685 ribus
1000 630 1065 682 ad
1112 628 1203 683 Dei
1250 628 1448 682 nititur
1483 629 1863 694 imitationem,
1891 645 2065 698 neque
2091 630 2256 683 motui
2289 631 2368 683 di-

805 712 933 774 vino
967 721 1177 790 ignavia
1211 736 1309 774 sua
1336 722 1511 784 deest,
1557 720 1648 774 sed
1677 729 1993 774 constanter
2022 722 2086 773 ad
2119 735 2369 789 superes-

804 812 1082 865 sentialem
1140 824 1205 863 ac
1260 811 1629 879 potentilleam
1663 811 1921 864 virtutem
1970 814 2208 874 intuens,
2267 826 2369 865 nec

804 917 909 955 non
938 903 1222 969 ipsiusmet
1251 900 1491 961 virtutis,
1525 910 1784 973 quantum
1817 898 1899 952 fas
1934 909 2037 965 est,
2069 899 2259 953 οπεειε.
2293 900 2367 954 si-

804 993 1128 1053 mulacrum,
1174 991 1241 1042 ad
1273 991 1517 1042 eamdem
1552 990 1769 1057 quidem
1804 1006 1901 1042 ceu
1934 990 2189 1044 virtutem
2223 990 2369 1058 prin-

802 1085 1057 1151 cipalem,
1106 1082 1282 1134 valide
1327 1084 1684 1143 convertitur,
1711 1081 1776 1134 ad
1812 1079 1921 1151 74
1961 1095 2023 1133 ea
2075 1095 2205 1135 vero
2249 1095 2369 1149 qua:

802 1175 1107 1244 posteriora
1138 1183 1285 1236 sunt,
1318 1174 1575 1225 virtutem
1610 1172 1676 1225 iis
1704 1171 2118 1239 suppeditando,
2161 1170 2366 1225 deifor-

805 1268 962 1321 miter
988 1266 1248 1318 dimanat.
1290 1264 1459 1317 Porro
1510 1271 1821 1317 sanctarum
1885 1277 2078 1316 nomen
2130 1273 2368 1331 potesta-

803 1369 941 1421 tum,
966 1355 1299 1424 com-qualem
1328 1356 1528 1409 divinis
1559 1353 2023 1408 dominationibus
2054 1354 2369 1408 virtutibus-

803 1464 908 1516 que
956 1445 1394 1501 distributionem
1439 1447 1642 1515 signat,
1683 1455 1737 1500 et
1791 1445 2138 1500 inconfusnm
2171 1446 2369 1499 divinis

803 1540 968 1593 rebus
1008 1539 1347 1605 excipiendis
1396 1538 1670 1600 ordinem,
1713 1551 1811 1591 nec
1845 1552 1949 1589 non
1986 1536 2370 1590 intellectualis

806 1644 870 1683 ac
924 1627 1387 1697 supermundialis
1434 1626 1721 1694 potestatis
1766 1624 2197 1694 dispositionem,
2250 1638 2371 1691 quas

802 1701 1145 1782 nequaquam
1184 1715 1461 1783 lyrannice
1492 1715 1543 1766 in
1575 1713 1728 1783 pejus
1757 1714 2009 1782 potentiae
2035 1729 2144 1768 Suae
2166 1713 2370 1767 viribus

804 1806 1082 1869 abutatur,
1111 1809 1205 1860 sed
1232 1815 1285 1859 et
1316 1809 1547 1873 ipsumet
1574 1807 1757 1861 animo
1796 1806 1998 1859 invicto
2030 1815 2151 1873 apte
2184 1806 2248 1857 ad
2280 1806 2364 1857 di-
2398 1798 2438 1851 Β

803 1898 929 1950 vina
980 1898 1269 1965 dirigatur,
1316 1908 1477 1966 atque
1523 1911 1581 1951 se
1629 1897 1914 1964 sequentia
1977 1895 2366 1965 benignissime

797 1996 1141 2056 promoveat,
1181 1996 1235 2041 et
1280 1990 1345 2041 ad
1394 1989 1721 2056 potentilica:
1758 1987 2045 2054 potestatis
2093 1986 2366 2054 principa-

807 2090 940 2143 tum,
974 2087 1236 2146 quantum
1269 2078 1350 2131 fas
1378 2087 1481 2144 est,
1521 2078 1761 2143 accedat,
1791 2080 2171 2146 eumdemque,
2205 2085 2367 2145 prout

804 2172 986 2223 valent
1035 2169 1231 2237 angeli,
1278 2170 1715 2238 praeclarissimis
1762 2168 2100 2237 potestativae
2150 2168 2367 2222 virtutis

804 2282 915 2319 sua:
946 2264 1320 2319 {unctionibus
1366 2263 1620 2317 illustret.
1656 2261 2022 2317 Dviformibus
2054 2261 2201 2314 hisce
2227 2259 2365 2315 freta

808 2358 1261 2424 proprietatibus,
1310 2356 1483 2407 media
1523 2355 1609 2407 illa
1645 2356 1948 2407 caelestium
1986 2352 2364 2423 intelligentia-

806 2463 925 2500 rum
954 2447 1238 2516 dispositio
1275 2456 1555 2518 purgatur,
1593 2456 1646 2501 ct
1679 2447 2015 2500 illuminatur
2040 2456 2202 2514 atque
2242 2461 2365 2513 per-

806 2538 1003 2600 ﬁcitur,
1037 2553 1103 2591 eo
1132 2538 1292 2592 modo
1321 2553 1431 2607 quo
1460 2541 1662 2593 dictum
1691 2546 1795 2597 est,
1822 2537 2022 2590 divinis
2054 2534 2366 2587 illustratio-

806 2628 984 2690 nibus,
1013 2642 1107 2695 per
1151 2628 1384 2696 primunt
1417 2629 1662 2681 ordinem
1700 2626 2099 2680 liierarelticnm
2128 2624 2366 2676 secundo

805 2721 903 2775 sibi
964 2720 1080 2773 loco
1125 2721 1327 2783 inditis,
1354 2734 1558 2788 perque
1607 2722 1781 2788 ipsum
1829 2718 2084 2783 medium,
2129 2717 2363 2771 secunda

807 2810 1244 2865 manifeStatione
1273 2810 1510 2863 dilfusis.

2468 538 2781 609 ὲλλάμψεων
2814 542 3057 611 ἀδρανῶς
3090 542 3495 605 ὲξασθενοῦσαν,
3528 542 3818 606 δυνατῶς⁸¹
3848 546 3943 598 ἐπὶ
3973 545 4034 598 τὸ

2469 629 2795 701 θεομίμητον
2835 633 3217 701 δάναγομένην,
3251 633 3351 685 οὐκ
3396 633 3788 687 ἀπολείπουσαν
3830 635 4029 705 ἑαυτῆς,

2468 719 2722 791 ἀνανδρία
2755 722 2853 791 τὴν
2886 722 3094 791 θεοειδῆ
3128 723 3359 792 κίνησιν,
3388 724 3499 776 ἀλλ’
3534 724 3787 795 ἀρῤεπῶς
3816 727 4035 796 ἀφορῶ-

2471 827 2569 862 σαν
2616 812 2697 872 είς
2743 811 2842 881 τὴν
2894 812 3214 882 ὑπερούσιον
3265 812 3357 863 καὶ
3401 812 3753 881 δυναμοποιὸν
3784 813 4035 882 δύναμιν,

2469 901 2563 952 καὶ
2592 900 2795 971 ταύτης
2826 903 3006 954 είκόνα
3037 903 3352 972 δυναμοειδῆ
3387 902 3526 954 κατὰ
3557 904 3615 955 τὸ
3648 902 3856 971 ἐφικτὸν
3888 922 4037 971 γινο-

2473 991 2658 1061 μένην,
2682 994 2774 1044 καὶ
2809 992 2943 1061 πρὸς
2978 990 3074 1062 μὲν
3108 993 3274 1063 αὐτὴν
3306 992 3378 1054 ὡς
3409 992 3764 1062 ἀρχιδύναμον
3794 992 4037 1055 δυνατῶς

2469 1083 2944 1153 ὲπεστραμμένην,
3005 1084 3139 1153 πρὸς
3171 1083 3225 1135 δὲ
3258 1082 3325 1134 τὰ
3355 1072 3579 1153 δεύτερα
3610 1083 4034 1153 δυναμοδότωςδ³

2471 1174 2562 1224 καὶ
2595 1172 2838 1234 θεοειδῶς
2867 1174 3128 1244 προϊοῦσα
3146 1174 3211 1203 ⁸⁸·
3237 1173 3335 1242 τὴν
3349 1174 3403 1225 δὲ
3426 1175 3534 1225 τῶν
3568 1174 3731 1241 ἁγίων
3756 1173 4030 1237 ἐξουσιῶν,

2469 1265 2566 1334 τὴν
2609 1264 2851 1334 όμοταγῆ
2901 1266 3008 1318 τῶν
3056 1264 3217 1317 θείων
3250 1266 3581 1335 κυριοτήτων
3610 1267 3702 1318 καὶ
3734 1266 4031 1336 δυνάμεων,

2466 1356 2566 1425 τὴν
2608 1355 2875 1426 εὔκοσμον
2919 1357 3012 1408 καὶ
3057 1338 3405 1426 ἇσύμφυρτον
3439 1356 3567 1425 περὶ
3596 1355 3692 1418 τὰς
3725 1356 3868 1418 θείας
3905 1357 4033 1409 ὑπο-

2468 1446 2627 1516 δοχὰς
2660 1445 2926 1511 εὐταξίαν,
2962 1447 3055 1497 καὶ
3094 1446 3154 1497 τὸ
3184 1444 3510 1515 τεταγμένον
3539 1446 3636 1514 τῆς
3668 1444 4031 1515 ὐπερκοσμίου

2472 1537 2563 1588 καὶ
2595 1537 2783 1605 νοερᾶς
2815 1534 3199 1603 ἐξουσιότητος,
3234 1535 3294 1587 οὐ
3341 1534 3673 1604 τυραννικῶς
3705 1533 3795 1585 ἐπὶ
3826 1533 3894 1586 τὰ
3926 1534 4035 1602 χεί-

2472 1644 2550 1697 ρω
2595 1629 2715 1688 ταῖς
2765 1626 3191 1691 ὲξουσιαστικαῖς
3240 1625 3529 1695 δυνάμεσιν
3561 1624 4032 1696 ἀποκεχρημένης,

2469 1720 2581 1772 ἀλλ’
2616 1720 2931 1792 ἀκρατὴτως
2968 1723 3058 1774 ἐπὶ
3089 1720 3156 1773 τὰ
3189 1721 3305 1774 θεῖα
3343 1723 3457 1790 μετ’
3491 1720 3738 1786 εὐταξίας
3768 1714 4034 1789 ἀναγομέ-

2468 1829 2565 1882 νης
2602 1829 2683 1871 τε,
2719 1813 2811 1863 καὶ
2841 1813 2909 1864 τὰ
2945 1813 3059 1882 μετ’
3094 1814 3259 1884 αὐτὴν
3276 1813 3319 1843 ³⁸⁸
3352 1809 3678 1878 ἀγαθοειδῶς
3711 1808 4030 1878 ἀναγούσης,

2470 1900 2563 1951 καὶ
2597 1901 2731 1970 πρὸς
2760 1901 2858 1971 τὴν
2905 1901 3265 1963 ὲξουσιοποιὸν
3309 1899 3679 1969 ὲξουσιαρχίαν
3711 1898 3785 1960 ὡς
3818 1896 4035 1967 θεμιτὸν

2469 1994 2921 2063 ἀκρομοιουμένης,
2971 1996 3064 2047 καὶ
3110 1994 3331 2062 ταύτην,
3378 1992 3453 2054 ὡς
3499 1990 3738 2066 δυνατὸν,
3785 1988 4035 2058 ἀγγέλοις

2469 2086 2908 2157 ἀναλαμπούσηις,
2943 2089 2999 2139 ὲν
3030 2089 3148 2149 ταῖς
3188 2084 3305 2138 κατ’
3339 2084 3506 2154 αὐτὴν
3539 2081 3821 2151 εὐκόσμοις
3851 2080 4035 2145 τάξεσι

2467 2176 2567 2245 τῆς
2619 2176 3029 2247 ἐξουσιαστικῆς
3074 2178 3371 2247 δυνάμεως.
3421 2172 3630 2237 Ταύτας
3687 2173 3883 2242 ἔχουσα
3939 2169 4036 2233 τὰς

2469 2268 2717 2331 θεοειδεῖς
2753 2268 3015 2337 ἰδιότητας
3049 2268 3080 2337 ἡ
3119 2266 3256 2336 μέση
3298 2265 3405 2317 τῶν
3448 2262 3709 2335 οὐρανίων
3756 2262 3889 2315 νοῶν
3922 2260 4036 2313 δια-

2468 2359 2750 2428 κόσμησις,
2788 2356 3101 2427 καθαίρεται
3155 2356 3250 2427 μὲν
3299 2357 3391 2408 καὶ
3440 2353 3727 2423 φωτίζεται
3758 2355 3853 2405 καὶ
3884 2352 4032 2405 τελε-

2469 2451 2796 2518 σιουργεῖται
2844 2448 2964 2501 καθ’
2998 2449 3055 2501 ὃν
3099 2448 3313 2518 εἴρηται
3352 2447 3568 2517 τρόπον,
3604 2444 3707 2497 ὐπὸ
3737 2445 3845 2495 τῶν
3877 2443 4033 2513 θεαρι-

2466 2541 2634 2610 χικῶν
2681 2540 3014 2610 ἐλλάμψεων,
3064 2539 3409 2609 ὲνδιδομένων
3458 2539 3592 2608 αὐτῇ
3639 2536 3902 2607 δευτέρως
3948 2534 4034 2587 διὰ

2466 2633 2565 2702 τῆς
2610 2632 2828 2704 πρώτης
2878 2631 3192 2703 ἱεραρχικῆς
3238 2630 3661 2699 διακοσμήσεως,
3698 2629 3788 2679 καὶ
3818 2626 3907 2679 διὰ
3942 2625 4033 2696 μέ-

2473 2741 2570 2795 σης
2602 2726 2812 2795 ἐκείνης
2844 2722 3241 2795 δευτεροφανῶς
3271 2719 3831 2791 διαπορθμευομένων.

2346 2965 2372 3037 5
2427 2962 2503 3023 ιι.

882 3149 1086 3202 Dictum
1151 3150 1330 3218 itaque
1389 3147 1657 3214 notitiam,
1728 3161 1849 3217 qua!
1898 3149 1965 3201 ab
2015 3162 2122 3202 uno
2175 3144 2436 3215 angeloC

806 3247 859 3298 in
897 3244 1123 3297 alterum
1154 3242 1451 3308 derivatur,
1487 3243 1741 3297 imlicium
1773 3240 2036 3295 faciamus
2083 3242 2367 3311 perfectio-

805 3337 891 3389 nis
921 3334 1040 3401 ejus
1069 3349 1189 3402 qua:
1215 3336 1429 3388 eminus
1480 3326 1793 3404 precurata,
1830 3346 2119 3401 progressu
2152 3349 2213 3385 ac
2245 3347 2368 3399 pro-

806 3429 1016 3481 fusione
1060 3427 1397 3481 subobscure
1447 3426 1513 3479 ad
1565 3425 1849 3479 inferiores
1880 3425 2144 3492 pervenit.
2171 3423 2367 3490 Quem-

804 3519 1093 3571 admodum
1130 3518 1272 3570 enim
1315 3531 1596 3569 sacrorum
1640 3526 1948 3569 nostrormn
1987 3514 2366 3584 mysteriorum

804 3614 983 3681 periti,
1023 3610 1218 3679 scipsis
1270 3620 1593 3678 apparentes
1638 3608 1946 3662 divinorum
1979 3607 2242 3661 luminum
2274 3621 2367 3659 ex-

804 3702 1067 3773 pletiones
1095 3710 1352 3768 praestare
1383 3709 1607 3755 censent
1637 3700 1703 3753 iis
1725 3740 1740 3765 ,
1765 3715 1993 3769 quarum
2036 3698 2201 3767 aliqui
2237 3698 2369 3752 alio-

803 3810 923 3848 rum
973 3795 1261 3865 interiectu
1295 3794 1588 3863 participes
1626 3795 1900 3849 exsistunt
1931 3810 1946 3846 :
1976 3793 2225 3846 similiter
2253 3792 2367 3845 exi—

804 3888 986 3953 stimo,
1026 3889 1393 3957 angelicorum
1442 3888 1718 3951 ordinum,
1743 3888 1835 3955 qui
1883 3887 2039 3955 primi
2092 3887 2146 3940 iu
2198 3887 2364 3941 Deum

804 3980 1194 4044 extenduntur,
1228 3980 1597 4034 immediatam
1643 3980 2061 4033 illustrationem
2091 3978 2366 4048 perspica-

804 4075 1003 4126 ciurem
1041 4087 1161 4127 esse
1192 4074 1604 4141 participatione
1634 4074 1847 4126 illorum
1876 4072 1968 4140 qui
2009 4086 2104 4140 per
2133 4071 2365 4123 medium

804 4164 1179 4231 perﬁciuntur.
1212 4162 1361 4217 lianc
1388 4164 1456 4217 ob
1486 4178 1707 4217 causam
1756 4178 1967 4231 quoque
1994 4162 2181 4231 prima:
2212 4159 2369 4213 intel-

808 4246 1123 4324 ligentize‘in
1154 4255 1474 4309 sacerdotali
1505 4265 1688 4325 nostra
1720 4255 2033 4320 traditione,
2063 4252 2366 4319 perlectivaz

806 4362 869 4398 ac
898 4346 1145 4407 lucilicte,
1177 4346 1597 4413 expiatorizeque
1633 4345 1857 4397 virtutes
1900 4344 2247 4396 nominantur
2277 4356 2368 4395 ea-

807 4453 922 4489 rum
942 4452 1059 4507 qua:
1078 4436 1348 4511 inferioris
1368 4437 1578 4490 ordinis
1595 4437 1891 4498 exsistunt;
1918 4434 2112 4502 quippe
2128 4446 2245 4500 quae
2273 4444 2368 4500 per

2554 3145 2764 3215 Ἀμέλει
2839 3144 2937 3216 τὴν
3010 3144 3076 3197 δι’
3143 3142 3300 3198 ἄλλου
3368 3140 3660 3209 λεγομένην
3716 3140 3903 3209 (ponit;
3951 3140 4033 3201 είς

2470 3239 2624 3293 ἄλλον
2668 3237 2893 3306 ἄγγελον
2946 3237 3130 3308 ἀκοὴν,
3180 3234 3439 3304 σύμϐολον
3486 3231 3895 3302 ποιησώμεθω*
3937 3232 4036 3302 τῆς

2469 3329 2747 3402 πόρρωθεν
2781 3327 3217 3397 ἐπιτελουμένης,
3267 3327 3359 3378 καὶ
3400 3322 3486 3375 διὰ
3516 3325 3613 3393 τὴν
3648 3323 3866 3394 πρόοδον
3898 3324 4038 3394 ἀμυ-

2467 3423 2770 3493 δρουμένης
2803 3423 2883 3484 εἰς
2912 3421 3232 3492 δευτέρωσιν
3263 3417 3609 3479 τελειώσεως.
3628 3418 3713 3479 Ὠς
3734 3415 3841 3484 γὰρ
3865 3420 3913 3469 οἱ
3939 3417 4040 3471 6st.-

2470 3516 2550 3568 νοὶ
2585 3516 2710 3583 περὶ
2741 3513 2839 3576 τὰς
2874 3512 3022 3584 ἱερὰς
3054 3512 3207 3583 ήμῶν
3237 3511 3456 3574 τελετάς
3488 3526 3637 3578 φασι,
3670 3510 3766 3571 τὰς
3805 3509 4039 3577 αὐτοφα-

2469 3609 2578 3669 νεῖς
2617 3607 2726 3659 τῶν
2769 3605 2923 3659 θείων
2968 3602 3402 3674 ἀποπληρώσεις,
3436 3601 3543 3656 τῶν
3575 3602 3643 3654 δι’
3675 3602 3873 3672 ἑτέρων
3921 3601 4040 3655 θεο-

2470 3700 2677 3753 πτικῶν
2730 3696 2996 3769 μεθέξεων
3038 3692 3174 3751 εἶναι
3218 3692 3612 3762 τελειοτέραςδτ
3634 3710 3648 3723 ’
3682 3693 3852 3756 οὕτως
3882 3689 4040 3764 οἶμαι

2469 3793 2561 3845 καὶ
2603 3790 2712 3844 τῶν
2759 3787 3062 3858 ἀγγελικῶν
3107 3786 3311 3852 τάξεων
3356 3786 3454 3857 τὴν
3500 3785 3701 3856 ἆμεσον
3750 3784 4039 3855 μετουσίαν

2469 3884 2575 3936 τῶν
2609 3881 2839 3951 πρώτως
2870 3880 2961 3933 ἐπὶ
2993 3878 3123 3931 Θεὸν
3168 3876 3609 3945 ἀνατεινομένων,
3644 3876 4039 3946 ἐναργεστέραν

2470 3972 2606 4029 εἶναι
2652 3974 2759 4026 τῶν
2810 3972 2896 4025 διὰ
2945 3970 3234 4042 μεσότητος
3288 3967 3748 4037 ἀποτελουμένων.
3799 3967 3888 4018 Διὸ
3940 3970 4040 4021 καὶ

2470 4064 2605 4137 πρὸς
2651 4066 2751 4134 τῆς
2797 4062 2950 4135 ἡμῶν
2999 4060 3325 4132 ίερατικῆςδθ
3358 4059 3703 4130 παραδόσεως
3732 4059 4038 4129 τελεστικαὶ

2470 4161 2561 4215 καὶ
2594 4160 2891 4230 φωτουργοὶ
2945 4156 3039 4210 καὶ
3080 4154 3400 4225 καθαρτικαὶ
3445 4153 3716 4222 δυνάμεις,
3749 4152 3797 4203 οί
3832 4152 4038 4222 πρῶτοι

2468 4254 2585 4315 νόες
2615 4249 2965 4321 ὀνομάζονται
2998 4246 3103 4299 τῶν
3137 4244 3457 4314 ὑφειμένων,
3492 4244 3566 4306 ὡς
3598 4245 3662 4296 δι’
3696 4243 3919 4296 ascen."
3941 4243 4039 4296 ἐπὶ

2468 4342 2563 4412 τὴν
2600 4342 2811 4394 πάντων
2846 4339 3166 4409 ὐπερούσιον
3199 4335 3369 4407 ἀρχὴν
3403 4336 3768 4406 ἀναγομένων,
3804 4336 3896 4388 καὶ
3924 4335 4039 4386 τῶν

2467 4431 2862 4501 τελεταρχικῶν
2909 4430 3246 4499 καθάρσεων,
3298 4428 3389 4479 καὶ
3455 4426 3763 4496 φωτισμῶν,
3810 4426 3901 4478 καὶ
3948 4443 4039 4479 τε-

806 4530 924 4582 illas
954 4530 1019 4581 ad
1049 4528 1508 4597 superessentiale
1536 4529 1777 4582 omnium
1813 4527 2132 4595 principium
2164 4523 2361 4577 subve-

2469 4520 2728 4573 λειώσεων
2775 4522 2830 4572 ὲν
2882 4520 3137 4590 μετουσία
3169 4516 3309 4569 κατὰ
3340 4511 3400 4568 τό
3432 4517 3611 4577 αὐτοῖς
3645 4516 3859 4586 θεμιτὸν
3889 4534 4037 4584 γινο-

806 4622 1027 4685 hantur,
1061 4631 1222 4689 atque
1271 4622 1626 4689 mysticarum
1659 4618 2050 4685 expiationum,
2081 4624 2136 4667 et
2169 4614 2368 4671 illumi-

806 4711 1105 4771 nationum,
1135 4708 1659 4777 perfectionumque,
1693 4707 1867 4775 quoad
1903 4707 1965 4758 iis
1996 4704 2076 4757 fas
2106 4714 2207 4767 est,
2245 4719 2369 4771 par-

808 4804 997 4869 ticipes
1022 4802 1339 4855 reddantur.
1373 4800 1482 4854 Hoc
1514 4802 1658 4854 enim
1702 4798 1995 4851 universitn
2024 4797 2203 4848 divina
2225 4796 2371 4850 ordi-

804 4894 1025 4946 natiOue
1075 4892 1338 4946 divinitus
1394 4901 1679 4955 statutum,
1711 4901 1769 4943 ut
1801 4906 1919 4955 qua:
1947 4892 2180 4945 secunda
2218 4895 2365 4951 sunt,

804 4997 902 5049 per
926 4984 1098 5051 prima
1128 4984 1340 5036 divinas
1367 4983 1694 5050 participem
1738 4981 2184 5033 illuminatioues.
2218 4977 2369 5042 Quod

806 5077 995 5143 utique
1026 5074 1303 5127 multoties
1348 5088 1376 5125 a
1421 5073 1688 5141 theologis
1717 5054 2057 5140 expressum
2085 5071 2319 5137 reperias
2353 5085 2367 5121 :

807 5180 955 5225 nam,
983 5178 1105 5215 cum
1165 5162 1343 5215 divina
1399 5172 1732 5229 paternaque
1777 5160 2063 5214 clementia
2115 5160 2366 5227 populum

808 5254 1181 5319 Israeliticum,
1203 5256 1581 5311 conversionis
1606 5256 1719 5324 ejus
1739 5269 1801 5308 ac
1818 5256 2008 5309 salutis
2025 5267 2175 5322 ergo,
2195 5251 2367 5306 corri-

2474 4613 2668 4683 μένων.
2704 4611 2873 4663 Τοῦτο
2917 4611 3022 4681 γάρ
3070 4612 3191 4661 ἐστι
3229 4607 3458 4660 καθόλου
3487 4610 3553 4677 τῇ
3588 4607 3706 4678 θείᾳ
3750 4606 4040 4677 ταξιαρχία

2472 4703 2789 4773 θεοπρεπῶς
2821 4702 3324 4771 νενομοθετημένον,
3359 4700 3419 4752 τὸ
3449 4700 3537 4753 διὰ
3568 4699 3674 4751 τῶν
3710 4698 3931 4771 πρώτων
3967 4699 4041 4750 τὰ

2470 4795 2693 4864 δεύτερα
2725 4794 2831 4845 τῶν
2867 4793 3168 4864 θεαρχικῶν
3217 4793 3460 4863 μετέχειν
3494 4790 3823 4860 ὲλλάμψεων.
3861 4790 4040 4860 Εὑρή-

2473 4902 2586 4947 σεις
2630 4886 2685 4937 δὲ
2728 4884 2885 4937 τοῦτο
2932 4886 3023 4935 καὶ
3070 4884 3331 4953 πολλαχοῦ
3364 4890 3474 4947 τοῖς
3504 4883 3768 4951 θεολόγοις
3798 4884 4040 4950 ἐκπεφα-

2474 4977 2686 5046 σμένον.
2714 4977 2902 5027 Ἡνίκα
2945 4977 3053 5046 γὰρ
3100 4978 3133 5046 ὴ
3180 4976 3297 5028 θεία
3330 4977 3422 5028 καὶ
3454 4975 3690 5044 πατρικὴ
3734 4970 4037 5043 φιλανθρωο

2473 5069 2590 5131 πία,
2624 5069 2712 5121 τὸν
2760 5068 2970 5139 Ἰσραὴλ
3004 5068 3429 5137 ἐπιστρεπτικῶς
3464 5068 3600 5137 ὑπὲρ
3631 5066 3728 5135 τῆς
3763 5066 3907 5135 ἱερᾶς
3937 5066 4040 5117 αὐ·-

2471 5160 2562 5211 τοῦ
2600 5160 2868 5230 σωτηρίας
2903 5159 3255 5221 παιδεύσασα,
3278 5159 3370 5211 καὶ
3402 5161 3659 5228 τιμωροῖς
3692 5158 3783 5210 καὶ
3812 5154 4038 5208 ἀτιθάσ-

2476 5268 2587 5313 σοις
2620 5250 2823 5302 ἔθνεσιν
2856 5248 2933 5312 είς
2965 5248 3329 5320 ἐπανόρθωσιν
3363 5248 4037 5318 ὲκδεδωκυῖα,τῇπαντοία

2094 5455 2328 5510 VARIE
2366 5452 2774 5507 LECTIONES.

881 5590 924 5620 δ’
958 5593 1053 5663 (Ib.
1083 5592 1216 5663 ἀλλὰ
1259 5591 1511 5653 δυνατῶς.
1587 5590 1632 5625 ⁸³
1685 5611 1774 5663 γρ.
1821 5592 2211 5662 δυναμοποιῶς.

806 5661 872 5711 τὰ
898 5660 1033 5729 μετὰ
1063 5661 1283 5730 ταύτην.
1359 5663 1401 5691 ⁸⁵
1427 5665 1483 5714 S.
1525 5663 1580 5715 Ρ.
1618 5663 1676 5715 D.
1722 5660 2192 5731 ChntchépEOa,
2252 5663 2413 5715 veluti
2464 5660 2574 5717 ὃς(
2611 5667 2770 5715 etiam
2830 5666 3234 5725 interpretatur.

810 5731 853 5759 ’τ
886 5751 934 5781 m
978 5733 1159 5783 ultart.
1194 5733 1300 5785 alia
1328 5732 1485 5786 lectio
1514 5742 1750 5786 notatur.
1786 5734 2121 5786 ἱεραογικῆς.
2200 5733 2241 5763 ⁸³
2269 5732 2338 5786 Μ.
2379 5750 2483 5786 non
2513 5733 2693 5786 habet.

2269 5742 2338 5787 Μ.
2379 5750 2483 5787 ιιυιι
2513 5742 2693 5786 ιιιιυιιι.

810 5731 853 5759 ἰ’
886 5751 934 5781 m
978 5733 1159 5783 L'ltart.
1194 5733 1300 5785 alia
1328 5732 1485 5787 lectio
1514 5742 1750 5798 notatur,
1786 5734 2121 5805 ίῖραρχικῆς.

2289 5592 2331 5622 ⁸⁷⁵
2363 5595 2464 5647 Ch.
2522 5592 2830 5662 προϊοῦσαν.
2875 5592 2965 5645 Sc.
2996 5601 3049 5645 et
3098 5591 3220 5643 Sar.
3273 5588 3663 5662 assentiuntur.
3816 5588 3900 5662 Ι).Δ
3935 5589 4032 5640 καὶ

3341 5658 3382 5690 ’⁸⁷
3418 5659 3513 5712 Ch.
3566 5657 3628 5713 υ.
3674 5656 4027 5727 τελειοτέρας.
