4176 6308
136 435 236 492 ιιι

735 438 822 492 DE
857 437 1180 494 C(l-ILESTI
1216 434 1635 490 lllERABClllA
1660 474 1674 492 .
1710 434 1861 489 CAP.
1898 434 2030 490 Vill.
2066 463 2134 475 —
2168 433 2485 488 CORDERII
2536 433 2767 490 ΝΟΤΑΕ.

3256 431 3378 486 9η

129 551 240 605 τῶν
270 555 680 620 προνοουμένων
735 551 828 603 ἐπὶ
877 552 939 604 τὸ
985 553 1230 621 κρεῖττον
1274 551 1582 619 μεταγωγῇ,
1617 549 1699 599 καὶ

1743 551 1780 603 Α
1810 546 2035 615 puisset,
2061 546 2454 615 ultricibnsque
2484 562 2548 600 ae
2574 546 2880 601 crudelibus
2907 550 3219 607 nationibus
3240 569 3360 608 cor-

130 643 232 710 τῆς
292 640 669 710 αἰχμαλωσίας
700 642 850 710 ἠφίει
914 644 1006 695 καὶ
1066 642 1202 712 πρὸς
1272 641 1371 709 τὴν
1436 639 1704 709 προτέραν

131 730 392 793 ἐπιεικῶς
416 732 756 800 ἐπανήγαγεν
767 733 812 764 ⁵⁸
834 732 1143 786 εὐπάθειαν.
1174 733 1304 800 Ὁρᾷ
1321 729 1427 780 τῶν
1447 728 1704 795 θεολόγων

131 815 233 884 εἷς,
290 824 320 876 6
371 822 640 892 Ζαχαρίας
677 823 744 888 ⁵¹,
801 823 896 877 ἕνα
947 821 1056 875 τῶν
1101 821 1361 892 πρώτων,
1412 821 1486 883 ὡς
1531 816 1701 890 οἶμαι,

130 914 223 968 καὶ
260 916 390 986 περὶ
419 914 551 968 Θεὸν
583 915 827 984 ἀγγέλων
870 915 1068 986 (κοινὸν
1111 914 1252 986 γὰρ,
1293 913 1368 976 ὡς
1403 914 1557 984 ἔφην,
1589 913 1705 965 ἐστὶ

130 1009 264 1060 πᾶσι
295 1009 356 1060 τὸ
379 1009 482 1078 ,τῆς
512 1009 804 1079 ἀγγελικῆς
827 1007 1157 1078 ἐπωνυμίας)
1191 1008 1325 1080 πρὸς
1354 1007 1516 1060 αὐτοῦ
1569 1006 1702 1063 Θεοῦ

133 1099 372 1168 μαθόντα
414 1101 540 1164 τοὺς
584 1102 709 1170 περὶ
734 1100 924 1154 τούτου
966 1104 1421 1176 παρακλητικούς,
1446 1105 1521 1168 ὡς
1554 1103 1702 1175 εἴρη-

128 1206 239 1253 ται,
265 1190 459 1258 λόγους
477 1209 488 1220 ·
517 1193 698 1261 ἕτερον
723 1191 780 1244 δὲ
803 1192 912 1245 τῶν
944 1195 1249 1265 ὑῳειμένων
1279 1197 1541 1265 ἀγγέλων,
1568 1181 1702 1268 πρὸς

130 1282 434 1352 ὑπάντησιν
458 1283 502 1313 ¹²
526 1281 620 1334 τοῦ
661 1282 876 1353 πρώτου
918 1272 1406 1356 προπορευόμενον,
1447 1287 1522 1350 ὡς
1563 1287 1700 1358 πρὸς

128 1373 447 1442 ὲλλάμψεως
477 1375 738 1446 ὑποδοχὴν
770 1377 862 1427 καὶ
888 1376 1204 1448 μετάληψιν,
1230 1373 1344 1430 εἶτα
1374 1377 1511 1449 πρὸς
1535 1379 1698 1430 αὐτοῦ

127 1466 226 1535 τὴν
266 1465 414 1518 Θείαν
451 1466 644 1537 βουλὴν
681 1467 757 1530 ὡς
791 1468 926 1537 πρὸς
965 1470 1215 1539 ίεράρχου
1248 1469 1567 1540 μυούμενον,
1606 1471 1698 1522 καὶ

126 1559 187 1611 τὸ
219 1559 424 1628 μυῆσαι
452 1560 542 1612 τὸν
573 1559 816 1628 θεολόγον
847 1563 1288 1633 ἐπιτρεπόμενον,
1317 1565 1398 1616 ὅτι
1425 1563 1698 1632 κατακάρ-

127 1666 247 1713 πως
293 1651 747 1724 κατοικηθήσεται
803 1655 1149 1727 Ἰερουσαλὴμ
1183 1657 1289 1710 ἀπὸ
1337 1658 1575 1729 πλήθους
1605 1659 1698 1709 ἀν-

128 1741 383 1813 θρώπων.
427 1745 653 1816 Ἕτερος
698 1746 755 1799 δὲ
795 1747 905 1799 τῶν
959 1748 1222 1817 θεολόγων
1276 1750 1552 1821 Ἰεζεκιὴλ,
1603 1750 1696 1803 καὶ

128 1834 264 1904 πρὸς
315 1835 486 1904 αὐτῆς
535 1854 662 1907 φησι
705 1836 862 1890 τοῦτο
905 1841 1174 1910 πανιέρως
1241 1841 1693 1914 νομοθετηθῆναι,

125 1924 222 1992 τῆς
239 1925 287 1956 ⁸³
318 1929 432 1990 τοῖς
468 1928 743 1999 Χερουϐὶμ
767 1929 1155 1998 ἐπιϐεϐηκυίας
1181 1932 1533 2003 ὐπερενδόξου
1565 1933 1692 1987 Θεό-

125 2032 313 2087 τητος·
338 2018 430 2071 τὸν
453 2019 561 2092 γὰρ
577 2020 807 2092 Ἰσραὴλ,
832 2021 906 2084 ὡς
930 2023 1157 2094 εἴρηται,
1187 2026 1424 2096 πατρικὴ
1449 2027 1691 2096 ’δφιλαν-

127 2104 342 2175 θρωπία
372 2107 462 2160 διὰ
491 2109 731 2172 παιδείας
763 2111 852 2163 ἐπὶ
877 2111 936 2163 τὸ
975 2114 1215 2182 κρεῖττον
1244 2115 1573 2183 μετάγουσα,
1607 2115 1685 2168 δι.

126 2196 387 2268 καιοσύνῃ
443 2197 732 2270 θεοπρεπεῖ
775 2201 905 2253 τῶν
941 2201 1250 2256 ὑπευθύνων
1299 2204 1688 2274 ἀποκρίνεσθαι

123 2286 247 2348 τοὺς
287 2287 609 2351 ἀνευθύνους
657 2290 955 2344 ἐδικαίωσε.
1010 2293 1179 2345 Τοῦτο
1218 2297 1428 2364 μυεῖται
1475 2294 1688 2365 πρῶτος

125 2374 261 2442 μετά
296 2375 366 2428 τά
397 2378 692 2449 Χερουϐὶμ,
721 2382 749 2433 ὁ
771 2382 867 2452 τὴν
890 2382 1058 2451 ὀσφῦν
1094 2384 1374 2454 σαπφείρῳ
1397 2383 1688 2454 διεζωσμέ-

121 2480 226 2528 νος,
268 2466 326 2530 ὃς
355 2467 448 2523 τὸν
481 2465 689 2541 ποδήρη
721 2472 860 2528 κατά
885 2472 1148 2543 σύμϐολον
1190 2474 1498 2546 ἱεραρχικὸν
1540 2475 1686 2528 ἐνδε-

120 2554 286 2609 δύκει.
333 2559 472 2622 Τοὺς
511 2561 568 2615 δὲ
610 2550 826 2626 λοιποὺς
867 2565 1146 2632 ἀγγέλους,
1163 2570 1212 2623 οἳ
1239 2571 1361 2630 τοὺς
1381 2565 1684 2631 ⁵⁵πελέκεις

121 2642 284 2715 εἶχον,
355 2651 387 2720 ή
451 2650 567 2704 θεία
591 2653 877 2725 ταξιαρχία
909 2657 1114 2709 κελεύει
1142 2658 1273 2728 πρὸς
1294 2657 1387 2709 τοῦ
1419 2658 1680 2730 προτέρου

124 2738 375 2808 μυεῖσθαι
423 2744 522 2812 τὴν
567 2746 693 2815 περὶ
733 2746 918 2798 τούτου
944 2747 1272 2818 θεοκρισίαν⁸
1314 2747 1391 2818 τῷ
1438 2748 1534 2818 μὲν
1575 2748 1682 2818 γὰρ

119 2829 216 2900 ἔφη
259 2830 432 2902 μέσην
459 2833 682 2889 διελθεῖν
710 2837 807 2907 τὴν
846 2838 1216 2908 Ἰερουσαλὴμ,
1247 2839 1338 2891 καὶ
1355 2838 1532 2891 δοῦναι
1559 2839 1620 2893 τὸ
1633 2840 1681 2872 ⁸⁸

122 2925 341 2990 σημεῖον
383 2925 463 2986 εἰς
500 2924 569 2976 τὰ
603 2927 822 2995 μέτωπα
847 2928 953 2980 τῶν
984 2928 1283 2982 ἀνευθύνων
1315 2930 1544 3000 ἀνδρῶν·
1571 2934 1682 2995 τοῖς

119 3007 296 3073 ἄλλοις
317 3011 376 3064 δέ
395 3027 409 3039 ·
438 3015 770 3080 Πορεύεσθε
797 3018 882 3080 εἰς
911 3015 1024 3083 τὴν
1054 3018 1233 3070 πόλιν
1261 3017 1449 3070 ὀπίσω
1471 3017 1676 3082 αὑτοῦ,

119 3101 209 3153 καί
259 3103 543 3168 κόπτετε,
594 3106 693 3158 καὶ
735 3106 821 3175 μὴ
866 3107 1139 3176 φείδεσθε
1192 3105 1314 3174 τοῖς
1353 3109 1679 3178 ὀφθαλμοῖς

1811 639 2089 704 rigendnm
2128 639 2467 701 tradidisset;
2501 648 2557 690 nt
2585 653 2720 707 quos
2751 641 2972 707 provide
3002 642 3358 712 gubernabat,

1805 732 1949 783 omni
1999 731 2155 784 modo
2197 731 2262 784 ad
2303 730 2577 782 meliorem
2623 729 2829 800 frugem
2865 733 3178 798 adduceret,
3204 751 3233 788 a
3265 751 3360 790 ca-

1806 819 2046 888 ptivitate
2069 819 2174 888 75
2202 835 2414 887 quoque
2439 816 2636 871 liberos
2665 820 2732 873 ad
2766 821 3046 887 pristinam
3080 823 3354 877 fortunam

1805 912 2029 978 benigne
2063 900 2351 966 revocavit.
2397 910 2704 977 Theologus
2738 911 2952 978 quidam
2985 915 3204 968 nomine
3253 913 3358 968 Za-

1805 1005 2018 1059 charias
2042 1005 2155 1058 visu
2188 1006 2445 1073 percepit,
2481 1005 2778 1072 primorum
2809 1007 3116 1074 quemdam,
3151 1019 3206 1061 ut
3242 1009 3359 1076 opi-

1805 1111 1924 1158 nor,
1950 1111 2012 1149 ex
2046 1095 2111 1148 iis
2150 1096 2242 1162 qui
2287 1095 2392 1147 Dea
2425 1097 2652 1160 proximi
2689 1104 2815 1147 sunt
2846 1094 3156 1162 angelorum
3186 1099 3357 1166 (como

1804 1185 1979 1240 munis
2017 1185 2183 1250 enim,
2222 1183 2298 1236 uti
2332 1183 2478 1249 dixi,
2517 1185 2767 1238 omnibus
2808 1184 3052 1253 angelica
3080 1186 3358 1253 cognomi-

1802 1277 1946 1331 natio
1973 1278 2076 1344 est)
2117 1278 2184 1330 ab
2217 1274 2355 1344 ipso,
2384 1276 2523 1327 sicut
2570 1276 2772 1328 dictum
2816 1286 2918 1338 est,
2961 1277 3070 1330 Deo
3108 1277 3209 1331 hac
3238 1278 3355 1345 ipsa

1801 1369 1867 1420 de
1897 1381 1956 1421 re
1986 1367 2148 1421 verba
2191 1365 2581 1419 consolationis
2611 1369 2952 1434 percepisse:
2985 1368 3214 1422 alterum
3259 1384 3358 1422 au-

1801 1469 1904 1515 tem
1928 1459 2138 1514 ordinis
2161 1458 2427 1512 inferioris
2453 1457 2726 1526 angelum,
2753 1461 2969 1513 obviam
3001 1461 3193 1528 priori,
3222 1461 3354 1516 lucis

1799 1550 2072 1619 capienda:
2095 1565 2158 1601 ac.
2179 1549 2559 1617 participandas
2583 1564 2766 1614 causa,
2789 1553 3204 1618 pnecedentem,
3231 1569 3351 1604 cum

1795 1642 1865 1695 ab
1899 1641 2084 1694 eodem
2133 1641 2325 1693 deinde
2366 1639 2605 1692 divinum
2658 1640 2972 1707 consilium,
3023 1651 3276 1711 tauquam
3321 1659 3353 1698 a

1795 1733 2074 1786 sacerdote
2103 1748 2330 1792 snnnno.
2363 1733 2713 1801 percepisset,
2755 1731 2884 1785 illud
2933 1735 3106 1801 ipsum
3143 1752 3208 1788 ex
3245 1739 3354 1790 im-

1796 1824 1968 1885 posito
2013 1838 2234 1876 munere
2275 1822 2578 1890 theologum
2617 1824 2883 1886 docuisse,
2935 1828 3050 1877 fore
3095 1837 3151 1878 ut
3193 1825 3350 1881 Jeru-

1795 1913 1959 1966 SaIem
1994 1912 2252 1982 frugifere
2277 1928 2306 1966 a
2336 1926 2526 1980 magna
2571 1915 2850 1967 hominmn
2897 1915 3234 1972 multitudine
3265 1916 3345 1969 in-

1792 2006 2080 2060 coleretur.
2121 2005 2349 2070 Quidam
2402 2005 2536 2057 alius
2579 2004 2703 2057 item
2750 2005 3033 2074 theologus
3065 2006 3347 2072 Ezechiel,

1791 2097 1892 2150 hoc
1937 2112 1967 2151 a
2010 2096 2218 2151 Deitate
2267 2095 2382 2165 ipsa
2433 2096 2859 2164 supergloriosa,
2902 2113 3024 2166 quae
3065 2099 3345 2152 cherubim

1792 2189 2124 2244 transcendit
2149 2203 2198 2254 ι,
2221 2197 2570 2243 sacrosancte
2609 2189 2876 2240 sancitum
2907 2189 3142 2242 asserit:
3175 2189 3346 2244 Israe-

1789 2281 1992 2335 liticum
2039 2282 2182 2335 enim
2237 2281 2493 2349 populum
2540 2294 2698 2343 cum,
2743 2288 2800 2331 ut
2840 2279 3040 2332 dictum
3074 2292 3186 2344 est,
3236 2282 3348 2336 cle-

1788 2375 1988 2427 mentia
2034 2383 2255 2440 paterna
2299 2387 2395 2440 per
2428 2370 2770 2438 disciplinam
2819 2371 2885 2422 ad
2920 2368 3124 2439 frugem
3163 2373 3345 2424 tradu-

1788 2475 1934 2520 ceret
1967 2465 2264 2526 meliorem,
2291 2465 2543 2533 zequitate
2575 2463 2680 2515 Deo
2708 2461 2864 2528 digna
2901 2476 3021 2515 reos
3054 2464 3120 2516 ab
3153 2463 3341 2518 inson-

1789 2559 1927 2611 tibus
1973 2559 2332 2610 secernendos
2386 2556 2621 2611 censuit.
2664 2553 2783 2606 ~iloc
2817 2556 3018 2619 primus
3049 2555 3343 2608 secundum

1787 2649 2062 2703 cherubim
2110 2648 2333 2700 docetur
2363 2647 2475 2710 ille,
2516 2647 2671 2714 cujus
2703 2664 2859 2703 renes
2898 2648 3155 2716 sapphiro
3197 2661 3340 2715 prac-

1784 2738 1946 2793 cincti
1993 2745 2175 2800 erant,
2220 2738 2420 2806 quique
2463 2738 2620 2792 talari
2656 2751 2826 2804 veSte,
2872 2739 3213 2808 pontiﬁcatus
3256 2739 3339 2791 in-

1783 2829 1954 2900 signi,
2002 2829 2378 2883 amiciebatur.
2425 2829 2662 2884 Caeteros
2695 2833 2891 2884 exinde
2921 2829 3138 2898 angelos
3177 2843 3337 2880 secu-

1782 2921 1929 2974 ribus
1959 2927 2224 2983 armatos,
2267 2934 2294 2972 a
2330 2920 2494 2989 priori
2531 2919 2623 2972 illo
2664 2919 2845 2973 divina
2873 2918 3025 2986 jubet
3069 2917 3338 2972 ordinatio

1781 3011 2022 3066 divinum
2062 3013 2162 3065 hac
2203 3015 2268 3065 de
2305 3026 2362 3066 re
2397 3013 2658 3082 judicium
2705 3013 2919 3067 edoceri
2952 3029 2966 3066 :
3005 3013 3127 3064 huic
3167 3011 3339 3079 siqui-

1781 3105 1899 3159 dem
1931 3106 2206 3175 prmcepit,
2243 3116 2297 3159 ut
2330 3121 2425 3174 per
2455 3085 2680 3159 mediani
2729 3105 3027 3164 Jerusalem
3061 3107 3334 3171 transiret,

116 3194 300 3261 ὑμῶν,
325 3196 425 3248 ἐπὶ
450 3196 518 3249 δὲ
545 3197 771 3264 πάντας
798 3199 889 3268 ἐφ’
920 3200 1011 3265 οἷς
1041 3200 1174 3253 ἐστι
1200 3201 1264 3259 τὸ
1294 3203 1562 3270 σημεῖον,
1588 3201 1675 3271 μὴ

1733 3217 1747 3276 ς
1781 3205 1942 3265 atque
1983 3197 2193 3264 signum
2243 3197 2534 3252 insontium
2576 3197 2811 3249 virorum
2853 3197 3119 3250 frontibus
3149 3199 3334 3266 impri-

113 3283 408 3351 érrlants.
441 3287 504 3338 Τί
538 3287 602 3340 ἀν
639 3305 723 3350 τις
751 3286 891 3341 εἴποι
923 3290 1050 3360 περὶ
1089 3289 1182 3342 τοῦ
1215 3292 1479 3360 φήσαντος
1509 3291 1673 3359 ἀγγέ-

114 3371 201 3426 λου
241 3373 320 3444 τῷ
354 3377 582 3447 Δανιήλο
624 3377 911 3445 Ἐξῆλθεν
946 3383 978 3433 ό
1016 3381 1230 3449 λόγος;
1268 3381 1302 3450 ἢ
1339 3383 1463 3451 περὶ
1509 3381 1672 3436 αὐτοῦ

113 3464 201 3516 τοῦ
226 3465 442 3537 πρώτου
485 3467 545 3521 τὸ
565 3468 674 3540 πῦρ
695 3471 758 3525 ὲκ
780 3471 944 3540 μέσου
971 3471 1081 3523 τῶν
1105 3472 1380 3542 Χερουϐὶμ
1402 3472 1673 3541 ἀνειληᾳὸο

113 3571 226 3621 τος;
251 3559 282 3628 ἢ
304 3560 366 3610 τὸ
388 3560 576 3619 τούτου
602 3562 980 3632 περισσότερον
1004 3563 1083 3624 είς
1105 3562 1353 3628 εὐταξίας
1377 3563 1671 3632 ἀηελικῆς

115 3648 410 3715 ἀπόδειξιν,
450 3652 530 3703 ὅτι
569 3651 637 3705 τὰ
678 3653 953 3722 Χερουϐὶμ
997 3651 1315 3723 ὲμὸἀλλειδτ
1343 3653 1401 3705 τὸ
1447 3652 1556 3723 πῦρ
1593 3655 1670 3716 είς

113 3737 202 3800 τὰς
227 3743 411 3812 χεῖρας
438 3739 527 3793 τοῦ
550 3743 647 3812 τὴν
671 3743 832 3810 ἁγίαν
865 3741 1052 3812 στολὴν
1081 3743 1446 3808 ἐνδεδυκότος;
1481 3744 1512 3813 ἢ
1543 3761 1607 3795 πε
1619 3746 1669 3814 pl.

114 3825 201 3879 τοῦ
223 3831 551 3900 κεκληκότος
571 3833 662 3884 τὸν
687 3832 953 3884 θειότατον
988 3832 1241 3903 Γαϐριὴλ,
1281 3835 1372 3886 καὶ
1401 3835 1668 3904 φήσαντος

113 3918 278 3989 αὐτῷ,
323 3921 654 3975 Συνέτισον
701 3923 932 3976 ἐκεῖνον
973 3922 1085 3990 τὴν
1129 3923 1372 3991 ὅρασιν,
1407 3925 1437 3995 ἢ
1500 3925 1668 3978 ὅσα⁸⁸

113 4006 238 4060 ἄλλα
285 4011 424 4079 πρὸς
469 4011 576 4064 τῶν
621 4013 780 4083 ἱερῶν
835 4011 1095 4080 θεολόγων
1147 4015 1356 4086 εἴρηται
1396 4016 1523 4086 περὶ
1570 4017 1667 4079 τῆς

112 4095 209 4146 τῶν
246 4098 511 4168 οὐρανίων
553 4101 834 4172 ἱεραρχιῶν
875 4102 1136 4164 θεοειδοῦς
1175 4103 1503 4173 εὐκοσμίαςς
1531 4106 1666 4175 πρὸς

112 4187 172 4254 ἢν
197 4190 227 4258 ἡ
257 4189 356 4259 τῆς
389 4194 519 4263 παρ’
549 4195 675 4262 ἡμῖν
707 4195 981 4266 ίεραρχίας
1003 4195 1237 4262 εὐταξία,
1264 4197 1400 4248 κατά
1429 4197 1489 4249 τὸ
1513 4197 1666 4250 δυνα-

111 4277 191 4328 τὸν
217 4280 642 4353 ἀφομοιουμένη,
679 4286 778 4358 τὴν
806 4286 1093 4357 ἀγγελικὴν
1137 4287 1463 4358 εὐπρέπειαν
1492 4289 1564 4351 ὡς
1607 4293 1663 4341 ὲν

111 4367 298 4421 εἰκόσιν
343 4372 474 4438 ἕξει,
529 4376 838 4447 τυπουμένη
887 4377 950 4429 δι’
982 4378 1178 4447 αὐτῆς,
1225 4379 1318 4431 καὶ
1356 4380 1661 4452 ἀναγομένη

112 4459 235 4527 πρὸς
285 4465 385 4534 τὴν
441 4466 760 4537 ὐπρούσιον
826 4469 1043 4541 ἀπάσης
1107 4469 1381 4541 ἱεραρχίας
1439 4470 1659 4541 nam?“

112 4562 237 4630 χίαν.

1777 3298 1973 3351 meret;
2007 3289 2124 3341 aliis
2149 3297 2324 3342 autem
2354 3289 2428 3342 ait
2453 3308 2466 3344 :
2501 3289 2653 3342 Exile
2680 3289 2733 3341 in
2764 3290 3019 3341 civitatem
3046 3299 3161 3357 post
3192 3307 3330 3360 eum,

1773 3391 1819 3434 et
1847 3382 2117 3449 percutile,
2145 3390 2193 3433 et
2222 3384 2380 3433 nolite
2409 3397 2618 3447 parcere
2640 3379 2802 3433 oculis
2825 3382 3032 3444 vestris;
3062 3382 3130 3433 ad
3156 3368 3345 3435 omnes.

1774 3482 1945 3524 autem
1992 3488 2146 3540 super
2174 3488 2301 3541 quos
2344 3480 2418 3524 est
2453 3471 2682 3539 signant,
2714 3488 2775 3523 ne
2823 3473 3246 3542 appropinquans
3276 3481 3328 3526 1.

1773 3562 1908 3629 Quid
1954 3574 2134 3616 autem
2176 3565 2241 3615 de
2287 3562 2376 3616 illo
2405 3562 2548 3616 dicat
2579 3561 2699 3628 quis
2738 3561 2946 3628 angelo,
2979 3563 3070 3630 qui
3125 3563 3327 3615 Uanieli

1772 3656 1884 3708 ait:
1922 3655 2172 3723 Egressus
2212 3665 2286 3706 est
2337 3653 2547 3705 sermo?
2575 3660 2597 3687 ι
2632 3661 2726 3704 aut
2770 3654 2836 3704 de
2874 3653 3042 3720 primo
3089 3651 3197 3716 illo,
3237 3654 3326 3721 qui

1771 3747 1949 3815 ignem
1983 3749 2045 3800 de
2079 3747 2254 3799 medio
2289 3742 2570 3798 cherubim
2612 3742 2856 3812 accepit?
2902 3744 3009 3810 vel,
3051 3745 3194 3812 quod
3227 3761 3326 3796 an-

1769 3842 1996 3907 gelicam
2059 3839 2385 3893 lncnlentius
2435 3838 2722 3892 conlinunt
2771 3837 3212 3901 distinctionem,
3261 3839 3328 3892 de

1769 3932 2046 3986 cherubim
2079 3931 2254 3999 ignem
2289 3931 2564 3998 ingerente
2606 3930 2658 3982 in
2707 3942 2895 3983 manus
2927 3929 3040 3996 ejus
3074 3930 3166 3996 qui
3211 3938 3324 3982 sto-

1773 4023 1875 4074 lam
1916 4032 2155 4073 sanctam
2188 4022 2404 4073 indutus
2433 4020 2585 4073 erat?
2617 4027 2706 4071 aut
2737 4019 2803 4072 de
2839 4018 2930 4070 illo
2956 4019 3046 4084 qui
3080 4018 3319 4072 Gabrieli

1769 4111 2125 4173 divinissitno,
2155 4126 2276 4162 cum
2307 4125 2428 4176 eum
2458 4111 2795 4174 accersisset,
2827 4109 2959 4162 dixit
2984 4125 2998 4162 :
3034 4105 3146 4161 Fac
3173 4109 3322 4160 illum

1767 4203 2051 4271 inlclligere
2078 4201 2321 4254 visionem
2345 4203 2411 4254 αἱ)
2448 4209 2539 4257 aut
2569 4203 2636 4254 de
2667 4200 2914 4254 omnibus
2945 4201 3084 4262 aliis,
3113 4215 3230 4267 qua:
3257 4201 3323 4252 de

1765 4292 2070 4347 C(BleSlium
2109 4291 2296 4344 ordine
2338 4291 2768 4344 hierarchiarum
2813 4305 3036 4357 prorsus
3075 4291 3319 4347 deil‘ormi

1765 4403 1792 4440 a
1844 4388 2014 4440 sacris
2060 4395 2182 4438 sunt
2240 4386 2503 4452 theologis
2549 4387 3010 4440 commemorata?
3056 4388 3122 4439 ad
3169 4386 3321 4454 cujus

1763 4477 1949 4544 utique
1979 4476 2266 4544 imaginem
2297 4476 2342 4528 si
2377 4491 2529 4529 sacer
2567 4476 2654 4530 hic
2690 4477 2823 4529 ordo
2865 4487 3046 4529 noster
3073 4491 3130 4529 se
3172 4493 3319 4529 com-

1694 4564 1744 4622 D
1772 4578 1956 4640 ponat,
1995 4571 2173 4635 eique,
2219 4577 2478 4636 quantum
2511 4577 2706 4636 potest,
2739 4569 3086 4634 assimiletur,
3118 4567 3317 4633 angeli«

111 4666 220 4704 cum
250 4658 492 4722 profecto
539 4663 790 4716 decorem
839 4663 987 4716 illum
1038 4663 1180 4716 velut
1224 4661 1279 4715 in
1328 4663 1512 4729 ﬁguris
1557 4664 1845 4733 exprimet,
1881 4663 2111 4714 formam
2149 4662 2274 4715 inde
2303 4663 2559 4732 capiens;
2591 4679 2655 4718 ac
2687 4677 2782 4732 per
2805 4677 2926 4715 eum
2955 4662 3021 4712 ad
3063 4676 3314 4728 superes-

114 4750 377 4808 sentialem
419 4756 599 4811 omnis
639 4758 780 4812 sacri
831 4759 1035 4814 ordinis
1072 4755 1342 4823 originem
1409 4761 1712 4816 attolletnr.

1185 5067 1296 5139 76
1321 5066 1846 5124 itosornionss
1886 5065 2236 5124 conpes".

298 5213 572 5299 De§cribit
603 5218 832 5299 mediam
866 5222 1229 5299 hierarchiam
1265 5241 1387 5294 qua:
1414 5227 1656 5280 continet
1684 5228 2109 5296 dominationes,
2139 5237 2436 5299 potestates
2467 5238 2630 5297 atque
2660 5230 2911 5294 virtutes,
2936 5237 2991 5282 et
3020 5228 3307 5298 mysticam-

109 5290 349 5363 cij-nsqne
386 5288 900 5363 interpretationem
934 5308 997 5346 ac
1033 5288 1419 5362 proprietatem
1449 5299 1694 5363 exponit.

174 5350 576 5411 nominationes
605 5368 782 5412 autem
815 5350 1086 5428 dicuntur,
1121 5350 1245 5432 quia
1279 5366 1490 5419 cwteris
1523 5350 1734 5436 angelis
1762 5369 2135 5434 dominantur,
2175 5377 2229 5423 et
2261 5370 2327 5424 ab
2364 5370 2510 5422 omni
2544 5371 2896 5437 oppressione
2928 5379 3050 5422 sunt
3095 5368 3296 5433 liberm,

170 5516 190 5544 ι
221 5505 412 5566 Ezech.
447 5529 502 5567 ι.

599 5522 624 5560 1
657 5513 852 5570 Ezech.
908 5533 982 5581 Ix,
1034 5525 1087 5579 5.
1150 5528 1171 5554 ι
1205 5523 1336 5574 Dan.
1389 5536 1465 5585 Ix,
1508 5521 1596 5575 23.
1676 5524 1867 5576 «Dan.
1910 5539 2024 5587 vnt,
2080 5524 2164 5577 ιδ.

1350 5688 1577 5744 νΑΒΙΑΕ
1608 5690 2005 5749 LECTIONES.

169 5792 208 5868 ’ξ
233 5795 327 5868 Ch.
357 5799 416 5851 D.
448 5799 506 5853 P.
539 5800 828 5868 ἐπανῆγεν.
906 5801 950 5834 ⁸⁸
981 5805 1261 5856 ςιιίἱπιιιιιιη
1313 5821 1414 5857 non
1449 5807 1607 5860 habet
1639 5809 1696 5861 D.
1734 5819 1788 5860 et
1820 5810 1876 5862 P.

1976 5811 2019 5841 "
2061 5811 2117 5863 D.
2150 5809 2472 5876 ἀπάντησιν.
2579 5808 2624 5838 ⁸³
2655 5823 2743 5874 γρ.
2778 5805 2900 5856 τῶν.
2981 5807 3025 5836 ⁸⁸
3053 5820 3288 5875 στρατη.

109 5863 237 5932 τική,
265 5865 326 5919 ιι.
353 5870 440 5924 Sc.
520 5869 568 5902 "
597 5863 856 5926 articulus
887 5874 1032 5928 tiCCal
1069 5877 1118 5928 in
1145 5873 1212 5928 Μ.
1289 5875 1336 5908 ⁸⁸
1363 5873 1425 5928 τό
1447 5892 1548 5932 non
1579 5879 1774 5934 habent
1801 5881 1897 5934 Ch.
1933 5880 1990 5933 ι).
2021 5881 2077 5934 Ρ.
2156 5881 2199 5912 ⁵⁷
2235 5863 2502 5944 ἐκϐάλλει,
2541 5878 2601 5933 D.
2667 5863 2723 5908 ’⁸⁸
2754 5875 2846 5928 καὶ
2879 5877 2999 5941 ὅσα,
3035 5863 3137 5932 tibi
