4202 6300
816 406 924 463 213
1966 404 2023 460 8.
2062 403 2354 460 DIONYSII
2388 402 2848 461 AREOPAGITJE
3940 411 4043 467 Su

822 530 879 575 et
913 520 1040 574 nulli
1092 516 1339 573 inferiori
1386 516 1775 585 subjiciuntur.
1814 516 2016 589 Harum
2061 518 2298 572 oﬂicinm
2350 530 2471 585 est,
2516 521 2810 573 secundum
2849 518 3163 588 Dionysium
3189 559 3205 582 ,
3254 521 3447 575 timore
3484 520 3663 576 servili
3697 523 3953 589 deposito,
3989 524 4046 577 in

825 594 997 645 Deum
1048 590 1288 653 moveri,
1318 598 1374 643 et
1426 590 1771 642 incessanter
1805 590 1856 641 ei
1910 588 2203 643 famulari:
2242 592 2543 643 secundmn
2589 590 2909 656 Gregorium
2960 599 3138 641 autem
3184 588 3415 644 officium
3450 607 3635 644 earum
3684 588 3783 652 est,
3818 594 3869 645 in
3905 594 4046 648 bello

824 659 1062 742 spiritali
1117 658 1415 718 instruere.
1455 656 1694 727 qualiter
1732 667 1984 727 oporteat
2034 659 2374 724 praelationis
2424 658 2662 715 ofﬁcium
2703 672 2981 724 exercere,
3024 668 3077 711 et
3118 661 3352 727 qualiter
3398 662 3630 715 debeant
3671 662 3901 716 subditis
3943 664 4045 717 do-

823 746 1042 783 llilllal'l.

894 799 1143 853 Virtutes
1173 808 1299 853 sunt
1351 797 1719 865 infatigabiles
1762 799 1827 851 ad
1881 799 2289 853 exsecutionem
2342 798 2750 861 faciendorum,
2792 805 2847 851 et
2890 800 3129 855 robusta:
3178 800 3245 853 ad
3290 800 3695 867 perceptionem
3739 815 4047 855 munerum.

826 869 1031 941 llarum
1051 867 1282 941 cilicium
1316 879 1421 941 est,
1449 868 1743 921 secundum
1791 868 2138 941 Dionysium,
2173 868 2370 922 docere
2407 870 2682 941 praelatos,
2725 877 2783 922 ut
2814 867 2977 923 facile
3018 881 3071 924 et
3101 880 3535 941 perseveranter,
3559 886 3678 937 qua:
3708 872 3772 925 ad
3803 870 4049 941 cilicium

826 938 1159 1011 przelationis
1191 939 1487 1011 pertinent,
1530 948 1904 1011 exsequantur
1934 938 1994 994 et
2028 938 2203 1011 ipsius
2233 952 2399 993 onera
2443 939 2751 994 sustineant
2788 940 3057 1007 patienter
3085 938 3111 993 :’
3133 941 3261 994 item
3294 954 3389 1007 per
3429 938 3563 993 istas
3592 938 3849 993 miracula
3886 938 4049 1003 fiunt,

823 1007 877 1063 et
914 1009 1085 1062 virtus
1115 1007 1347 1062 faciendi
1379 1007 1640 1061 miracula
1676 1008 1932 1076 perfectis
1958 1007 2296 1063 conceditur.

898 1078 1269 1149 Potestatihus
1306 1077 1542 1130 virtutes
1567 1078 1907 1149 adversaria:
1937 1076 2195 1149 subjecta:
2212 1086 2370 1149 sunt,
2402 1093 2470 1133 ne
2503 1077 2710 1133 mundo
2741 1087 2947 1134 tantum
2990 1089 3242 1141 noceant,
3271 1088 3537 1149 quantum
3568 1080 3813 1145 cupiunt.
3842 1078 4050 1133 Harum

826 1148 1062 1203 officium
1095 1159 1202 1219 est,
1239 1149 1533 1219 secundum
1566 1145 2178 1219 Dio_uysium,_angelos
2210 1145 2521 1219 inferiores,
2554 1150 2729 1214 quoad
2768 1150 2884 1202 fieri
2918 1159 3121 1218 potest,
3150 1145 3346 1203 divinat
3378 1150 3631 1219 potentia:
3663 1151 4046 1219 conf'orinare:

824 1216 1611 1340 et,'secundudmrGBegorium,
1640 1216 1764 1271 illus
1798 1217 1890 1287 qui
1931 1217 1983 1272 in
2014 1216 2282 1287 spirituali
2310 1219 2609 1271 certamine
2644 1216 2933 1284 desudant,
2960 1220 3305 1285 confirmare,
3334 1216 3410 1285 et,
3444 1234 3513 1274 ne
3545 1232 3767 1288 regnum
3806 1217 4051 1288 Spiritale

824 1297 1112 1340 amittant.
1193 1302 1220 1339 e
1248 1302 1313 1340 en
1354 1299 1467 1339 ere.

824 1297 1112 1351 amittant,
1156 1297 1467 1341 defendere.

898 1359 925 1430 §
975 1358 1038 1430 _ll.
1078 1357 1327 1413 Ostendit
1374 1353 1765 1430 illustrationes
1811 1370 1918 1430 quo
1964 1371 2059 1430 per
2103 1355 2284 1430 plures
2311 1356 2811 1430 transfunduntur,
2843 1370 2909 1430 eo
2954 1358 3299 1430 obscuriores
3328 1358 4050 1430 exsistereuinhposlremis.

826 1424 1118 1483 lnferiores
1162 1434 1344 1478 autem
1398 1424 1621 1493 angelos
1667 1442 1694 1478 a
1738 1426 2111 1494 superioribus
2155 1427 2482 1486 illuminari,
2520 1426 2714 1548 probat
2761 1443 2827 1479 ex
2876 1426 3154 1483 Zachariae
3194 1444 3315 1496 cap.
3347 1444 3398 1493 ι,
3447 1430 3536 1481 ubi
3582 1424 3787 1495 duplici
3838 1429 4053 1483 visione

827 1499 1134 1548 ostenditur
1170 1495 1444 1548 nroolteta:
1486 1496 1801 1548 angelorum
1846 1496 2159 1548 tutelarium
2195 1496 2393 1548 Deiuue
2435 1498 2487 1548 in
2555 1495 2918 1548 erosolvniam
2954 1510 3009 1548 et
3042 1496 3259 1548 Judaeos
3289 1499 3525 1548 studium
3556 1516 3568 1548 :
3607 1508 3659 1548 et
3696 1497 3878 1548 simul.
3908 1514 4051 1548 cinn—

827 1499 1134 1562 ostenditur
1170 1495 1444 1567 propheta:
1486 1496 1801 1567 angelorum
1846 1496 2159 1567 tutelarium
2195 1496 2487 1567 Deiqueiin
2520 1495 2918 1567 Jerosolyniam
2954 1510 3009 1550 ct
3042 1495 3525 1552 Judaaos’studiuin
3556 1516 3568 1552 :
3607 1508 3659 1549 et
3696 1497 3879 1567 simul,
3908 1514 4051 1566 qun—

830 1569 989 1621 modo
1038 1562 1182 1619 unus
1229 1562 1447 1635 angelus
1468 1562 1783 1635 abialtero,
1815 1565 1943 1634 quid
1996 1562 2347 1635 .lerosolyinae
2397 1566 2639 1618 futurum
2658 1562 2850 1635 esset,
2895 1569 3236 1631 educeretur,
3264 1581 3318 1621 et
3347 1583 3474 1635 cap.
3502 1584 3541 1619 ir
3569 1568 3713 1619 videt
3750 1562 4052 1621 Zacharias

826 1638 1078 1705 angelum
1119 1650 1242 1689 cum
1278 1633 1515 1705 funiculo
1545 1632 1845 1696 mensorio.‘
1870 1645 1925 1687 ut
1960 1632 2226 1689 metiatur
2253 1635 2552 1690 Jerusalem
2592 1650 2621 1686 a
2656 1632 2913 1705 Neheinia
2945 1648 2998 1689 et
3041 1636 3369 1691 Zorobabele
3413 1632 3842 1690 reaedificandam
3873 1653 3887 1688 :
3924 1654 4048 1690 cum

826 1704 1176 1761 ex’funieulo
1217 1704 1436 1772 exiguo,
1470 1715 1655 1771 utpote
1685 1704 1991 1771 convoluto,
2024 1706 2339 1773 conjiceret,
2375 1707 2705 1773 timeretque
2733 1704 3030 1760 Zacharias
3060 1707 3311 1773 exiguam
3346 1707 3461 1761 fore
3502 1722 3693 1759 novam
3722 1704 4051 1770 Jerusalem,

828 1792 956 1830 mox
1004 1776 1155 1845 audit
1205 1774 1433 1845 alterum
1469 1774 1717 1845 angelum
1769 1772 2195 1844 promittentem,
2248 1779 2450 1843 absque
2498 1790 2654 1827 muro
2683 1772 2993 1845 Jerusalem
3018 1772 3367 1829 habitandam
3400 1792 3509 1845 prae
3542 1776 3906 1828 multitudine.
3948 1776 4053 1829 Ubi

827 1847 1045 1900 videtur
1075 1844 1165 1898 hic
1198 1842 1425 1909 angelus
1456 1844 1703 1911 snperior
1734 1842 1933 1913 prioris
1973 1845 2116 1898 illius
2148 1842 2484 1915 propositum
2530 1858 2808 1907 revocare,
2849 1845 2939 1913 qni
2974 1844 3212 1899 funiculo
3241 1842 3577 1899 dimensorio
3619 1844 4052 1912 magnitudinem

826 1917 981 1969 urbis
1019 1915 1365 1969 dimensurus
1396 1922 1663 1966 venerat:
1700 1930 1821 1968 nam
1872 1914 2165 1983 antequam
2207 1923 2329 1983 post
2367 1916 2741 1970 reductionem
2775 1915 2947 1967 muris
2977 1915 3289 1983 cingeretur
3330 1917 3545 1979 civitas,
3580 1914 3833 1967 Ecclesia
3866 1923 4053 1982 typum

826 2000 1019 2053 gerere
1066 1984 1293 2054 debebat
1314 1997 1340 2054 ;A
1366 1997 1507 2052 quae,
1554 1996 1676 2052 post
1715 1986 1900 2037 urbem
1934 2002 1962 2037 a
2008 1986 2227 2039 Christo
2264 1986 2595 2053 redemptum
2621 2025 2636 2048 ,
2662 1984 2937 2054 omnibus
2980 1987 3206 2040 omnino
3236 1987 3488 2054 gentibus
3529 1986 3724 2054 patuit.
3776 1983 4055 2054 Posterior

828 2052 958 2124 ergo
991 2053 1215 2122 angelus
1264 2052 1499 2124 priorem
1547 2057 1833 2116 ltlsll‘uXil,
1881 2064 1933 2109 et
1988 2066 2244 2124 tanquam
2294 2052 2542 2123 superior
2591 2053 2898 2124 inferiorem
2950 2055 3152 2109 docuit.
3202 2052 3483 2121 Quomodo
3529 2052 3709 2109 autem
3756 2052 3935 2119 angeli
3987 2054 4059 2106 ab

828 2122 1061 2194 ipSomet
1102 2124 1212 2177 Deo
1260 2122 1575 2194 immediate
1609 2140 1695 2179 res
1743 2126 1953 2191 aliquas
1982 2122 2307 2180 edoceantur
2329 2168 2342 2189 ,
2362 2122 2617 2178 fostendit
2651 2140 2713 2178 ex
2746 2123 3047 2178 EZechielis
3078 2140 3196 2192 cap.
3223 2143 3271 2180 ix
3296 2170 3309 2191 ,
3356 2127 3442 2177 ubi
3473 2124 3629 2193 jubet
3667 2126 3807 2177 Deus
3833 2123 4051 2191 angeio,

827 2192 889 2248 ut
930 2196 1108 2264 signet
1138 2194 1251 2246 'l‘au
1279 2193 1332 2246 in
1366 2192 1541 2247 fronte
1569 2208 1755 2249 eorum
1794 2195 1941 2262 quia
1975 2196 2122 2250 caede
2166 2194 2622 2264 Jerosolymorum
2654 2203 2807 2248 erant
2837 2194 3131 2261 liberandi;
3166 2208 3220 2249 et
3256 2213 3353 2249 sex
3395 2192 3515 2248 aliis
3557 2194 3762 2263 angelis
3796 2194 4053 2264 mandat,

830 2274 889 2318 ut
935 2263 1162 2333 signatis
1210 2271 1471 2331 parcant,
1517 2266 1732 2334 cieteris
1780 2266 2032 2320 omnibus
2084 2263 2407 2319 interfectis.
2470 2266 2600 2317 Item
2635 2278 2698 2316 ex
2741 2264 2978 2318 Dauielis
3006 2280 3131 2334 cap.
3160 2283 3231 2332 ix,
3264 2266 3356 2327 25,
3389 2267 3647 2328 declarat;
3677 2263 3947 2332 quomodo
3976 2266 4057 2334 ad

828 2332 1149 2404 prOphetant
1190 2334 1387 2387 missus
1417 2334 1490 2387 sit
1521 2332 1768 2397 Gabriel,
1801 2334 2116 2404 signiﬁcans
2149 2350 2253 2388 non
2288 2344 2494 2389 tantum
2535 2334 2851 2387 solvendam
2895 2332 3261 2402 captivitatem
3296 2336 3631 2396 Judzeorum,
3674 2336 3768 2387 sed
3799 2342 3856 2385 et
3889 2333 4059 2404 totius

829 2403 1052 2471 generis
1089 2405 1307 2474 humani
1356 2416 1454 2474 per
1478 2404 1779 2470 Christum,
1815 2403 1935 2474 post
1964 2407 2312 2474 septuaginta
2359 2405 2729 2459 hebdomadas
2780 2417 3063 2459 annorum.
3096 2406 3358 2460 Similiter
3396 2407 3590 2458 iterum
3621 2419 3690 2456 ex
3742 2403 4057 2458 Ezechielis

829 2470 952 2543 cap.
982 2489 1035 2538 ι,
1067 2473 1155 2526 ubi
1184 2470 1531 2541 jubetDeus
1562 2476 1678 2527 viro
1716 2470 1876 2528 lineis
1925 2470 2110 2530 induto
2157 2470 2404 2543 accipere
2440 2490 2640 2541 prunas
2668 2490 2696 2527 ο
2729 2474 2905 2543 medio
2934 2489 3127 2530 currus
3169 2478 3252 2530 sui
3294 2476 3611 2536 cherubim,
3656 2488 3859 2543 easque
3892 2488 4049 2543 sparv

831 2541 960 2610 gere
986 2558 1081 2613 per
1105 2543 1431 2613 Jerusalem,
1459 2554 1518 2597 ut
1547 2544 1647 2597 hoc
1677 2546 1830 2613 signo
1860 2549 2143 2613 portendat
2168 2541 2320 2599 urbis
2348 2544 2658 2599 incendium
2692 2557 2785 2611 per
2809 2542 3093 2600 Chaldaaos
3122 2565 3134 2600 :
3167 2557 3221 2600 et
3249 2560 3435 2599 rursus
3456 2561 3521 2597 ex
3554 2541 3787 2598 Danielis
3814 2556 3934 2605 vnt,
3964 2541 4057 2606 16,

837 2615 924 2667 ubi
960 2612 1188 2668 Michael
1220 2614 1372 2681 jubet
1404 2612 1707 2669 Gabrieleni
1736 2612 2019 2684 expunere
2050 2616 2258 2669 Danieli
2303 2616 2589 2669 visionem.
2626 2615 2701 2665 Ex
2741 2613 2941 2684 quibus
2979 2619 3233 2670 omnibus
3262 2618 3390 2670 locis
3433 2615 3719 2669 manifeste
3761 2613 4054 2683 colligitur,

833 2686 1060 2753 angelus
1093 2685 1403 2753 superiores
1435 2684 1722 2742 inferiores
1750 2683 1877 2740 suus
1909 2686 2094 2741 multis
2121 2691 2185 2743 de
2217 2687 2400 2755 rebus,
2432 2699 2565 2755 quas
2593 2683 3241 2753 ignorabant,instruere.

1881 3042 2368 3104 PARAPIIRASIS
2391 3044 2840 3101 manusua:
2876 3046 3009 3118 (ιδ).

898 3224 995 3297 §|.
1038 3223 1420 3280 Traducendus
1472 3224 1628 3278 modo
1682 3240 1859 3281 sermo
1907 3236 1992 3281 est
2040 3229 2107 3282 ad
2145 3229 2373 3282 medium
2405 3229 2439 3283 Α

2547 3224 2573 3295 §
2620 3225 2656 3277 Ι.
2700 3226 3060 3280 Μετενεκτὲον
3104 3226 3191 3283 τὸν
3238 3226 3391 3293 λόγον
3449 3226 3652 3296 ἅπάρτι
3698 3225 3792 3279 καὶ
3829 3225 3923 3277 ἐπὶ
3970 3226 4067 3297 τὴν

830 3319 1132 3373 cmlestium
1160 3316 1419 3371 virtutum
1461 3318 1726 3371 ordinem.
1768 3316 1885 3371 Non
1915 3318 2049 3372 dixit
2087 3331 2266 3374 autem
2296 3339 2386 3375 or-

834 3412 1035 3476 dinem,
1077 3408 1170 3465 sed
1203 3408 1638 3472 adornationem;
1672 3410 1929 3475 quoniam
1973 3410 2087 3466 hazc
2126 3412 2239 3480 ipsa
2271 3430 2391 3468 rur-

830 3518 952 3556 suin
983 3512 1093 3556 tres
1138 3501 1355 3555 ordines
1389 3501 1574 3553 habet.
1605 3500 1825 3572 Κόσμου
1865 3501 2045 3569 itaque
2072 3517 2164 3556 seu
2208 3512 2395 3555 ornatu

830 3610 931 3663 pro
953 3595 1143 3649 ordine
1170 3594 1338 3655 dicto,
1368 3600 1423 3645 et
1454 3593 1831 3661 praepositione
1856 3592 1943 3649 διὰ
1964 3607 2059 3645 seu
2091 3609 2184 3660 per
2218 3601 2393 3648 trans-

833 3687 969 3738 itum
1012 3685 1095 3739 vel
1146 3685 1545 3740 distinctionem
1584 3684 1889 3746 denotante,
1919 3682 2295 3755 διακόσμησιν,
2341 3686 2393 3740 id

829 3786 917 3832 est
956 3777 1346 3829 adornauonem
1408 3789 1503 3829 seu
1550 3773 1967 3830 distributionem
2028 3776 2197 3840 dixit,
2240 3776 2392 3831 ordi-

831 3884 954 3922 nem
983 3867 1235 3919 nimirum
1268 3866 1320 3918 in
1356 3868 1457 3918 tria
1481 3863 1852 3918 distributum.
1875 3864 2166 3920 Videamus
2210 3868 2392 3933 igitur,

831 3960 927 4013 sed
1008 3956 1535 4026 supermundialibus
1627 3954 2131 4027 intellectilibnsque
2201 3958 2390 4025 oculis,

831 4052 1008 4121 quoad
1043 4066 1347 4119 possumus,
1391 4048 1495 4118 77
1534 4047 1932 4102 dominationes
1974 4063 2037 4101 ac
2068 4049 2298 4103 virtutes
2329 4066 2395 4105 ac

833 4152 1147 4211 potestates.
1182 4142 1293 4194 Duo
1326 4142 1507 4209 itaque
1548 4140 1601 4195 lii
1631 4140 1870 4203 ordines,
1914 4139 2143 4194 virtutes
2182 4151 2307 4194 sunt
2334 4157 2396 4197 ac

832 4244 1149 4304 potestates,
1193 4234 1450 4302 quoniam
1497 4250 1524 4284 ιι
1561 4232 1755 4285 virtute
1790 4245 1983 4284 nomen
2026 4246 2393 4302 acceperunt:

834 4337 1075 4397 potestas
1110 4326 1254 4379 enim
1312 4325 1445 4378 nihil
1494 4323 1637 4376 aliud
1688 4330 1770 4376 est
1816 4338 1977 4391 quam
2014 4324 2256 4389 habitus,
2304 4328 2395 4396 qui

832 4435 1086 4490 congruae
1128 4416 1393 4471 voluntati
1435 4416 1688 4468 virtutem
1732 4425 2117 4486 coagruentem
2167 4416 2397 4471 obtinet.

834 4510 956 4563 Dixi
984 4520 1163 4562 autem
1186 4525 1454 4577 congrum,
1478 4509 1732 4578 quoniam
1760 4511 1849 4580 qui
1876 4518 2068 4577 potens
2090 4518 2193 4575 est,
2221 4520 2400 4578 posset

2493 3314 2665 3383 μέσην
2706 3313 2814 3367 τῶν
2858 3316 3120 3386 οὐρανίων
3166 3315 3442 3388 δυνάμεων
3476 3316 3645 3383 τάξιν.
3694 3317 3807 3368 Οὐκ
3839 3313 3963 3367 εἷπε
4012 3316 4069 3369 δὲ

2490 3404 2664 3471 τάξιν,
2696 3404 2829 3458 ἀλλὰ
2855 3405 3230 3477 διακόσμησιν,
3260 3409 3389 3461 διότι
3416 3408 3555 3477 αὕτη
3594 3407 3755 3461 πάλιν
3798 3410 3922 3479 τρία
3957 3410 4069 3478 ἔχει

2488 3497 2557 3549 τὰ
2585 3499 2860 3567 τάγματα.
2913 3500 3151 3569 Κόσμον
3176 3500 3303 3567 γοῦν
3347 3500 3642 3571 λεγομένης
3687 3501 3785 3569 τῆς
3829 3481 4066 3565 τάξεως,

2492 3588 2586 3641 καὶ
2625 3589 2721 3659 τῆς
2735 3588 2830 3642 διὰ
2858 3589 3119 3661 δηλούσης
3147 3582 3242 3662 τὴν
3288 3592 3634 3663 διαχώρησιν,
3659 3592 4070 3660 διακόσμησιν

2492 3675 2635 3744 εἷπε,
2670 3678 2906 3749 δηλονότι
2936 3680 3087 3747 τάξιν
3114 3684 3191 3744 εἰς
3223 3684 3347 3751 τρία
3383 3684 3804 3753 μεμερισμένην.
3841 3684 4072 3755 Ἰδωμεν

2494 3770 2644 3838 γοῦν,
2676 3772 2786 3824 ἀλλ’
2818 3774 3205 3843 ὑπερκοσμίοις
3234 3776 3325 3825 καὶ
3354 3779 3561 3845 νοητοῖς
3597 3775 3909 3845 ὀφθαλμοῖς,
3947 3776 4075 3829 καθ-

2494 3862 2568 3927 ώς
2598 3864 2711 3917 ἐστι
2736 3865 2955 3918 δυνατὸν
2976 3905 2990 3929 ,
3018 3864 3115 3927 τάς
3144 3866 3466 3939 κυριότητας
3485 3906 3498 3929 ,
3524 3867 3617 3918 καὶ
3655 3867 3750 3929 τὰς
3776 3867 4039 3937 δυνάμεις
4059 3909 4073 3931 ,

2496 3956 2591 4009 καὶ
2631 3956 2727 4018 τὰς
2771 3955 3034 4019 ἐξουσίας.
3078 3958 3157 4009 Τὰ
3203 3958 3328 4025 γοῦν
3364 3958 3455 4010 δύο
3481 3958 3649 4010 ταῦτα
3687 3960 3979 4027 τάγματα,
4020 3963 4072 4012 αἱ

2495 4046 2747 4117 δυνάμεις
2790 4049 2880 4100 καὶ
2922 4047 3186 4114 ἐξουσίαι,
3219 4050 3339 4101 ἐπεὶ
3384 4049 3790 4119 ἐπωνυμοῧνται
3819 4050 3932 4102 ἀπὸ
3981 4053 4075 4121 τῆς

2502 4139 2797 4209 δυνάμεως·
2831 4139 2949 4190 οὑδέ
2988 4140 3095 4210 γάρ
3135 4142 3280 4193 ἐστιν
3320 4142 3353 4212 ἡ
3391 4140 3605 4205 ἐξουσία
3642 4141 3767 4194 ἄλλο
3803 4158 3852 4192 τι
3899 4145 3955 4194 εξ
4004 4144 4075 4213 μη

2498 4213 2632 4295 ἕξις,
2666 4229 2957 4301 σύνδρομον
2996 4230 3090 4301 τὴν
3120 4231 3341 4301 δύναμιν
3371 4234 3435 4301 τῇ
3468 4235 3819 4305 προσηκούσῃ
3855 4233 4077 4305 Θελήσει

2502 4322 2713 4393 ἔχουσα.
2734 4326 3130 4391 Προσηκούσῃ
3160 4324 3215 4375 δὲ
3245 4321 3416 4389 εἷπον,
3452 4324 3531 4380 ὅτι
3563 4324 3775 4394 θελήσοι
3809 4327 3872 4378 Ξιν
3893 4331 3994 4380 καὶ
4014 4329 4079 4379 τά

2500 4416 2736 4469 ἀδύνατα
2755 4418 2781 4467 ό
2810 4416 3152 4479 ἐξουσιάζων,
3176 4416 3286 4468 ἀλλ’
3309 4418 3368 4468 οὑ
3391 4417 3634 4483 τεύξεται
3654 4418 3749 4487 τῆς
3774 4418 4073 4487 Θελήσεως·

2502 4512 2590 4563 διὰ
2609 4512 2764 4563 τοῦτο
2782 4510 2982 4563 τούτων
3008 4510 3325 4580 ἀμφοτέρων
3345 4508 3411 4561 τὰ
3432 4508 3628 4561 δυνατά
3656 4505 3773 4560 εἷπε
3805 4508 4076 4579 θεάματα.

833 4604 1000 4655 etiam
1044 4601 1177 4654 velle
1226 4599 1605 4670 impossibilia,
1652 4601 1745 4655 sed
1781 4616 1886 4655 non
1922 4602 2249 4671 adipiscetur
2279 4616 2399 4671 qua:
2431 4589 2439 4643 1

2512 4604 2623 4656 Οὐκ
2654 4599 2773 4655 εἷπε
2802 4603 2855 4656 δὲ
2889 4601 3182 4670 νοήματαο
3214 4602 3273 4653 τὸ
3301 4601 3407 4671 γὰρ
3450 4601 3620 4675 νόημα
3652 4600 3860 4669 κίνησις
3898 4602 4080 4671 ψυχῆς

834 4695 1019 4762 cupit;
1073 4704 1236 4761 atque
1282 4693 1486 4746 idcirco
1537 4703 1889 4761 utrorumque
1939 4693 2215 4761 possibilia
2266 4694 2439 4750 dixit.

835 4787 1171 4855 spectacula.
1219 4785 1335 4839 Non
1385 4796 1565 4839 autem
1606 4784 1743 4837 dixit
1793 4784 2179 4854 cogitationes;
2229 4787 2400 4854 siqui-

839 4886 960 4934 dem
990 4879 1245 4947 cogitatio
1278 4890 1451 4931 motus
1481 4889 1561 4931 cst
1591 4878 1819 4943 animae,
1852 4880 1943 4945 qui
1972 4892 2076 4931 non
2111 4878 2357 4932 subsistit
2385 4894 2400 4934 :

840 4976 932 5027 sed
966 4972 1295 5041 spectacula,
1342 4972 1455 5023 sive
1502 4985 1588 5023 res
1636 4986 1753 5038 quae
1788 4967 2040 5025 effectum
2075 4972 2401 5036 sortiuntur,

839 5078 897 5117 et
920 5065 1093 5118 oculis
1115 5062 1642 5133 supermundialibus
1666 5078 1937 5131 supraque
1961 5077 2198 5128 sensum,
2224 5064 2403 5131 quoad

843 5158 958 5211 ﬁeri
994 5166 1190 5225 potest,
1236 5164 1571 5223 spectantur.
1616 5155 1827 5209 Etenim
1862 5159 2282 5225 unumquodque
2314 5170 2404 5208 co-

844 5264 1077 5318 gnomen
1104 5239 1360 5301 mentium
1390 5247 1719 5310 divinarum,
1746 5224 2055 5301 Divinitatis
2080 5248 2405 5300 imitatrices

845 5342 1158 5396 earumdem
1209 5340 1504 5395 deiformes
1556 5342 1888 5395 demonstrat
1936 5357 1998 5395 ac
2050 5341 2228 5410 signat
2278 5357 2404 5407 pro-

845 5434 1126 5502 prietates.
1172 5435 1497 5502 Angelorutn
1541 5442 1721 5485 autem
1775 5433 1942 5487 Deum
1994 5434 2212 5485 imitans
2279 5447 2402 5499 pro-

849 5532 1052 5596 prietas
1092 5528 1193 5580 alia
1232 5537 1314 5579 est
1359 5528 1517 5590 alius,
1564 5528 1711 5580 verbi
1762 5529 1929 5596 gratia
1958 5566 1971 5589 ,
2022 5528 2277 5579 virtutum
2325 5534 2408 5580 est

847 5621 1109 5689 putentia,
1140 5620 1561 5672 dominationum
1610 5637 1737 5674 vero
1773 5607 2028 5683 libertas;
2065 5636 2181 5687 qua:
2229 5621 2409 5687 utique

920 5799 1031 5866 (1'5)
1077 5796 1201 5850 Vide
1240 5796 1419 5851 Schol.
1451 5798 1505 5851 S.
1536 5798 1775 5865 Maximi,
1812 5807 1937 5849 tom.
1970 5795 2028 5860 ll,
2064 5810 2180 5863 cap.
2207 5792 2257 5847 8.

2512 4696 2659 4746 ἐστιν
2684 4695 3077 4757 ἀνυπόστατος’
3109 4694 3241 4747 ἀλλὰ
3265 4694 3541 4761 θεάματα,
3571 4694 3735 4763 ῆγουν
3762 4693 4079 4764 ἐνυπαρκτσ.

2513 4788 2838 4859 πράγματα,
2883 4786 3078 4850 Θεατά,
3122 4788 3197 4849 ὡς
3234 4788 3471 4854 ἐφικτὸν,
3503 4786 3795 4856 ὀφθαλμοῖς
3842 4787 4079 4857 ὑπερκο-

2511 4884 2692 4951 σμίοις
2722 4882 2813 4933 καὶ
2844 4882 2980 4950 ὑπὲρ
3014 4880 3279 4949 αἴσθησιν.
3305 4881 3412 4932 Καὶ
3436 4878 3544 4950 γάρ
3574 4880 3776 4947 ἑκάστη
3798 4880 4082 4948 ἐπωνυμία

2511 4973 2618 5025 τῶν
2650 4972 2804 5023 Οείων
2840 4972 2971 5024 νόων
3008 4973 3249 5039 ἐκφαίνει
3282 4971 3374 5023 καὶ
3416 4970 3563 5039 δηλοῖ
3590 4970 3685 5031 τὰς
3718 4970 4083 5039 θεομιμήτους

2515 5065 2783 5132 ἰδιότητας
2810 5065 2905 5115 τοῦ
2934 5063 3193 5125 θεοειδοῦς
3215 5063 3407 5115 αὐτῶν.
3433 5062 3768 5131 Θεομίμητος
3793 5062 3848 5113 δὲ
3882 5063 4082 5131 ἔδιότης

2513 5157 2619 5208 τῶν
2654 5155 2895 5223 ἀγγέλων
2924 5158 3067 5207 ἐστίν
3097 5154 3227 5222 ἄλλη
3262 5154 3355 5223 μὲν
3388 5153 3567 5215 ἄλλου,
3600 5152 3695 5204 εἶτ’
3724 5148 3813 5203 οὖν
3837 5156 3960 5213 ταῖς
3994 5154 4083 5221 μὲν

2517 5247 2771 5316 δυνάμεσι
2804 5248 2863 5298 τὸ
2887 5247 3124 5307 δυνατὸν,
3155 5250 3272 5306 ταῖς
3306 5245 3362 5297 δέ
3388 5244 3667 5314 κυριότησι
3696 5244 3755 5295 τὸ
3777 5244 4077 5312 ἐλεύθερον·

2512 5338 2547 5393 ἃ
2578 5338 2639 5408 δὴ
2679 5341 2769 5391 ἐπὶ
2818 5339 2949 5391 Θεοῦ
2994 5337 3295 5407 άσύγκριτά
3322 5339 3426 5388 εἰσι
3454 5339 3546 5389 καὶ
3585 5337 3891 5405 ὑπέρτατα·
3933 5337 4082 5387 αὐτε-

2514 5432 2764 5503 λεύΟερον
2808 5433 2912 5502 γὰρ
2952 5434 3010 5484 τὸ
3055 5432 3203 5483 Θεῖον
3241 5432 3332 5483 καὶ
3375 5430 3758 5497 αὐτοδύναμον,
3795 5428 3993 5491 κοινῶς
4034 5428 4081 5480 δὲ

2518 5526 2676 5576 πάλιν
2712 5529 2821 5586 τοῖς
2853 5527 2983 5576 πᾶσι
3008 5526 3075 5576 τὰ
3106 5525 3279 5576 πάντα
3312 5524 3442 5575 ἐστι.
3481 5522 3626 5582 Τέως
3664 5522 3721 5573 δὲ
3747 5522 4082 5591 ἀπονενεμη-

2520 5634 2602 5667 ται
2646 5618 2721 5667 ἐνὶ
2752 5615 2964 5685 ἑκάστῳ
2994 5616 3084 5665 ἐπὶ
3113 5613 3271 5666 πλέον
3300 5613 3361 5665 τὸ
3402 5612 3528 5664 ἴδιον
3559 5611 3706 5681 παρὰ
3736 5610 3829 5663 τοῦ
3864 5612 4085 5683 ποιητοῦ
