4202 6300
192 362 306 422 865

691 357 783 416 ΒΕ
830 355 1159 416 C(ELESTI
1196 355 1640 420 HIERARCHIA,
1676 353 1828 411 CAP.
1866 351 1997 409 VIII.
2036 383 2108 396 --
2131 351 2474 408 PARAPHR.
2512 352 2971 410 PACHYMERE.

3323 355 3427 411 ειο

192 476 396 544 αὐτῶν,
427 475 516 531 ῑνα
552 475 620 530 τὰ
660 476 761 546 τῆς
803 449 1011 541 τάξεως
1052 474 1231 531 αὐτῶν
1267 475 1407 528 κατά
1447 474 1510 528 τὸ
1561 471 1760 537 ἰδιάζον

1864 472 1916 526 in
1949 471 2058 527 Deo
2099 472 2410 526 indistincta
2453 480 2577 527 sunt
2618 482 2674 526 et
2699 470 2969 540 superlata
2995 486 3011 527 :
3038 470 3307 541 siquidem
3341 474 3426 528 di-

194 566 630 638 φυλαχθήοηται.
659 565 779 619 Τῶν
823 566 921 637 μὲν
965 560 1058 624 οὖν
1087 549 1255 633 ἁγίων
1293 565 1624 635 κυριοτήτων
1670 565 1769 632 τὴν

195 656 573 728 ὲκδηλωτικὴν-
629 657 920 727 ὀνομασίαν
977 655 1340 725 ὑπολαμϐάνω
1396 653 1588 724 δηλοῦν
1637 655 1770 707 ἀνα-

195 750 390 820 γωγήν
433 765 555 801 τινα
599 747 692 800 καὶ
744 745 1022 816 ἀναφορὰν
1073 745 1402 808 ἀδούλωτον,
1451 745 1545 798 καὶ
1591 745 1773 815 πάσης

197 835 489 911 χθαμαλῆς
522 837 904 908 ταπεινότητος
943 835 1252 907 ἐλευθέραν·
1292 835 1374 888 διὸ
1411 833 1520 906 γὰρ
1559 834 1771 887 ἐλευθε-

202 928 490 1003 ροπρεπής
512 928 680 1000 ἐστιν,
727 917 902 982 οὐδενὶ
930 927 1133 1001 ,τρόπῳ
1173 927 1430 980 καθόλου
1477 925 1570 980 καὶ
1622 942 1773 978 συνε-

199 1016 365 1070 λόντα
395 1018 606 1070 είπεϊν’.
630 1016 722 1087 Μὴ
745 1011 852 1087 γὰρ
890 1014 1070 1087 εἴπῃς,
1105 1015 1186 1067 ὅτι
1215 1014 1442 1068 καθόλου
1473 1009 1609 1080 εἷπε,
1640 1013 1771 1066 διότι

205 1105 452 1180 μερικῶς
485 1108 662 1171 ποσῶς
696 1106 1106 1162 κατακλίνεται·
1151 1106 1322 1160 οὐδενὶ
1369 1108 1546 1161 τοίνυν
1587 1098 1773 1178 τρόπῳ

202 1197 584 1255 κατακλίνεταί
631 1215 735 1250 τινι
795 1197 904 1251 τῶν
952 1196 1317 1268 τυραννικῶν
1354 1198 1769 1268 ἀνομοιοτήτων.

201 1288 413 1359 Τρόποι
453 1288 511 1341 δέ
553 1289 656 1358 είσι
701 1288 803 1358 τῆς
847 1271 1269 1356 δουλοπρεπείας
1316 1287 1410 1339 καὶ
1454 1286 1551 1355 τῆς
1602 1303 1772 1339 κατα-

205 1377 440 1442 κλίσεως
475 1379 507 1450 ἢ
536 1378 719 1447 φόϐος,
749 1379 782 1450 ἢ
831 1375 1012 1441 αἰδὼς,
1043 1376 1075 1448 ἦ
1110 1377 1382 1439 κολακεία,
1417 1377 1453 1447 ἡ
1495 1376 1698 1438 ἔνδεια,
1739 1373 1773 1445 ἢ

204 1471 583 1543 ιμπάθεια,ἢ
627 1471 722 1527 καὶ
764 1470 938 1527 πάντα
979 1468 1134 1540 ὁμοῦ,
1165 1470 1199 1540 ἦ
1242 1485 1392 1522 τινα·
1422 1468 1457 1522 ἃ.
1489 1467 1552 1540 δὴ
1598 1468 1775 1521 πάντα

203 1565 322 1620 Ιτῶν
366 1565 695 1635 κυριατήτων
743 1563 930 1634 πόρρω
975 1560 1112 1626 stat,
1145 1560 1228 1613 ’δι’
1267 1560 1309 1615 ἃ.
1342 1560 1499 1628 τυχὸν
1554 1559 1774 1612 ὑποχλι-

206 1655 356 1710 θετεν
382 1660 492 1718 τοῖς
520 1655 776 1725 χείροσιν,
821 1653 854 1724 ἢ
880 1652 1182 1706 διακοπεϊεν
1217 1651 1317 1721 τῆς
1360 1650 1612 1720 τοιαύτης
1642 1651 1774 1703 ἀνα-ρ

204 1747 420 1818 ⁴δεδειγῆς.
459 1746 642 1799 Ταῦτα
682 1745 790 1816 γάρ
823 1744 892 1798 τὰ
936 1744 1100 1815 χείρω
1133 1742 1226 1796 καὶ
1262 1741 1419 1795 ὑλικά
1460 1742 1639 1811 λέγει,
1682 1743 1776 1794 καὶ

1870 563 2052 616 vinum
2079 561 2283 617 Numen
2313 563 2486 632 ipsum
2522 579 2625 633 per
2645 578 2704 620 se
2729 563 2983 628 liberum,
3015 577 3113 632 per
3136 578 3195 619 se
3238 572 3429 634 potens

1869 661 1989 718 est,
2031 655 2391 708 communiter
2432 664 2617 707 autem
2651 654 2904 709 onmibus
2937 655 3118 710 omnia
3157 663 3259 710 est.
3291 654 3430 709 Hac-

1872 753 2031 799 tenus
2099 755 2280 798 autem
2327 752 2387 800 ut
2435 745 2725 814 plurimum
2782 745 2998 800 cuilibet
3052 760 3239 802 eorum
3300 745 3430 814 quid

1871 837 2149 906 proprium
2187 837 2255 889 ab
2283 836 2520 891 Auctore
2562 835 2913 892 distributum
2959 844 3066 901 est,
3106 845 3165 890 ut
3213 852 3274 892 ea
3310 851 3431 904 quae

1872 937 1998 982 sunt
2026 927 2230 981 ordinis
2259 942 2472 994 eorum,
2515 928 2815 983 secundum
2856 925 3242 999 proprietatem
3273 943 3429 984 suam

1875 1028 2354 1074 conservarentur.
2400 1019 2607 1075 Nomen
2659 1020 2841 1087 itaque
2886 1020 3029 1088 quod
3071 1027 3287 1074 sanctas
3330 1018 3431 1072 de'-

1873 1111 2048 1178 signat
2077 1107 2495 1171 dominationes,
2525 1109 2781 1163 existimo
2809 1106 3095 1161 declarare
3125 1107 3428 1163 absolutum

1873 1201 2123 1270 aliquem,
2150 1208 2201 1253 et
2231 1201 2300 1253 ab
2329 1199 2475 1252 omni
2505 1209 2721 1254 terrena
2753 1200 2960 1252 vilitate
2989 1198 3213 1252 liberum
3241 1201 3307 1253 ad
3339 1214 3432 1253 su-

1873 1305 2040 1358 perna
2096 1288 2384 1345 transitum
2431 1305 2445 1341 :
2492 1287 2696 1344 idcirco
2734 1289 2879 1342 enim
2939 1288 3080 1342 liber
3119 1295 3238 1351 est,
3287 1289 3431 1356 quod

1876 1382 2020 1437 nullo
2051 1396 2278 1451 prorsus.
2305 1382 2464 1435 modo
2493 1380 2788 1450 quidquam
2833 1381 2904 1435 sit
2944 1394 3049 1448 quo
3093 1379 3322 1433 detineri
3352 1379 3434 1432 di-

1876 1485 2054 1527 catur.
2082 1473 2224 1528 Cave
2255 1467 2379 1528 vero
2408 1474 2574 1534 dicas,
2604 1486 2726 1527 eum
2767 1486 3000 1540 prorsus.
3023 1472 3259 1536 dixisse,
3289 1474 3432 1540 quod

1877 1565 2182 1636 partialiter
2232 1566 2564 1635 quandoque
2639 1563 2983 1619 inclinetur:
3032 1564 3181 1618 nullo
3249 1566 3433 1632 itaque

1877 1657 2036 1710 modo
2084 1655 2363 1727 tyrannica
2411 1652 2855 1707 dissimilitudine
2899 1653 3151 1721 quapiam
3195 1652 3430 1706 inclina-

1879 1759 1987 1802 tur.
2021 1746 2159 1801 Μοάὶ
2192 1755 2368 1799 autem
2399 1744 2677 1800 servitutis
2703 1749 2862 1811 atque
2894 1742 3255 1796 inelinationis
3283 1752 3430 1803 sunt,

207 1839 539 1911 τυραννικὰς
575 1838 980 1908 ἀνομοιότητας,
1012 1836 1132 1890 καθ’
1161 1835 1228 1898 ἃς
1259 1837 1289 1888 ὁ
1326 1835 1420 1889 νῦν
1454 1835 1614 1904 τυχὸν
1641 1834 1776 1904 ὑψη-

1880 1842 1959 1897 vel
1995 1842 2175 1904 timor,
2207 1838 2288 1894 vel
2318 1838 2510 1908 pudor,
2542 1837 2626 1892 vel
2656 1835 2914 1902 adulatio,
2957 1833 3039 1888 vel
3071 1845 3303 1903 egestas,
3346 1833 3432 1886 vel

209 1929 307 1992 λδς
346 1929 587 2001 χαμηλὸς
613 1929 701 1984 διὰ
734 1929 914 1999 φόϐον,
945 1929 979 1999 ἢ
1013 1927 1100 1981 διά
1122 1944 1175 1980 τι
1201 1926 1440 1981 τοιοῦτον
1458 1943 1472 1956 ·
1509 1929 1603 1980 καὶ
1628 1929 1655 1980 ό
1684 1926 1778 1980 νῦν

206 2022 456 2093 χαμηλὸς
515 2018 670 2085 αὖθις
721 2021 924 2091 ὑψηλὸς
959 2021 1024 2073 δι’
1063 2018 1392 2090 ὲμπάθειαν·
1442 2022 1778 2090 τυραννεῐται

204 2113 323 2187 γὰρ
380 2115 472 2168 καὶ
521 2108 675 2177 οὗτος
724 2113 872 2186 παρὰ
925 2112 1025 2184 τῆς
1077 2111 1396 2181 ὲμπαθείας.
1447 2108 1680 2164 Τοιαῦτα
1722 2110 1779 2166 δέ

204 2205 318 2258 αισι
367 2205 460 2258 καὶ
507 2203 577 2258 τὰ
619 2203 804 2270 ὑλικά,
836 2204 912 2268 ὡς
958 2203 1218 2276 μηδέποτε
1263 2202 1489 2274 μένοντα
1525 2203 1618 2254 ἐπὶ
1651 2217 1780 2254 ταυ-

202 2295 431 2367 ςότητος
449 2336 466 2362 ,
509 2296 621 2350 ἀλλ’
663 2294 749 2351 ἀεὶ
795 2296 1208 2368 μεταϐάλλοντα.
1263 2297 1478 2349 Τούτων
1528 2295 1778 2349 ἁπάντων

204 2385 317 2440 τῶν
362 2389 700 2459 τυραννικῶν
746 2389 1167 2460 ἀνομοιοτήτων,
1207 2388 1314 2442 τῶν
1355 2388 1550 2442 ὑλικῶν
1588 2403 1648 2439 τε
1686 2388 1779 2441 καὶ

205 2482 454 2545 δικαίων,
495 2481 766 2554 ἐλεύθεροί
811 2485 946 2537 είσιν
988 2485 1046 2536 αἱ
1083 2483 1426 2554 κυριότητες,
1457 2483 1533 2546 ὼς
1569 2482 1781 2551 ἀμείλιτ-

207 2587 350 2634 κτοι,
372 2572 468 2624 καὶ
495 2572 674 2642 πάσης
693 2573 1109 2644 δουλοπρεπείας
1132 2573 1541 2644 ὑπερκείμεναι.
1564 2575 1653 2644 Μή
1690 2554 1778 2643 μοι

206 2659 304 2719 οὖν
330 2663 532 2730 λεγέτω
559 2680 661 2726 τις,
703 2665 785 2716 ὅτι
817 2666 910 2717 καὶ
939 2665 990 2718 τί
1030 2665 1166 2736 πρὸς
1192 2665 1283 2718 τὸν
1315 2663 1445 2717 Θεὸν
1474 2667 1572 2718 οὐκ
1601 2665 1778 2735 ἔχουσι

205 2754 302 2810 τὸν
332 2755 493 2824 φόϐον
529 2756 622 2807 καὶ
651 2756 746 2827 τὴν
783 2756 1142 2821 δουλοποιίανς
1173 2756 1412 2810 ἀκουέτω
1441 2755 1567 2828 γὰρ,
1599 2757 1677 2810 ὃτι
1716 2758 1778 2810 οὐ

206 2847 454 2901 τοιοῦτον
487 2846 648 2917 φόϐον
677 2849 770 2901 καὶ
795 2851 857 2901 ού
887 2849 1138 2918 τοιαύτην
1171 2849 1302 2918 φησὶ
1339 2848 1777 2919 δουλοπρέπειαν,

208 2936 349 2994 ἀλλὰ
374 2939 472 3010 τὴν
497 2940 633 3009 πρὸς
659 2941 720 2992 τὸ
737 2944 936 3012 χεῖρον,
965 2941 1033 2994 τά
1061 2941 1293 3011 αἰσθητά
1322 2959 1458 3012 φημι
1482 2943 1574 2994 καὶ
1597 2957 1780 3011 σωμα-

207 3031 359 3085 τικά.
401 3031 585 3084 Ταῦτα
613 3032 720 3103 γὰρ
749 3034 809 3085 οὐ
850 3033 1187 3106 συγχωροῦσι
1215 3033 1283 3088 τὰ
1329 3035 1494 3097 ὅντως
1525 3034 1654 3088 ὄντα
1690 3034 1777 3086 ὲν-

207 3125 374 3175 νοεϊν.
405 3113 476 3192 Ὦ
509 3121 616 3193 γὰρ
660 3122 895 3193 ἤττηταί-
929 3141 1039 3188 τις,
1085 3124 1257 3194 τούτῳ
1299 3127 1390 3178 καὶ
1430 3124 1776 3188 δεδούλωται,

1879 1935 2082 2004 passio,
2130 1930 2214 1984 vel
2260 1931 2424 1984 etiam
2475 1930 2656 1984 omnia
2702 1927 2894 1991 simul,
2943 1924 3025 1980 vel
3064 1925 3434 1992 aliquazqnm

1879 2025 2059 2077 omnia
2086 2021 2328 2092 profecto
2361 2022 2516 2090 longe
2545 2022 2741 2073 absunt
2766 2034 2795 2072 a
2819 2018 3302 2083 dominationibus,
3339 2033 3434 2086 per

1879 2128 1997 2182 qua:
2024 2110 2161 2167 forte
2189 2112 2547 2166 deterioribus
2569 2111 2983 2180 subjicerentnr,
3011 2107 3095 2163 vel
3126 2109 3432 2162 istiusmodi

1881 2206 1946 2260 ad
1995 2219 2233 2274 superna.
2273 2203 2531 2257 transitus
2579 2203 2949 2269 impediretur.
2985 2200 3112 2256 Hmc
3161 2201 3307 2255 enim
3341 2200 3433 2254 de-

1881 2298 2077 2350 teriora
2113 2296 2244 2351 dicit
2283 2303 2335 2350 et
2383 2294 2701 2359 materialia,
2751 2294 3162 2364 tyranuicasque
3198 2293 3435 2362 inatqua-

1879 2385 2060 2442 litates
2107 2386 2402 2440 secundum
2443 2398 2578 2451 quas
2623 2381 2716 2451 qui
2783 2382 2942 2435 modo
2974 2380 3149 2434 elatus
3195 2389 3310 2445 est,
3339 2393 3438 2446 per

1880 2479 2130 2532 timorem
2162 2478 2240 2530 vel
2270 2477 2397 2545 quid
2427 2474 2607 2529 simile
2636 2473 2912 2543 dejicitur;
2947 2482 3000 2526 et
3026 2471 3115 2542 qui
3156 2471 3322 2525 ntudo.
3343 2471 3436 2525 ἀο-

1874 2571 2054 2640 iectus
2117 2579 2237 2632 est,
2285 2581 2499 2620 rursum
2566 2565 2738 2618 elatus
2796 2564 3001 2633 liteper
3052 2561 3433 2617 alfectiouetn:

1880 2661 2129 2732 quoniam
2162 2648 2248 2714 l'tic
2276 2660 2440 2713 etiam
2467 2656 2535 2710 ab
2577 2654 2876 2710 istiusmodi
2922 2647 3204 2709 allectione
3248 2662 3435 2725 tyran-

1879 2754 2000 2808 nice
2048 2754 2401 2824 gubernatur.
2435 2749 2741 2806 Istiusmodi
2788 2744 3113 2803 etiamsunt
3140 2748 3228 2802 illa
3264 2758 3436 2801 mate-

1882 2847 2056 2910 rialia,
2089 2858 2145 2901 nt
2169 2862 2288 2916 quae
2313 2859 2584 2913 nunquam
2618 2845 2668 2899 in
2696 2845 2884 2900 eodem
2919 2853 3059 2900 statu
3093 2851 3437 2911 permanent,

1879 2940 1972 2994 sed
2003 2954 2215 3007 semper
2246 2947 2638 3007 permutantur.
2673 2937 2830 2992 Hisce
2861 2937 3110 2991 omnibus
3139 2933 3436 3006 tyrannicis

1879 3026 2246 3081 materialibus
2271 3034 2324 3080 et
2347 3026 2592 3080 inanibus
2616 3026 3070 3096 intequalitatibus
3103 3025 3289 3079 liberze
3327 3022 3437 3093 78

1879 3130 2004 3174 sunt
2032 3117 2440 3181 dominationes,
2467 3128 2648 3187 utpote
2673 3120 3015 3186 incorruptae,
3035 3117 3290 3184 onmique
3315 3132 3432 3169 ser-

207 3210 418 3280 ταύτην
447 3211 540 3264 καὶ
587 3212 876 3283 μειογτικὴν
904 3211 1066 3281 λέγει.
1098 3213 1188 3266 Διὸ
1218 3214 1309 3267 καὶ
1350 3214 1620 3267 ἀνένδοτοί
1642 3217 1780 3268 εἰσιν

1880 3211 2046 3266 vitute
2075 3210 2399 3277 superiores.
2428 3209 2534 3264 Nec
2564 3211 2685 3280 quis
2717 3211 2846 3264 mihi
2889 3210 3034 3264 dicat
3065 3209 3173 3272 llic,
3205 3223 3298 3262 eos
3327 3222 3435 3260 non

211 3300 404 3370 ὑφέσει
435 3301 583 3372 πάσῃ
610 3302 702 3354 καὶ
727 3302 1105 3374 ὑτποδιϐασμῷ,
1127 3303 1219 3357 καὶ
1246 3304 1534 3378 ὲξῄρηνται
1562 3304 1780 3374 ἀπάσης

206 3391 612 3462 ἀνομοιότητος,
641 3395 716 3457 ὡς
742 3394 850 3448 νῦν·
870 3395 967 3465 ,μὲν
998 3395 1126 3458 ἴσως
1172 3391 1309 3448 εἶναι
1353 3395 1559 3466 ὑψηλὰς
1588 3396 1776 3461 αὐτὰς,

207 3481 310 3536 νῦν
340 3483 397 3536 δὲ
432 3485 832 3557 ὑποϐεϐηκυίας
874 3486 1234 3541 παντάπασιν.
1280 3487 1549 3555 Ἐφίενται
1594 3487 1649 3540 δὲ
1680 3487 1780 3557 τῆς

207 3574 384 3638 ὅντως
426 3577 768 3659 κυριότητος,
813 3580 912 3631 καὶ
933 3579 1033 3648 τῆς
1076 3570 1183 3631 τῶν
1215 3581 1546 3649 κυριοτήτων
1575 3579 1777 3650 ἀρχῆς,

208 3672 386 3744 ἤγουν
420 3674 521 3745 τῆς
567 3675 857 3746 Θεότητος·
899 3679 992 3731 καὶ
1038 3678 1363 3746 ἀγαθοειδῶς
1398 3679 1484 3733 ἀεὶ
1521 3679 1779 3732 διαπλάτ-

209 3783 370 3822 mat
401 3769 476 3839 μὴ
509 3770 664 3840 μόνον
711 3771 929 3836 ὲαυτάς,
961 3772 1096 3826 ἀλλά
1141 3775 1234 3827 καὶ
1266 3772 1366 3837 τὰς
1420 3774 1534 3844 μετ’
1581 3773 1778 3838 αὐτὰς,

210 3856 293 3922 ὣς
335 3857 573 3926 ἐφικτὸν,
610 3860 747 3931 πρὸς
786 3862 885 3934 τὴν
927 3863 1222 3934 ἐμφέρειαν
1258 3865 1351 3918 καὶ
1393 3865 1494 3936 τὴν
1527 3867 1780 3936 ὁμοίωσιν

209 3946 314 4018 τὴν
361 3950 557 4020 κυρίαν
601 3952 694 4003 καὶ
722 3951 976 4023 ἀληθινὴν
1003 3954 1192 4024 αὐτῆς,
1222 3956 1386 4026 ἤγουν
1429 3955 1527 4026 τῆς
1557 3974 1781 4028 κυριαρ-

210 4036 360 4106 χίας.
394 4038 534 4108 Ὅρα
569 4038 626 4091 δὲ
664 4041 741 4092 ὅτι
780 4041 881 4094 οὐκ
921 4042 1158 4111 ἐφίενται
1201 4045 1415 4108 πάντως
1454 4045 1780 4117 ὑψηλοτέρου

204 4124 462 4196 βαθμοῦ·
489 4123 634 4199 εἶχον
672 4130 778 4202 γὰρ
812 4130 898 4185 av.
919 4133 1019 4204 τὴν
1044 4132 1393 4207 ἔφεσιν-πρὸς
1428 4135 1524 4208 τὴν
1563 4136 1781 4208 πρώτην

209 4213 591 4288 διακόσμησιν,
624 4223 715 4274 καὶ
744 4222 1011 4292 ὲμπάθεια
1040 4221 1106 4296 ἦν
1133 4227 1190 4279 ὲν
1222 4228 1431 4292 αὐτοῖς,
1462 4229 1558 4281 καὶ
1586 4245 1782 4301 τυραν-

210 4305 355 4376 νικῷ
396 4308 737 4365 ἐδεδούλωντο
766 4312 943 4367 πάθει.
976 4316 1049 4369 Οὐ
1087 4316 1244 4371 τοῦτο
1280 4319 1430 4386 γοῦν,
1467 4319 1578 4372 ἀλλ’
1606 4321 1783 4388 ἐφίεν-

210 4414 330 4459 ται,
372 4400 463 4453 καὶ
505 4402 666 4454 οἰονεὶ
704 4405 1057 4476 ἀγαπητικῶς
1095 4408 1274 4478 ἔχουσι
1319 4411 1416 4480 τῆς
1463 4411 1654 4481 κυρίας
1689 4414 1784 4465 καί

212 4491 583 4560 κυριαρχικῆς
608 4493 919 4564 ἑμφερείας,
952 4496 1028 4560 ὡς
1067 4497 1237 4561 ἄλλως
1268 4498 1340 4570 μὴ
1378 4501 1436 4553 ὃν
1462 4501 1783 4572 κυριότητας

1851 3304 2082 3360 habere
2129 3306 2377 3358 timorem
2424 3319 2486 3358 ac
2525 3304 2838 3358 servitutem
2870 3303 2963 3359 Dei
2998 3324 3010 3359 :
3042 3303 3224 3358 audiat
3267 3303 3432 3366 enim,

1881 3404 1940 3451 ut
1981 3410 2090 3449 non
2136 3395 2434 3449 istiusmodi
2484 3396 2756 3460 timorem,
2804 3410 2978 3463 neque
3015 3394 3173 3447 talem
3201 3393 3436 3448 servitu-

1880 3496 1985 3543 tem
2018 3487 2182 3550 dicat,
2212 3487 2303 3540 sed
2330 3477 2448 3540 eam
2474 3501 2591 3554 qua?
2613 3495 2693 3540 est
2724 3501 2904 3540 rerum
2936 3487 3285 3550 deteriorum,
3314 3500 3437 3539 sen-

1882 3577 2149 3641 sibilium,
2194 3578 2444 3644 inquam,
2487 3587 2540 3632 et
2568 3593 2947 3646 corporearnm
2975 3595 2988 3630 :
3020 3577 3105 3630 illa
3152 3579 3296 3631 enim
3328 3592 3440 3632 non

1883 3671 2066 3726 sinunt
2095 3685 2157 3724 ea
2205 3685 2324 3740 quas
2355 3685 2480 3724 vera
2532 3680 2657 3724 sunt
2695 3671 3059 3724 considerare.
3109 3667 3240 3722 Nam
3272 3684 3299 3722 a
3328 3685 3438 3739 quo

1883 3764 2005 3834 quis
2046 3763 2288 3818 devictus
2334 3775 2445 3830 est,
2478 3764 2592 3834 ejus
2628 3774 2678 3818 et
2722 3781 2762 3818 δέ
2801 3780 2910 3818 ’νυε
2949 3763 3123 3819 tactus
3151 3773 3254 3827 est,
3300 3764 3440 3817 hanc

1883 3858 2042 3911 etiam
2071 3856 2477 3911 imminuentem
2512 3867 2689 3910 vocat.
2736 3859 2938 3911 lucirco
2976 3858 3139 3911 etiam
3177 3857 3244 3910 ab
3286 3857 3435 3911 omni

1883 3945 2184 4013 dejectione
2209 3961 2272 4000 ac
2300 3945 2633 4015 subiectione
2668 3947 2847 4001 libera:
2877 3956 3022 4010 sunt,
3049 3956 3106 4000 et
3128 3947 3439 4001 eximuntur

1883 4039 1951 4093 ab
1991 4039 2134 4093 omni
2186 4038 2566 4108 inaequalitate,
2601 4055 2665 4093 nc
2697 4041 2855 4095 modo
2899 4040 3118 4110 quidem
3171 4039 3305 4093 forte
3343 4056 3436 4097 su-

1883 4131 2074 4187 blimes
2121 4134 2267 4197 sint,
2307 4133 2465 4186 modo
2510 4148 2639 4188 vero
2677 4132 2926 4187 omnibus
2965 4134 3238 4201 subjectae.
3284 4132 3436 4186 Desi-

1883 4223 2074 4276 derant
2128 4233 2304 4278 autem
2363 4238 2547 4276 verum
2608 4218 2976 4291 dominatum,
3022 4232 3074 4276 et
3118 4223 3436 4292 principium

1883 4312 2326 4374 dominationum,
2361 4313 2411 4365 id
2450 4320 2532 4365 est
2583 4310 2960 4377 Diviuitatem;
2994 4323 3166 4379 atque
3199 4314 3439 4366 bonitor-

1883 4401 2041 4456 miter
2071 4418 2280 4471 semper
2305 4417 2409 4455 non
2439 4402 2753 4470 scmetipsas
2785 4410 3014 4468 tantum,
3050 4418 3236 4458 verum
3269 4404 3431 4458 etiam

1886 4494 2186 4556 inferiores,
2218 4495 2395 4561 quoad
2427 4492 2539 4546 ﬁeri
2580 4502 2774 4561 potest,
2804 4508 3012 4561 semper
3049 4495 3436 4551 transformant

210 4576 391 4641 αὐτὰς
417 4575 582 4643 εἶναι,
610 4581 642 4651 ἧ
680 4583 850 4647 οὕτως
887 4586 1114 4656 ἐχούσας
1142 4589 1275 4659 πρὸς
1301 4590 1389 4642 τὸν
1418 4590 1650 4662 Ποιητὴν
1687 4594 1780 4645 αὐ-

1851 4599 1858 4641 ι
1888 4586 1953 4639 ad
1997 4586 2265 4654 propriam
2298 4598 2588 4652 veramque
2632 4583 2758 4649 Dei,
2806 4584 2918 4637 sive
2951 4584 3253 4640 dominatus
3281 4588 3436 4655 prin-

207 4665 350 4729 τῶν,
392 4667 467 4732 ὡς
493 4670 784 4741 λαμϐάνειν
831 4676 1041 4730 ἐκεῖθεν
1062 4678 1157 4748 τὴν
1199 4679 1299 4749 τῆς
1333 4683 1645 4752 κυριότητος
1692 4685 1783 4736 eti-

213 4771 428 4810 στασιν.
473 4759 914 4834 Ἐπιστρέφονται
951 4766 1010 4820 δὲ
1046 4769 1180 4838 πρὸς
1215 4771 1362 4824 οὐδὲν
1400 4772 1507 4824 τῶν
1535 4775 1656 4843 εἰκῆ
1697 4774 1782 4827 δο-

213 4843 476 4908 κούντων,
507 4849 674 4918 ἤγουν
702 4852 809 4907 τῶν
857 4858 1177 4926 σωματικῶν
1225 4862 1315 4912 καὶ
1359 4862 1432 4932 μὴ
1481 4866 1785 4934 προσηκόν-

210 4951 350 4998 των,
379 4938 514 4992 ἀλλά
551 4942 689 5012 πρὸς
723 4945 783 4997 τὸ
819 4948 1022 5017 κυρίως
1047 4950 1125 5013 ὃν,
1161 4951 1250 5004 τὸν
1278 4952 1426 5016 Θεὸν,
1457 4956 1549 5008 καὶ
1578 4956 1786 5023 γίνεται

211 5025 276 5080 ἂν
309 5029 566 5102 μετουσίᾳ
608 5033 708 5103 τῆς
753 5041 1115 5111 κυριαρχικῆς
1142 5041 1426 5107 Θεοειδείας
1453 5046 1590 5099 κατὰ
1618 5047 1678 5099 τὸ
1704 5048 1784 5100 δυ-

210 5114 377 5170 νατὸν
402 5119 592 5189 αὐτῆς,
621 5123 696 5186 ὼς
724 5120 859 5180 εἶναι
888 5129 981 5180 καὶ
1006 5129 1205 5194 ταύτας
1233 5134 1450 5203 κυρείας
1479 5136 1571 5188 καὶ
1596 5137 1778 5207 κυριό-

212 5223 408 5278 τητας.
443 5211 772 5283 Ἀμείλικτον
795 5218 851 5271 δέ
881 5236 1010 5289 φησι
1050 5225 1335 5295 κυριότητα
1361 5228 1458 5298 τὴν
1485 5228 1771 5298 ἀναγωγὴν
1802 5233 1811 5243 ”

211 5300 427 5364 αὐτῶν,
473 5306 634 5359 οἱονεὶ
693 5309 1084 5377 ἀκολάκευτον,
1126 5316 1547 5387 ἀπαρὲγκλιτον,
1598 5321 1780 5390 μηδενὶ

215 5395 585 5468 γαργαλισμῷ
634 5400 735 5470 τῆς
786 5403 917 5474 ὕλης
958 5407 1395 5480 ὑποκλινομένην.
1432 5414 1558 5465 Λύει
1602 5414 1657 5465 δὲ
1700 5417 1783 5465 ὲν-

211 5484 394 5538 ταῦΟα
420 5489 509 5540 καὶ
535 5491 753 5561 σφάλμα
782 5512 834 5547 τι
863 5495 971 5549 τῶν
998 5498 1287 5568 ἐλληνικῶν
1327 5503 1644 5572 φιλοσόφων,
1688 5507 1780 5557 καὶ

215 5577 459 5642 εὐσεϐῶς
503 5583 862 5654 ἐπισκήπτει·
904 5591 1095 5643 ἐκεῖνοι
1127 5593 1232 5663 γὰρ
1263 5595 1394 5658 ίδίας
1430 5597 1578 5659 τινὰς
1622 5598 1775 5652 δυνά-

218 5692 353 5742 μεις
374 5683 520 5748 τρεῖς
546 5682 889 5751 ἀμειλίκτους
919 5692 1381 5762 προσηγόρευσαν,
1420 5696 1782 5765 προελθούσας

217 5765 305 5826 εις
333 5766 561 5840 ὕπαρξιν
589 5774 653 5826 ἐκ
690 5793 848 5832 τινων
878 5780 982 5848 πρὸ
1011 5782 1187 5835 αὐτῶν
1216 5786 1414 5854 ὲτέρων
1437 5787 1601 5856 τριῶν
1628 5789 1783 5840 δυνά*

221 5871 392 5926 mw,
426 5862 486 5915 οὐ
523 5866 629 5936 μὴν
659 5868 721 5920 ὲκ
753 5867 888 5922 Θεοῦ
917 5869 1404 5946 δημιουργηθείσας
1452 5877 1652 5943 ἰδικῶς·
1693 5880 1782 5934 καί

1884 4676 2027 4744 cipji,
2050 4675 2454 4729 similitudinem
2478 4683 2532 4727 et
2554 4674 3013 4728 assimilationem.
3035 4676 3268 4732 Observa
3289 4693 3433 4741 vero,

1883 4768 2154 4837 quomodo
2186 4783 2302 4820 non.
2326 4776 2582 4834 appetant
2623 4767 2843 4819 omnino
2886 4769 3110 4835 gradum
3162 4769 3438 4823 sublimio-

1884 4879 2041 4916 rem:
2094 4861 2423 4915 ambiveran:
2475 4860 2618 4913 enim
2667 4860 2858 4928 aliane
2914 4861 3137 4926 primam
3178 4861 3435 4914 distribu-

1885 4955 2115 5015 tionem,
2160 4961 2216 5006 et
2264 4951 2476 5005 affectio
2528 4960 2645 5004 erat
2688 4951 2739 5003 in
2787 4950 2887 5012 eis,
2938 4962 3101 5018 atque
3149 4952 3438 5019 tyrannica:

1884 5044 2120 5115 passioni
2169 5042 2424 5110 subjectae
2471 5049 2618 5096 sunt.
2665 5040 2779 5093 Non
2841 5041 2910 5094 ita
2954 5041 3096 5105 istm,
3130 5040 3221 5094 sed
3270 5055 3436 5108 appe-

1888 5145 2027 5201 tunt,
2055 5147 2107 5190 et
2133 5136 2532 5206 quodammodo
2561 5134 2803 5188 obtinent
2831 5149 2924 5201 per
2953 5134 3312 5197 dilectionem,
3344 5134 3437 5186 do-

1888 5232 2185 5308 minatum,
2238 5240 2292 5284 et
2330 5229 2579 5299 principii
2629 5229 2936 5281 dominatus
2988 5227 3434 5288 similitudinem;

1887 5325 1959 5376 ita
1991 5333 2047 5376 ut
2078 5322 2212 5376 alias
2238 5337 2342 5376 non
2367 5331 2548 5376 essent
2573 5323 2990 5381 dominationes,
3017 5321 3120 5372 nisi
3154 5319 3252 5372 hoc
3278 5322 3436 5372 modo

1884 5430 2010 5481 erga
2044 5415 2385 5468 Conditorem
2412 5430 2564 5468 somn
2593 5413 2954 5475 allicerentnr,
2986 5415 3057 5467 ita
3087 5422 3142 5464 ut
3171 5413 3291 5464 inde
3324 5422 3435 5464 sta-

1887 5519 1995 5560 tum
2030 5507 2413 5559 dominationis
2442 5506 2726 5571 accipiant.
2756 5506 2831 5555 Ad
2867 5505 2998 5556 nihil
3033 5514 3210 5555 autem
3244 5517 3432 5555 eorum

1887 5615 2006 5668 quae
2037 5609 2236 5651 temere
2261 5608 2517 5666 apparent,
2545 5606 2958 5661 convertuntur,
2985 5594 3170 5663 quales
3191 5602 3315 5644 sunt
3347 5608 3435 5644 res

1885 5708 2155 5759 corporeze
2195 5701 2248 5744 et
2296 5693 2592 5756 indecoris;
2625 5692 2717 5744 sed
2764 5691 2829 5741 ad
2864 5689 2912 5742 id
2951 5688 3090 5755 quod
3144 5700 3268 5738 vere
3313 5695 3430 5748 est,

1885 5785 2092 5838 scilicet
2124 5784 2311 5846 Deum,
2340 5793 2499 5852 atque
2531 5788 2624 5846 ita,
2658 5792 2917 5849 quantum
2969 5781 3018 5832 in
3054 5781 3132 5833 eis
3168 5786 3270 5837 est.
3305 5792 3432 5843 par-

1889 5879 2082 5949 ticipes
2115 5878 2247 5934 tiunt
2277 5877 2652 5934 deilormitatis
2681 5876 2956 5943 ipsiusmct
2984 5872 3229 5943 principii
3256 5870 3432 5924 domi-
