4202 6300
793 337 898 392 247

1941 337 1998 393 S.
2037 336 2334 393 DlONYSll
2365 336 2454 390 AR
2463 337 2828 398 ΕΟΡΑΟΙΤΑΞ

3920 339 4036 397 ειε

793 453 1094 513 natlonum,
1121 450 1257 505 sicut
1295 451 1461 505 etiam
1495 452 1623 520 ipsa:
1657 452 1764 506 sint
1795 451 2106 505 dominatus
2152 466 2216 506 ac
2261 451 2357 506 do-

2459 468 2621 519 φασιν
2669 447 2806 503 εἶναι
2852 453 2979 512 τοὺς
3034 451 3378 521 ἀμειλίκτους
3431 451 3651 514 τούτους
3702 453 4034 518 οποπεζίους

791 543 1136 596 minationes.
1182 543 1385 597 Eorum
1427 554 1607 597 autem
1658 546 1722 597 ad
1770 558 2004 612 superna
2037 543 2356 606 transitum,

793 632 1217 687 dominationem
1262 644 1419 687 vocat
1451 633 1822 700 inﬂexibilem,
1849 635 2004 702 quasi
2035 634 2362 688 adulationis

789 731 844 774 et
872 721 1118 776 criminis
1144 735 1442 788 exsortem,
1481 724 1620 777 nulla
1653 728 1895 780 materia:
1928 725 2235 780 titillatione
2267 726 2354 779 in-

789 812 1068 866 clinatam.
1100 810 1274 865 Solvit
1319 821 1500 866 autem
1536 813 1626 867 hic
1678 815 1843 867 etiam
1892 829 2132 869 errorem
2175 829 2362 880 quem-

791 902 913 953 dam
971 901 1413 972 philosophorum
1491 903 1818 972 gentilium,
1874 921 2034 974 quem
2114 904 2362 974 religiose

789 989 1110 1059 perstringit
1148 1003 1165 1041 :
1204 989 1277 1044 illi
1330 992 1473 1044 enim
1515 993 1761 1060 proprias
1817 995 2078 1060 quasdam
2134 996 2361 1048 virtutes

791 1089 904 1133 tres
944 1078 1262 1133 inﬂexibiles
1295 1080 1668 1148 appellabant,
1710 1097 1831 1151 qua:
1879 1097 1944 1136 ex
1983 1083 2103 1137 aliis
2148 1097 2364 1152 quoque

788 1171 964 1224 tribus
1012 1172 1282 1239 prioribus
1329 1173 1628 1227 virtutibus
1684 1174 1737 1227 in
1792 1174 1968 1228 lucem
2015 1174 2360 1245 prodierant,

785 1276 892 1314 non
923 1271 1100 1314 autem
1131 1277 1159 1314 a
1190 1263 1298 1315 Deo
1330 1265 1550 1332 proprie
1576 1263 1793 1318 fuerant
1821 1276 2160 1334 procreatte:
2189 1266 2364 1319 aiuntc

786 1365 910 1416 que,
956 1351 1052 1404 has
1083 1351 1411 1406 inllexibiles
1453 1352 1794 1421 spiritalibus
1826 1354 1914 1418 iis,
1947 1368 1977 1406 a
2007 1353 2205 1420 quibus
2235 1367 2363 1420 pro-

785 1443 956 1496 ducta:
985 1441 1218 1508 fuerant,
1262 1443 1558 1497 virtutibus
1607 1444 1930 1508 substratas,
1962 1455 2020 1497 ut
2053 1445 2358 1499 retinerent

784 1533 1182 1602 quodanunodo
1230 1544 1283 1589 et
1335 1534 1617 1601 subirent,
1657 1537 1732 1591 “ac
1777 1536 2099 1590 cohiberent
2149 1537 2362 1605 priores

784 1624 927 1687 illas,
957 1640 1023 1678 ne
1070 1626 1124 1678 in
1171 1625 1457 1679 materiam
1496 1625 1890 1692 dilaberentur;
1928 1635 2091 1696 atque
2135 1625 2237 1681 hoc
2277 1625 2361 1678 in-

783 1713 1053 1770 ﬁrmiores
1091 1729 1214 1770 esse
1252 1716 1319 1769 iis
1363 1730 1482 1783 quae
1523 1717 1733 1786 seipsas
1775 1717 2174 1786 produxerunt,
2219 1718 2359 1785 quod

787 1809 1022 1864 debeant
1069 1809 1392 1879 semetipsas
1447 1792 1749 1875 continere,
1800 1827 1868 1867 ne
1915 1810 2184 1864 labantur.
2234 1809 2360 1866 Haec

785 1900 1009 1971 quidem
1074 1910 1329 1969 tanquam
1398 1902 1453 1956 in
1520 1904 1842 1971 compendio
1907 1909 2033 1956 sunt
2107 1901 2354 1968 illorum,

786 1988 1020 2060 79.bic
1049 2001 1227 2045 autem
1260 2004 1482 2046 sanctus
1529 1995 1807 2061 sapienter
1863 1993 1929 2047 iis
1983 1993 2167 2048 omnia
2221 2008 2355 2047 con«

789 2081 960 2136 traria
1017 2083 1188 2136 tradit
1223 2099 1235 2134 :
1268 2098 1335 2137 ex
1384 2082 1494 2137 Deo
1549 2086 1696 2138 enim
1752 2099 1846 2142 eas
1894 2100 1989 2153 per
2022 2087 2356 2141 creationem

785 2175 1078 2244 productas
1111 2177 1332 2236 asserit.
1359 2174 1514 2242 Cujus
1547 2177 1714 2229 etiam
1747 2177 2156 2231 similitudinem
2185 2178 2236 2230 in
2263 2179 2357 2232 do-

784 2267 996 2321 minatu
1032 2276 1242 2331 tenent,
1294 2268 1440 2335 ipsas
1470 2276 1649 2322 tamen
1707 2267 2170 2323 intlexibilitatem
2228 2284 2354 2337 erga

783 2374 996 2414 omnem
1030 2360 1447 2413 submissionent
1477 2361 1688 2414 ratione
1727 2359 2117 2414 d0minationis
2150 2339 2354 2416 habere

785 2441 935 2515 dicit,
969 2450 1128 2519 quasi
1155 2454 1428 2507 caedentes
1458 2461 1512 2504 et
1544 2452 1908 2516 dissecantes,
1953 2459 2007 2505 et
2037 2465 2142 2505 non
2172 2453 2357 2505 sinen-

785 2554 865 2596 tes
918 2541 1178 2611 superare
1224 2542 1576 2612 cupiditatem
1623 2540 1984 2603 sensibilium,
2019 2557 2122 2594 non
2171 2552 2351 2595 tamen

782 2648 876 2688 eas
903 2649 1022 2702 quae
1048 2636 1365 2702 prarcedunt
1399 2633 1740 2688 eobibentes.
1785 2634 1924 2689 Dicit
1957 2634 2162 2702 itaque,
2199 2634 2344 2701 quod

780 2733 837 2780 et
864 2724 1187 2781 inﬂexibiles
1234 2727 1344 2779 sint
1389 2725 1457 2779 ad
1517 2725 1745 2790 malum,
1797 2735 1850 2778 et
1896 2724 2236 2779 dominatum
2273 2735 2354 2777 te-

793 2827 961 2870 neant
995 2833 1012 2881 ;
1046 2828 1206 2884 atque
1234 2817 1362 2871 hinc
1406 2818 1777 2886 praecedentes
1802 2815 2026 2868 minime
2058 2815 2350 2876 excedunt.

779 2921 850 2960 ne
884 2910 937 2960 in
974 2909 1258 2959 materiam
1311 2906 1642 2960 dilabantur.
1680 2906 2000 2960 Sanctarum
2036 2915 2218 2959 autem
2243 2907 2354 2959 vir-

786 3009 965 3054 tutum
1027 3015 1222 3053 nomen
1293 2998 1551 3051 existimo
1607 2999 1660 3051 in
1712 2997 1986 3052 communi
2037 2997 2352 3067 signiﬁcare

785 3092 1082 3144 ntasculam
1116 3091 1406 3160 quamdam
1456 3099 1507 3142 et
1542 3100 1881 3144 constantem
1912 3087 2250 3153 virilitatem,
2281 3088 2351 3140 ri»
2379 3123 2420 3181 ϐ

783 3186 987 3253 gidain,
1042 3197 1316 3250 asperam,
1367 3195 1636 3237 severam.
1685 3179 1874 3247 Neque
1918 3194 2051 3233 vero
2099 3181 2351 3242 audiens.

782 3278 1017 3329 virtutes
1052 3273 1170 3327 illas
1194 3273 1412 3326 divinas
1464 3271 1700 3326 femineo
1734 3272 1956 3325 nomine
1984 3281 2350 3340 nuncupatas,

783 3366 1052 3422 muliebre
1096 3365 1225 3432 quid
1263 3365 1330 3417 iis
1364 3365 1612 3417 ascribas
1642 3381 1656 3417 :
1687 3363 1861 3417 virilis
1898 3364 2042 3416 enim
2074 3363 2352 3433 signiﬁca—

786 3461 864 3512 tio
897 3459 1173 3525 dictioque
1199 3459 1266 3512 de
1300 3457 1519 3510 feminis
1578 3455 1850 3520 virilibus,
1887 3466 1942 3510 et
1970 3457 2111 3511 virili
2172 3467 2352 3512 mente

785 3551 1050 3620 praeditis,
1081 3561 1174 3602 aut
1204 3548 1343 3601 virili
1378 3549 1574 3602 robore
1619 3547 1968 3615 pollentibus,
2011 3546 2350 3600 enuntiatur.

787 3622 1004 3695 Habent
1049 3653 1226 3693 autem
1283 3638 1597 3692 virilitatem
1634 3655 1647 3690 :
1677 3639 1742 3691 ad
1767 3637 1895 3706 quid
1929 3637 1952 3689 ?
1983 3651 2088 3690 non
2127 3637 2194 3690 ad
2221 3635 2354 3690 diﬂi-

791 3735 1025 3789 cultates
1066 3732 1386 3794 incidentes,
1424 3729 1808 3798 tristitiasque,
1843 3738 1899 3784 ut
1931 3729 1982 3782 in
2018 3727 2175 3782 nobis
2203 3729 2354 3783 acci-

785 3824 912 3890 dit;
951 3824 1068 3876 brec
1117 3821 1262 3877 enim
1334 3835 1508 3889 neque
1557 3820 1856 3874 virtutibus
1901 3818 2106 3872 divinis
2151 3833 2354 3872 conve-

785 3915 941 3968 niunt
972 3935 982 3967 :
1010 3922 1064 3967 et
1096 3913 1163 3966 ab
1190 3913 1503 3965 extrinseco
1554 3918 1858 3974 moventur,
1894 3917 1951 3962 ut
1979 3907 2141 3961 aliter
2171 3907 2350 3962 istius-

787 4005 931 4056 modi
1002 4003 1234 4056 virilitas
1290 4015 1554 4071 apparere
1608 4012 1862 4068 nequeat,
1916 3999 2020 4054 nisi
2068 3997 2353 4053 diﬂicultas

785 4097 1086 4149 exoriatur.
1123 4094 1238 4148 Non
1288 4097 1472 4163 itaque
1501 4094 1568 4147 ad
1600 4094 1715 4148 haec
1767 4102 1978 4146 tantum
2033 4091 2352 4146 virilitatem

785 4189 1058 4251 obtinent,
1103 4189 1198 4241 sed
1249 4187 1316 4241 ad
1371 4201 1562 4241 omnes
1607 4202 1737 4240 suas
1768 4186 2060 4240 deiiormes
2091 4187 2349 4240 actiones.

788 4279 911 4331 Dixi
937 4288 1119 4332 autem
1151 4294 1297 4343 suas,
1350 4279 1476 4346 quia
1521 4277 1745 4331 cuilibet
1784 4293 1881 4331 sua
1923 4277 2140 4346 propria
2170 4278 2349 4331 divina

786 4370 1046 4436 competit
1101 4371 1367 4436 operatio,
1410 4369 1484 4421 ita
1519 4377 1578 4420 ut
1610 4383 1716 4421 non
1769 4368 1985 4422 deficiat
2023 4369 2078 4421 in
2109 4367 2218 4421 ulla
2251 4369 2351 4422 sibi

2459 543 2566 598 τῶν
2613 541 3061 612 προϐαλλομένων
3109 542 3277 604 αὑτὰς
3321 543 3527 614 νοητῶν
3569 542 3869 613 δυνάμεων,
3901 546 4035 597 ἀνα-

2461 632 2771 695 στέλλοντας
2799 631 2985 703 ῶσπερ
3007 633 3100 685 καὶ
3121 633 3492 695 ἐπιϐαίνοντας
3520 633 3614 686 καὶ
3639 634 4035 704 ἀντεχομένους

2458 722 2565 774 τῶν
2607 723 2713 794 πρὸ
2749 722 2949 788 αὐτῶν,
2980 722 3074 775 τοῦ
3108 723 3181 793 μὴ
3221 727 3406 776 πεσεῖν
3435 725 3514 784 είς
3562 723 3713 793 ὕλην,
3743 725 3838 777 καὶ
3869 724 4036 777 deﬁt"-

2466 812 2753 883 νεστέρους
2793 812 2933 865 κατά
2952 812 3132 876 τοῦτο,
3163 815 3256 866 καὶ
3285 813 3736 888 προϐαλλομένων
3779 816 4034 878 ἑαυτοὺς,

2461 903 2584 956 καθ’
2616 904 2644 956 ὂ
2671 904 2901 966 δέονται,
2933 906 3011 966 εἰς
3037 904 3098 956 τὸ
3130 904 3376 974 κατέχειν
3406 907 3629 969 ἑαυτοὺς
3653 909 3731 968 είς
3757 907 3818 959 τὸ
3843 909 4037 961 ἄπτω-

2459 1010 2568 1049 τον.
2611 992 2796 1047 Ταῦτα
2837 995 2932 1064 μὲν
2981 989 3077 1047 οὖν
3123 995 3198 1058 ῶς
3247 996 3305 1049 ὲν
3361 994 3636 1065 έπιτόμῳ,
3675 995 3746 1052 τὰ
3782 996 4032 1058 ἐκείνων,

2459 1083 2487 1134 ὁ
2524 1083 2582 1135 δὲ
2621 1084 2774 1150 ἅγιος
2824 1083 3003 1152 σοφῶς
3053 1083 3124 1136 τὰ
3177 1084 3392 1137 ἐναντία
3445 1085 3622 1138 πάντα
3671 1087 3854 1150 αὐτοῖς
3923 1105 4032 1158 φη-

2462 1193 2579 1228 σιν·
2613 1178 2675 1228 ὲκ
2717 1175 2851 1231 Θεοῦ
2901 1176 3009 1246 γὰρ
3055 1176 3223 1240 αὐτὰς
3272 1177 3678 1252 δημιουργικῶς
3727 1179 4034 1250 ὑποστῆναι

2461 1284 2644 1338 φησιν,
2683 1262 2743 1321 οὗ
2771 1267 2864 1320 καὶ
2889 1268 2986 1338 τὴν
3007 1268 3303 1340 ἐμφέρειαν
3348 1269 3560 1339 ἔχουσιν
3587 1273 3666 1333 είς
3692 1273 3988 1344 κυριότητα
4013 1290 4028 1303 '

2460 1357 2631 1420 αὐτὰς
2660 1358 2716 1411 δὲ
2743 1358 2803 1410 τὸ
2824 1358 3130 1428 ἀμείλικτον
3177 1360 3318 1414 κατὰ
3366 1362 3547 1434 πάσης
3575 1363 3817 1431 ὑφέσεως
3838 1364 3922 1434 τῷ
3945 1364 4034 1416 λό-

2460 1464 2540 1517 γῳ
2570 1449 2670 1518 τῆς
2724 1449 3038 1519 κυριότητος
3087 1449 3227 1520 ἔχειν
3277 1450 3443 1520 λέγει,
3497 1454 3800 1516 κοπτούσας
3841 1455 4035 1526 ῶσπερ

2460 1537 2553 1590 καὶ
2582 1538 2986 1608 διατεμνούσας,
3013 1541 3102 1592 καὶ
3117 1541 3216 1593 οὐκ
3242 1539 3417 1605 ὲώσας
3435 1548 3656 1615 κρατεῖν
3681 1545 3778 1616 τὴν
3803 1546 3939 1616 πρὸς
3962 1545 4034 1600 τὰ

2461 1629 2693 1700 αἰσθητά
2715 1631 3027 1701 ἐπιθυμίαν,
3057 1631 3118 1684 οὐ
3151 1633 3257 1703 μὴν
3289 1633 3388 1698 τὰς
3424 1634 3530 1706 πρὸ
3561 1636 3740 1688 αὐτῶν
3768 1635 4033 1689 ἀναστελ-

2461 1719 2672 1782 λούσας.
2712 1721 2853 1792 Ἀρα
2897 1721 3075 1775 τοίνυν
3125 1722 3292 1789 λέγει,
3323 1725 3404 1777 ὅτι
3454 1725 3546 1777 καὶ
3597 1725 4039 1794 ἀμείλικτοίείσι

2392 1789 2433 1844 Β
2463 1810 2596 1878 πρὸς
2618 1807 2678 1860 τὸ
2701 1789 2904 1880 χεῖρον,
2943 1811 3036 1863 καὶ
3071 1811 3170 1881 τὴν
3193 1812 3486 1882 κυριότητα
3509 1789 3712 1882 ἔχουσι,
3737 1812 4038 1866 κάντεῦθεν

2456 1896 2566 1949 τῶν
2612 1898 2717 1967 πρὸ
2759 1898 2938 1955 αὐτῶν
2994 1901 3094 1955 οὐκ
3144 1900 3473 1972 ἐξέρχονται,
3515 1902 3665 1964 ὅπως
3690 1903 3763 1976 μὴ
3793 1908 3873 1966 εὶς
3897 1903 4040 1975 ὕλην

2458 1986 2695 2042 πέσοιεν.
2725 1990 2835 2060 Τὴν
2854 1990 2911 2043 δὲ
2941 1991 3048 2043 τῶν
3079 1991 3249 2060 ἁγίων
3276 1992 3556 2062 δυνάμεων
3598 1992 3892 2063 ὀνομασίαν
3917 1993 4035 2046 olo-

2461 2097 2554 2149 μαι
2581 2079 2774 2151 δηλοῦν
2807 2081 2944 2134 κατά
2965 2082 3143 2136 κοινοῦ
3171 2083 3487 2154 ἀρρενωπόν
3515 2100 3636 2136 τινα
3673 2085 3766 2142 καὶ
3810 2085 4036 2155 ἑδραίαν

2457 2171 2697 2242 ἀνδρίαν,
2735 2172 3014 2236 ἄθελκτον,
3065 2174 3377 2245 ἀθήλυντον,
3428 2174 3722 2229 ἀνένδοτον.
3776 2175 3867 2245 Μὴ
3920 2175 4038 2247 γὰρ

2458 2262 2670 2316 ἀκούων
2720 2263 2939 2340 θηλυκῷ
2996 2266 3401 2336 ὀνομαζομένας
3454 2266 3699 2337 ὀνόματι,
3755 2270 3833 2330 εἰς
3863 2267 4034 2339 θηλυ-

2455 2353 2660 2422 πρεπές
2690 2370 2740 2405 τι
2773 2354 3010 2426 κατάξῃς
3047 2354 3144 2418 τὰς
3194 2356 3344 2418 θείας
3386 2355 3643 2426 δυνάμεις
3667 2373 3681 2388 ο
3716 2359 3751 2428 η
3801 2357 3908 2428 γὰρ
3933 2359 4040 2412 τοῦ

2457 2445 2775 2517 ἀρῤενωποῦ
2807 2448 3050 2518 σημασία
3081 2449 3174 2501 καὶ
3196 2448 3359 2516 λέξις,
3396 2450 3489 2502 ὲπὶ
3538 2450 3812 2518 γυναικῶν
3856 2451 4038 2522 ἀνδρι-

2456 2537 2697 2607 ζομένων
2768 2541 2861 2592 καὶ
2918 2541 3331 2612 ἀρρενοφρόνων
3394 2541 3632 2608 λέγεται,
3690 2542 3723 2612 ἢ
3785 2543 4034 2615 ἀρρένων

2458 2631 2611 2700 ίσχὺν
2666 2630 2921 2698 ἐχουσῶν.
2959 2631 3180 2700 Ἔχουσι
3219 2631 3274 2684 δὲ
3305 2633 3404 2703 τὴν
3450 2632 3702 2702 ἀνδρίαν·
3739 2635 3820 2696 είς
3839 2634 3891 2686 τί
3920 2651 3934 2698 ;
3967 2635 4034 2688 οὐ

2457 2718 2591 2789 πρὸς
2618 2718 2686 2769 τὰ
2715 2720 3029 2789 ὲπαγόμενα
3051 2720 3285 2791 δυσχερῆ
3314 2738 3371 2775 τε
3388 2723 3483 2778 καὶ
3505 2721 3744 2793 λυπηρὰ,
3777 2723 4034 2795 καθάπερ

2455 2808 2601 2861 ἐστὶν
2631 2809 2693 2860 ὲν.
2712 2810 2864 2878 ἡμῖν,
2897 2807 3068 2861 ταῦτα
3093 2811 3200 2880 γάρ
3231 2808 3354 2862 οὔτε
3399 2813 3518 2873 ταῖς
3547 2809 3719 2873 θείαις
3768 2811 4034 2883 δυνάμεσι

2454 2900 2826 2969 προσήκονταο
2871 2900 2965 2953 καὶ
3015 2899 3210 2962 ἔξωθεν
3268 2901 3365 2971 τὴν
3415 2901 3629 2972 κίνησιν
3667 2902 3898 2972 ἔχουσιν,
3952 2903 4035 2966 ὡς

2454 2990 2625 3050 άλλως
2656 2977 2728 3060 μὴ
2774 2990 2833 3043 ὃν
2884 2989 3114 3060 φανῆναι
3147 2993 3246 3062 τὴν
3287 2991 3542 3062 τοιαύτην
3588 2976 3828 3062 ἀνδρίαν,
3871 2995 3919 3045 εἰ
3953 2994 4036 3064 μὴ

2456 3083 2797 3153 ἐπανασταίη
2850 3083 2911 3136 τὸ
2959 3083 3234 3156 δυσχερές.
3295 3084 3368 3136 Οὐ
3427 3083 3564 3154 πρὸς
3633 3083 3805 3138 ταῦτα
3873 3086 4034 3152 γοῦν,

2455 3173 2566 3226 ἀλλ’
2606 3159 2704 3236 εἰς’
2726 3175 2904 3238 πάσας
2936 3173 3035 3237 τὰς
3067 3176 3186 3229 κατ’
3217 3175 3386 3245 αὐτὴν
3431 3175 3683 3238 θεοειδεῖς
3728 3177 4030 3248 ἐνεργείας,

2455 3267 2589 3319 Κατ’
2633 3266 2805 3336 αὐτὴν
2844 3266 2899 3335 δὲ
2937 3266 3107 3329 εἶπον,
3161 3267 3242 3322 ὅτι
3285 3268 3432 3320 ἐστὶν
3481 3269 3685 3340 ἑκάστῃ
3719 3269 3876 3341 ίδίαή
3911 3270 4037 3325 θεία

2456 3355 2724 3425 ἐνέργεια,
2755 3354 2893 3406 ὥστε
2929 3355 3000 3425 μὴ
3037 3355 3340 3420 ὲξασθενεῖν
3375 3356 3528 3427 ,πρὸς
3585 3358 3850 3428 μηδεμίαν
3897 3360 4035 3413 ὑπο-

2454 3449 2612 3518 δοχὴν
2652 3448 2756 3500 τῶν
2796 3447 3144 3517 ὲνδιδομένων
3186 3447 3521 3520 ὲλλάμψεων,
3551 3452 3641 3503 καὶ
3667 3449 3777 3504 οἷον
3799 3453 4035 3523 πάσχειν

2457 3541 2547 3593 ὑπ’
2577 3540 2780 3611 αὐτῆς·
2821 3536 2931 3602 οἷός
2982 3541 3125 3593 ἐστιν
3155 3542 3182 3592 ὁ
3221 3541 3298 3612 μὴ
3341 3541 3420 3611 τῷ
3463 3544 3595 3612 πυρὶ
3641 3542 4035 3612 δαπανώμενος

2455 3633 2615 3697 λίθος,
2640 3632 2697 3696 ὃς
2726 3633 2993 3703 πυροῦται
3052 3634 3170 3703 μὲν,
3199 3633 3258 3685 οὐ
3285 3634 3498 3693 καίεται
3530 3635 3586 3689 δέ
3605 3652 3618 3665 ·
3646 3634 3787 3687 οὕτω
3819 3637 3910 3688 καὶ
3940 3637 4039 3690 ἔνι

2455 3723 2626 3776 ταῦθα
2675 3722 2912 3786 δυνατῶς
2943 3724 3034 3775 ἐπὶ
3068 3723 3128 3775 τὸ
3150 3723 3478 3794 θεομίμητον
3513 3725 3844 3795 ἀναγομένη,
3876 3726 4034 3795 ὅμως

2455 3825 2550 3894 οὐχ
2578 3827 2800 3894 ἡττᾶται
2831 3827 2923 3878 καὶ
2949 3825 3234 3878 ἀπολείπει
3277 3825 3539 3897 ἀνανδρίᾳ
3568 3827 3674 3897 τὴν.
3699 3826 3905 3897 θεοειδῆ
3936 3829 4032 3882 κί-

2455 3933 2627 3986 νησιν,
2653 3915 2767 3974 ἀλλ’
2799 3915 3054 3986 ἀρρεπῶς
3095 3917 3276 3987 ἀφορᾷ
3304 3919 3384 3979 είς
3415 3916 3512 3987 τὴν
3569 3918 3707 3988 ὑπὲρ
3728 3919 3906 3970 πᾶσαν
3936 3918 4038 3971 οὐιν-

2457 4006 2597 4070 σίαν,
2621 4007 2846 4078 δύναμιν
2895 4007 2991 4080 τὴν
3035 4009 3129 4060 καὶ
3169 4007 3336 4070 αὑτάς
3359 4007 3458 4070 τὰς
3485 4007 3738 4077 δυνάμεις
3766 4009 4034 4080 δημιουρμ

2456 4099 2698 4167 γήσασαν
2723 4137 2737 4158 ,
2768 4100 2860 4152 καὶ
2887 4098 3089 4168 ταύτης
3115 4099 3274 4152 εἰκὼν
3305 4101 3520 4173 γίνεται
3547 4099 3688 4153 κατά
3715 4101 3774 4152 τὸ
3803 4101 4031 4168 ἐφικτὸν

2455 4188 2817 4260 δυναμοειδής.
2863 4191 2947 4251 Ὠς
2976 4191 3082 4260 γὰρ
3110 4193 3142 4261 ὴ
3176 4189 3294 4244 θεία
3336 4193 3495 4258 φύσις
3551 4190 3852 4261 ὲνδυναμοί,
3885 4191 4038 4244 οὕτω

2456 4281 2549 4333 καὶ
2592 4281 2730 4352 αὓτη
2777 4281 2873 4343 τὰς
2921 4280 3351 4351 ὑποϐεϐηκυίαςο
3397 4283 3489 4334 καὶ
3535 4282 3655 4335 καθ’
3686 4283 3713 4334 ὃ
3746 4284 3840 4352 μὲν
3885 4282 4043 4360 αὕτη

2457 4374 2574 4426 ἐστὶ
2603 4373 2827 4443 δύναμις
2847 4371 2987 4426 κατά
3015 4372 3227 4442 πρῶτον
3257 4372 3431 4439 λόγον,
3463 4373 3598 4444 πρὸς
3627 4374 4036 4446 ἀντιδιαστολὴν

787 4460 960 4516 indita
1013 4461 1373 4515 illustratione
1421 4461 1794 4530 suscipienda,
1849 4475 1949 4515 nec
1979 4463 2049 4515 ab
2095 4476 2156 4516 ea
2196 4463 2354 4531 quid-

2458 4465 2565 4518 τῶν
2599 4465 2712 4534 μετ’
2742 4466 2908 4534 αὐτὴν
2939 4463 3117 4534 (τοῦτο
3146 4464 3255 4534 γάρ
3282 4465 3397 4516 ὲστι
3425 4464 3486 4516 τὸ
3514 4465 3896 4536 άρχιδύναμος)
3939 4466 4040 4518 δυ-

787 4568 948 4622 quam
982 4553 1260 4620 patiatur;
1288 4551 1466 4619 qualis
1498 4560 1583 4605 est
1629 4551 1765 4619 lapis
1795 4553 1885 4619 qui
1932 4553 2057 4618 igne
2083 4567 2190 4605 non
2219 4567 2354 4607 con-

786 4645 1045 4708 sumitur,
1097 4643 1189 4710 qui
1251 4643 1474 4709 ignescit
1522 4644 1764 4710 quidem,
1797 4647 1892 4698 sed
1926 4659 2029 4697 non
2075 4646 2351 4698 comburi‘

789 4728 880 4790 tu'r
913 4754 928 4802 ;
963 4737 1043 4790 sic
1089 4737 1253 4789 etiam
1307 4737 1415 4799 hic,
1467 4737 1590 4788 dum
1653 4746 1905 4806 potenter
1934 4737 1999 4789 ad
2033 4736 2198 4789 Deum
2233 4737 2356 4788 inti-

789 4830 1014 4882 tandum
1071 4829 1386 4891 adducitur,
1435 4837 1674 4882 attamen
1699 4824 1817 4882 ‘non
1847 4829 2117 4897 dejieitur,
2177 4843 2356 4895 neque

786 4935 898 4988 pra:
947 4921 1320 4977 imbecillitate
1369 4919 1685 4973 deiiormem
1738 4928 1941 4972 motum
1979 4919 2200 4980 deserit,
2259 4919 2353 4971 sed

787 5022 1103 5066 constanter
1160 5011 1396 5063 intuetur
1450 5012 1500 5062 in
1555 5011 1809 5062 virtutem
1839 5008 1986 5062 omni
2044 5009 2353 5061 substantia

789 5109 1145 5173 superiorem,
1171 5115 1224 5158 et
1277 5106 1632 5172 ipsarunnnet
1680 5104 1940 5156 virtutum
1969 5103 2353 5164 conditriceni,

787 5199 1164 5265 ejusdemque,
1197 5198 1372 5264 quoad
1411 5196 1528 5249 lieri
1579 5204 1776 5264 potest,
1819 5195 1998 5263 imago
2046 5193 2355 5246 virtutilor-

787 5292 893 5342 niis
923 5290 1174 5342 elﬁcitur.
1232 5288 1694 5352 Quemadmodum
1730 5287 1875 5339 enim
1926 5295 2118 5340 natura
2172 5284 2354 5338 divina

790 5380 865 5434 illi
891 5383 1141 5432 virtutem
1170 5380 1502 5447 suppeditat,
1543 5379 1618 5430 sic
1649 5388 1703 5430 et
1744 5377 1857 5430 inec
1885 5375 2230 5430 inferioribus
2264 5396 2276 5430 :
2304 5385 2358 5427 et

789 5472 1083 5523 secundum
1107 5473 1247 5538 quod
1279 5472 1496 5538 quidem
1527 5471 1635 5537 ipsa
1684 5473 1854 5522 virtus
1899 5483 2002 5532 est,
2057 5471 2352 5522 secundum

791 5565 1022 5635 primani
1055 5563 1343 5625 rationein,
1377 5562 1440 5613 ad
1469 5561 1830 5612 diﬂ'erentiain
1873 5575 2057 5612 earum
2085 5576 2203 5626 qua:
2235 5570 2355 5626 post

794 5656 964 5722 ipsam
997 5665 1120 5708 sunt
1154 5657 1278 5720 (hoc
1307 5653 1452 5706 enim
1479 5665 1561 5705 est
1595 5641 1960 5720 ἀρχιδόναμος
1988 5666 2079 5702 seu
2129 5654 2361 5719 princeps

797 5749 1078 5819 virtutum)
1129 5746 1279 5817 juxta
1335 5745 1566 5818 gratiam
1621 5745 1723 5798 sibi
1761 5759 1786 5796 a
1821 5743 1932 5797 Deo
1968 5743 2142 5796 datam
2171 5743 2353 5807 habet,

2458 4557 2630 4617 νατῶς
2660 4556 2768 4625 ἔχει
2814 4554 2953 4608 κατὰ
2985 4555 3081 4625 τὴν
3114 4555 3355 4608 δοθεῖσαν
3384 4555 3540 4625 χάριν
3571 4556 3678 4607 ἀπὸ
3713 4555 3847 4607 Θεοῦ
3899 4558 4039 4608 ἑπε-

2460 4645 2725 4716 στράφθαι
2755 4645 2888 4715 πρὸς
2927 4645 3025 4714 τὴν
3053 4645 3230 4700 αἰτίαν
3258 4645 3366 4698 τῶν
3390 4644 3687 4714 δυνάμεων,
3744 4645 3833 4696 τὸν
3860 4645 3997 4696 Θεόν
4015 4663 4034 4677 ε

2459 4735 2578 4788 καθ’
2606 4735 2633 4786 ὃ
2661 4735 2716 4786 δὲ
2779 4737 2871 4787 καὶ
2907 4731 3313 4805 ¹ὑττοϐεὸηκυῖαι
3366 4735 3540 4806 ταύτῃ
3587 4734 3839 4804 δύναμεις
3896 4736 4040 4803 εἰσὶ,

2461 4830 2700 4898 πρόεισιν
2730 4831 2807 4888 είς
2838 4827 3068 4889 ὲκείνας,
3098 4827 3310 4878 διδοῦσα
3339 4828 3436 4896 τὴν
3465 4827 3690 4895 δύναμιν
3715 4826 3852 4879 κατά
3876 4827 4036 4882 θείαν

2461 4922 2672 4983 πάντως
2708 4921 2953 4988 μίμησιν.
2987 4919 3094 4987 Τὴν
3125 4918 3179 4969 δὲ
3208 4918 3314 4972 τῶν
3353 4919 3520 4984 ἁγίων
3551 4919 3805 4980 ἐξουσιῶν
3832 4921 4017 4990 ἐκφαν

2459 5012 2680 5081 τορικὴν
2712 5010 3004 5078 ὀνομασίαν
3036 5003 3189 5076 οἶμαι
3226 5007 3436 5075 δηλοῦν,
3479 5010 3600 5077 ἥτις
3627 5009 3744 5060 ἐστὶ
3777 5010 3868 5060 καὶ
3895 5010 4030 5078 ὀμο-

2458 5103 2628 5172 ταγὴς
2657 5101 2762 5152 τῶν
2795 5099 3205 5171 προρρηθέντων
3261 5098 3354 5154 δύο
3396 5099 3709 5167 ταγμάτων,
3741 5101 3838 5170 τὴν
3865 5101 4024 5154 εὐτα-

2461 5191 2575 5255 ξίαν
2606 5193 2702 5260 τὴν
2731 5190 2992 5259 εὔκοσμον
3024 5189 3118 5243 καὶ
3163 5189 3509 5260 ἀσύμφυρτον
3544 5191 3670 5259 περὶ
3724 5190 3818 5249 τὰς
3871 5189 4040 5254 θείας

2459 5281 2778 5352 ὲλλάμυᾲειςο
2810 5281 2966 5332 τοῦτο
3007 5282 3113 5350 γάρ
3162 5283 3307 5334 ἐστιν
3346 5281 3473 5332 ίδνον
3512 5280 3609 5348 τῆς
3666 5280 3933 5344 ἐξουσίας,
3964 5283 4046 5334 τὸ

2459 5376 2595 5428 κατὰ
2634 5375 2782 5438 τάξιν
2812 5374 2878 5425 τὰ
2909 5375 3358 5442 παρεμπίπτοντα
3408 5372 3713 5433 διευθετεῖν,
3771 5372 3860 5423 καὶ
3901 5371 4046 5441 δίχα

2457 5466 2598 5527 τινος
2653 5464 3023 5534 περπερισμοῦ
3080 5465 3171 5516 καὶ
3231 5465 3606 5532 συμφύρσεως.
3675 5463 3822 5513 Ἐπεὶ
3850 5461 3961 5532 γὰρ
3997 5466 4044 5536 ἡ

2460 5559 2674 5621 ἐξουσία
2711 5555 2933 5624 δύναμίς
2963 5557 3074 5607 ἐστι
3105 5553 3242 5606 κατὰ
3273 5555 3366 5623 τὴν
3398 5555 3592 5622 ἑαυτῆς
3645 5555 4046 5623 προσήκουσαν

2462 5648 2695 5714 θέλησιν,
2739 5648 2843 5712 (ἵνα
2873 5663 2922 5696 τι
2944 5647 3188 5707 ἀτάκτως
3217 5647 3308 5697 καὶ
3339 5645 3721 5714 συμφυρτικῶς
3750 5645 3780 5712 ἢ
3812 5644 3950 5716 εἴπῃ
3997 5649 4039 5716 ἢ

2460 5739 2816 5810 διαπράξηται
2839 5740 2865 5790 ὁ
2893 5737 3236 5801 ἐξουσιάζων,
3284 5739 3359 5798 είς
3389 5735 3418 5787 ὃ
3448 5736 3604 5806 μόνον
3653 5735 3877 5797 δύναταί
3931 5745 4044 5795 καὶ
