4202 6300
225 361 331 416 τευ

707 354 796 412 DE
826 354 1156 413 C(ELESTI
1193 355 1636 422 HlERARClllA,
1668 355 1823 414 CAP.
1856 355 1993 411 Vill.
2028 385 2097 397 --
2128 353 2471 411 PARAPHR.
2510 353 2980 411 PACHYMERE.

3341 360 3446 413 250

225 469 542 534 ἐξουσιάζει,
575 471 667 522 καὶ⁵
709 471 796 524 ὅτε
851 471 926 540 μὴ
973 473 1345 542 παρεμπίπτει
1393 473 1585 538 ἔξωθέν
1613 490 1664 525 τι
1695 474 1793 542 τὴν
1820 481 1864 536 Α

1784 481 1864 536 νΑ
1896 472 2042 526 utad
2102 473 2269 526 Deum
2320 475 2576 528 virtutum
2633 485 2907 528 auctorem
2958 472 3130 526 valide
3161 487 3443 533 conversa

224 556 472 620 ἐξουσίαν
527 558 836 611 διακόπτον·
870 561 987 612 τότε
1021 561 1128 634 γάρ
1154 564 1216 615 οὑ
1252 564 1344 617 τοῦ
1389 561 1785 627 ἐξουσιάζοντός

223 650 439 719 ἐστινὴ
484 650 736 713 ἐξουσία,
782 649 916 703 ἀλλὰ
965 650 1058 702 τοῦ
1126 653 1352 723 καιροῦ,
1404 651 1435 722 ἢ
1487 653 1644 721 τυχὸν
1690 649 1783 704 τοῦ

224 739 443 810 ἐχθροῦ,
469 741 502 810 ἢ
530 742 627 811 τῆς
656 741 848 812 λύπης,
880 743 914 813 ἢ
941 745 1098 798 ἄλλου
1139 746 1300 814 τινός)
1321 762 1332 774 ·
1365 741 1518 795 τοῦτό
1547 745 1660 796 ἐστι
1693 742 1786 795 καὶ

223 831 319 882 ἐπὶ
345 831 451 883 τῶν
481 831 635 884 θείων
663 830 935 895 ἐξουσιῶν.
979 835 1128 887 Ἐπεὶ
1159 835 1266 905 γὰρ
1298 834 1468 887 ταῦτα
1490 834 1662 885 πάντα
1691 834 1786 886 ἀλ-

223 921 412 992 λότριά
464 905 576 975 εἰσι.
611 923 832 987 τούτων,
877 924 1057 995 ἔχουσι
1111 925 1166 978 δὲ
1197 927 1292 995 τὴν
1348 923 1592 987 ἐξουσίαν
1645 924 1786 977 κατά

224 1010 375 1064 θείαν
407 1013 562 1083 χάριν
589 1013 770 1085 ἀδιεχῆ
800 1017 892 1067 καὶ
937 1016 1245 1077 ἀδιάκοπον,
1306 1015 1658 1083 ὑποδέχονται
1691 1014 1785 1067 καὶ

220 1101 322 1164 τὰς
351 1101 500 1165 Θείας
529 1103 816 1174 ἐλλάμψεις
845 1105 1128 1174 εὐκόσμως
1155 1107 1247 1158 καὶ
1274 1106 1660 1174 ἀσυμφύρτως,
1692 1085 1786 1157 κὰι

221 1191 471 1245 εὔτακτοι
493 1196 594 1246 εἰσι
622 1195 759 1264 πρὸς
808 1195 904 1266 τὴν
945 1195 1134 1266 νοεράν
1173 1197 1264 1248 καὶ
1293 1196 1654 1267 ὑπερκόσμιον
1687 1195 1785 1247 αὐ·-

217 1294 597 1364 τεξουσιότητα
619 1312 633 1327 ο
661 1295 745 1348 ἀεὶ
774 1293 1240 1364 γὰρηύτεξούσιοί
1267 1298 1391 1362 είσι,
1422 1297 1514 1348 καὶ
1561 1296 1622 1348 οὑ
1655 1295 1782 1348 ποτέ

223 1382 325 1452 μὲν
352 1380 514 1446 οὕτω,
545 1384 674 1437 ποτέ
698 1383 752 1436 δὲ
778 1385 968 1448 ἄλλως.
1013 1387 1164 1438 Ἐπεὶ
1192 1386 1248 1438 δὲ
1287 1385 1386 1454 τῆς
1427 1385 1691 1450 ἐξουσίας.
1721 1385 1784 1437 τὸ

221 1477 326 1549 μέν
365 1477 510 1529 ἐστιν
559 1476 838 1546 ἔνθεσμον,
893 1476 955 1528 τὸ
997 1477 1053 1529 δὲ
1085 1474 1400 1546 τυραννικὸν
1447 1475 1782 1545 (ἐπιφέρεται

217 1567 330 1639 γὰρ
358 1569 392 1639 ἡ
416 1566 629 1632 ἐξουσία
655 1569 754 1640 καὶ,
774 1567 870 1638 τὴν
913 1567 1196 1638 τυραννίδα
1226 1565 1366 1620 κατὰ
1410 1566 1490 1630 τὸ,
1543 1566 1652 1620 Τὸν
1682 1568 1782 1621 τύ-

208 1676 442 1730 ραννον
468 1661 537 1714 οὐ
563 1657 770 1727 ῥᾴδιον
818 1659 1088 1714 εὐσεϐεῖν
1137 1657 1179 1729 ),
1215 1660 1308 1712 καὶ
1335 1659 1421 1711 ἅτε
1455 1658 1548 1728 μὲν
1577 1657 1671 1710 τοῦ
1694 1658 1780 1710 ἐν-

215 1752 423 1824 θέσμου
469 1753 645 1824 ἔχεται
671 1755 704 1823 ἡ
748 1752 964 1820 ἐξουσία
989 1792 1004 1816 ,
1061 1753 1132 1808 ἀκ
1145 1751 1371 1824 ράτητός
1415 1751 1530 1804 ἐστι
1559 1749 1695 1820 πρὸς
1722 1749 1782 1802 τὸ

1886 564 1994 618 sit:
2033 564 2085 616 in
2113 573 2370 630 quantum
2415 580 2543 620 vero
2588 567 2752 619 etiam
2811 564 3094 619 inferiores
3124 565 3191 618 ab
3215 566 3314 619 hac
3346 567 3445 620 ha-

1884 655 2015 709 bent
2040 653 2183 716 quod
2215 655 2442 710 virtutes
2468 656 2598 720 sint,
2623 656 2730 709 vim
2760 671 2910 716 suam
2939 656 2990 715 in
3010 656 3128 711 illas
3154 655 3355 722 trajicit
3382 671 3446 710 ac

1885 745 2189 812 distribuit,
2250 746 2556 800 secundum
2615 745 2852 800 divinam
2914 761 3133 814 prorsus
3185 747 3442 801 imitatio-

1884 855 2032 893 nem.
2061 839 2232 892 Porro
2295 854 2488 892 nomen
2540 849 2850 892 sanctarum
2905 847 3230 906 potestatum
3266 838 3443 891 decla-

1886 930 2139 994 rativum,
2201 929 2462 986 existimo
2523 930 2834 1000 signiﬁcare
2877 929 3122 983 ordinem
3171 931 3442 998 prtedictis

1885 1019 1988 1074 illis
2011 1022 2221 1074 duobus
2273 1020 2555 1088 aequalem,
2601 1019 2737 1073 bene
2773 1019 3128 1090 ,ordinatum,
3187 1021 3446 1076 decorum

1898 1109 2009 1178 80
2041 1120 2095 1164 et
2125 1109 2466 1165 inconfusum
2533 1112 2677 1164 circa
2725 1109 2940 1166 divinas
3003 1109 3438 1164 illustrationes:

1885 1199 2161 1267 pr0prium
2190 1199 2337 1252 enim
2374 1200 2660 1267 potestatis
2701 1211 2809 1264 est,
2843 1215 2906 1253 ea
2949 1214 3068 1268 qua:
3114 1199 3355 1252 incidunt
3388 1189 3440 1249 in

1880 1291 2124 1346 ordinem
2157 1293 2412 1356 dirigere,
2445 1291 2602 1359 idque
2633 1292 2750 1345 sine
2787 1292 3096 1356 temeritate
3143 1305 3208 1344 ac
3251 1287 3441 1344 confu-

1882 1383 2054 1437 sione.
2083 1383 2215 1437 Cum
2239 1385 2383 1438 enim
2435 1395 2676 1453 potestas
2710 1385 2880 1441 virtus
2923 1386 2995 1438 sit
3021 1384 3318 1438 secundum
3349 1396 3441 1436 vo-

1882 1474 2144 1528 luntatem
2174 1475 2273 1542 ipsi
2324 1477 2748 1530 convenientem
2797 1473 2881 1545 (ut
2910 1473 3212 1528 inordinate
3235 1475 3361 1542 quid
3385 1480 3441 1526 et

1884 1567 2106 1621 confuse
2134 1567 2218 1622 vel
2250 1568 2397 1622 dicat
2428 1567 2510 1621 vel
2564 1576 2691 1638 agat
2735 1567 2780 1621 is
2805 1567 2897 1635 qui
2953 1565 3208 1635 przeditus
3236 1574 3317 1619 est
3345 1579 3440 1632 po-

1882 1661 2098 1721 testate,
2149 1656 2202 1710 in
2261 1651 2401 1727 quod
2443 1656 2619 1712 solum
2677 1666 2871 1725 potens
2901 1656 2973 1710 sit
3018 1664 3071 1711 et
3119 1641 3439 1725 potestatem

1882 1746 2096 1811 habeat,
2122 1747 2280 1816 idque
2310 1748 2524 1817 quando
2557 1749 2695 1804 nihil
2740 1748 2935 1803 incidit
2965 1747 3440 1802 extrinsecus'im-

212 1847 418 1916 ἀγαθόν
438 1864 452 1878 ·
483 1849 571 1899 ὅτε
596 1846 652 1900 δέ
680 1845 771 1899 τοῦ
791 1846 1027 1917 ἀθέσμου
1056 1848 1148 1900 καὶ
1189 1843 1529 1916 τυραννικοῦ,
1554 1845 1621 1913 τῇ
1655 1857 1783 1911 σφε·
1811 1831 1856 1885 Β

1782 1831 1856 1885 Β
1883 1836 2098 1903 pediens
2127 1846 2482 1906 potestatem;
2534 1847 2666 1893 tunc
2708 1840 2894 1907 utique
2939 1853 3047 1892 non
3087 1847 3170 1893 est
3201 1845 3441 1906 potestas

212 1939 355 2009 τέρα
381 1937 598 2008 δυνάμει
618 1937 754 2009 πρὸς
778 1932 847 1991 τὰ
886 1938 1052 2009 χείρω
1095 1935 1462 2006 ἀποκέχρηται
1488 1951 1502 1964 ο
1544 1935 1773 1986 ποιεῖται

211 2029 450 2084 ἐνταῦθα
479 2030 575 2100 τὴν
619 2029 879 2100 διαίρεσιν
919 2029 1018 2098 τῆς
1044 2027 1288 2093 ἐξουσίας
1309 2030 1336 2080 ὁ
1367 2027 1537 2095 ἀγιος,
1567 2026 1662 2078 καὶ
1687 2025 1777 2078 λέοο

212 2138 325 2189 γει,
359 2122 440 2173 ὅτι
469 2121 529 2200 οὐ
554 2119 888 2192 τυραννικῶς
913 2121 1006 2173 ἐπὶ⁵
1042 2119 1109 2172 τὰ
1138 2119 1303 2190 χείρω
1332 2121 1450 2180 ταῖς
1486 2116 1776 2187 δυνάμεσιν

209 2208 617 2280 ἀποκέχρηνται
661 2210 718 2260 αἱ
769 2207 919 2277 ἅγιαι
967 2209 1224 2273 ἐξουσίαι,
1283 2208 1414 2260 ἀλλά
1445 2206 1633 2259 ἐπὶτά
1660 2205 1776 2258 θεῖα

209 2301 558 2370 ἁκρατήτως,
588 2300 722 2369 ὅπερ
752 2299 897 2350 ἐστὶν
927 2297 1054 2352 ἴδιον
1082 2299 1181 2368 τῆς
1213 2297 1454 2364 ἐξουσίας
1488 2299 1600 2366 μετ’
1629 2295 1779 2348 εὑταο

211 2397 355 2463 ξίας,
377 2399 404 2451 ὅ
432 2400 525 2452 καὶ⁹
553 2399 682 2451 αὐτὸ
716 2397 810 2451 τοῦ
857 2397 1118 2469 ἐνθέσμου
1145 2399 1244 2468 τῆς
1275 2398 1538 2462 ἐξουσίας.
1567 2395 1658 2466 Μὴ
1687 2394 1780 2465 μό-

210 2507 305 2543 νον
332 2485 491 2545 αὖται
535 2490 843 2557 ἀνάγονται,
898 2489 1030 2544 ἀλλά
1057 2491 1150 2542 καὶ
1203 2488 1272 2541 τὰ
1305 2491 1418 2559 μετ’
1469 2485 1636 2548 αὑτὰς
1687 2486 1781 2538 ἀν-

212 2581 440 2649 άγουσιν
468 2582 790 2650 ἀγαθοειδῶς
823 2563 940 2651 (οὒκ
979 2581 1093 2634 ἐστι
1121 2580 1228 2651 γὰρ
1259 2581 1467 2649 φθόνος,
1521 2578 1638 2632 οὐδὲ
1666 2576 1781 2646 γλι-

212 2673 454 2744 σχρότης
473 2691 575 2738 τις,
603 2674 721 2727 οὐδὲ
752 2673 1000 2742 φειδωλία
1018 2672 1095 2742 τῷ
1131 2672 1369 2744 ἀγαθῷ·)
1398 2672 1489 2724 καὶ
1524 2670 1660 2741 πρὸς
1685 2669 1782 2741 τὴν

209 2766 393 2820 αἰτίαν
445 2766 654 2828 αὐτῶν,
712 2767 779 2836 ὴν
828 2766 921 2818 καὶ
973 2764 1334 2831 ἐξουσιοποιὸν
1380 2762 1472 2816 καὶ
1508 2762 1785 2834 ἐξουσιαρ-

207 2855 338 2926 χίαν
393 2856 555 2926 φησί,
610 2856 691 2927 (τὸ
724 2858 841 2926 μὲν,
884 2837 1082 2918 ὡς’τάς
1112 2855 1356 2920 ἐξουσίας
1381 2854 1786 2924 δημιουργήσα-

1873 1927 1979 1982 ista
2003 1937 2325 1997 potestatem
2377 1930 2642 2002 habentis,
2698 1931 2797 1986 sed
2843 1928 3134 1997 temporis,
3166 1929 3249 1980 vel
3279 1926 3420 1982 forte

1874 2019 2099 2084 inimici,
2127 2019 2208 2074 vel
2237 2019 2465 2074 tristitiae
2492 2020 2573 2073 vel
2597 2019 2823 2086 alicujus
2846 2020 3114 2087 alterius),
3134 2021 3238 2074 hoc
3267 2021 3317 2073 in
3335 2034 3430 2089 po-

1876 2112 2160 2165 testatibus
2189 2112 2354 2165 etiam
2410 2111 2611 2166 divinis
2667 2112 2845 2165 locum
2901 2112 3086 2165 habet.
3119 2110 3251 2165 Cum
3289 2112 3442 2163 enim.

1877 2205 1994 2255 haec
2021 2203 2199 2278 omnia
2230 2203 2299 2256 ab
2323 2203 2456 2271 ipsis
2487 2202 2666 2257 aliena
2692 2205 2826 2269 sint,
2875 2203 3110 2256 habeant
3138 2212 3316 2256 autent
3347 2217 3440 2272 po-

1877 2299 2128 2348 testatem
2170 2307 2200 2346 a
2234 2293 2416 2347 divina
2467 2293 2642 2364 gratia
2702 2295 2989 2348 indivisam
3037 2304 3199 2362 atque
3251 2294 3439 2347 indeii-

1878 2382 2133 2449 cientem,
2191 2384 2405 2438 divinas
2459 2385 2626 2437 etiam
2673 2384 3064 2439 illustrationes
3111 2385 3360 2439 ordinate
3385 2397 3439 2439 et

1883 2472 2171 2529 inconfuse
2202 2475 2496 2543 recipiunt,
2526 2491 2589 2530 ac
2613 2475 2754 2530 bene
2803 2475 3053 2544 dispositi
3095 2487 3219 2529 sunt
3244 2476 3311 2542 ad
3334 2476 3440 2544 spi-

1881 2565 2093 2628 ritalem
2146 2573 2201 2621 et
2272 2567 2764 2636 supermundialem
2824 2567 3034 2621 arbitrii
3083 2567 3436 2640 libertatem;

1880 2658 2130 2726 quoniam
2175 2640 2390 2726 semper
2438 2657 2647 2710 arbitrii
2704 2657 2787 2710 sui
2826 2667 3149 2724 potestatem
3213 2659 3435 2722 habent,

1882 2761 1982 2801 nec
2030 2748 2187 2802 modo
2239 2749 2456 2816 quidem
2499 2749 2602 2812 sic,
2661 2749 2819 2801 modo
2880 2763 3010 2801 vero
3037 2749 3197 2802 aliter
3260 2746 3436 2802 affecti

1883 2846 2025 2892 sunt.
2063 2837 2196 2890 Cum
2238 2847 2418 2892 autem
2474 2848 2716 2907 potestas
2757 2838 2864 2892 alia
2923 2840 3140 2908 quidem
3197 2839 3436 2912 legitima

212 2960 314 2997 σαν
362 2945 457 2996 καὶ
507 2945 832 3015 ποιήσασαν,
863 2944 1016 3008 τὸδὲ,
1049 2945 1124 3008 ὡς
1152 2943 1258 2996 τῶν
1312 2941 1564 3008 ἐξουσιῶν
1594 2943 1788 3013 ἀρχου-

1776 2972 1788 2984 .
1885 2931 1974 2992 sit,
2003 2929 2108 2982 alia
2138 2942 2264 2982 vero
2298 2929 2578 2999 tyrannica
2607 2928 2796 2998 (infert
2818 2931 2962 2982 enim
3008 2937 3244 3003 potestas
3273 2932 3435 2982 etiam

211 3031 367 3100 σαν,)
387 3032 790 3105 ἀφομοιοῦνται,
811 3034 886 3096 ὠς
913 3033 1151 3103 θεμιτόν.
1176 3032 1344 3085 Τοῦτο
1371 3032 1479 3102 γάρ
1516 3033 1662 3085 ἐστιν
1687 3033 1788 3086 αὑ-

1887 3023 2222 3093 tyrannidem
2251 3061 2268 3087 ,
2307 3023 2461 3091 juxta
2502 3020 2632 3076 illud
2665 3012 2705 3085 ,’
2750 3016 3053 3082 Tyrannum
3112 3035 3211 3073 non
3280 3020 3440 3088 facile

207 3126 331 3186 ταῖς
358 3125 390 3192 ἠ
415 3123 704 3187 τελείωσις,
738 3127 769 3194 ή
803 3125 939 3178 κατὰ
967 3124 1026 3176 τὸ
1047 3123 1262 3194 ἐφικτὸν
1292 3124 1622 3193 ἀφομθίωσις
1640 3139 1652 3153 ·
1688 3123 1782 3176 καὶ
1810 3156 1856 3216 c

1776 3126 1958 3216 ,εδει
2008 3111 2238 3180 colere),
2294 3119 2348 3164 et
2386 3110 2598 3180 quando
2652 3109 2868 3178 quidem
2922 3107 3158 3177 legitima
3199 3117 3435 3174 potestas

207 3219 416 3288 ταύτην
445 3217 540 3288 τὴν
563 3218 708 3271 θείαν
737 3220 1087 3289 ἀφομοίωσιν,
1119 3220 1300 3282 καθὼς
1328 3219 1406 3271 ενι
1435 3220 1492 3270 ἐν
1523 3220 1636 3280 τοῖς
1686 3218 1780 3287 ἀγ-

207 3308 418 3377 γέλοις,
469 3308 874 3378 ἀναλάμπουσιν
930 3310 986 3361 ἐν
1039 3311 1160 3372 ταῖς
1206 3307 1344 3361 κατά
1382 3308 1582 3369 ταύτας
1629 3308 1782 3360 εὐκό-

211 3413 376 3468 σμοις
403 3397 588 3462 τάξεσι
615 3399 714 3467 τῆς
743 3397 1149 3469 ὲξουσιαστικῆς
1203 3399 1498 3468 δυνάμεως,
1546 3395 1783 3466 δηλονότι

208 3491 270 3542 ἐν
285 3493 409 3553 ταῖς
443 3490 700 3559 δυνάμεσι
737 3491 829 3543 καὶ
874 3492 928 3542 ἐν
958 3494 1076 3552 ταῖς
1117 3489 1453 3559 κυριότησινο
1488 3484 1782 3560 αὗταιγὰρ

209 3585 352 3636 εἰσιν
384 3582 442 3634 αἱ
490 3583 609 3635 κατ’
656 3580 826 3644 αὐτάς
867 3581 967 3642 τὰς
1007 3579 1206 3643 τάξεις.
1241 3581 1302 3632 Ei
1335 3579 1442 3649 γὰρ
1487 3581 1783 3654 μιμνησκό-

215 3669 379 3743 μεθα,
419 3667 675 3738 ἐλέγομεν
695 3667 1018 3738 ἔμπροσθεν,
1049 3669 1128 3721 ὅτι
1159 3668 1225 3720 τά
1255 3669 1416 3720 πᾶσιν
1448 3667 1781 3736 ὑπάρχοντα,

214 3760 365 3822 ιδίως
388 3759 598 3829 ἐκάστῳ
629 3760 719 3812 ἐπὶ
751 3759 908 3812 πλέον
951 3758 1364 3828 ἀπονενέμηται,
1412 3758 1497 3810 ἵνα
1542 3756 1784 3810 ἐντεῦθεν

208 3851 284 3903 ea
312 3851 414 3919 τῆς
442 3850 647 3914 τάξεως
687 3849 1184 3920 διαφυλαχθήσηται
1207 3864 1221 3876 ·
1262 3849 1417 3901 τοῦτο
1445 3849 1552 3922 γὰρ
1583 3850 1782 3918 σημαί-

211 3961 296 3996 νει
352 3943 446 3994 καὶ
473 3943 534 3994 τδ
575 3934 1062 4010 ἀναλαμπούσης.
1111 3942 1181 3993 Ἤ
1211 3941 1302 3993 καὶ
1331 3940 1528 4003 νᾶλλως
1554 3940 1615 3992 τὸ
1642 3942 1786 3994 ἀναρ-

211 4021 598 4101 λαμπσύσης,
625 4031 712 4084 διὰ
737 4021 833 4102 τὴν
860 4031 952 4084 τοῦ
992 4032 1166 4100 φωτὸς
1215 4032 1473 4100 ἰδιότητα·
1508 4031 1784 4102 ἀνωφερὲς

213 4124 328 4196 γάρ
357 4124 419 4177 τὸ
440 4124 573 4192 φῶς,
630 4126 676 4176 εἰ
733 4125 878 4193 καὶὴ
911 4122 1101 4179 τούτου
1152 4122 1411 4192 ἐλλαμψις
1465 4125 1559 4175 καὶ
1588 4125 1645 4176 ἐν
1673 4126 1786 4186 τοῖς

213 4213 371 4272 κάτω
396 4214 618 4281 γίνεται.
659 4212 956 4284 Πληρὼσας
984 4213 1080 4275 τάς
1122 4212 1367 4275 θεοειδεῖς
1400 4196 1660 4281 ἰδιότητας
1687 4213 1786 4282 τῆς

220 4299 398 4368 μέσης
444 4296 869 4367 διακοσμήσεως,
931 4297 1164 4367 μέτεισιν
1215 4298 1304 4350 ἐπὶ
1361 4297 1456 4368 τὴν
1506 4298 1784 4368 ἰεραρχίαν

215 4388 422 4450 αὐτῶν,
451 4388 545 4458 τὴν
572 4387 854 4459 κάθαρσιν,
883 4387 972 4439 τὸν
1004 4387 1296 4458 φωτισμὸν,
1343 4387 1439 4458 τὴν
1486 4388 1779 4444 τελείωσιν.

1883 3201 2201 3264 obtinetur,
2251 3201 2447 3256 invicta
2495 3211 2580 3254 est
2621 3202 2687 3253 ad
2731 3201 2966 3266 bonum;
3013 3199 3227 3268 quando
3252 3207 3432 3253 autem

1884 3295 2161 3362 illegitima
2186 3301 2240 3346 et
2279 3295 2585 3362 tyrannica,
2643 3300 2770 3345 tunc
2807 3291 3023 3360 propria
3059 3291 3111 3344 vi
3141 3292 3206 3343 ad
3237 3289 3435 3344 malum

1883 3382 2127 3435 abutttur
2161 3397 2175 3434 :
2203 3379 2334 3434 facit
2382 3380 2468 3433 hic
2518 3389 2743 3434 sanctus
2771 3380 3093 3432 divisionem
3127 3383 3435 3448 potestatis,

1885 3487 1945 3525 ac
1975 3472 2126 3536 dicit,
2173 3473 2401 3526 virtutes
2452 3483 2667 3525 sanctas
2712 3465 2820 3525 non
2861 3472 3144 3542 tyrannice
3173 3473 3239 3525 ad
3294 3473 3434 3528 mala

1882 3561 2167 3616 virtutibus
2199 3563 2368 3628 abuti,
2415 3563 2508 3617 sed
2539 3563 2720 3615 animo
2769 3563 2973 3616 invicto
2993 3561 3060 3614 ad
3092 3563 3270 3615 divina
3315 3567 3433 3616 teri-

1884 3651 2012 3705 dere
2041 3668 2055 3714 ;
2083 3653 2226 3720 quod
2257 3661 2341 3704 est
2372 3651 2652 3720 pr0prium
2681 3652 2968 3719 potestatis
2991 3653 3128 3705 bene
3153 3652 3434 3715 ordinatae,

1884 3751 2046 3809 atque
2069 3743 2201 3796 adeo
2237 3730 2400 3795 etiam
2455 3742 2732 3812 legitima}.
2762 3740 2946 3812 Neque
2973 3751 3179 3795 tantum
3210 3744 3335 3812 ipsa:
3369 3745 3438 3798 ad

1885 3850 2113 3903 superna
2143 3845 2449 3899 transeunt,
2475 3852 2658 3892 verum
2691 3837 2851 3890 etiam
2876 3835 3133 3890 inferiora
3165 3850 3259 3890 sua
3284 3837 3438 3890 boui-

1885 3924 2134 3978 iormiter
2157 3925 2428 3978 adducunt
2450 3929 2580 3995 (non
2621 3925 2766 3979 enim
2800 3933 2882 3980 est
2908 3925 3134 3989 invidia,
3162 3939 3336 3994 neque
3355 3935 3439 3980 te-

1885 4015 2115 4078 naeitas,
2161 4024 2335 4082 neque
2361 4015 2692 4083 purcimonia
2721 4015 2914 4084 bono),
2947 4025 3006 4068 et
3034 4016 3100 4069 ad
3139 4015 3437 4072 Auctorem

1883 4120 2063 4170 suum,
2084 4120 2243 4175 quem
2289 4107 2663 4176 potentilicum
2687 4117 2742 4162 et
2767 4107 3016 4178 potentia:
3057 4110 3432 4177 principatum

1886 4208 2044 4252 vocat
2085 4198 2238 4268 (illud
2292 4201 2532 4269 quidem,
2585 4202 2842 4270 quoniam
2868 4203 3170 4276 potestates
3191 4203 3438 4256 condidit

1886 4306 1945 4345 ac
1966 4293 2209 4357 creavit;
2239 4292 2343 4347 hoc
2391 4307 2540 4356 vero,
2575 4292 2700 4361 quia
2725 4301 3016 4360 potestates
3048 4295 3230 4364 regit),
3255 4310 3430 4362 quau-

1887 4392 1997 4436 tum
2030 4382 2112 4436 fas
2139 4394 2240 4446 εει,
2273 4381 2690 4437 εεεὶιηίιοηιυτ.’
2720 4383 2997 4454 Siquidem
3042 4386 3274 4454 ipsa'ruut
3310 4401 3442 4454 per-

216 4479 552 4548 Καθαίρεται
579 4479 771 4542 τοίνυν,
821 4481 912 4532 καὶ
941 4478 1246 4547 φωτίζεται,
1279 4478 1371 4532 καὶ
1401 4478 1783 4548 τελεσιουργεί-
1812 4471 1856 4527 D

1764 4511 1783 4520 -
1812 4471 1856 4527 D
1886 4472 2046 4528 fectio
2090 4482 2171 4528 est
2225 4473 2340 4536 Dei,
2402 4475 2766 4542 quanta'fieri
2808 4485 3008 4543 potest,
3065 4476 3423 4528 assituilatio:

214 4586 312 4622 ⁴ται
339 4568 458 4622 καθ’
496 4569 552 4622 ὃν
581 4569 790 4640 εἴρηται
817 4571 1013 4640 τρόπον
1048 4551 1141 4623 ἐπὶ
1168 4574 1232 4640 τῇ
1257 4571 1446 4642 πρώτῃ
1489 4570 1780 4641 διακοσμή-

1775 4602 1780 4611 .
1885 4565 2134 4632 hancque
2183 4563 2418 4616 divinam
2484 4564 2953 4632 assimilationem,
3005 4576 3263 4635 quantum
3307 4565 3434 4626 licet

219 4675 329 4720 σει,
355 4661 433 4711 ὅτι
462 4661 684 4729 κάκείνη
713 4662 806 4713 καὶ
833 4660 970 4732 αὕτη
998 4661 1100 4713 ὑπὸ
1131 4661 1235 4713 τῶν
1253 4660 1783 4730 θεαρχικῶνὲλλάμ-

1770 4690 1783 4700 .
1884 4652 2110 4722 angelis,
2143 4655 2446 4706 accendunt
2487 4655 2539 4706 in
2589 4655 2701 4708 suis
2743 4657 3102 4710 ornatissimis
3153 4658 3429 4715 ordinibus

215 4747 388 4820 ψεων,
418 4747 555 4819 πλὴν
585 4746 722 4816 αὕτη
758 4748 1026 4818 δευτέρως
1054 4748 1139 4800 διά
1167 4749 1264 4817 τῆς
1293 4747 1540 4818 πρώτης·
1565 4749 1651 4801 διὰ
1677 4749 1784 4819 γὰρ

1766 4767 1784 4800 9
1887 4744 2220 4813 potestativae
2249 4745 2486 4809 virtutis,
2524 4747 2729 4800 scilicet
2772 4748 2822 4800 in
2851 4749 3139 4804 virtutibus
3165 4759 3220 4802 et
3249 4751 3425 4806 domi-

223 4840 398 4915 μέσης
427 4840 634 4908 ἐκείνης
660 4840 759 4909 τῆς
787 4839 1153 4911 πρωτοφανῶς
1200 4841 1424 4910 ἐχούσης
1453 4842 1548 4903 τὰς
1576 4840 1786 4892 τελειώ-

1778 4871 1786 4880 .
1890 4835 2197 4888 uationibus
2232 4852 2245 4888 :
2280 4836 2360 4888 ha:
2393 4836 2535 4889 enim
2594 4847 2720 4890 sunt
2763 4839 2973 4893 ordinis
3021 4842 3258 4908 ejusdem
3310 4855 3437 4896 cum

223 4945 361 4992 σεις,
389 4929 788 4999 δευτεροφανῶς
821 4932 876 4982 αί
899 4930 1186 4999 ἐλλάμψεις
1213 4931 1711 5002 διαπορθμεὺονται.

1888 4927 1976 4982 iis.
2029 4923 2496 4993 Siquidem‘recte
2547 4927 2911 4994 meminimus,
2964 4930 3195 4984 diximus
3249 4940 3428 4993 antea,

221 5018 486 5088 quidquid
539 5014 826 5073 universint
869 5021 1083 5083 accidit,
1130 5022 1348 5075 cuilibet
1410 5031 1468 5075 ut
1512 5022 1798 5090 plurimum
1858 5017 2154 5074 secundum
2208 5017 2431 5070 modum’
2479 5020 2753 5087 proprium
2805 5019 3074 5086 distribui,
3125 5028 3182 5072 ut
3228 5021 3308 5074 sic
3366 5037 3432 5075 ea

222 5125 349 5180 qua:
395 5118 520 5162 sunt
575 5111 778 5163 ordinis
828 5122 1155 5177 serventur;
1197 5114 1298 5168 hoc
1352 5114 1497 5168 enim
1551 5123 1769 5182 propter
1831 5111 1970 5165 lueis
2026 5111 2412 5178 preprietatem
2468 5111 2735 5176 significat
2783 5112 2943 5166 etiam
3015 5119 3116 5164 vox
3173 5111 3429 5166 accendit.

225 5197 513 5252 Veletiam
549 5196 706 5250 aliter
763 5199 1018 5263 accendit,
1080 5211 1300 5268 propter
1336 5202 1471 5256 lucis
1525 5203 1956 5272 proprietatem:
2034 5199 2125 5252 iux
2180 5202 2321 5254 enim
2368 5215 2582 5255 sursum
2639 5202 2832 5266 fertur,
2893 5205 3101 5257 tametsi
3147 5202 3253 5272 ει
3316 5203 3434 5268 ejus

221 5287 516 5346 illustratio
564 5288 812 5342 deorsum
862 5290 1022 5344 etiam
1059 5293 1172 5346 θυι.
1229 5293 1582 5348 Deiformibus
1648 5291 2085 5362 proprietatibus
2132 5290 2321 5346 media:
2405 5293 2804 5348 distributionis
2852 5295 3156 5357 absolutis,
3221 5295 3423 5350 transit

218 5382 291 5435 ad
346 5395 532 5434 carum
570 5381 958 5444 hierarchiam,
1006 5381 1058 5436 id
1119 5395 1220 5448 est,
1262 5385 1625 5450 expiationem
1657 5425 1671 5449 ,
1725 5383 2172 5436 illurninationem
2233 5390 2286 5436 et
2338 5380 2743 5449 perfectionem.
2816 5383 3073 5452 Expiatur
3127 5384 3328 5448 itaque,
3375 5392 3428 5435 et

217 5475 567 5530 illuminatur
617 5486 780 5543 atque
813 5477 1091 5545 perficitur
1121 5494 1185 5533 eo
1232 5479 1390 5534 modo
1426 5496 1532 5547 quo
1572 5480 1774 5536 dictum
1809 5488 1893 5532 est
1935 5478 2186 5545 inprima
2211 5471 2610 5541 distributione,
2667 5481 2922 5546 quoniam
2967 5486 3073 5532 tam
3136 5478 3224 5530 illa
3270 5491 3433 5543 quinm

220 5573 340 5625 hac
371 5569 471 5623 sub
512 5567 710 5621 divinis
755 5578 839 5622 est
890 5569 1362 5635 illustrationibus,
1420 5586 1608 5625 verum
1661 5573 1774 5625 haec
1810 5575 2045 5624 secundo
2077 5573 2199 5624 loco
2231 5586 2327 5640 per
2371 5573 2596 5640 primam
2632 5587 2647 5624 :
2682 5572 2766 5624 illa
2807 5572 2949 5626 enim
3006 5569 3271 5622 mediante
3312 5582 3432 5634 quia

220 5663 393 5730 prima
424 5659 545 5712 luce
590 5659 888 5726 perﬁcitur,
937 5663 1186 5715 secundat
1231 5662 1610 5717 illustrationis
1646 5664 1780 5715 radii
1820 5663 2187 5731 trajiciuutur.

291 5751 318 5824 5
357 5755 420 5805 li.
464 5749 563 5804 Διά
592 5749 747 5804 τοῦτο
776 5751 868 5822 τὴν
908 5752 1071 5824 ἀκοὴν
1117 5752 1210 5827 τὴν
1238 5754 1302 5806 δι’
1333 5753 1487 5809 άλλου
1516 5758 1595 5820 είς
1621 5755 1774 5810 ἄλλον

1734 5774 1774 5808 iV
1951 5754 1977 5828 ᾗ
2015 5755 2072 5810 ll.
2117 5755 2296 5827 Itaque
2331 5756 2600 5822 notitiam,
2635 5768 2759 5830 qua:
2807 5769 2837 5812 3
2879 5753 3159 5820 Zacharta,
3204 5759 3265 5822 et
3323 5752 3393 5806 Da
