4202 6300
734 329 838 387 BSt

1862 323 1920 382 S.
1963 321 2262 382 DlONYSll
2301 320 2762 378 AREOPAGITIE

3883 325 4000 382 252

739 443 902 505 nieie,
931 447 987 496 et
1025 438 1310 494 Ezechiele
1366 436 1666 507 prophetis,
1713 452 1809 506 per
1844 437 2010 490 alium
2043 438 2110 491 ad
2144 437 2306 491 alium

2413 432 2640 500 ἄγγελον
2659 429 3476 505 λεγομένην’διαπορθμεύεσθαι
3511 435 3661 507 παρά
3687 454 3745 490 τε
3773 435 3849 508 τῷ
3876 439 3995 493 Ζα-

739 541 988 610 angeinm
1010 539 1282 594 transfusa
1314 539 1534 601 dicitur,
1557 537 1861 605 exemplum
1896 537 2161 594 faciamus
2192 555 2317 609 per-

737 635 987 691 fectionis
1008 649 1132 705 qua:
1166 635 1382 687 eminus
1411 642 1721 702 procurata,
1761 646 2058 701 prOgressu
2093 649 2154 687 ac
2187 648 2313 702 pro-

738 729 952 784 fusione
979 726 1320 782 subobscure
1350 725 1418 778 ad
1465 722 1756 778 inferiores
1789 726 2058 793 pervenit.
2107 723 2317 778 Obscu-

739 835 856 876 ram
892 829 1072 873 autem
1105 819 1500 888 perfectionem
1565 818 1724 880 dixit,
1780 834 1889 872 non
1939 828 2163 886 propter
2191 831 2316 887 pro-

738 913 912 983 priam
949 911 1064 978 eius
1088 909 1491 975 remissionem,
1520 910 1612 965 sed
1639 919 1861 979 propter
1885 909 2315 964 imbecillitatem

737 1007 1123 1075 recipientium
1162 1003 1308 1059 :boc
1358 1005 1503 1058 enim
1559 991 1880 1071 significat,
1939 1004 2181 1058 vocando
2229 1017 2316 1058 se-

737 1099 946 1155 cundas
981 1106 1169 1168 partes
1226 1093 1567 1157 initiationis,
1606 1093 1656 1148 id
1685 1103 1770 1148 est
1795 1095 2081 1149 obscurius
2112 1085 2316 1149 initiari

738 1189 1000 1246 secunda.
1049 1188 1351 1243 Verborum
1406 1199 1631 1242 suorum
1685 1185 1996 1254 exemplum
2049 1187 2213 1240 sumit
2245 1185 2314 1240 ab

738 1283 807 1337 iis
837 1296 957 1350 quac
1005 1280 1149 1350 apud
1208 1279 1452 1333 homines
1513 1286 1639 1330 sunt
1675 1277 2097 1342 initiationibus,
2153 1278 2314 1347 idque

740 1389 848 1428 non
890 1387 918 1424 a
948 1372 1264 1440 semetipso.
1299 1369 1391 1423 sed
1419 1369 1486 1424 ab
1523 1370 1767 1439 ipsismet
1798 1384 2081 1426 sacrorum
2119 1369 2313 1438 peritis

739 1465 1111 1520 initiatoribus
1156 1463 1376 1518 nostris.
1431 1463 1896 1530 Quemadmodum
1954 1463 2098 1518 enim
2133 1464 2204 1517 illi
2235 1465 2315 1518 di-

737 1564 892 1619 cunt,
929 1569 1024 1624 per
1051 1569 1110 1610 se
1159 1563 1486 1623 apparentes
1545 1555 1909 1624 plenitudines
1966 1565 2130 1623 atque
2188 1554 2311 1608 illu-

741 1648 1039 1706 strationes
1067 1647 1238 1717 (juxta
1280 1647 1429 1712 illud,
1481 1645 1556 1700 De
1608 1647 1934 1714 plenitudine
1976 1647 2090 1715 ejus
2135 1661 2312 1699 omnes

738 1740 1031 1805 accepimus
1046 1743 1118 1808 ll‘)
1145 1739 1502 1808 perfectiores
1525 1753 1648 1795 esse
1667 1739 1730 1793 iis
1757 1755 1876 1808 qua:
1898 1755 1996 1809 per
2014 1739 2150 1794 alias
2172 1738 2310 1794 divio

740 1846 840 1886 nas
868 1829 1313 1905 participationes
1339 1831 1670 1885 hauriuntur
1707 1831 1926 1901 (initiati
1974 1831 2145 1895 enim,
2175 1835 2308 1900 sive,

741 1936 802 1980 ut
841 1926 919 1980 sic
949 1925 1146 1988 dicam,
1170 1924 1393 1992 perfecti
1443 1934 1571 1979 sunt
1612 1923 2034 1993 diviniapostoli
2067 1926 2133 1979 ab
2169 1925 2312 1994 ipso-

743 2015 1166 2072 tnetSalvatore
1221 2026 1406 2071 nostro
1452 2013 1580 2070 Jesu
1627 2016 1845 2070 Christo
1891 2031 1956 2070 ac
2006 2015 2137 2078 Deo,
2170 2016 2309 2069 vela

742 2118 935 2163 sancto
995 2108 1320 2176 vivificoque
1371 2106 1578 2178 Spiritu
1634 2115 1876 2176 tempore
1915 2105 2306 2170 Pentecostes;

743 2199 1236 2255 consecrati-etiam
1263 2207 1387 2253 sunt
1419 2199 1616 2254 summi
1661 2199 1976 2254 sacerdotes
2017 2210 2112 2268 per
2141 2198 2310 2266 ipsos,

743 2301 981 2347 attamen
1007 2291 1298 2361 perfectior
1318 2292 1542 2348 omnino
1575 2301 1658 2346 est
1689 2307 1877 2346 eorum
1909 2291 2305 2361 consecratio):

742 2386 1218 2456 quemadmodum,
1257 2386 1502 2455 inquam,
1533 2387 1624 2456 qui
1667 2386 1718 2440 iu
1749 2387 1945 2440 divinis
1981 2385 2310 2441 excellentes

742 2489 889 2543 sunt,
932 2478 999 2533 de
1052 2479 1139 2533 bis
1187 2479 1339 2532 aiunt
1372 2496 1384 2543 ;
1425 2480 1498 2532 ita
1526 2478 1689 2534 etiam
1720 2478 1979 2533 existimo
2012 2479 2156 2532 hunc
2185 2493 2312 2532 san-

743 2582 890 2625 ctum
934 2571 1140 2636 dicere,
1175 2570 1542 2624 immediatam
1601 2571 2083 2641 participationem
2121 2569 2309 2635 prima:

742 2663 1143 2719 distributionis
1189 2664 1580 2719 evidentior-ein
1641 2679 1762 2718 esse
1786 2679 1848 2717 ea
1901 2679 2022 2732 qua:
2062 2663 2309 2716 median-

745 2749 889 2802 tibus
918 2749 1040 2805 aliis
1071 2749 1373 2805 confertur.
1437 2749 1644 2806 Idcirco
1694 2755 1856 2806 etiam
1887 2767 1953 2805 ex
1985 2751 2309 2806 sacerdotali

744 2843 1035 2897 traditione
1087 2842 1374 2908 habemus,
1427 2843 1634 2914 primos
1657 2845 2002 2913 sequentium
2044 2843 2311 2914 perfecto-

736 2946 852 2999 .res,
893 2944 947 2988 et
995 2933 1411 2998 iliuminatores,
1451 2944 1508 2990 et
1551 2937 1858 3005 expiatores
1911 2936 2200 3004 nominari,
2252 2947 2310 2991 ut

743 3027 834 3094 qui
865 3025 931 3079 ab
958 3026 1039 3080 eis
1068 3027 1409 3082 adducantur
1438 3028 1505 3082 ad
1536 3028 1779 3082 omnium
1828 3029 2183 3098 principium,
2223 3030 2308 3084 di-

745 3125 1008 3193 vinasque
1040 3125 1366 3195 participent
1397 3127 1766 3196 expiationes,
1803 3126 2227 3183 illuminationes
2252 3143 2315 3183 ac

743 3217 1187 3272 consecratinnes
1218 3236 1231 3272 :
1265 3219 1532 3287 siquidem
1566 3220 1668 3273 hoc
1690 3233 1720 3271 a
1755 3219 1864 3273 Deo
1901 3219 2103 3275 divinis
2148 3220 2312 3274 etiam

744 3308 1029 3363 ordinibus
1056 3307 1170 3377 lege
1195 3317 1456 3364 statutum
1509 3319 1615 3375 est,
1665 3320 1722 3364 ut
1745 3325 1867 3379 qua:
1893 3312 2132 3363 secunda
2163 3320 2313 3374 sunt,

743 3418 843 3474 per
871 3403 1044 3472 prima
1075 3404 1288 3459 divinas
1319 3404 1644 3474 participem
1675 3403 2102 3457 iiluminationes
2136 3419 2149 3455 :
2180 3402 2314 3456 ordo

745 3494 891 3552 enim
924 3506 1030 3549 tam
1066 3497 1312 3551 ccelestia
1358 3513 1521 3566 quam
1575 3497 1858 3552 terrestria
1885 3497 2146 3552 continuet.
2180 3495 2314 3550 Ser-

747 3601 965 3642 mortem
997 3605 1172 3650 suum,
1203 3591 1346 3658 quod
1378 3591 1617 3644 secunda
1667 3591 1777 3659 82
1820 3588 2178 3642 mediantibus
2207 3589 2317 3656 pri-

749 3682 854 3734 mis
879 3680 1236 3745 iilustrentur,
1275 3681 1564 3735 confirmat
1590 3698 1617 3733 a
1656 3681 1856 3736 divinis
1882 3681 2162 3749 sacrisque
2193 3694 2317 3750 pro-

749 3773 950 3842 phetis,
990 3788 1128 3844 quos
1152 3785 1208 3827 et
1251 3774 1530 3844 theologos
1583 3783 1766 3838 vocat,
1811 3783 1870 3827 ut
1909 3773 1998 3842 qui
2036 3787 2316 3828 sermones

751 3867 845 3923 Dei
879 3870 1033 3923 nobis
1065 3868 1558 3939 annuntiant.;Hoc
1588 3872 1797 3937 utique,
1826 3867 2018 3933 inquit,
2051 3882 2078 3918 a
2109 3865 2314 3922 theoloo

750 3963 833 4032 gis
885 3977 1200 4031 expressum
1257 3961 1520 4030 reperias,
1556 3977 1619 4015 ac
1662 3961 1894 4029 primum
1934 3975 1962 4012 a
1996 3957 2260 4012 Zacharia
2297 3975 2313 4012 :

749 4069 874 4108 cum
906 4054 1050 4108 enim
1091 4052 1182 4107 Dei
1223 4052 1509 4106 clementia
1557 4053 1705 4123 (nam
1743 4051 1834 4106 Dei
1868 4051 2079 4119 punitio
2103 4064 2318 4117 quoque

750 4146 1038 4201 clementia
1075 4156 1177 4207 est,
1211 4145 1368 4212 juxta
1421 4143 1574 4207 illud,
1604 4154 1831 4213 paterna
1854 4144 2016 4197 etiam
2046 4142 2317 4196 correctio

752 4237 1062 4306 benignitas
1101 4237 1320 4289 exsistit
1352 4254 1367 4302 ;
1399 4235 1654 4303 quoniam
1685 4235 1857 4288 instar
1897 4233 2066 4303 patris
2097 4232 2319 4287 deduxit

754 4339 819 4379 ac
849 4324 1048 4377 direxit
1082 4321 1269 4388 Israel,
1313 4314 1635 4391 quandoque
1684 4322 1898 4390 quidem
1934 4320 2316 4390 promissioni-

755 4416 858 4470 bus
888 4417 1174 4482 bonorum,
1207 4417 1531 4486 quandoque
1557 4429 1686 4469 vero
1715 4415 1874 4470 minis
1905 4430 1968 4467 ac
1985 4415 2313 4484 suppliciis),

2418 523 2607 593 χαρία,
2640 523 2753 589 ,ικαὶ
2806 522 3022 594 Δανιὴλ,
3072 524 3166 577 καὶ
3212 523 3463 596 ἰεξεκιὴλ
3511 527 3623 589 τοῖς
3658 529 3994 598 προφήταις,

2419 614 2686 684 σύμϐολον
2715 615 3047 686 ποιησόμεθα
3093 615 3194 685 τῆς
3236 617 3513 688 πόρρωθεν
3550 619 3993 690 ἐπιτελουμένης,

2418 707 2512 758 καὶ
2541 705 2625 757 διὰ
2647 705 2818 776 μέσης
2836 706 3028 776 ἐτέρας
3053 705 3260 783 τάξεως
3278 707 3624 772 τελειώσεως,
3658 709 3754 776 τῆς
3779 710 3863 768 διὰ
3887 711 3998 783 τὴν

2417 793 2642 865 πρόοδον
2668 793 2768 864 τὴν
2823 797 2902 858 εἰς
2955 776 3276 866 δευτέρωσιν
3327 797 3754 870 ἀμυδρουμένης.
3823 776 3999 871 Ἀμέ-

2417 884 2715 956 δρουμένην
2741 885 2795 938 δὲ
2819 887 2916 956 τὴν
2932 885 3203 938 τελείωσιν
3234 882 3404 949 εἶπεν,
3431 889 3490 940 οὐ
3519 887 3605 941 διὰ
3643 888 3741 961 τὴν
3780 890 3997 944 οἰκείαν

2416 977 2588 1048 αὐτῆς
2615 978 2848 1041 ἀτονίαν,
2879 977 3010 1032 ἀλλά
3054 979 3206 1050 παρά
3233 981 3292 1032 τὸ
3318 982 3609 1051 ὑφειμένον
3629 983 3742 1038 τῶν
3761 983 3994 1053 δεχομέ-

2415 1085 2553 1123 νων’
2583 1067 2742 1122 τοῦτο
2766 1069 2874 1139 γὰρ
2903 1069 3048 1140 δηλοί
3085 1070 3144 1121 τὸ
3174 1072 3346 1124 εἰπεῖν
3386 1070 3744 1139 δευτέρωο-ιν
3771 1071 4000 1133 τελειώ-

2417 1175 2573 1221 σεως,
2596 1160 2838 1212 τουτέστι
2863 1161 2922 1213 τὸ
2945 1161 3308 1232 ἀμυδρότερον
3350 1161 3683 1223 τελειοῦσθαι
3714 1163 3781 1217 τὰ
3806 1163 3997 1217 δεύτε-

2418 1267 2507 1321 ρα.
2555 1249 2868 1319 Ἀναλογίαν
2923 1255 3154 1315 ποιεῖται
3200 1253 3307 1307 τῶν
3353 1253 3523 1322 λόγων
3553 1254 3716 1307 αὑτοῦ
3745 1256 3850 1308 ἀπὸ
3878 1256 3998 1310 τῶν

2416 1346 2547 1415 παρ’
2587 1343 2890 1415 ἀνθρώποις
2944 1344 3295 1410 τελειώσεων,
3340 1346 3433 1399 καὶ
3476 1346 3634 1399 τοῦτο
3667 1347 3727 1398 οὐ
3774 1347 3998 1418 τίθησιν

2415 1437 2506 1506 ἀφ’
2538 1437 2751 1500 ἑαυτοῦ,
2807 1436 2919 1492 ἀλλ’
2973 1439 3081 1491 ἀπὸ
3127 1439 3236 1491 τῶν
3276 1439 3461 1494 δεινῶν
3515 1439 3642 1511 περὶ
3697 1439 3794 1502 τὰς
3835 1439 3998 1510 ἱερὰς

2415 1526 2570 1597 ἡμῶν
2604 1526 2842 1590 τελετάς.
2896 1527 2982 1590 Ὠς
3010 1527 3140 1596 γοῦν
3189 1529 3384 1581 ἐκεῖνοί
3439 1545 3572 1598 φασι
3613 1527 3710 1591 τὰς
3749 1530 3998 1599 αὐτοφα-

2414 1620 2524 1680 νείς
2551 1617 2966 1689 ἀποπληρώσεις
2983 1620 3075 1673 καὶ
3096 1619 3388 1690 ὲλλάμψεις
3434 1619 3600 1691 (κατά
3629 1619 3708 1682 τὸ,
3752 1621 3850 1673 Ἐκ
3878 1619 3994 1673 τοῦ

2415 1708 2805 1779 πληρώματος
2835 1711 3020 1765 αὐτοῦ
3053 1711 3274 1778 πάντες
3310 1709 3617 1781 ἐλάϐομεν)
3647 1710 3752 1771 τῶν
3771 1711 3835 1763 δι’
3867 1710 3995 1763 ἐτέ-

2342 1789 2386 1845 Β
2416 1815 2522 1872 ρων
2553 1801 2709 1854 θείων
2760 1802 3024 1873 μεθέξεων
3050 1802 3384 1874 τελειοτέρας
3420 1799 3577 1864 εἶναι,
3607 1801 3998 1872 (ὲτελέσθησαν

2415 1891 2543 1963 γὰρ,
2571 1892 2701 1964 φέρε
2729 1894 2922 1957 εἰπεῖν,
2957 1895 3008 1950 oi
3037 1893 3167 1952 θεῖοι
3218 1894 3504 1949 ἀπόστολοι
3555 1893 3684 1964 παρ’
3711 1892 3872 1945 αὐτοῦ
3897 1890 4001 1945 τοῦ

2415 1983 2667 2056 Σωτῆρος
2712 1987 2869 2057 ἡμῶν
2937 1985 3111 2055 Ἰησοῦ
3154 1984 3388 2057 Χριστοῦ
3438 1984 3533 2043 καὶ
3573 1982 3795 2054 Secti-ﬂ
3840 1983 4002 2054 παρὰ

2413 2075 2506 2130 τοῦ
2541 2078 2696 2146 ἀγίου
2743 2079 2835 2131 καὶ
2879 2076 3196 2148 ζωαρχικοῦ.
3237 2076 3567 2147 Πνεῦματος,
3606 2076 3664 2134 ἐν
3707 2074 3785 2144 τῷ
3815 2073 4002 2145 καιρῷ

2413 2168 2513 2238 τῆς
2543 2169 2938 2239 Πεντηκοστῆς,
2963 2169 3316 2239 ἐτελέσθησαν
3339 2171 3429 2228 καὶ
3451 2170 3498 2222 οἱ
3527 2169 3802 2239 ἀρχιερεῖς
3819 2167 3885 2219 δι’
3905 2165 4005 2218 αὑ-

2412 2259 2541 2321 τῶν,
2567 2260 2661 2314 καὶ
2686 2259 2990 2330 τελειοτέρα
3021 2261 3237 2322 πάντως
3272 2261 3417 2313 ἐστὶν
3457 2260 3680 2312 ἐκείνων
3707 2261 3738 2329 ἠ
3769 2257 3996 2311 τελείω-

2415 2349 2550 2421 σιςο)
2581 2350 2656 2412 ώς
2686 2349 2815 2418 γοῦν
2863 2351 2912 2403 οί
2948 2350 3107 2403 δεινοὶ
3139 2351 3208 2403 τὰ
3253 2350 3370 2404 θεῖά
3416 2366 3547 2419 φασι
3595 2351 3723 2420 περὶ
3761 2351 4001 2410 τούτων,

2412 2441 2602 2505 οὕτως,
2626 2437 2798 2512 οἶμαι,
2851 2443 3013 2512 φησιν
3047 2445 3073 2495 ὁ
3106 2445 3278 2511 ἀγιος,
3329 2443 3427 2514 τὴν
3467 2441 3670 2512 ἀμεσον
3704 2440 4003 2512 μετουσίαν

2411 2532 2513 2600 τῆς
2554 2531 2776 2603 πρώτης
2830 2533 3242 2604 διακοσμήσεως
3295 2534 3686 2604 ἐναργεστέραν
3715 2530 3853 2586 εἶναι
3880 2531 4004 2586 τῶν

2411 2623 2478 2676 δι’
2513 2623 2711 2692 ἐτέρων
2744 2624 2922 2693 μέσων
2967 2624 3430 2695 ἀποτελουμένων.
3463 2625 3553 2676 Διὸ
3582 2625 3675 2677 καὶ
3698 2623 3757 2688 ἐξ
3793 2625 4004 2693 ἱερατι-

2413 2712 2515 2782 κῆς
2553 2712 2901 2783 παραδόσεως
2930 2713 3141 2782 ἔχομεν,
3165 2714 3245 2766 ὅτι
3284 2713 3528 2766 τελεσταὶ
3569 2715 3661 2766 καὶ
3689 2713 4004 2784 φωτουργοὶ

2413 2805 2508 2856 καὶ
2540 2803 2859 2874 καθαρτικοὶ
2887 2803 2934 2854 οἱ
2966 2803 3169 2874 πρῶτοι
3197 2803 3305 2856 τῶν
3332 2803 3595 2874 δευτέρων
3619 2802 4002 2874 ὀνομάζονται,

2415 2894 2491 2956 ὼς
2521 2894 2588 2946 δι’
2619 2893 2795 2946 αὐτῶν
2843 2894 3190 2964 ἀναγομένων
3241 2893 3445 2947 τούτων
3485 2895 3576 2947 ἐπί
3622 2894 3720 2964 τὴν
3773 2895 4006 2948 πάντων

2414 2985 2589 3056 ἀρχὴν
2616 2972 2710 3037 καὶ
2769 2987 2826 3038 ἐν
2851 2986 3113 3056 ’μετουσία
3138 2987 3436 3056 γινομένων
3463 2985 3571 3040 τῶν
3597 2985 3752 3039 θείων
3781 2987 4003 3060 καθάρ-

2412 3094 2569 3140 σεων,
2623 3077 2913 3148 φωτισμῶν
2971 3077 3063 3131 καὶ
3116 3075 3479 3130 τελειώσεωνο
3517 3077 3674 3130 τοῦτο
3731 3078 3841 3150 γάρ
3868 3079 4002 3134 ἐστι

2342 3166 2384 3224 C
2417 3155 2904 3239 νενομοθετημένον
2928 3167 3297 3240 καὶ-παράτοῦ
3333 3166 3466 3220 Θεοῦ
3520 3170 3633 3230 τοῖς
3684 3167 3844 3231 θείοις
3900 3169 3990 3222 τά·

2417 3275 2611 3328 γμασι,
2670 3258 2731 3311 τὸ
2778 3257 2867 3311 διὰ
2918 3257 3025 3313 τῶν
3057 3256 3288 3328 πρώτων
3316 3256 3385 3310 τὰ
3413 3257 3659 3334 δεύτερα,
3695 3256 3801 3308 τῶν
3833 3255 4006 3310 θείων

2419 3349 2661 3422 μετέχειν
2692 3349 3006 3421 ἐλλάμψεων
3024 3367 3038 3381 ο
3064 3349 3216 3416 τάξις
3252 3349 3359 3421 γὰρ
3404 3350 3616 3420 συνέχει
3643 3349 3712 3404 τά
3739 3367 3797 3401 τε
3824 3350 4004 3421 οὖρά·

2415 3461 2502 3496 νια
2541 3444 2633 3496 καὶ
2658 3442 2726 3496 τὰ
2774 3443 3009 3511 ἐπίγεια.
3066 3441 3295 3511 Συνιστᾷ
3347 3441 3437 3494 τὸν
3483 3442 3635 3508 λόγον
3692 3441 3876 3506 αὐτοῦ,
3913 3442 4005 3494 ὅτι

2415 3530 2503 3584 διὰ
2537 3531 2714 3602 μέσων
2743 3532 2852 3584 τῶν
2879 3531 3108 3602 πρώτων
3136 3532 3184 3584 0i
3213 3529 3451 3601 δεύτεροι
3472 3530 3855 3602 ἐλλάμπονται,
3884 3530 4006 3585 ἀπὸ

2414 3620 2524 3674 τῶν
2557 3621 2712 3674 θείων
2765 3623 2860 3675 καὶ
2917 3621 3075 3692 ἱερῶν
3121 3619 3437 3692 προφητῶν,
3469 3621 3563 3685 οὓς
3591 3624 3682 3675 καὶ
3711 3622 4006 3691 θεολόγους

2417 3712 2600 3782 φησιν,
2631 3711 2705 3773 ώς
2739 3709 2929 3779 λόγους
2962 3709 3116 3762 ιΘεοῦ
3167 3711 3299 3780 ἡμῖν
3338 3709 3776 3779 ἐξαγγέλλοντας.
3811 3713 4003 3784 Εὑρή-

2418 3819 2528 3864 σεις
2555 3802 2706 3870 γοῦν,
2739 3802 2906 3870 λέγει,
2948 3800 3106 3854 τοῦτο
3154 3800 3478 3872 δηλούμενον
3526 3805 3641 3865 τοῖς
3689 3802 3998 3870 θεολόγοις·

2416 3894 2509 3946 καὶ
2533 3890 2748 3963 πρῶτον
2775 3891 2852 3963 τῷ
2897 3892 3142 3963 Ζαχαρία
3163 3909 3175 3922 ο
3221 3893 3385 3963 ἡνίκα
3425 3892 3533 3963 γὰρ
3561 3896 3592 3962 ἡ
3621 3891 3714 3945 τοῦ
3746 3894 3881 3946 Θεοῦ
3909 3878 4005 3963 φι-

2415 3982 2748 4053 λανθρωπία,
2778 3981 2829 4054 (ἡ
2861 3982 2970 4055 γὰρ
3003 3981 3097 4035 τοῦ
3145 3981 3277 4034 Θεοῦ
3325 3982 3562 4053 τιμωρία
3617 3981 4004 4054 φιλανθρωπία

2415 4074 2550 4136 ἐστὶ,
2595 4071 2735 4127 κατά
2757 4073 2838 4136 τὸ,
2860 4073 3072 4125 Γίνεται
3103 4072 3476 4144 φιλανθρωπία
3501 4074 3533 4142 ἡ
3563 4072 3797 4143 τιμωρία
3823 4076 3854 4144 ὴ
3889 4091 4004 4129 πα-

2415 4151 2576 4237 τρική
2604 4182 2616 4195 ·
2650 4166 2725 4228 ὼς
2751 4163 2859 4236 γὰρ
2895 4164 3078 4234 πατὴρ
3125 4164 3282 4235 ἐνῆγε
3342 4165 3434 4217 καὶ
3490 4163 3852 4233 ἐπαιδαγώγει
3904 4167 4003 4220 τὸν

2428 4257 2660 4328 Ἰσραὴλ,
2692 4257 2794 4310 ποῦ
2821 4257 2916 4328 μὲν
2937 4257 3000 4310 δι’
3029 4255 3367 4325 ἐπαγγελιῶν
3395 4255 3501 4310 τῶν
3529 4253 3766 4324 ἀγαθῶν,
3795 4257 3898 4310 ποῦ
3942 4260 4005 4314 δὲ

2413 4350 2480 4403 δι’
2509 4349 2743 4404 ἀπειλῶν
2781 4350 2872 4402 καὶ
2917 4349 3254 4421 τιμωριῶν·)
3303 4349 3466 4419 ἡνίκα
3503 4348 3634 4417 γοῦν
3664 4352 3696 4420 ἡ
3733 4349 3828 4402 τοῦ
3854 4351 4003 4406 Θεοῦ

2417 4438 2605 4509 φιλανθ
2614 4437 2790 4511 ρωπίᾳ
2817 4440 2908 4492 τὸν
2935 4438 3151 4511 Ἰσραὴλ
3179 4438 3588 4492 παιδεύσασαδι’
3618 4440 4005 4510 αἰχμαλωσίας

755 4509 994 4576 quando,
1027 4509 1273 4577 inquam,
1329 4508 1422 4562 Dei
1453 4508 1742 4562 clementia
1775 4507 2032 4565 lsraelem
2061 4509 2315 4565 erudiens

2421 4507 2530 4586 τῶν
2573 4507 2943 4599 Βαϐυλωνίων,
2988 4507 3165 4603 (τοῦτο
3202 4533 3257 4586 δὲ
3295 4533 3515 4601 γέγονεν
3544 4507 3685 4603 ὑπὲρ
3702 4507 3810 4602 τῆς
3844 4534 4006 4604 ἱερᾶς

757 4616 856 4669 per
899 4601 1268 4670 captivitatem
1322 4599 1744 4670 Babyloniorum
1804 4601 1930 4670 (hoc
1988 4611 2169 4657 autem
2220 4617 2318 4670 pro

755 4707 922 4750 sacra
973 4692 1091 4760 ejus
1143 4694 1317 4748 salute
1363 4693 1639 4762 contigit;
1678 4693 1857 4747 omnis
1904 4692 2048 4746 enim
2101 4693 2247 4746 salus
2289 4708 2319 4746 a

758 4786 867 4838 lico
891 4800 1047 4838 sacra
1075 4793 1179 4849 est,
1212 4784 1338 4853 quia
1371 4800 1475 4836 non
1512 4795 1722 4837 tantum
1767 4797 1964 4850 corpus
1987 4793 2195 4846 servat,
2225 4783 2318 4837 sed

754 4878 921 4934 etiam
957 4879 1218 4946 animam)
1253 4887 1310 4931 ut
1341 4878 1408 4932 ad
1457 4877 1774 4931 Creatorem
1825 4877 1998 4944 ipsum
2036 4888 2320 4933 converte-

755 4970 862 5036 ret,
890 4971 1175 5026 ultricibus
1205 4986 1270 5025 ac
1299 4970 1432 5024 feris
1480 4971 1730 5039 gentibus
1786 4971 2010 5024 tradidit
2036 4973 2322 5041 corrigen-

756 5063 934 5125 dum;
976 5062 1202 5115 etutad
1260 5060 1538 5114 meliorem
1572 5060 1778 5129 frugem
1835 5062 2166 5128 traduceret,
2223 5064 2322 5118 ali-

756 5153 975 5220 quando
1011 5152 1226 5219 quidem
1253 5151 1502 5219 gentibus
1527 5154 1768 5216 tradidit,
1807 5154 2100 5224 aliquando
2133 5169 2263 5210 vero
2290 5172 2320 5210 a

759 5244 1073 5312 captivitate
1111 5245 1383 5309 liberavit,
1417 5255 1472 5299 et
1506 5245 1572 5299 ad
1615 5247 1901 5319 pristinam
1945 5247 2181 5316 benigne
2211 5247 2321 5303 cle-

761 5350 1083 5407 menterque
1112 5355 1174 5394 ac
1205 5341 1490 5409 magnifice
1541 5341 1814 5394 fortunam
1872 5341 2120 5404 reduxit;
2179 5343 2321 5397 videt

762 5434 851 5488 ille
886 5434 1166 5504 theologus
1209 5433 1503 5488 Zacharias
1558 5436 1846 5502 quemdam
1905 5435 2204 5502 primorum
2241 5444 2324 5502 (ut

762 5528 1037 5591 existimo,
1087 5539 1306 5596 propter
1342 5544 1529 5580 eorum
1586 5545 1705 5596 qua:
1760 5528 2016 5580 dicuntur
2065 5542 2321 5580 reveren-

765 5621 918 5686 tiam)
994 5626 1304 5688 angelorum
1381 5622 1738 5690 (angelorum,
1807 5621 2050 5686 inqunm,
2106 5629 2324 5688 pr0pter

763 5726 1047 5765 conuuune
1077 5729 1292 5778 nomen,
1335 5731 1456 5770 cum
1506 5714 1741 5781 alioquin
1794 5711 2033 5778 ultimus,
2091 5727 2193 5766 non
2231 5730 2324 5767 au-

833 5810 882 5848 I‘
914 5805 1065 5862 Joan.
1102 5810 1254 5873 1,16.

2421 4624 2585 4679 αὐτοῦ
2612 4626 2907 4695 σωτηρίαςο
2943 4627 3092 4678 πᾶσα
3113 4623 3221 4695 γὰρ
3259 4624 3499 4694 σωτηρία
3529 4623 3680 4694 παρὰ
3715 4623 3849 4676 Θεοῦ
3873 4626 4006 4697 ἱερά

2420 4717 2587 4780 ἐστιν,
2617 4717 2697 4769 ὅτι
2720 4717 2817 4786 οὐχ
2846 4716 3030 4779 ἁπλῶς
3068 4715 3224 4785 σῶμα
3264 4714 3446 4779 σώζει,
3484 4714 3620 4767 ἀλλὰ
3642 4717 3732 4767 καὶ
3763 4715 4002 4787 ψυχήν,)

2424 4807 2490 4862 ἵν’
2551 4809 2858 4878 ἐπιστραφῇ
2910 4807 3047 4878 πρὸς
3094 4807 3185 4860 τὸν
3234 4809 3555 4877 ποιήσαντα,
3607 4811 3865 4877 τιμωροῖς
3903 4809 4006 4860 καὶ

2421 4900 2631 4971 ἀγρίοις
2674 4899 2848 4952 ἔθνεσι
2896 4898 3207 4969 παρέδωκεν
3234 4901 3312 4961 είς
3343 4898 3711 4970 ἐπανόρθωσιν
3732 4915 3745 4928 ·
3786 4900 3880 4951 καὶ
3907 4900 4002 4952 ἵνα

2425 4993 2634 5063 μετάγῃ
2682 4991 2773 5050 ἐπὶ
2816 4990 2878 5042 τὸ
2922 4993 3186 5060 κρεῖττον,
3243 4987 3345 5042 ποῦ
3389 4990 3485 5059 μὲν
3535 4988 3819 5061 παρεδίδου
3878 4993 4004 5055 τοῖς

2422 5085 2618 5146 ἔθνεσι,
2644 5082 2746 5138 ποῦ
2775 5084 2829 5135 δὲ
2858 5082 2958 5151 τῆς
2984 5081 3358 5152 αἰχμαλωσίας
3387 5082 3554 5150 ἠφίει,
3595 5080 3688 5134 καὶ
3737 5079 3871 5150 πρὸς
3895 5081 4004 5152 τὴν

2423 5177 2693 5249 προτέραν
2739 5175 2994 5237 ἐπιεικῶς
3045 5176 3138 5229 καὶ
3191 5172 3582 5244 φιλανθρώπως
3613 5173 3704 5225 καὶ
3742 5173 4002 5242 μεγάλως

2424 5269 2691 5338 ἐπανῆγεν
2729 5267 3038 5322 εὐπάθειαν·
3082 5267 3184 5336 ὁρᾷ
3219 5268 3248 5318 ὁ
3292 5264 3538 5333 θεολόγος
3594 5263 3866 5334 Ζαχαρίας
3899 5266 4001 5319 ἕνα

2422 5361 2528 5413 τῶν
2559 5359 2785 5430 πρώτων
2817 5355 2988 5429 (οἶμαι
3030 5358 3201 5423 λέγων
3240 5355 3327 5408 διὰ
3377 5357 3476 5426 τὴν
3529 5354 3636 5408 τῶν
3686 5355 4001 5425 λεγομένων

2424 5450 2725 5516 εὐλάϐειαν)
2762 5452 2852 5503 καὶ
2875 5449 2980 5501 τῶν
3017 5451 3144 5519 περὶ
3191 5448 3321 5500 Θεὸν
3363 5447 3606 5515 ἀγγέλων
3645 5444 3913 5513 (ἀγγέλων
3941 5448 4000 5500 δὲ

2423 5545 2564 5611 λέγω
2595 5544 2680 5595 διὰ
2709 5545 2805 5613 τὴν
2836 5545 3016 5611 κοινὴν
3047 5543 3376 5608 ἐπωνυμίαν,
3402 5541 3522 5591 ἐπεὶ
3547 5539 3716 5600 ἄλλως
3740 5539 3996 5608 ὕστερον,

2425 5637 2484 5688 οὐ
2518 5634 2730 5705 πρῶτον
2778 5635 2958 5703 τάγμα
2995 5635 3042 5684 οἱ
3081 5633 3319 5699 ἄγγελοι)
3361 5634 3489 5701 παρ’
3532 5629 3696 5682 αὑτοῦ
3727 5629 3821 5681 τοῦ
3851 5629 3998 5685 Θεοῦ

2431 5728 2664 5797 μαθόντα
2704 5729 2827 5790 τοὺς
2853 5726 3291 5797 παρακλητικοὺς
3344 5725 3558 5791 λόγους
3594 5722 3776 5793 ἓτερον
3804 5721 3858 5775 δὲ
3880 5722 3999 5775 τῶν
