4202 6300
312 380 422 436 255

791 376 881 430 DE
917 371 1240 431 COELESTI
1280 363 1720 429 HIERABCHIA,
1757 358 1908 417 CAP.
1948 354 2081 410 Vill.
2120 386 2184 395 —
2218 349 2560 407 PARAPHR.
2598 343 3066 402 PACHYMERAS.

3433 338 3543 399 35$

315 496 729 567 ὓπῆεϐηκύτων
761 492 1023 561 ἀγγέλων,
1055 490 1189 561 πρὸς
1214 488 1508 557 ὑπάντησιν
1535 484 1628 537 τοῦ
1663 483 1870 554 πρώτου

1911 487 1953 544 Α
1988 489 2091 532 tem
2147 478 2351 546 primus
2394 476 2529 530 ordo
2581 472 2892 544 angelorum
2924 470 3039 540 sil),
3079 467 3146 520 ah
3171 465 3396 535 ipsemet
3432 466 3539 518 Deo

314 589 783 660 προπορευόμενον
829 581 989 653 (τάχα
1043 583 1140 650 μὲν
1191 577 1284 631 τοῦ
1331 577 1631 648 προφήτου,
1663 576 1801 644 τάχα
1828 574 1883 627 δὲ

314 678 423 752 πρὸ
447 679 545 738 τοῦ
568 679 658 732 τὸν
692 674 910 747 μείζονα
948 672 1176 742 ἄγγελον
1220 671 1388 724 ἐλθεῖν
1423 669 1556 739 πρὸς
1580 665 1760 728 αὑτὸν,
1781 665 1882 735 τῆς

314 771 625 844 προθέσεως
655 766 1023 840 σημαινούσης
1063 765 1252 837 χρόνον
1275 762 1418 833 τινὰ)
1447 762 1541 815 καὶ
1568 759 1884 814 ὑπαντῶντα

310 865 448 937 πρὸς
489 861 750 933 ὑποδοχὴν
778 860 878 930 τῆς
927 859 1261 929 ὲλλάμψεως·
1305 852 1423 911 εἶτα
1459 854 1552 908 καὶ
1585 851 1884 923 μυούμενον

307 956 410 1024 τὴν
433 952 582 1005 θείαν
613 940 805 1022 βουλὴν
853 951 985 1020 παρ’
1030 947 1216 1011 αὑτοῦ,
1250 947 1324 1009 ὡς
1351 943 1500 1016 παρὰ
1545 941 1762 1013 πρώτου
1810 942 1883 994 ἰε-

311 1048 517 1121 ράρχου
539 1044 630 1097 καὶ
665 1042 1091 1114 ὲπιτρεπὸμενον
1115 1042 1194 1102 εἰς
1240 1037 1301 1091 τὸ
1345 1037 1547 1108 μυῆσαι
1590 1033 1679 1087 τὸν
1709 1031 1884 1085 θεολό-

307 1161 427 1212 γον,
477 1145 558 1196 ὅτι
601 1141 953 1212 κατάκαρπος
1012 1138 1466 1208 κατοικηθήσεται
1531 1131 1883 1204 Ἰερουσαλὴμ

306 1235 418 1297 ἀπὸ
439 1234 673 1305 πλήθους
720 1233 1045 1303 ἀνθρώπων.
1091 1230 1249 1298 Λέγει
1273 1227 1378 1298 γὰρ
1400 1229 1427 1280 6
1458 1223 1881 1284 θεοπτικώτατος

305 1329 582 1398 Ζαχαρίας
603 1343 617 1357 ⁸
649 1326 755 1378 Kal
789 1325 906 1392 ἦρα
960 1324 1100 1389 τοὺς
1148 1320 1488 1390 ὀφθαλμούς
1510 1336 1648 1386 μου,
1679 1316 1773 1369 καί
1804 1315 1882 1368 εἷ-

302 1416 435 1480 ὃον,
469 1415 564 1470 καὶ
594 1415 718 1468 ἰδοὺ
749 1413 922 1480 ἀνὴρ,
963 1413 1033 1464 ἐν
1085 1411 1161 1478 τῇ
1197 1410 1343 1478 χειρὶ
1380 1407 1564 1462 αὑτοῦ
1609 1404 1882 1472 σχοινίον

299 1509 708 1580 γεωμετρικόν.
740 1506 850 1560 Kal
874 1506 1012 1559 εἶπα
1041 1501 1190 1570 πρὸς
1217 1501 1421 1564 αὐτὸν,
1453 1500 1574 1553 Ποῦ
1610 1499 1868 1566 empsim;

301 1598 405 1652 καὶ
425 1599 552 1653 εἷπε
576 1600 723 1666 πρός
748 1615 823 1667 με
843 1613 855 1626 ·
898 1594 1286 1664 Διαμετρῆσαι
1308 1592 1420 1660 τὴν·
1464 1589 1878 1659 Ἰερουσαλὴμ,

300 1692 411 1746 τοῦ
429 1689 573 1745 ἰδεῖν
593 1689 852 1757 πηλίκον
869 1686 934 1740 τὸ
959 1684 1184 1750 πλάτος
1203 1685 1392 1751 αὐτῆς
1415 1684 1567 1743 ἐστι,
1599 1681 1692 1734 καὶ
1713 1681 1882 1747 πηλί-

299 1802 415 1838 κον
444 1783 510 1836 τὸ
538 1781 750 1851 μῆκος.
785 1780 894 1834 Kal
934 1777 1060 1831 ίδοὺ
1092 1777 1341 1845 ἅγγελος
1372 1777 1404 1827 ὀ
1434 1773 1639 1827 λαλῶν
1663 1773 1731 1825 ἑν
1751 1773 1852 1842 ἐμο

299 1869 587 1935 εἱστήκει,
622 1869 718 1923 καὶ
746 1868 994 1938 ἅγγελος
1010 1865 1205 1931 ἕτερος
1232 1863 1618 1929 ἐξεπορεύετο
1638 1864 1722 1925 εἰς
1739 1876 1878 1914 συν-

297 1960 561 2026 άντησιν
576 1943 780 2021 αὐτοῦ,
809 1958 905 2011 καί
924 1958 1052 2011 εἶπε
1069 1954 1217 2023 πρὸς
1233 1953 1416 2007 αὐτὸν
1437 1952 1648 2022 λέγων·
1664 1951 1874 2020 Δράμε,

297 2053 398 2107 καὶ
416 2051 692 2120 λάλησον
710 2049 857 2117 πρὸς
870 2049 974 2102 τὸν
992 2048 1237 2101 νεανίαν
1250 2045 1500 2106 ἐκεῖνον,
1519 2044 1712 2112 λέγων
1731 2061 1743 2072 ·
1766 2047 1876 2097 Κα-

297 2141 600 2211 τάκαρπος
626 2141 1114 2207 κατοικηθήσεται
1153 2137 1543 2206 Ἰερουσαλὴμ
1564 2136 1681 2190 ἀπὸ
1717 2135 1873 2202 πλή-

296 2239 446 2300 θους
459 2232 798 2300 ἀνθρώπων.
825 2233 934 2284 Καὶ
947 2230 1116 2286 ταῦτα
1151 2231 1246 2300 μὲν
1265 2229 1334 2282 τὰ
1361 2228 1453 2281 τοῦ
1483 2228 1760 2298 προφήτου
1789 2230 1878 2298 ρη-

294 2326 369 2382 τά
384 2343 398 2356 ⁸
420 2327 484 2378 σὺ
501 2324 555 2378 δὲ
574 2325 694 2395 ὅρα,
718 2321 836 2385 πῶς
849 2321 991 2390 λέγει
1005 2323 1031 2373 6
1048 2322 1332 2392 προφήτης
1354 2337 1367 2351 ·
1417 2317 1838 2384 Ἐξεπορεύετο
1857 2335 1870 2348 ο

292 2418 325 2475 6
389 2414 449 2469 δὲ
507 2414 648 2477 θεῖος
715 2408 867 2476 οὗτος
924 2414 1096 2482 ἁνήρ·
1186 2410 1648 2478 Προεπορεύετο.
1733 2408 1873 2461 Ἰσθι

295 2505 386 2574 δὲ,
421 2506 500 2560 δτι
530 2506 558 2558 6
587 2505 757 2557 λαλῶν
777 2500 1380 2573 τοὺς.παρακλητικοὺς
1411 2501 1470 2551 ὲν
1499 2499 1578 2568 τῷ
1608 2499 1869 2569 Ζαχαρία,

293 2589 455 2659 οὗτος
486 2597 632 2648 ἐστιν
659 2595 686 2646 6
722 2594 784 2648 τὸ
803 2592 944 2645 θεῖον
983 2592 1202 2662 ἀμέσως
1226 2589 1410 2661 μαθὼν
1447 2589 1716 2660 βούλημα,
1744 2588 1874 2641 καθ-

295 2692 378 2749 ὼς
457 2686 638 2753 λέγει’
686 2684 798 2738 Kal
847 2683 1134 2750 ἀπεκρίθη
1186 2683 1398 2749 Κύριος
1459 2679 1874 2748 παντοκράτωρ

291 2779 383 2846 τῷ
412 2779 643 2848 ἀγγέλῳ
695 2777 774 2843 τῷ
813 2753 1105 2830 λαλοῧντι
1149 2773 1369 2843 ὲνὲμοὶ
1415 2771 1645 2841 ῥήματα
1695 2775 1870 2836 καλὰ,

291 2869 402 2929 καὶ
464 2872 685 2938 λόγους
736 2865 1236 2935 παρακλητικοὺς,
1295 2858 1501 2926 οὗτινος
1557 2861 1870 2933 ἱσταμένου,

289 2960 701 3033 προεπορεύθη,
755 2960 920 3028 ῆγουν
985 2955 1314 3027 ὲξεπορεύθη
1370 2953 1587 3024 ἔτερος,
1646 2951 1782 3022 πρὸς
1812 2953 1872 3007 ὃν

290 3049 454 3106 εἶπεν
478 3053 681 3113 ἐκεῖνος
731 3051 760 3102 6
791 3047 989 3114 λαλῶν,
1025 3045 1233 3116 Δρὰμε,
1269 3043 1362 3096 καὶ
1406 3038 1525 3095 εῐπε
1557 3044 1618 3096 τὸ
1644 3043 1738 3095 καὶ
1785 3043 1865 3096 τό.

1986 570 2282 623 discentem
2331 569 2499 623 verba
2569 562 2957 620 consolationis
3005 575 3022 625 ;
3072 559 3299 617 alterum
3357 567 3537 610 autem

1986 659 2310 714 inferiorum
2363 657 2684 727 angelorum
2725 653 2905 723 primo
2947 651 3033 704 isti
3085 649 3298 704 obviam
3340 664 3541 718 ιιι-ποθι

1985 751 2196 805 dentem
2225 747 2478 818 (forsitan
2527 747 2743 816 quidem
2782 741 3073 812 prophetat,
3107 741 3243 795 forte
3285 755 3412 796 vero
3441 756 3541 793 an-

1986 850 2200 910 tequam
2227 839 2399 906 major
2425 837 2647 906 angelus
2669 836 2734 889 ad
2771 836 2942 903 ipsum
2991 833 3249 895 venisset,
3282 833 3540 901 praeposi-

1984 933 2133 986 tione
2161 929 2416 984 nimirum
2446 928 2682 996 spatium
2712 925 2930 994 aliquod
2961 922 3279 993 denotante)
3301 933 3356 977 et
3382 925 3446 976 ad
3473 923 3540 977 il-

1983 1023 2356 1076 lustrationem
2380 1019 2696 1088 capiendam
2727 1027 3099 1072 occurrentem
3122 1031 3139 1081 ;
3167 1015 3360 1070 deinde
3375 1016 3536 1070 etiam

1983 1113 2052 1166 ab
2086 1114 2200 1180 ipso
2234 1111 2472 1164 divinum
2527 1107 2832 1171 consilium,
2890 1117 3145 1175 tanquam
3192 1121 3219 1159 a
3260 1106 3539 1160 sacerdote

1984 1218 2220 1265 summo,
2251 1201 2582 1272 percepisse,
2635 1197 2953 1266 jussumque
2984 1198 3290 1266 theologum
3317 1197 3538 1275 docere,

1984 1295 2217 1348 futurum
2250 1302 2305 1347 ut
2347 1292 2600 1360 frugifera
2647 1288 2947 1342 Jerusalem
2979 1305 3008 1342 a
3039 1303 3230 1358 magna
3259 1289 3538 1342 hominum

1983 1385 2321 1440 multitudine
2374 1383 2658 1437 iucolcnda
2721 1381 2882 1435 foret.
2915 1381 3005 1433 Ait
3034 1381 3177 1434 enim
3207 1379 3299 1434 Dei
3327 1380 3536 1448 perspi-

1983 1476 2301 1530 cacissitnus
2331 1474 2621 1528 Zacharias
2656 1491 2670 1526 :
2702 1472 2768 1526 Et
2794 1472 2957 1525 levavi
2997 1472 3172 1524 oculos
3204 1487 3361 1534 meos,
3388 1479 3434 1523 et
3460 1472 3536 1523 vi-

1980 1567 2037 1620 di
2069 1579 2293 1630 ;eteece
2336 1567 2437 1629 vir,
2470 1575 2518 1618 et
2562 1567 2616 1618 in
2666 1581 2824 1618 manu
2871 1563 2987 1632 ejus
3032 1561 3298 1630 funiculus
3329 1576 3535 1628 geome-

1980 1658 2163 1711 tricas.
2194 1657 2258 1710 Et
2286 1658 2401 1710 dixi
2427 1658 2494 1710 ad
2536 1672 2649 1709 eum
2675 1670 2693 1708 :
2721 1657 2835 1720 Quo
2873 1655 3017 1708 vadis
3044 1655 3068 1707 ἱ)
3091 1664 3135 1706 et
3161 1654 3294 1705 dixit
3322 1651 3388 1704 ad
3412 1667 3490 1703 me
3517 1664 3536 1703 :

1858 1773 1876 1825 ι
1914 1820 1943 1825 __
1984 1747 2052 1803 Ut
2088 1752 2276 1804 metiar
2319 1749 2633 1814 Jerusalem,
2659 1757 2709 1801 et
2753 1749 2952 1801 videam
2995 1757 3193 1814 quanta
3235 1745 3302 1797 sit
3350 1743 3536 1794 latitu-

1910 1820 1950 1874 Β
1981 1842 2047 1894 do
2077 1843 2211 1910 ejus,
2234 1851 2280 1895 et
2301 1851 2499 1911 quanta
2525 1839 2798 1909 longitudo
2828 1839 2964 1906 ejus.
3027 1834 3093 1888 Et
3139 1851 3254 1888 ecce
3299 1832 3535 1902 angelus,

1978 1937 2064 2003 qui
2108 1935 2415 2004 loquebatur
2437 1935 2490 1988 in
2515 1950 2615 1997 me,
2645 1933 2838 1996 stabat,
2888 1940 2936 1984 et
2959 1931 3096 1983 alius
3134 1929 3347 1996 angelus
3387 1942 3537 1993 egre-

1977 2026 2219 2078 diebatur
2268 2027 2320 2078 in
2369 2040 2643 2077 occursum
2677 2023 2744 2076 ei.
2794 2021 2861 2074 Et
2907 2021 2984 2073 ait
3015 2019 3082 2072 ad
3136 2034 3273 2081 eum,
3316 2017 3538 2069 dicens:

1978 2117 2162 2178 Curre,
2200 2127 2249 2170 et
2291 2117 2499 2184 loquere
2564 2116 2631 2168 ad
2677 2113 3049 2168 adolescentem
3105 2110 3282 2174 illum,
3318 2111 3537 2163 dicens:

1977 2205 2266 2276 Frugifera
2291 2206 2614 2259 habitabitur
2629 2204 2928 2258 Jerusalem
2959 2219 2990 2255 a
3016 2200 3351 2254 multitudine
3378 2200 3538 2261 homi-

1979 2314 2098 2350 num
2124 2298 2169 2352 ι).
2202 2298 2264 2351 Ει
2286 2298 2400 2351 haec
2419 2295 2634 2364 quidem
2654 2297 2817 2349 verba
2845 2301 2966 2349 sunt
2986 2293 3262 2361 prophetae
3290 2309 3302 2356 ;
3337 2300 3390 2343 tu
3412 2304 3539 2343 vero

1977 2390 2254 2443 considera
2286 2387 2558 2457 quomodo
2579 2388 2724 2441 dicat
2765 2374 3024 2456 propheta
3064 2402 3076 2437 :
3121 2384 3377 2453 Egressus
3408 2391 3484 2434 est
3517 2396 3539 2445 ;

1975 2479 2081 2549 83
2114 2479 2199 2533 hic
2240 2490 2420 2533 autem
2455 2478 2536 2532 vir
2566 2478 2777 2531 divinus
2806 2495 2820 2530 :
2870 2474 3226 2530 Pracedebat.
3258 2473 3406 2527 Scito
3439 2489 3538 2527 au-

1977 2581 2108 2632 tem,
2152 2570 2297 2638 quod
2345 2570 2436 2639 qui
2510 2569 2746 2637 loquitur
2807 2567 3204 2622 consolatorios
3259 2579 3539 2619 sermones

1984 2661 2037 2713 in
2063 2659 2348 2723 Zacharia,
2400 2661 2514 2727 ipse
2544 2660 2616 2714 sit
2667 2659 2756 2727 qui
2789 2658 3100 2712 immediate
3154 2656 3389 2710 divinam
3447 2669 3541 2708 vo-

1977 2750 2243 2804 luntatem
2273 2752 2488 2815 didicit,
2516 2749 2970 2818 quemadmodum
3004 2749 3121 2802 ait:
3157 2746 3225 2800 Et
3274 2748 3537 2814 respondit

1975 2841 2233 2894 Dominus
2285 2843 2610 2909 omnipotens
2658 2846 2841 2908 angelo
2886 2840 3119 2909 loquenti
3175 2843 3232 2891 in
3284 2854 3363 2890 me
3387 2839 3539 2892 verba

1975 2933 2130 2998 bona,
2159 2943 2206 2985 et
2243 2949 2504 2988 sermones
2531 2931 2908 2985 consolatorios
2970 2940 3022 2993 ε,
3058 2946 3164 2998 quo
3192 2938 3367 2984 stante
3397 2945 3537 2999 pra:-

1978 3030 2165 3093 cessit,
2200 3031 2316 3084 sive
2345 3044 2598 3098 egressus
2650 3040 2733 3083 est
2761 3028 2918 3093 alius,
2965 3028 3031 3082 ad
3065 3043 3223 3097 quem
3281 3027 3418 3082 dixit
3449 3026 3539 3080 ille

292 3141 530 3210 Ἕτερος
585 3139 639 3191 δὲ
693 3137 798 3190 τῶν
841 3136 1134 3208 προφητῶν
1187 3138 1214 3188 6
1289 3133 1565 3205 ’ῐεζεκιὴλ,
1613 3133 1704 3186 καὶ
1741 3134 1870 3202 παρ’

1900 3143 1944 3204 c
1975 3121 2066 3189 qui
2119 3119 2445 3190 loquebatur
2472 3139 2484 3174 :
2519 3120 2703 3181 Curre,
2735 3129 2789 3173 et
2817 3120 2901 3174 dic
2946 3119 3048 3172 hoc
3070 3129 3125 3172 et
3155 3119 3277 3172 hoc.
3306 3118 3535 3183 Quidam

289 3231 470 3300 αὐτῆς
501 3231 600 3300 τῆς
631 3229 721 3281 ἐπὶ
759 3228 868 3281 τῶν
940 3225 1208 3298 χερουϐὶμ
1268 3224 1563 3295 Θεότητος,
1601 3223 1874 3292 πανιέρως

291 3320 718 3391 νομοθετηθῆναι
747 3318 808 3371 τὸ
838 3317 1095 3380 τοιοῦτον,
1138 3318 1304 3387 ήγουν
1358 3317 1458 3387 τὴν
1491 3315 1748 3384 τοιαύτην
1778 3313 1873 3365 τά.-

290 3416 386 3481 ξιν
406 3430 418 3442 ·
452 3412 545 3465 τὸν
574 3412 682 3484 γὰρ
721 3409 955 3486 Ἰσραὴλ,
985 3409 1060 3472 ὡς
1093 3407 1327 3478 εἴρηται,
1361 3406 1448 3459 διὰ
1477 3406 1574 3476 τῆς
1604 3403 1874 3475 τιμωρίας

291 3501 695 3576 φιλανθρώπως
747 3487 841 3557 καὶ
890 3501 1153 3569 πατρικὸν
1181 3499 1380 3569 τρόπον
1409 3498 1501 3550 ἐπὶ
1527 3498 1588 3548 τὸ
1628 3499 1872 3566 κρεῖττον

294 3596 632 3668 μετάγουσα,
654 3597 710 3648 ὲν
732 3593 1040 3663 δικαιοσύνῃ
1073 3591 1190 3661 Θεῷ
1241 3589 1522 3662 πρεπούσῃ
1556 3589 1872 3661 διαχωρίζεο

292 3681 426 3736 σθαι
481 3681 588 3735 τῶν
647 3681 959 3736 ὑπευθύνων
1016 3681 1141 3742 τοὺς
1191 3678 1513 3741 ἀνευθύνους
1565 3678 1866 3731 ἐδικαίωσε.

287 3772 470 3827 Τοῦτο
513 3776 728 3843 μυεῖται
800 3771 1015 3842 πρῶτος
1068 3769 1205 3840 μετὰ
1258 3769 1326 3822 τὰ
1382 3769 1662 3840 Χερουϐὶμ
1710 3772 1739 3822 6
1770 3771 1868 3839 τὴν

288 3864 470 3933 ὀσφὺν
521 3863 807 3935 σαπφείρῳ
841 3859 1293 3932 περιεζωσμένος,
1334 3861 1394 3922 ὃς
1424 3861 1514 3913 τὸν
1567 3860 1770 3931 ποδήρη
1793 3860 1869 3924 ὡς

293 3956 559 4028 ἱεράρχης
579 3955 873 4007 ὲνδεδύκει·
910 3953 970 4006 τὸ
999 3953 1105 4023 γὰρ
1136 3953 1316 4023 σχῆμα
1352 3952 1642 4021 ἱερατικὸν,
1668 3952 1727 4004 ού
1759 3951 1867 4022 γὰρ

285 4055 367 4129 ἦν
399 4057 506 4109 τῶν
547 4056 907 4120 κολαζόντων,
966 4053 1100 4107 ἀλλὰ
1152 4052 1260 4104 τῶν
1315 4051 1692 4121 λυτρουμένων
1739 4053 1868 4117 τοὺς

291 4150 569 4220 σωτηρίας
598 4149 796 4215 ἀξίους.
835 4147 972 4210 Τοὺς
1003 4146 1060 4203 δὲ
1095 4146 1310 4206 λοιποὺς
1354 4143 1412 4209 ἒξ
1445 4143 1706 4211 ἀγγέλους
1739 4143 1866 4207 τοὺς

288 4239 714 4310 τιμωρητικοὺς,
773 4239 821 4291 οἳ
865 4238 991 4300 τοὺς
1047 4238 1284 4301 πέλυκας
1328 4233 1490 4308 εἶχον,
1525 4239 1558 4307 ὴ
1587 4236 1740 4306 θεῖκὴ
1772 4253 1866 4290 τα·

289 4333 516 4403 ξιαρχία
560 4332 768 4386 κελεύει
826 4328 977 4400 παρὰ
1023 4329 1117 4382 τοῦ
1172 4329 1460 4400 φοροῦντος
1514 4329 1608 4382 τὸν
1655 4327 1867 4398 ποδήρη

1978 3212 2143 3264 etiam
2180 3211 2317 3266 alius
2342 3211 2603 3281 propheta
2638 3209 2909 3273 Ezechiel,
2943 3226 2972 3262 a
3007 3210 3217 3272 Deitate
3249 3210 3385 3276 ipsa,
3416 3224 3540 3277 quas

1975 3302 2256 3356 cherubim
2315 3302 2652 3356 transcendit
2695 3301 2744 3365 ἀ,
2795 3310 3142 3355 sacrosancte
3201 3299 3328 3368 quid
3361 3299 3537 3354 simile

1974 3392 2091 3446 sive
2125 3391 2282 3445 talem
2313 3392 2564 3446 ordinem
2598 3392 2864 3444 sancitum
2898 3390 3007 3444 ait:
3037 3406 3156 3443 cum
3182 3391 3326 3444 enim
3353 3387 3533 3444 Israe-

1973 3482 2183 3537 liticuln
2220 3483 2495 3551 populum,
2521 3492 2580 3535 ut
2607 3482 2809 3535 dictum
2834 3489 2937 3544 est,
2991 3480 3276 3535 clementia
3312 3492 3535 3550 paterna

1971 3592 2068 3644 per
2099 3575 2435 3645 disciplinam
2500 3577 2568 3630 ad
2621 3573 2830 3643 frugem
2887 3575 3196 3627 traduceret
3235 3574 3536 3639 meliorem,

1970 3669 2225 3737 mquitate
2251 3667 2359 3722 Deo
2386 3667 2549 3734 digna
2582 3682 2702 3721 reos
2729 3667 2797 3719 ab
2845 3665 3150 3719 insontibus
3176 3667 3540 3722 secernendos

1971 3757 2204 3811 censuit.
2264 3755 2375 3810 lloc
2423 3757 2632 3825 primus
2684 3763 2804 3824 post
2850 3755 3133 3808 cherubim
3194 3754 3420 3808 docetur
3447 3755 3538 3809 ille

1973 3843 2130 3910 cujus
2179 3859 2338 3899 renes
2361 3845 2618 3914 sapphiro
2654 3845 2932 3913 praecincti
2991 3855 3167 3906 erant,
3203 3845 3401 3911 quique
3449 3852 3534 3897 ta-

1969 3935 2073 3989 lari
2109 3946 2256 3989 veste
2283 3945 2539 4004 tanquam
2588 3935 2830 4004 pontifex
2884 3936 3261 3989 amiciebatur.
3310 3935 3536 3988 llabitus

1968 4027 2112 4079 enim
2139 4027 2225 4080 ille
2248 4025 2606 4082 sacerdotalis
2636 4036 2738 4092 est,
2774 4041 2877 4082 nec
2907 4038 3028 4082 erat
3052 4026 3410 4095 punientium,
3440 4026 3536 4080 sed

1967 4118 2310 4171 liburautium
2354 4133 2449 4171 eos
2500 4119 2590 4188 qui
2647 4120 2818 4173 salute
2876 4119 3018 4187 digni
3077 4127 3253 4172 erant.
3296 4119 3534 4172 Caeteros

1966 4209 2164 4264 deinde
2191 4225 2288 4264 sex
2322 4212 2542 4282 angelos
2573 4212 2858 4267 securibus
2900 4221 3143 4265 armatos
3171 4211 3324 4278 jubet
3350 4209 3534 4263 divina

1965 4304 2239 4360 ordinatio
2277 4305 2344 4360 ab
2381 4321 2448 4360 eo
2478 4305 2568 4372 qui
2592 4306 2846 4374 poderem
2878 4303 3102 4372 gerebat
3128 4302 3367 4358 divinum
3391 4302 3533 4370 judi-

291 4396 548 4497 μυεῖσθαι
580 4424 677 4492 τὴν
705 4420 798 4475 τοῦ
827 4396 960 4474 Θεοῦ
999 4396 1210 4491 κρίσιν’
1357 4420 1451 4490 μὲν
1475 4418 1582 4490 γὰρ
1610 4396 1866 4489 φοροῦντι

1974 4400 2118 4453 cium
2165 4398 2378 4452 edoceri
2405 4416 2420 4452 :
2451 4398 2526 4450 illi
2582 4399 2725 4452 enim
2759 4397 2849 4466 qui
2880 4397 3129 4465 poderem
3157 4396 3368 4449 ferebat
3393 4410 3531 4463 prae-

284 4487 388 4564 ⁸’τὸν
419 4487 646 4580 ποδήρη⁷
682 4509 805 4578 ἔφη,
867 4487 1428 4578 μέσηννδιελθεῐνντλὴν
1491 4487 1860 4578 Ἰερουσαλὴμ,

1895 4487 1940 4541 D
1967 4489 2221 4556 cipiebat,
2252 4498 2310 4542 ut
2339 4503 2434 4557 per
2464 4489 2697 4542 mediam
2730 4487 3030 4544 Ierusalem
3062 4488 3335 4549 transiret,
3368 4496 3533 4554 atque

286 4603 390 4657 καὶ
411 4601 590 4654 δοῦναι
644 4603 863 4671 σημεῖον
928 4601 1020 4652 ἐπὶ
1061 4598 1130 4651 τὰ
1178 4598 1286 4652 τῶν
1339 4598 1640 4656 ἀνευθύνων
1692 4599 1860 4668 πρόσ-

284 4709 420 4748 ωπα
452 4708 465 4720 ·
514 4694 625 4752 τοῖς
685 4691 860 4752 ἄλλοις
912 4690 968 4742 δὲ
1037 4689 1220 4757 λέγειοι
1283 4691 1615 4757 Πορεύεσθε
1671 4691 1862 4743 ὀπίσω

282 4782 500 4844 αὐτοῦ,
555 4782 652 4834 καὶ
700 4782 978 4844 κόπτετε,
1037 4781 1137 4839 καὶ
1190 4780 1275 4850 μὴ
1311 4779 1606 4849 φείδεσθε,
1656 4779 1756 4838 ἐπὶ
1792 4779 1860 4832 δὲ

283 4873 540 4940 πάντας,
571 4874 662 4942 ἐφ’
685 4875 868 4938 ὅσους
892 4871 1024 4925 ἐστὶ
1053 4871 1116 4924 τὸ
1146 4870 1419 4939 σημεῖον,
1442 4871 1528 4939 μὴ
1556 4870 1853 4938 ἐγγίσητε.

285 4964 370 5017 Τδ
401 4964 556 5033 γοῦν·
603 4963 937 5030 Πορεύεσθε
987 4962 1180 5014 ὀπίσω
1209 4960 1414 5022 αὐτοῦ,
1450 4960 1502 5011 τί
1530 4959 1657 5013 ἄλλο
1688 4959 1857 5030 δηλοῖ,

277 5055 323 5128 ἢ
360 5056 462 5120 ὅτι,
499 5056 688 5124 Ἔχετε
713 5053 902 5107 τοῦτον
932 5052 1156 5124 ἔξαρχον
1193 5052 1301 5104 τῶν
1332 5052 1737 5123 πραττομένων,
1763 5052 1857 5104 τὸν

277 5148 464 5204 εἰδότα
494 5150 588 5202 καὶ
632 5148 693 5200 τὸ
721 5147 850 5217 ἐμὸν
902 5146 1184 5216 βούλημα;
1236 5147 1389 5215 Ἔχει
1438 5144 1493 5197 δὲ
1544 5143 1638 5198 καὶ
1670 5143 1736 5198 τὰ
1762 5143 1855 5196 τοῦ

277 5241 566 5311 προφήτου
617 5239 757 5311 ῥητὰ
812 5237 904 5289 ἐπὶ
959 5236 1157 5302 λέξεως
1205 5236 1376 5289 οὕτω·
1434 5236 1545 5290 Καὶ
1613 5235 1739 5288 ἰδοὺ
1787 5234 1856 5300 ἐξ

276 5329 502 5398 ἄνδρες
543 5329 800 5397 ἤρχοντο
847 5329 963 5383 ἀπὸ
1019 5328 1128 5395 τῆς
1185 5327 1326 5382 ὀδοῦ
1381 5327 1490 5393 τῆς
1524 5329 1721 5390 πύλης
1747 5325 1856 5391 τῆς

274 5419 558 5486 ὑψηλῆς,
598 5419 706 5485 τῆς
727 5420 1084 5483 ,βλεπούσης
1120 5418 1270 5484 πρὸς
1315 5415 1567 5484 βορρᾶν,
1596 5417 1692 5468 καὶ
1719 5415 1855 5468 ἐκά-

272 5525 437 5564 στου
467 5508 661 5572 πέλυξ
692 5508 761 5561 ἐν
794 5507 867 5576 τῇ
905 5507 1055 5575 χειρὶ
1097 5507 1302 5560 αὐτοῦ.
1336 5507 1445 5560 Kal
1491 5507 1578 5570 εἷς
1608 5505 1762 5573 ἀνὴρ
1785 5506 1855 5559 ἐν

279 5601 453 5668 μέσῳ
474 5599 691 5665 αὐτῶν,
751 5597 1082 5663 ἐνδεδυκὼς
1129 5598 1380 5666 ποδήρη,
1423 5597 1521 5650 καὶ
1551 5594 1696 5659 ζώνη
1711 5613 1853 5663 σαμ-

281 5691 495 5759 φερου
574 5690 672 5741 ἐπὶ
717 5689 828 5756 τῆς
882 5690 1110 5757 ὀσφύος
1153 5690 1358 5744 αὐτοῦ.
1402 5690 1510 5743 Kal
1575 5688 1851 5755 εἰσήλθο-

462 5782 490 5822 b
521 5779 687 5838 Zach.
743 5797 800 5850 ιι,
859 5782 904 5838 ι.
985 5793 1003 5819 ’τ
1038 5780 1202 5843 Zach.
1248 5783 1402 5848 1,13.
1482 5781 1509 5823 ἀ
1543 5781 1740 5838 Ezech.
1801 5798 1850 5835 ι.

1969 4583 2182 4648 signum
2219 4582 2373 4635 daret
2407 4581 2457 4632 in
2493 4578 2763 4634 frontibus
2819 4579 3191 4634 innocentium
3223 4596 3237 4632 :
3285 4577 3404 4630 aliis
3437 4592 3531 4630 au-

1970 4684 2073 4727 tem
2105 4673 2315 4728 dicebat
2353 4692 2366 4728 :
2404 4674 2561 4728 Exite
2608 4684 2722 4742 post
2747 4689 2889 4739 eum,
2913 4683 2960 4726 et
2991 4672 3264 4740 percutite,
3291 4680 3336 4723 et
3365 4670 3530 4722 nolite

1964 4782 2200 4836 parcere,
2233 4767 2300 4818 ad
2326 4782 2502 4819 ontnes
2529 4778 2703 4818 autent
2737 4780 2890 4833 super
2933 4780 3062 4831 quos
3112 4771 3185 4814 est
3215 4763 3418 4829 signum
3466 4777 3528 4814 ne

1972 4861 2418 4929 appmpinquetis.
2462 4858 2594 4911 Illud
2629 4858 2834 4925 itaque,
2883 4853 3039 4920 Exite
3073 4861 3189 4920 post
3232 4869 3368 4917 eum,
3400 4849 3526 4919 quid

1969 4953 2115 5006 aliud
2174 4952 2466 5021 signillcat.
2524 4964 2730 5018 quam:
2808 4948 3071 5002 llabetote
3139 4947 3282 5000 hunc
3336 4944 3523 4997 ducem

1963 5057 2144 5097 rerum
2169 5041 2529 5112 agendarum,
2559 5048 2616 5092 ut
2645 5039 2737 5108 qui
2787 5053 2960 5091 meam
3002 5048 3220 5104 quoque
3255 5031 3392 5086 sciat
3433 5046 3528 5083 vo-

1961 5134 2267 5190 luntatem?
2311 5135 2487 5188 Verba
2523 5141 2702 5186 autem
2749 5133 3023 5202 propheta:
3065 5131 3142 5182 sic
3166 5125 3404 5180 habent:
3460 5122 3522 5175 Et

1959 5245 2072 5283 ecce
2102 5244 2192 5282 sex
2223 5227 2319 5280 viri
2351 5227 2617 5279 veniebant
2678 5226 2743 5278 de
2794 5227 2877 5277 via
2905 5233 3070 5292 porta:
3105 5221 3319 5273 excelsa:
3356 5218 3522 5285 respi-

1962 5319 2146 5375 cientis
2174 5321 2242 5373 ad
2276 5318 2605 5388 aquilonem,
2638 5327 2681 5369 et
2724 5315 3130 5381 uniuscujusque
3163 5327 3249 5362 vas
3279 5307 3522 5361 extermi-

1960 5413 2184 5466 nationis
2231 5412 2289 5464 in
2341 5427 2500 5462 manu
2530 5409 2660 5477 ejus.
2693 5406 2756 5459 Et
2789 5407 2866 5459 vir
2887 5421 3018 5458 unus
3049 5406 3102 5455 in
3130 5401 3298 5454 medio
3340 5413 3518 5450 eorum

1958 5504 2170 5556 vestitus
2224 5510 2359 5554 veste
2395 5499 2575 5560 talari,
2614 5510 2660 5551 et
2712 5513 2844 5550 zona
2874 5493 3106 5562 sapphiri
3135 5503 3292 5557 super
3341 5487 3515 5541 lumbo

1956 5593 2090 5662 ejus.
2133 5591 2199 5644 Et
2225 5590 2444 5658 ingressi
2484 5599 2621 5648 sunt,
2653 5599 2702 5640 et
2731 5594 2976 5640 steterunt
3007 5584 3326 5634 ailltcerentes
3352 5574 3514 5627 altari

1957 5701 2140 5740 teneo:
2191 5695 2234 5738 et
2267 5683 2432 5754 gloria
2474 5681 2564 5737 Dei
2635 5681 2798 5735 Israel
2853 5676 3082 5730 ascendit
3137 5673 3197 5724 de
3254 5667 3516 5722 cherubim
