4176 6308
727 393 832 450 255
1885 387 1943 447 s.
1999 388 2291 444 DIONYSII
2330 387 2793 445 AREOPAGITA':
3851 390 3967 448 εδδ

729 518 981 570 exsistens
1005 529 1160 582 super
1192 521 1364 575 eos,et
1391 511 1589 565 vocavit
1622 513 1786 565 virum
1812 512 1903 580 qui
1933 513 2147 564 indutus
2177 521 2288 568 erat

2393 523 2513 560 σαν
2570 506 2667 558 καὶ
2727 507 2997 573 ἔστησαν
3044 505 3319 576 ἐχόμενοι
3375 508 3482 562 τοῦ
3536 507 3962 603 θυσιαστηρίου

727 618 863 661 veste
888 605 1069 668 talari,
1097 606 1185 673 qui
1216 604 1394 657 (tabuit
1421 620 1577 673 super
1599 602 1776 655 lumbo
1807 605 1922 672 ejus
1960 620 2142 657 sonam
2171 621 2293 672 sap-

2397 596 2502 650 τοῦ
2566 597 2824 663 χαλκοῦ·
2884 596 2985 649 καὶ
3030 596 3180 660 δόξα
3223 597 3330 650 τοῦ
3394 593 3548 651 Θεοῦ¹
3572 595 3676 649 τοῦ
3717 593 3964 662 Ἰσραὴλ

727 701 884 766 phiri,
910 709 955 753 et
986 698 1119 750 dixit
1156 698 1408 751 Dominus
1443 697 1512 749 ad
1545 713 1659 750 eum
1687 711 1705 748 :
1749 695 1935 750 Transi
1953 699 2174 752 mediam
2199 698 2293 751 Je-

728 791 978 854 rusalem,
1011 799 1058 842 et
1110 793 1178 842 da
1213 791 1418 857 signant
1463 805 1618 857 super
1670 789 1868 857 frontes
1919 791 2146 842 virorum
2199 809 2291 860 ge-

725 885 975 935 mentium
1025 891 1074 935 et
1114 881 1402 934 dolentium
1461 897 1617 947 super
1667 886 1873 934 cunctis
1922 883 2290 950 iniquitatibus

725 990 842 1042 qua:
870 975 1004 1039 ﬁunt
1048 975 1103 1025 in
1154 974 1326 1027 medio
1372 974 1505 1041 ejus.
1565 970 1634 1026 Et
1676 973 1783 1028 illis
1821 975 1976 1036 dixit,
2046 976 2292 1029 audiente

725 1074 847 1113 me:
880 1063 960 1114 Ite
983 1063 1036 1113 in
1057 1064 1315 1115 civitatem
1356 1073 1470 1130 post
1521 1080 1660 1129 eum,
1701 1075 1745 1116 et
1792 1066 2074 1132 percutite,
2112 1076 2161 1119 et
2187 1083 2290 1120 non

723 1153 954 1220 parcatis
979 1153 1144 1208 oculis
1194 1157 1394 1218 vestris,
1445 1165 1492 1208 et
1521 1172 1622 1210 non
1657 1155 1769 1227 84
1796 1159 2181 1234 misereamini;
2204 1174 2290 1212 se-

724 1259 840 1295 nem
876 1253 923 1296 et
948 1244 1218 1309 juvenem,
1263 1255 1308 1298 et
1341 1246 1594 1315 virginem
1637 1259 1682 1300 et
1710 1249 1992 1315 parvulos,
2026 1260 2074 1303 et
2099 1251 2286 1305 mulie-

719 1349 832 1388 rem
860 1336 1137 1404 interﬁcite
1166 1338 1233 1390 ad
1265 1338 1597 1401 deletionem,
1619 1357 1775 1406 super
1797 1351 1971 1396 autem
2000 1358 2174 1397 omnes
2198 1361 2289 1397 su-

721 1444 815 1496 per
839 1445 968 1498 quos
991 1441 1064 1483 est
1106 1432 1313 1499 signum
1367 1449 1428 1485 ne
1462 1434 1888 1502 appropinquatis
1924 1445 1970 1486 ο.
2021 1435 2160 1502 Quid
2189 1451 2289 1488 au-

725 1526 834 1571 tem
883 1521 1004 1586 quis
1028 1520 1176 1574 dicat
1204 1524 1270 1576 de
1301 1521 1392 1575 illo
1445 1523 1667 1593 angelo,
1713 1526 1804 1594 qui
1841 1526 2046 1580 Danieli
2078 1530 2157 1580 ait
2187 1527 2288 1580 hoc

721 1618 776 1661 et
802 1608 945 1663 hoc?
971 1620 1225 1664 narratur
1254 1614 1400 1667 eiiim
1428 1615 1480 1668 in
1510 1615 1723 1669 decima
1759 1617 1972 1672 visione
2007 1616 2244 1672 Danielis
2271 1636 2284 1670 :

722 1697 792 1751 Et
822 1716 939 1754 eccs
965 1701 1044 1755 vir
1078 1701 1312 1767 Gabriel,
1341 1721 1495 1774 quem
1518 1707 1630 1760 vidi
1677 1709 1731 1761 in
1763 1709 1962 1762 visione
1991 1711 2044 1763 in
2079 1712 2287 1774 princi-

719 1799 829 1862 pio,
863 1797 1061 1863 volans,
1093 1808 1142 1851 et
1173 1800 1334 1869 tetigit
1366 1816 1447 1854 me
1474 1803 1625 1870 quasi
1651 1803 1780 1856 liora
1809 1805 2060 1873 sacriﬁcii
2082 1823 2286 1873 vesper-

721 1889 840 1953 tini,
871 1905 917 1947 et
946 1898 1166 1951 erudivit
1199 1915 1300 1963 me,
1325 1908 1375 1952 et
1416 1901 1622 1955 locutus
1646 1911 1722 1955 est
1753 1919 1977 1968 mecum,
2034 1914 2082 1958 et
2122 1905 2278 1970 dixit,

719 1981 911 2039 Daniel
945 2002 1084 2040 nunc
1111 2004 1349 2063 egressus
1397 2008 1514 2045 sum
1549 2001 1606 2046 ut
1653 1992 1938 2060 praberem
1988 1995 2286 2065 intelligen-

722 2078 871 2132 tiam.
933 2078 1000 2133 In
1043 2082 1302 2152 principio
1351 2086 1739 2155 deprecationis
1789 2099 1899 2143 tuae
1940 2102 2179 2158 egressus
2209 2103 2282 2145 est

721 2187 914 2236 sermo,
959 2183 1008 2226 et
1057 2190 1150 2243 ego
1190 2178 1303 2229 veni
1353 2189 1411 2231 ut
1463 2183 1831 2236 annuntiarem
1892 2184 2007 2248 tibi,
2033 2186 2160 2252 quia
2206 2187 2286 2239 vir

722 2263 1106 2319 desideriorum
1135 2284 1194 2321 es
1222 2281 1278 2321 tu
1313 2269 1355 2322 ῐ.
1392 2269 1485 2323 Vel
1506 2273 1726 2336 iterum,
1758 2274 1886 2343 quid
1911 2275 2058 2330 dicat
2088 2276 2283 2345 aliquis

721 2355 788 2408 de
823 2354 913 2409 illo
940 2359 1028 2426 qui
1059 2359 1233 2426 ignem
1267 2361 1492 2430 accepit,
1522 2373 1578 2416 ut
1605 2363 1655 2416 in
1684 2365 1968 2420 Ezechiele
2007 2370 2286 2423 narratur?

720 2447 799 2500 ait
822 2448 967 2502 enim
1004 2471 1014 2504 :
1050 2449 1115 2502 Et
1147 2453 1343 2522 factum
1396 2465 1493 2522 est,
1523 2472 1639 2507 cum
1677 2459 2002 2525 praecepisset
2040 2460 2148 2528 ipse
2171 2460 2284 2513 viro

720 2536 813 2603 qui
836 2536 1055 2594 indutus
1105 2553 1216 2595 erat
1276 2543 1410 2598 stola
1434 2555 1614 2598 sancta
1662 2547 1842 2601 dicens
1873 2564 1891 2600 :
1923 2548 2086 2603 Sume
2111 2553 2283 2620 ignem

718 2629 787 2683 de
813 2632 984 2685 medio
1015 2643 1274 2700 rotarum,
1313 2639 1377 2690 de
1401 2641 1570 2693 medio
1620 2642 1928 2694 cherubim:
1967 2652 2013 2694 et
2045 2644 2282 2710 intravit,

717 2729 770 2775 et
795 2724 939 2775 stetit
966 2722 1241 2781 adhaerens
1278 2730 1423 2795 rotis,
1479 2742 1526 2784 et
1584 2736 1818 2787 extendit
1848 2735 2037 2787 cherub
2070 2751 2282 2789 manum

716 2829 870 2868 suam
891 2817 944 2868 in
969 2817 1194 2872 medium
1216 2820 1352 2887 ignis
1374 2823 1673 2877 exsistentis
1714 2826 1767 2877 in
1795 2827 1964 2879 medio
1994 2827 2280 2894 cherubim,

716 2913 770 2958 et
793 2908 995 2968 accepit
1047 2919 1095 2961 et
1157 2910 1304 2963 dedit
1348 2915 1403 2966 in
1437 2929 1620 2967 manus
1646 2916 1757 2983 ejus
1806 2917 1894 2984 qui
1923 2917 2140 2970 indutus
2168 2926 2282 2971 erat

716 2996 912 3050 stolam
967 3006 1228 3065 sartctam,
1266 3009 1316 3054 et
1363 3005 1558 3072 accepit
1596 3018 1642 3059 et
1690 3023 1923 3076 egressus
1957 3018 2034 3061 est
2070 3009 2114 3061 ⁸.
2169 3009 2284 3065 Hoc

717 3098 948 3144 sanctus
979 3091 1067 3144 hic
1097 3092 1174 3145 ait
1214 3091 1420 3148 ordinis
1475 3096 1704 3164 angelici
1735 3099 2004 3154 rationem
2036 3098 2283 3155 luculen-

716 3181 829 3235 tius
866 3183 1214 3248 conﬁrmare,
1242 3189 1383 3253 quod
1416 3187 1604 3242 induto
1628 3189 1822 3244 stolam
1849 3199 2177 3261 praeceptum
2211 3194 2282 3248 sit
2309 3179 2351 3240 ο

719 3271 900 3341 ignem
936 3275 1201 3342 accipere,
1249 3277 1482 3347 dumque
1536 3280 1638 3334 iret
1679 3291 1737 3336 ut
1758 3282 1937 3352 ignem
1981 3287 2275 3354 acciperet,

715 3366 1008 3432 quemdam
1037 3368 1320 3424 cherubim
1368 3373 1417 3425 ei
1461 3374 1822 3441 ministrasse,
1871 3377 2158 3448 ignemque
2191 3396 2280 3435 ac-

719 3463 931 3526 ceptum
959 3458 1010 3512 in
1043 3475 1234 3514 manus
1263 3462 1362 3529 ipsi
1391 3465 1702 3519 tradidisse.
1753 3468 2009 3536 Rursum,
2034 3473 2162 3539 quid
2194 3473 2281 3526 di-

717 3556 809 3602 cat
834 3549 956 3616 quis
981 3550 1048 3604 de
1073 3565 1138 3604 eo
1164 3553 1254 3619 qui
1282 3555 1496 3609 vocavit
1526 3556 1928 3614 divinissimum
1946 3561 2278 3631 Gabrielem,

721 3639 863 3694 sicut
888 3639 940 3694 in
967 3657 1109 3696 nona
1135 3644 1348 3698 visione
1385 3646 1624 3703 Danielis
1668 3655 2164 3708 commemoratur?
2213 3655 2279 3711 Et

718 3731 922 3798 factum
968 3745 1067 3798 est,
1105 3753 1221 3790 cum
1263 3739 1484 3792 viderem
1531 3757 1626 3810 ego
1681 3742 1868 3797 Daniel
1914 3747 2280 3814 visionem,“

715 3839 1003 3892 quwrerem
1035 3829 1455 3898 intelligentiam,
1482 3842 1532 3885 et
1557 3852 1672 3889 ecce
1718 3839 1861 3890 stetit
1906 3839 1964 3893 in
2002 3855 2277 3909 conspectu

716 3930 831 3971 meo
865 3922 1017 3988 quasi
1044 3923 1176 3974 visio
1206 3925 1323 3984 viri,
1350 3935 1400 3979 et
1424 3927 1601 3980 audivi
1636 3945 1803 3982 vocem
1829 3931 1924 3984 viri
1950 3934 2086 3986 inter
2115 3933 2276 3989 Ubal:

714 4017 764 4062 et
787 4013 1008 4075 vocavit,
1044 4023 1090 4066 et
1118 4015 1293 4068 dixit:
1325 4015 1558 4078 Gabriel.
1595 4021 1682 4088 fac
1715 4023 2003 4093 intelligere
2026 4027 2175 4080 illum
2196 4031 2276 4081 vi-

717 4102 951 4168 sionem;
974 4114 1022 4157 et
1052 4106 1213 4169 venit,
1242 4119 1290 4161 et
1319 4112 1461 4162 stetit
1496 4111 1654 4178 juxta
1698 4118 1970 4170 stationem
2002 4133 2206 4184 meam;
2228 4131 2276 4173 et

715 4206 835 4243 cum
863 4194 1056 4246 veniret
1105 4197 1215 4263 ipse
1265 4199 1505 4252 turbatus
1545 4218 1684 4268 sum,
1739 4213 1789 4257 et
1830 4208 1962 4260 cado
2007 4209 2059 4261 in
2088 4210 2276 4284 faciem

715 4298 907 4349 meum,
962 4294 1011 4338 et
1056 4286 1192 4340 dixit
1242 4291 1311 4341 ad
1341 4306 1419 4344 me
1446 4308 1464 4345 :
1522 4291 1786 4365 Intelligo,
1825 4298 1905 4366 ﬁli
1957 4301 2183 4356 hominis
2222 4304 2274 4357 δ.

713 4377 852 4443 Quid
883 4380 1049 4433 vero?
1095 4381 1242 4435 dicat
1305 4383 1425 4451 quis
1455 4401 1470 4437 :
1516 4390 1679 4442 etiam
1738 4402 1955 4456 caetera,
1985 4409 2102 4462 qua:
2132 4412 2159 4450 a
2190 4410 2278 4451 sa-

2395 685 2574 752 ἁνέϐη
2612 684 2728 738 ἀπὸ
2783 685 2888 739 τοῦ
2942 685 3222 754 χερουϐὶμ
3247 687 3285 754 ἠ
3326 685 3482 739 οὖσα
3509 686 3596 739 ἐπ’
3625 685 3827 747 αὐτοῦ,
3859 684 3963 737 καὶ

2393 772 2648 828 ἐκάλεσε
2689 773 2797 827 τὸν
2824 773 3012 841 ἄνδρα
3039 774 3145 827 τὸν
3180 774 3540 828 ἐνδεδυκότα
3577 775 3682 829 τὸν
3704 774 3956 842 ποδήρη,

2394 867 2462 932 ὃς
2502 868 2666 934 εἶχεν
2693 863 2796 935 ἐπὶ
2844 863 2956 932 τῆς
2992 864 3222 932 ὀσφύος
3265 864 3378 933 τὴν
3426 864 3644 932 ζώνηνο
3692 864 3789 917 καὶ
3827 866 3953 918 εἷπε

2392 960 2605 1027 Κύριος
2631 955 2777 1025 πρὸς
2809 955 3025 1009 αὐτόν’
3049 956 3251 1009 Δίελθε
3278 954 3478 1025 μέσην
3513 955 3626 1023 τὴν
3666 955 3959 1023 Ἰερουσα-

2390 1049 2535 1118 λὴμ,
2583 1047 2680 1100 καὶ
2738 1045 2844 1111 δὸς
2893 1043 2956 1098 τὸ
3013 1045 3264 1114 σημεῖον
3314 1046 3413 1099 ἐπὶ
3462 1047 3532 1099 τὰ
3575 1047 3814 1114 μέτωπα
3837 1045 3958 1098 τῶν

2391 1140 2628 1214 ἀνδρῶν
2691 1137 2810 1192 τῶν
2856 1135 3430 1201 καταστεναζόντων,
3495 1137 3592 1190 καὶ
3636 1136 3753 1191 τῶν
3815 1151 3958 1191 κατ.

2391 1231 2781 1301 οδυνωμένων
2811 1229 2910 1283 ἐπὶ
2949 1228 3171 1295 πάσαις
3200 1229 3326 1295 ταῖς
3347 1230 3618 1298 ἀνομίαις
3649 1229 3774 1295 ταῖς
3798 1244 3957 1298 τινο-

2384 1321 2593 1391 μέναις
2622 1319 2875 1388 ἐνμέσῳ
2895 1317 3102 1384 αὐτῆς.
3117 1317 3234 1370 Καὶ
3259 1319 3490 1383 τούτοις
3518 1318 3684 1373 εἶπεν
3707 1319 3957 1372 ἀκούον-

2390 1413 2491 1478 τός
2508 1430 2659 1482 μου·
2713 1411 3049 1477 Πορεύεσθε
3103 1413 3190 1474 εἰς
3241 1409 3355 1476 τὴν
3401 1411 3579 1462 πόλιν
3631 1410 3820 1463 ὀπίσω
3849 1411 3957 1463 αύ-

2388 1501 2514 1566 τοῦ,
2545 1501 2643 1555 καὶ
2693 1501 2960 1562 κόπτετε,
3001 1499 3098 1552 καὶ
3129 1498 3214 1567 μὴ
3258 1498 3530 1568 φείδεσθε
3573 1499 3695 1564 τοῖς
3737 1502 3957 1568 ὀφθαλ-

2382 1592 2520 1662 μοῖς
2549 1592 2732 1661 ὑμῶν,
2765 1591 2864 1644 καὶ
2897 1591 2982 1660 μὴ
3040 1590 3332 1660 ἐλεήσητε
3353 1608 3367 1620 ·
3412 1593 3828 1659 πρεσϐύτερον,
3859 1591 3956 1645 καὶ

2387 1687 2730 1749 νεανίσκον,
2757 1685 2856 1739 καὶ
2875 1667 3192 1752 παρθένον,
3215 1684 3314 1738 καὶ
3345 1684 3549 1749 νήπια,
3579 1684 3677 1736 καὶ
3703 1684 3956 1752 γυναῖκα

2387 1778 2773 1831 ἀποκτείνατε
2824 1780 2910 1843 είς
2957 1775 3290 1845 ὲξάλειψιν,
3342 1776 3440 1830 ἐπὶ
3492 1775 3559 1829 δὲ
3608 1775 3836 1842 πάντας
3862 1777 3959 1846 ἐφ’

2316 1846 2359 1900 Β
2387 1867 2494 1931 οὓς
2543 1867 2672 1920 ἐστι
2721 1865 2785 1918 τὸ
2846 1864 3117 1933 σημεῖον,
3169 1864 3255 1934 μὴ
3317 1866 3612 1938 ἐγγίσητε.
3662 1865 3726 1917 Τί
3767 1865 3832 1918 ἄν
3872 1881 3954 1929 τις

2387 1957 2529 2010 εἴποι
2563 1958 2690 2028 περὶ
2721 1957 2814 2010 τοῦ
2839 1957 3069 2026 ἀγγέλου
3101 1958 3370 2026 φήσαντος
3412 1956 3490 2027 τῷ
3542 1957 3737 2026 Δανιὴλ
3773 1956 3834 2008 τὸ
3861 1956 3955 2010 καὶ

2385 2047 2483 2110 τός
2539 2047 2762 2117 Φέρεται
2795 2046 2903 2117 γὰρ
2956 2047 3015 2097 ὲν
3048 2048 3112 2115 τῇ
3147 2045 3345 2116 δεκάτῃ
3372 2042 3555 2114 ὁράσει
3603 2043 3697 2096 τοῦ
3723 2043 3952 2115 Δανιήλ⁹

2385 2137 2497 2190 Καὶ
2528 2137 2653 2190 ίδοὺ
2684 2140 2716 2190 ό
2740 2135 2893 2203 ἀνὴρ
2923 2134 3212 2202 Γαϐριὴλ,
3251 2134 3321 2187 ὃν
3349 2134 3510 2187 εἶδον
3535 2135 3604 2186 ὲν
3645 2133 3719 2201 τῇ
3749 2132 3954 2202 ὁράσει

2386 2229 2456 2281 ὲν
2508 2227 2583 2296 τῇ
2632 2227 2810 2296 ἀρχῇ,
2862 2229 3203 2295 πετόμενος,
3257 2227 3354 2279 καὶ
3402 2227 3600 2294 ἣψατό
3647 2243 3764 2295 μου
3811 2225 3955 2278 ὡσεὶ

2385 2317 2544 2388 ὤραν
2598 2320 2811 2383 θυσίας
2857 2317 3197 2385 ἐσπερινῆς,
3230 2318 3328 2369 καὶ
3372 2316 3688 2370 ἑσυνέτισέ
3730 2334 3826 2385 με,
3855 2317 3953 2376 καὶ

2385 2410 2652 2478 ὲλάλησε
2672 2411 2797 2478 μετ’
2818 2410 2983 2478 ἐμοῦ,
3010 2409 3106 2462 καὶ
3160 2409 3288 2462 εἷπε
3305 2427 3316 2438 ·
3352 2409 3573 2475 Δανιὴλ
3590 2449 3604 2470 ,
3629 2409 3743 2461 νῦν
3768 2408 3950 2476 ἐξῆλ-

2386 2505 2492 2558 θον
2515 2501 2874 2570 συμὸιϐάσαι
2903 2502 3175 2555 σύνεσιν.
3222 2502 3323 2554 Ἑν
3351 2499 3508 2569 ἀρχῇ
3551 2500 3659 2567 τῆς
3691 2499 3952 2566 δεήσεώς

2385 2609 2501 2647 σου
2566 2591 2824 2659 ἐξῆλθεν
2875 2595 2908 2646 ό
2962 2594 3180 2662 λόγος,
3253 2592 3351 2645 καὶ
3408 2591 3522 2661 ἐγὼ
3593 2591 3785 2660 ἦλθον
3845 2589 3949 2644 τοῦ

2384 2685 2727 2754 ἀναγγεῖλαί
2759 2701 2876 2746 σοι,
2941 2683 3028 2737 ὅτι
3088 2682 3242 2751 ἀνὴρ
3276 2682 3596 2751 ἐπιθυμιῶν
3637 2684 3696 2736 ετ
3739 2684 3841 2736 σύ.
3879 2682 3944 2734 Ἦ

2385 2778 2567 2841 πάλιν,
2600 2776 2653 2828 τί
2685 2776 2833 2844 λέγοι
2866 2775 2930 2829 ἄν
2954 2792 3039 2837 τις
3075 2776 3201 2845 περὶ
3233 2773 3328 2827 τοῦ
3353 2774 3420 2826 τὸ
3449 2774 3558 2845 πῦρ
3584 2773 3948 2843 ἀνειληφότας,

2386 2868 2567 2930 καθὼς
2618 2869 2674 2918 ὲν
2728 2866 2806 2937 τῷ
2861 2867 3117 2937 Ἰεζεκιὴλ
3172 2867 3424 2937 φέρεται;
3472 2865 3616 2934 λέγει
3649 2865 3783 2934 γάρ·
3841 2861 3952 2916 Καὶ

2382 2956 2617 3026 ἐγένετο
2669 2956 2855 3011 αὐτὸν
2884 2956 2952 3008 ἐν
2999 2953 3079 3020 τῷ
3135 2953 3521 3008 ἐντέλλεσθαι
3546 2953 3626 3017 τῷ
3671 2952 3842 3020 ἀνδρὶ
3871 2951 3949 3018 τῷ

2383 3045 2723 3116 ἐνδεδυκότι
2749 3045 2863 3114 τὴν
2915 3045 3147 3113 στολὴν
3199 3044 3313 3113 τὴν
3339 3045 3516 3114 ἁγίαν
3540 3043 3760 3113 λέγων·
3797 3042 3950 3097 Λάϐε

2385 3136 2502 3204 πῦρ
2555 3137 2622 3189 ἐκ
2671 3135 2865 3205 μέσου
2918 3135 3036 3188 τῶν
3079 3134 3326 3203 τροχῶν,
3385 3134 3481 3186 καὶ
3523 3134 3589 3186 ὲκ
3614 3133 3807 3202 μέσου
3834 3132 3950 3186 τῶν

2390 3229 2701 3300 χερουϐίμο
2763 3227 2862 3280 καὶ
2887 3226 3153 3295 εἰσῆλθε,
3207 3226 3305 3280 xal
3347 3227 3492 3293 ἔστη
3522 3226 3805 3295 ἐχόμενος
3831 3222 3950 3277 τῶν

2382 3321 2636 3390 τροχῶνο
2687 3321 2785 3374 καὶ
2811 3320 3106 3385 ἐξέτεινεν
3135 3323 3166 3374 ό
3207 3319 3423 3386 χεροὺό
3461 3317 3575 3385 τὴν
3631 3316 3796 3385 χεῖρα
3838 3317 3946 3369 αύ-

2383 3414 2489 3467 τοῦ
2534 3415 2621 3479 εις
2642 3412 2838 3482 μέσον
2871 3413 2975 3466 τοῦ
3007 3411 3196 3481 πυρὸς
3223 3411 3328 3466 τοῦ
3362 3410 3531 3475 ὄντος
3551 3410 3620 3462 ἐν
3640 3408 3807 3477 μέσῳ
3833 3407 3948 3460 τῶν

2388 3503 2692 3572 χερουϐὶμ,
2747 3503 2845 3556 καὶ
2873 3505 3068 3566 ἔλαϐε,
3101 3503 3200 3556 καὶ
3239 3503 3460 3556 ἔδωκεν
3502 3503 3587 3566 είς
3615 3500 3720 3565 τὰς
3750 3498 3946 3567 χεῖρας

2379 3596 2485 3648 τοῦ
2534 3594 2924 3660 ἐνδεδυκότος
2974 3594 3088 3661 τὴν
3134 3593 3368 3662 στολὴν
3419 3593 3531 3660 τὴν
3574 3593 3789 3660 ἁγίαν,
3849 3589 3948 3644 καὶ

2378 3686 2576 3746 ἔλαϐε,
2606 3684 2704 3740 καὶ
2733 3683 2970 3752 ἐξῆλθε.
3029 3684 3196 3736 Τοῦτο
3226 3685 3372 3752 λέγει
3429 3683 3521 3734 καὶ
3567 3682 3946 3752 περισσότερον

2379 3778 2459 3839 εἰς
2484 3773 2736 3841 εὐταξίας
2768 3775 2926 3842 λόγον
2969 3777 2997 3827 ὁ
3029 3775 3202 3842 ἅγιος,
3252 3776 3333 3828 ὅτι
3383 3773 3676 3826 ἐνετείλατο
3706 3771 3784 3840 τῷ
3805 3769 3948 3821 ἑνδε-

2378 3865 2561 3918 δυκότι
2594 3865 2693 3932 τὴν
2719 3864 2932 3934 στολὴν,
2966 3863 3149 3916 λαϐεῖν
3171 3865 3232 3917 τὸ
3257 3864 3366 3935 πῦρ
3391 3879 3403 3892 ·
3441 3865 3533 3915 καὶ
3576 3864 3632 3914 ὲν
3664 3860 3740 3930 τῷ
3773 3858 3947 3912 ἐλθεῖν

2378 3956 2537 4009 αὑτὸν
2568 3954 2754 4009 λαϐεῖν
2779 3955 2840 4007 τὸ
2875 3954 3005 4026 πῦρ,
3040 3953 3098 4008 ἓν
3143 3955 3250 4007 τῶν
3317 3953 3588 4025 χερουϐὶμ
3636 3952 3942 4022 διηκόνησι,

2379 4048 2471 4100 καὶ
2514 4046 2670 4100 ἔλαϐε
2703 4048 2765 4100 τὸ
2798 4045 2931 4117 πῦρέ
2978 4047 3072 4100 καὶ
3105 4045 3272 4098 ἔδωκε
3300 4046 3436 4114 πρὸς
3465 4044 3563 4107 τὰς
3589 4045 3777 4114 χεῖρας
3800 4041 3945 4094 ἔκει-

2380 4156 2493 4192 νου.
2533 4139 2604 4192 Ἦ
2628 4138 2807 4203 πάλιν,
2843 4138 2894 4190 τί
2929 4137 2993 4190 ἂν
3026 4137 3171 4206 λέγοι
3200 4155 3279 4200 τις
3312 4137 3438 4207 περὶ
3468 4136 3562 4188 τοῦ
3615 4133 3943 4204 κεκληκότος

2375 4230 2466 4282 τὸν
2500 4229 2767 4282 θειότατον
2791 4229 3047 4299 Γαϐριὴλ,
3082 4227 3262 4290 καθὼς
3309 4229 3364 4280 ὲν
3417 4230 3483 4298 τῇ
3519 4227 3564 4279 θ’
3609 4225 3792 4297 ὁράσει
3847 4222 3944 4277 τοῦ

2379 4321 2575 4392 Δανιὴλ
2605 4323 2826 4393 φέρεται
2852 4339 2866 4386 ;
2917 4321 3027 4374 Καὶ
3044 4319 3396 4400 ἐγένετοὲν
3418 4319 3497 4383 τῷ
3526 4317 3671 4371 [δεῖν
3695 4332 3789 4384 με,
3829 4313 3946 4383 ἐγὼ

2376 4412 2619 4477 Δανιὴλ,
2650 4413 2764 4479 τὴν
2810 4412 3039 4479 ὅρασιν,
3091 4411 3190 4465 καὶ
3248 4409 3495 4478 ἐζήτουν
3531 4409 3811 4461 σύνεσιν·
3844 4404 3947 4457 καὶ

712 4468 824 4521 cris
860 4471 1139 4538 prophetis
1181 4472 1324 4527 dicta
1379 4485 1502 4531 sunt
1547 4481 1613 4533 de
1663 4480 1867 4537 decoro
1916 4486 2112 4541 ordine
2159 4501 2272 4543 cm-

2382 4501 2505 4555 ιδοὺ
2534 4468 2680 4569 ἔστη
2709 4468 2964 4554 ένώπιον
3012 4468 3157 4570 έμοῦ
3213 4468 3527 4567 ὼς-δρασις
3560 4496 3796 4565 ἀνδρὸς,
3845 4493 3947 4546 καὶ

714 4557 950 4624 lestium,
983 4562 1071 4616 cui
1125 4577 1283 4619 sacer
1328 4566 1416 4622 hic
1467 4570 1602 4624 ordo
1656 4583 1841 4628 noster
1871 4577 2268 4646 hierarchicus,

2382 4592 2608 4660 ἥκουσα
2912 4557 3129 4660 ἀνδρὸς
3149 4557 3452 4658 ἀνάμεσον
3481 4557 3586 4642 τοῦ
3640 4557 3832 4640 όύϐάλ
3858 4585 3902 4615 ⁸⁸
3924 4601 3939 4614 ο

715 4652 890 4718 quoad
931 4652 1046 4708 lieri
1101 4664 1299 4723 potest,
1351 4660 1730 4718 assimilatur:
1788 4666 2053 4734 siquidem
2107 4686 2270 4740 supe-

2382 4652 2475 4736 ναὶ
2501 4652 2775 4748 ἐκάλεσε,
2804 4652 2923 4736 ’καὶ
2951 4652 3078 4736 εἷπε
3098 4652 3421 4749 ’.Γαϐριὴι
3453 4679 3778 4732 συνέτισον
3802 4675 3946 4727 ἐκεῖ·

716 4741 881 4795 rioris
903 4743 1051 4797 illius
1079 4748 1322 4816 mysticae
1379 4750 1702 4808 hierarchize
1756 4756 1990 4811 imitatio
2021 4763 2268 4827 quaedam

2382 4794 2487 4831 νον
2513 4776 2624 4845 τὴν
2677 4741 2908 4844 ὅρασιν,
2970 4775 3066 4829 καὶ
3118 4741 3285 4845 ἦλθε,
3342 4741 3440 4828 ὲιάι
3484 4773 3631 4837 ἔστη
3661 4769 3947 4837 ἐχόμενος

716 4839 843 4884 sunt
878 4846 999 4899 quae
1026 4833 1078 4887 in
1110 4835 1354 4891 Ecclesia
1400 4842 1773 4909 perficiuntur,
1828 4858 1878 4901 et
1915 4849 2029 4903 haec
2058 4851 2272 4907 decoris

2382 4870 2488 4937 τῆς
2545 4833 2814 4935 στάσεώς
2859 4886 3009 4937 μου·
3071 4869 3169 4923 καὶ
3223 4869 3292 4921 ἑν
3339 4866 3420 4932 τῷ
3480 4864 3679 4918 ἐλθεῖν
3736 4861 3942 4922 αὑτὸν,

715 4934 902 4974 eorum
933 4924 1178 4993 quaedam
1202 4941 1328 4982 sunt
1361 4931 1621 5001 imagines
1648 4952 1664 4998 ;
1715 4937 1982 5005 siquidem
2020 4941 2136 4995 haec
2173 4960 2270 4998 no-

859 5010 909 5030 ..
1077 5018 1126 5030 ..
1581 5025 1614 5030 μ

2382 4924 2727 5030 ἐθαμϐήθην,
2785 4924 2883 5013 Σιαὶ
2934 4962 3125 5013 πίπτω
3172 4959 3270 5013 ἐπὶ
3318 4924 3638 5024 πρόσωπόν
3661 4968 3809 5022 μου’
3843 4951 3947 5002 καὶ

717 5022 826 5068 stra
859 5010 1164 5074 hierarchia
1196 5035 1291 5088 per
1344 5021 1489 5077 illam
1538 5025 1851 5082 eﬁ‘ormatur
1896 5041 1951 5084 et
1983 5033 2047 5085 ad
2101 5034 2267 5090 Deum

2382 5010 2878 5123 iugatp'ggpgf
2911 5010 3130 5116 sua,
3183 5049 3277 5104 υἱὲ
3334 5010 3664 5115 ἀνθρώπου.
3732 5043 3794 5095 Tt
3842 5042 3942 5106 at;

718 5106 1026 5174 adducitur,
1061 5113 1153 5180 qui
1214 5120 1643 5182 supernaturalis
1699 5121 1905 5177 ordinis
1935 5125 2271 5194 principatus

2382 5143 2518 5210 λέγοι
2542 5106 2626 5206 τιξ
2644 5159 2656 5171 ο
2683 5106 2785 5196 ’καὶ
2831 5143 2931 5195 ὅσα
2954 5106 3090 5196 ἄλλοι
3120 5106 3282 5211 ’παρὰ
3312 5139 3420 5190 τῶν
3441 5106 3614 5209 ὶερῶν
3648 5130 3944 5205 προφητῶν

716 5211 801 5255 est
833 5205 1009 5259 omnis
1046 5206 1385 5275 hierarchias,
1408 5227 1736 5283 carnemque
1780 5231 1998 5271 sacrum
2025 5219 2270 5274 ordinem

2382 5205 2584 5303 εἴρηται
2617 5223 2755 5303 ’περὶ
2785 5232 2888 5301 τῆς
2952 5205 3250 5301 εὐκοσμία-ς
3309 5228 3416 5281 τῶν
3467 5205 3752 5298 οῦρανίων,
3804 5220 3946 5292 πρὸς

719 5293 971 5348 instituit.
2475 5293 2565 5376 ica).
2597 5326 2630 5394 ὴ
2659 5293 2879 5387 eds-agit;
2907 5323 3005 5392 τῆς
3034 5293 3159 5393 παρ’
3202 5321 3334 5389 ἡμῖν
3360 5293 3656 5389 ἱεραργίας,
3711 5313 3848 5366 κατὰ
3876 5311 3945 5363 τὸ

715 5383 957 5450 δυνατὸν,
1021 5390 1401 5462 ἀφωμοιιιηαιο
1455 5397 1673 5469 μίμημα
1723 5399 1830 5470 γὰρ
1865 5402 1964 5472 τῆς
2020 5404 2126 5456 τῶν
2167 5408 2277 5461 ἄνω
2313 5383 2575 5484 pose-ixi];
2605 5383 2881 5483 ἱεραρχίας
2933 5383 3000 5465 {at
3030 5415 3087 5464 ἐν
3114 5383 3124 5393 '
3151 5383 3565 5483 ’ᾤ’-Ἐκκλησία
3625 5404 3942 5474 τελούμενα.

717 5478 811 5531 καὶ
871 5479 1039 5531 ταῦτα
1093 5485 1192 5553 τῆς
1241 5486 1463 5540 ἐκείνων
1515 5490 1840 5559 εὐπρεπείας
1890 5495 2096 5560 εἰκόνες
2130 5500 2265 5550 εἰσί·
2298 5478 2916 5576 τυποῦταιγὰίρ-ήηκασ
2955 5506 3098 5573 ἡμᾶς
3158 5478 3403 5574 ἱεραρχῑα
3470 5499 3535 5551 δι’
3559 5498 3788 5565 ἐκείνης,
3846 5495 3947 5547 καὶ

720 5570 976 5636 ἀνάγεται
1001 5575 1133 5644 πρὸς
1151 5576 1312 5631 αὑτὸν
1336 5579 1427 5632 τὸν
1458 5580 1608 5645 Θεὸν,
1627 5583 1722 5651 τὴν
1739 5583 2056 5652 ὑπερούσιον
2082 5588 2236 5654 ταξια
2246 5591 2397 5659 ρχίαν
2415 5570 2629 5664 ἁπάσης
2651 5570 2945 5664 ἱεραρχίας,
2970 5570 3058 5646 ’ξὺν
3074 5570 3255 5664 πάσης
3281 5570 3440 5662 *ἱερᾶς
3460 5587 3662 5652 τάξεως
3679 5582 3941 5658 ἀρχηγόν-

830 5677 852 5704 e
888 5665 1082 5722 Ezech.
1113 5686 1188 5738 ix,
1217 5672 1268 5726 2.
1358 5671 1376 5710 ί
1404 5671 1537 5728 Dan.
1569 5688 1641 5740 ix,
1668 5673 1756 5729 2|.
1837 5677 1862 5716 ³
1883 5675 2078 5734 Ezech.
2116 5694 2168 5744 χ,
2228 5681 2278 5734 6.

2413 5686 2544 5744 Dan.
2582 5702 2700 5752 vm,
2734 5687 2816 5741 15.

1977 5771 2207 5826 γΑιιιιΕ
2249 5773 2643 5832 LECTIUNES.

801 5830 844 5865 ⁵⁵
870 5830 1035 5884 oblat.
