4202 6300
233 407 329 468 τοι

1271 407 1355 460 DE
1388 403 1709 462 C(ELESTi
1746 403 2189 470 lllERAHCHIA,
2229 406 2380 462 CAP.
2419 405 2508 461 IX.

3356 409 3462 465 26%

231 528 454 600 ἑτοίμως
479 529 561 592 εἰς
596 527 878 599 μετάδοσιν
909 524 1353 593 ἀναπεπταμένον
1383 523 1476 577 τοῦ
1510 519 1795 593 θεαρχικοῦ
1828 531 1872 584 Α

1828 531 1872 584 Α
1901 522 2113 574 caneris
2157 536 2373 590 quoque
2423 520 2676 589 gentibus
2707 520 2777 588 (e
2801 521 2994 589 quibus
3021 535 3117 576 nos
3141 523 3462 579 emersimus

229 620 402 688 φωτὸς
426 620 653 689 ἀπειρόν
675 636 733 670 τε
766 618 861 669 καὶ
884 617 1109 685 ἄφθονον
1142 613 1396 682 πέλαγος)
1418 612 1421 616 ’
1445 613 1544 664 οὐκ
1577 609 1796 678 ἔκφυλοί

226 728 370 774 τινες
401 711 732 764 ἐπεστάτουν
796 709 938 762 Θεοί·
975 708 1073 778 μία
1128 707 1183 758 δέ
1249 708 1462 759 πάντων
1509 703 1670 774 ἀρχὴ,
1706 703 1798 755 καὶ

227 806 365 876 πρὸς
396 804 604 876 ταύτην
629 803 827 872 ἀνῆγον
859 803 985 865 τοὺς
1009 800 1326 869 ἑπομένους,
1350 799 1397 850 οἰ
1426 796 1545 849 καθ’
1573 796 1798 848 ἕκαστον

227 896 377 957 ἔθνος
435 894 818 966 ἰεραρχοῦντες
873 891 1112 961 ἄγγελοι.
1179 891 1282 943 Τὸν
1327 886 1657 959 Μελχισεδὲκ
1712 887 1800 937 ἐνο

227 985 448 1056 νοητέον
495 983 752 1055 ἱεράρχην
806 983 933 1036 ὅντα
987 978 1410 1051 φιλοθεώτατον,
1459 979 1519 1032 οὐ
1563 977 1670 1031 τῶν
1702 978 1802 1030 οὐκ

228 1077 418 1136 ὅντων,
456 1074 594 1126 ἀλλά
617 1075 709 1128 τοῦ
743 1077 911 1137 ὅντως
936 1075 1087 1136 ὄντος
1109 1072 1338 1141 ὑψίστου
1372 1069 1506 1123 Θεοῦ
1526 1088 1538 1100 ·
1571 1072 1663 1124 καὶ
1694 1069 1801 1140 γάρ

226 1165 328 1234 οὐχ
360 1163 552 1227 ἁπλῶς
581 1165 671 1217 τὸν
706 1164 1037 1234 Μελχισεδὲκ
1069 1164 1118 1215 οί
1173 1160 1414 1229 θεόσοφοι
1467 1161 1528 1212 οὐ
1562 1157 1804 1229 φιλόθὲον

233 1257 414 1326 μόνον,
451 1250 589 1310 ἀλλά
641 1257 734 1309 καὶ
781 1257 931 1326 ἰερέα
984 1254 1393 1325 κεκλήκασιν,ῆ
1440 1254 1524 1305 ἵνα
1556 1257 1664 1316 τοῖς
1688 1252 1806 1322 ἐχέ-

231 1364 424 1419 φροσιν
479 1349 728 1419 ἐναργῶς
793 1348 1153 1419 ἐμφαίνωσιν,
1213 1347 1294 1398 ὅτι
1331 1346 1402 1416 μὴ
1440 1345 1594 1416 μόνον
1647 1336 1806 1408 αὐτὸς

231 1439 324 1490 ἐπὶ
348 1437 442 1490 τὸν
475 1440 643 1502 ὅντως
697 1440 825 1492 ὄντα
882 1439 1012 1491 Θεὸν
1065 1438 1428 1508 ἐπέστραπτο,
1492 1437 1713 1506 προσέτι
1747 1436 1803 1488 δέ

233 1531 327 1582 καὶ
361 1529 541 1593 ἀλλοις
579 1533 654 1594 ὡς
720 1531 979 1602 ίεράρχης
1022 1531 1205 1599 ἡγεῖτο
1237 1529 1332 1598 τῆς
1375 1529 1467 1581 ἐπὶ
1498 1528 1596 1598 τὴν
1628 1527 1799 1598 ἀληθῆ

236 1623 328 1673 καὶ
378 1623 545 1694 μόνην
569 1623 823 1693 θεαρχίαν
869 1620 1178 1690 ἀναγωγῆς.

1900 609 1968 662 ad
2008 609 2135 662 illud
2161 610 2327 664 divini
2353 611 2569 664 luminis
2595 610 2915 666 immensum
2951 621 3006 665 et
3055 615 3336 668 exundans
3369 628 3464 682 pe-

1901 700 2074 769 lagus,
2107 703 2251 770 quod
2283 702 2334 754 in
2366 712 2615 770 promptu
2641 703 2892 757 omnibus
2925 705 2991 757 ad
3023 704 3458 773 participandum

1902 803 1984 847 est
2016 793 2336 863 expansum)
2391 810 2500 849 non
2533 794 2691 847 alieni
2728 795 2943 862 quidam
3006 797 3077 849 dii
3126 796 3465 862 praefueriut,

1907 881 2001 937 sed
2028 898 2192 936 unum
2227 883 2464 936 omnium
2518 883 2863 951 principium,
2915 891 2969 936 et
3002 891 3067 938 ad
3096 885 3223 938 illud
3255 885 3463 954 angeli,

1903 973 1994 1041 qui
2033 973 2230 1040 cuique
2271 973 2476 1026 nationi
2537 974 2777 1042 praefecti
2811 983 2993 1038 erant,
3050 985 3307 1044 sequaces
3336 990 3464 1030 suos

1903 1058 2254 1118 adducerent.
2281 1063 2641 1118 Considerare
2681 1064 2812 1118 libet
2836 1062 3256 1131 Melchisedech,
3282 1067 3462 1133 ponti-

1904 1154 2058 1209 licem
2105 1153 2252 1207 illum
2287 1153 2395 1208 Deo
2431 1139 2838 1219 charissimum,
2864 1154 2955 1223 qui
2985 1169 3323 1224 nequaquam
3348 1157 3465 1210 ina-

1905 1245 2053 1300 nium
2104 1244 2471 1308 deorum,sed
2516 1244 2765 1300 altissimi
2803 1246 3027 1314 verique
3059 1247 3152 1299 Del
3208 1249 3466 1300 sacerdos

1908 1337 2058 1392 fuit:
2090 1349 2267 1404 neque
2289 1337 2432 1389 enim
2467 1336 2782 1405 simpliciter
2825 1336 3272 1391 Melchisedecum
3312 1323 3466 1393 theo:

1906 1430 2014 1500 logi
2056 1447 2162 1484 non
2189 1430 2360 1484 solum
2425 1429 2517 1483 Dei
2551 1429 2807 1492 amicum,
2863 1429 2957 1483 sed
3013 1440 3069 1483 et
3125 1429 3465 1483 sacerdotem

1906 1523 2278 1592 appellarunt;
2340 1529 2399 1574 ut
2428 1521 2507 1575 vel
2563 1520 2641 1573 sic
2693 1522 3130 1590 prudentioribus
3165 1531 3350 1592 aperte
3384 1522 3465 1576 in-

1905 1619 2171 1680 dicarent,
2200 1632 2302 1670 non
2330 1616 2694 1684 modoipsum
2748 1615 2813 1668 ad
2846 1627 3032 1669 verum
3080 1616 3243 1671 Deum
3295 1616 3466 1672 fuisse

237 1725 586 1770 conversum.
637 1729 826 1768 verum
880 1713 1051 1769 etiam
1115 1714 1239 1767 aliis
1301 1711 1369 1766 ad
1426 1725 1610 1766 veram
1645 1721 1701 1764 et
1749 1708 1918 1765 solam
1976 1723 2394 1779 supremumque
2449 1705 2715 1762 Deitatem
2765 1705 3127 1776 provehendis
3149 1711 3335 1766 ducem
3370 1724 3466 1766 ex-

243 1805 486 1876 stitisse._

1795 1900 1822 1975 δ
1853 1899 1962 1962 lV.

302 2073 418 2128 Καὶ
463 2070 620 2125 τοῦτο
667 2070 726 2124 δὲ
774 2069 873 2141 τὴν
916 2070 1013 2142 σὴν
1056 2067 1370 2142 ἰεραρχιιῑιὴν
1416 2066 1628 2122 σύνεσιν
1670 2064 1800 2119 ὕπο-
1830 2086 1874 2144 η

1830 2086 1874 2144 η
1973 2064 2108 2118 {llud
2159 2075 2372 2132 quoque
2422 2062 2712 2130 pentillcize
2781 2071 2883 2116 tuae
2933 2061 3176 2120 scientiae
3223 2080 3462 2126 comme-

241 2169 537 2239 μνήσομεν,
561 2165 640 2218 ὅτι
656 2165 748 2218 καὶ
766 2164 846 2234 τῷ
867 2165 1065 2234 ⁴ἰηιιραιέι)
1088 2163 1221 2234 πρὸς
1245 2162 1336 2215 τοῦ
1359 2163 1470 2224 τοῖς
1490 2159 1806 2229 Αἰγυπτίοις

236 2253 653 2317 ἐπιστατοῦντος
670 2254 920 2321 ἀγγέλου,
967 2253 1062 2304 καὶ
1099 2251 1176 2320 τῷ
1200 2250 1550 2302 Βαϐυλωνίων
1587 2247 1802 2320 ἄρχοντι

238 2346 373 2418 πρὸς
422 2344 518 2398 τοῦ
567 2345 788 2406 οἰκείου,
821 2342 1001 2395 καὶτὸ
1048 2341 1147 2411 τῆς
1192 2341 1408 2393 πάντων
1433 2339 1686 2409 προνοίας
1710 2338 1804 2391 καὶ

240 2439 560 2510 κυριότητος
589 2435 938 2507 κηδεμονικὸν
967 2433 1061 2486 καὶ
1095 2431 1494 2499 ἐξουσιαστικὸν
1531 2431 1670 2485 κατά
1708 2432 1805 2494 τὰς

239 2529 457 2600 ὁράσεις
501 2525 940 2598 διεπορθμεύετο,
981 2526 1074 2580 καὶ
1107 2529 1218 2588 τοῖς
1248 2525 1454 2578 ἔθνεσιν
1493 2523 1716 2586 ἐκείνοις
1754 2524 1801 2575 οἰ

241 2619 332 2672 τοῦ
374 2620 543 2682 ὅντως
575 2617 709 2671 Θεοῦ
728 2617 1336 2689 θεράποντες,ὴγεμ6νες
1365 2616 1685 2670 καθίσταντο
1702 2619 1802 2688 τῆς

243 2709 347 2761 τῶν
395 2709 748 2762 τυπωθεισῶν
780 2707 883 2760 ὑπὸ
915 2708 1022 2759 τῶν
1048 2707 1352 2774 ἀγγελικῶν
1378 2708 1421 2738 θ’
1437 2709 1676 2778 ὁράσεων
1709 2710 1802 2760 ἐκ-

245 2800 553 2869 φαντορίας,
600 2802 712 2863 τοῖς
747 2799 853 2851 τῶν
892 2796 1134 2866 ἀγγέλων
1169 2798 1332 2865 ἐγγὺς
1363 2798 1528 2870 ἱεροῖς
1556 2799 1798 2869 ἀνδράσι,

243 2890 319 2962 τῷ
344 2891 560 2961 Δανιὴλ,
591 2891 687 2944 καὶ
717 2890 794 2960 τῷ
833 2888 1027 2960 Ἰωσὴφ
1057 2892 1118 2942 ἐκ
1146 2889 1279 2942 Θεοῦ
1314 2891 1379 2942 δι’
1405 2889 1646 2959 ἀγγέλων
1670 2894 1802 2945 ἀπο-

245 2981 608 3052 καλυφθείσης
627 2997 640 3010 ο
674 2980 771 3050 μία
798 2982 904 3052 γάρ
927 2982 1121 3050 ἐστινὴ
1149 2981 1358 3032 πάντων
1382 2981 1520 3052 ἀρχὴ
1551 2983 1642 3035 καὶ
1665 2983 1798 3053 πρό-

243 3089 378 3126 νοια.
431 3072 542 3124 Καὶ
567 3071 814 3141 οὐδαμῶς
835 3072 1063 3144 οἰητέον,
1112 3073 1373 3125 Ἰουδαίων
1427 3073 1524 3143 μὲν
1557 3074 1796 3144 ἀποκλη-

246 3162 488 3232 ρωτικῶς
531 3162 775 3232 ἡγεῖσθαι
826 3163 921 3234 τὴν
956 3164 1228 3235 θεαρχίαν,
1255 3167 1513 3235 ἀγγέλους
1545 3169 1599 3222 δὲ
1637 3169 1798 3235 ἰδίως,

240 3252 274 3322 ἢ
326 3254 622 3323 ὁμοτίμως,
677 3254 708 3325 ἢ
766 3255 1074 3319 ἀντιθέτως,
1130 3257 1163 3327 ἢ
1216 3257 1370 3322 Θεούς
1400 3276 1552 3321 τινας
1577 3259 1799 3330 ἐτέρους

243 3338 551 3395 ἐπιστατεῖν
577 3345 687 3405 τοῖς
720 3343 897 3409 ἀλλοις
943 3344 1149 3398 ἔθνεσιν
1169 3363 1181 3376 ⁸
1241 3347 1374 3401 άλλά
1407 3351 1501 3402 καὶ
1531 3350 1590 3402 τὸ
1620 3351 1798 3419 λόγιον

1907 2157 2260 2221 morabimus,
2295 2163 2354 2208 ut
2389 2164 2444 2208 et
2470 2154 2745 2208 Pharaoni
2778 2155 2844 2208 ab
2870 2155 3065 2225 angelo
3092 2157 3470 2229 Egyptiorum

1905 2249 2156 2318 praeside.
2180 2255 2234 2301 et
2257 2245 2678 2315 Babyloniorum
2703 2245 2931 2316 principi
2965 2263 2992 2299 a
3018 2251 3236 2317 proprio
3265 2252 3454 2308 itidem

1904 2315 2158 2395 omnibus
2213 2336 2596 2405 prospicientis
2661 2315 2825 2408 atque
2895 2315 3225 2396 dominantis
3288 2345 3471 2412 provi-

1904 2428 2089 2482 dentia
2152 2435 2500 2495 potestasque
2556 2443 2660 2497 per
2705 2427 2939 2483 visiones
2969 2429 3156 2485 ‘fuerit
3193 2432 3463 2504 intimate,

1904 2532 2069 2591 utque
2098 2520 2349 2589 gentibus
2385 2521 2505 2576 istis
2559 2521 2673 2577 veri
2720 2521 2814 2577 Dei
2863 2525 3118 2590 ministri,
3177 2529 3463 2584 ductorum

1903 2613 2078 2666 instar
2129 2611 2334 2666 fuerint
2384 2613 2739 2682 praefecti,ad
2773 2615 3029 2685 figuratas
3082 2619 3203 2676 illas
3252 2624 3467 2692 angeli-

1900 2719 1992 2760 cas
2018 2705 2257 2759 visiones
2311 2706 2768 2775 interpretandas,
2793 2723 2914 2778 quae
2945 2711 3076 2765 viris
3107 2712 3315 2767 sanctis
3366 2699 3468 2766 an-

1901 2795 2144 2864 gelorum
2182 2797 2475 2864 similibus,
2536 2798 2772 2862 Danieli,
2824 2800 3068 2870 inquam,
3101 2813 3154 2856 et
3206 2800 3468 2873 Josepho,

1901 2883 1969 2939 ex'
2017 2895 2175 2954 parte
2215 2887 2307 2940 Dei
2339 2901 2436 2956 per
2467 2888 2686 2957 angelos
2718 2898 2842 2943 ante
2871 2887 3088 2944 fuerant
3128 2893 3382 2948 revelata
3405 2894 3464 2950 ιε

1902 2990 2068 3027 unum
2138 2975 2336 3045 quippe
2388 2979 2628 3031 omnium
2703 2989 2789 3032 est
2860 2981 3185 3050 principium
3253 3000 3467 3053 unaque

1901 3065 2265 3132 providentia.
2349 3065 2535 3134 Neque
2591 3067 2698 3121 ullo
2779 3071 2937 3124 modo
2990 3074 3282 3140 putandum
3360 3087 3468 3142 est,

1902 3155 2057 3226 quasi
2099 3153 2299 3210 Judaeis
2324 3158 2539 3224 quidem
2591 3159 2782 3214 sortito
2839 3162 2983 3216 Deus
3043 3166 3340 3232 prazfuerit,
3379 3184 3471 3222 au-

1900 3247 2008 3317 geli
2062 3256 2240 3301 autem
2277 3261 2542 3312 seorsum,
2596 3249 2676 3302 vel
2739 3251 3043 3319 aequaliter,
3077 3255 3156 3308 vel
3197 3258 3467 3325 opposite,

1903 3346 1995 3391 aut
2042 3337 2134 3390 alii
2195 3338 2358 3391 etiam
2393 3339 2466 3392 dii
2501 3341 2710 3394 caeteris
2764 3343 3012 3410 gentibus
3054 3344 3468 3415 imperitarint:

241 3432 417 3492 ἐκεῖνο
462 3431 602 3492 κατά
634 3434 789 3502 τήνδε
825 3433 921 3503 τὴν
956 3434 1105 3505 ἰεράν
1135 3433 1338 3490 ἔννοιαν
1364 3439 1675 3508 ἐκληπτέον,
1704 3443 1798 3512 οὐχ
1827 3434 1868 3498 C

1827 3434 1868 3498 (ς
1906 3428 1999 3480 sed
2024 3427 2125 3480 hoc
2156 3427 2427 3496 eloquium
2467 3445 2597 3484 sano
2645 3433 2875 3501 quodam
2901 3449 3061 3489 sensu
3120 3451 3277 3493 sacro
3306 3440 3467 3495 intel-

240 3521 316 3585 ὡς
374 3523 734 3592 μερισαμένου
778 3522 911 3576 Θεοῦ
968 3522 1084 3592 μεθ’
1131 3525 1330 3596 ἐτέρων
1376 3527 1510 3580 θεῶν
1572 3530 1800 3599 ἣάγγέ-

241 3613 350 3666 λων
381 3614 479 3684 τὴν
534 3613 652 3667 καθ’
679 3615 822 3684 ἡμᾶς
845 3615 1156 3684 ἡγεμονίαν,
1207 3617 1299 3671 καί
1343 3618 1434 3671 τοῦ
1475 3621 1684 3692 Ἰσραὴλ
1723 3626 1802 3689 εἰς

241 3702 511 3773 ἐθνάρχην
572 3705 664 3756 καὶ
726 3705 948 3771 ἐθναγὸν
999 3706 1495 3778 ἀποκληρωθέντος,
1547 3713 1659 3767 ἀλλ’
1705 3716 1799 3780 ὡς,

240 3793 410 3865 αὐτῆς
424 3797 520 3865 μὲν
532 3797 626 3866 τῆς
646 3799 771 3866 μιᾶς
787 3799 1036 3851 ἀπάντων
1051 3801 1096 3831 ⁷⁰
1113 3801 1360 3870 Ὑψίστου
1379 3807 1650 3875 προνοίας,
1667 3812 1802 3863 πάν-

240 3899 338 3944 τας
383 3883 698 3956 ἀνθρώπους
756 3889 1032 3951 σωστικῶς
1076 3891 1195 3951 ταῖς
1249 3891 1356 3944 τῶν
1389 3897 1600 3951 οἰκείων
1636 3900 1802 3967 ἀγγέ-

240 3972 350 4029 λων
378 3977 421 4005 ⁷¹
456 3976 805 4041 ἀνατατικαίς
827 3983 1213 4052 χειραγωγίαις
1243 3987 1613 4060 διανειμάσης,
1646 3993 1802 4061 μόνου

239 4062 299 4116 at:
330 4065 513 4134 cwav
562 4066 709 4137 παρὰ
756 4069 956 4133 πάντας
1005 4071 1098 4124 τοῦ
1160 4074 1369 4146 Ἰσραὴλ
1421 4079 1510 4132 ἐπὶ
1561 4081 1658 4151 τὴν
1710 4082 1802 4136 τοῦ

238 4157 407 4219 ὅντως
440 4159 637 4227 Κυρίου
671 4161 990 4228 φωτοδοσίαν
1024 4165 1113 4216 καὶ
1140 4167 1426 4234 ἐπίγνωσιν
1444 4172 1801 4243 ἐπιστραφέν-

241 4267 347 4311 τος.
405 4249 566 4302 Ὅθεν
599 4252 630 4320 ἡ
666 4250 926 4320 θεολογία,
956 4253 1015 4305 τὸ
1052 4257 1148 4324 μὲν
1172 4259 1361 4311 ἐαυτὸν
1395 4261 1780 4334 ἀποκληρῶσαι

239 4339 332 4392 τὸν
392 4340 603 4412 Ἰσραὴλ
635 4343 727 4395 ἐπὶ
781 4345 887 4417 τὴν,
909 4345 1002 4397 τοῦ
1028 4347 1194 4411 ὅντως
1225 4351 1358 4403 Θεοῦ
1393 4352 1683 4424 θεραπείαν
1708 4360 1804 4429 ἐμ-

241 4432 524 4498 φαίνουσα,
560 4433 639 4496 τὸ,
688 4435 969 4504 Ἐτενήοη
1010 4440 1178 4506 μερὶς
1230 4445 1470 4510 Κυρίου,
1506 4449 1686 4517 φησίνο
1716 4453 1802 4503 ἐν-

237 4521 561 4594 δεικνυμὲνη
599 4525 656 4577 δὲ
709 4526 789 4588 τὸ,
825 4531 918 4583 καὶ
975 4532 1135 4585 αὐτὸν
1198 4534 1256 4586 ἐν
1311 4536 1406 4607 ἴσῳ
1457 4542 1568 4602 τοῖς
1599 4540 1804 4608 λοιποῖς

238 4610 444 4664 ἔθνεσιν
468 4615 874 4688 ἀπονεμηθῆναί
907 4636 1011 4670 τινι
1053 4621 1159 4673 τῶν
1194 4622 1360 4690 ἀγίων
1413 4627 1674 4695 ἀγγέλων,
1723 4635 1803 4696 εἰς

235 4700 293 4753 τὸ
313 4701 382 4753 δι’
419 4703 580 4755 αὐτοῦ
630 4706 726 4775 τὴν
788 4708 916 4777 μίαν
971 4711 1221 4765 ἀπάντων
1254 4715 1426 4786 ἀρχὴν
1483 4719 1798 4786 ἐπιγνῶναι,

234 4791 322 4845 τὸν
372 4794 588 4865 Μιχαὴλ
634 4796 733 4866 ἔφη
768 4798 862 4851 τοῦ
918 4799 1181 4854 Ἰουδαίων
1215 4806 1464 4875 ἡγεῖσθαι
1510 4809 1659 4873 λαοῦ,
1699 4830 1796 4864 σα·
1828 4811 1873 4851 υ

235 4883 349 4949 φῶς
408 4885 554 4952 ἡμᾶς
599 4885 985 4942 ἐκδιδάσκουσα
1039 4892 1117 4956 τὸ,
1154 4893 1278 4963 μίαν
1330 4892 1466 4949 εἶναι
1508 4899 1613 4952 τῶν
1665 4900 1798 4954 ὅλων

232 4971 511 5040 πρόνοιαν,
545 4973 770 5028 ἀπασῶν
821 4975 930 5029 τῶν
976 4978 1217 5049 ἀοράτων
1263 4982 1356 5034 καὶ
1388 4984 1597 5053 ὁρατῶν
1630 4985 1796 5045 δυνά-

234 5076 380 5128 μεων
416 5062 748 5132 ὑπερουσίως
796 5067 1260 5143 ὑπεριδρυμένην·
1308 5074 1512 5138 πάντας
1556 5076 1614 5129 δὲ
1670 5080 1795 5144 τοὺς

231 5149 352 5203 καθ’
408 5152 635 5209 ἕκαστον
689 5156 838 5222 ἔθνος
887 5161 1306 5228 ἐπιστατοῦντας
1359 5166 1639 5235 ἀγγέλους,
1707 5172 1794 5224 ἐπ’

227 5238 400 5311 αὐτὴν
470 5242 546 5306 ὡς
575 5246 776 5300 οἰκείαν
802 5248 846 5279 ⁷⁸
871 5250 1045 5321 ἀρχὴν
1087 5253 1211 5316 τοὺς
1245 5249 1538 5319 ἑπομένουέ
1583 5257 1794 5312 ἐθελου-

230 5329 382 5392 σίως,
420 5331 520 5401 ὅση
551 5332 794 5410 δύναμις,
863 5338 1257 5404 ἀνατείναντας.

315 5581 330 5615 ι
365 5577 504 5638 Dan.
536 5598 596 5636 ll.
672 5592 708 5614 ⁸³
742 5584 898 5639 Deut.
932 5600 1107 5654 xxxu,
1137 5585 1192 5640 9.
1263 5598 1285 5624 η
1323 5591 1456 5644 Dan.
1493 5606 1548 5645 χ.

1905 3518 2175 3588 ligemlum
2209 3530 2316 3584 est,
2354 3537 2458 3575 non
2502 3526 2656 3591 quasi
2707 3527 2848 3580 Deus
2878 3543 3003 3582 cum
3053 3528 3174 3585 aliis
3210 3532 3314 3587 diis
3370 3548 3469 3588 an-

1904 3610 2104 3678 gelisve
2161 3613 2333 3665 nostri
2391 3616 2626 3682 partitus
2670 3617 2740 3670 sit
2791 3618 3272 3688 gubernationem;
3306 3633 3469 3692 atque

1903 3703 2215 3756 Israelitica:
2282 3706 2456 3772 gentis
2519 3707 2917 3776 principatum,
2968 3719 3132 3780 atque
3210 3713 3466 3768 ducatum

1905 3794 2020 3862 ipse
2054 3796 2278 3850 sortitus
2325 3797 2437 3861 sit;
2467 3799 2563 3851 sed
2625 3800 2792 3868 quod,
2850 3816 2972 3855 cum
3004 3803 3267 3858 Altissimi
3305 3805 3464 3860 unica

1903 3885 1992 3940 illa
2023 3902 2201 3940 rerum
2229 3891 2467 3943 omnium
2499 3893 2862 3960 providentia,
2884 3902 3105 3947 cunctos
3130 3895 3372 3950 homines
3399 3896 3466 3950 ad

1903 3978 2131 4033 salutem
2157 3979 2476 4048 angelorum
2527 3982 2776 4037 ductibus
2823 3985 3105 4038 tradiderit
3143 4002 3469 4055 promoven-

1905 4072 2020 4133 dos,
2064 4072 2212 4125 solus
2256 4072 2430 4127 ferme
2480 4073 2685 4138 Israel,
2733 4091 2842 4145 prae
2899 4079 3170 4144 omnibus,
3227 4083 3293 4135 ad
3346 4085 3464 4139 veri

1907 4161 1998 4215 Dei
2051 4163 2302 4217 nctitiam
2360 4174 2414 4218 et
2467 4163 2893 4220 illustrationem
2939 4169 3101 4223 fuerit
3149 4184 3463 4228 conversus.

1903 4252 2085 4322 Itaque
2144 4254 2430 4325 theologia,
2480 4273 2602 4312 cum
2665 4259 2919 4326 populum
2979 4261 3336 4316 lsraeliticum
3405 4279 3466 4320 se

1905 4347 2017 4398 veri
2064 4345 2157 4400 Dei
2216 4346 2384 4400 cultui
2440 4351 2784 4416 Inancipasse
2841 4361 3050 4416 narrat,
3089 4354 3210 4408 ait:
3259 4353 3462 4411 Factus

1904 4444 1981 4488 est
2005 4453 2128 4502 pars
2156 4436 2370 4490 Domini
2400 4446 2436 4468 "
2467 4457 2479 4503 ;
2534 4455 2658 4492 cum
2690 4450 2868 4496 autem
2891 4444 3146 4506 ostendit,
3177 4458 3295 4497 eum
3328 4460 3464 4513 quo-

1905 4540 2032 4592 que,
2082 4527 2198 4594 pari
2236 4541 2358 4580 cum
2389 4530 2600 4582 caeteris
2639 4530 3113 4597 nationibusjure,
3142 4543 3462 4587 sanctorum

1906 4616 2124 4674 cuidam
2176 4619 2491 4686 angelorum
2549 4619 2719 4674 fuisse
2773 4624 3177 4693 consignatum,
3235 4633 3292 4677 ut
3345 4624 3463 4692 ejus

1905 4721 2067 4774 opera
2130 4709 2346 4761 unicum
2406 4708 2533 4762 illud
2603 4727 2781 4764 rerum
2843 4713 3086 4767 omnium
3138 4714 3459 4783 principium

1903 4807 2244 4868 agnosceret,
2296 4800 2611 4855 Michaelem
2657 4799 2884 4858 Judaico
2909 4805 3105 4872 populo
3141 4803 3458 4873 praafectum

1910 4891 2093 4952 tradit,
2141 4901 2326 4958 aperte
2356 4894 2557 4948 docens
2636 4899 2850 4948 uincam
2897 4910 3016 4949 esse
3045 4897 3283 4949 omnium
3337 4913 3461 4967 pro-

1906 4981 2224 5047 videntiam,
2275 4983 2387 5053 88
2417 5000 2535 5051 quae
2585 4987 2795 5040 cunctis
2841 4987 3000 5040 simul
3052 4996 3157 5040 tam
3214 4986 3460 5042 invisibi-

1907 5070 2049 5125 libus
2108 5087 2267 5139 quam
2327 5073 2631 5130 visibilibus
2673 5075 2963 5131 virtutibus
2993 5077 3458 5145 superessentiali-

1904 5172 1991 5216 ter
2021 5174 2242 5232 βῖκοι-ει
2273 5174 2300 5200 ιι
2328 5181 2344 5229 ;
2373 5179 2561 5220 omnes
2622 5178 2800 5221 autem
2841 5167 3062 5238 angelos
3121 5169 3454 5238 singularum

1901 5257 2142 5324 gentium
2202 5254 2523 5324 prml’ectos,
2580 5259 2645 5311 ad
2693 5259 2823 5314 illud
2880 5261 3052 5329 ipsum
3107 5261 3454 5330 principium,

1903 5355 1958 5399 ut
1991 5345 2289 5414 proprium,
2319 5360 2435 5412 eos,
2466 5345 2558 5414 qui
2610 5348 2751 5403 ultro
2785 5364 2849 5405 ac
2900 5362 3089 5421 sponte
3135 5361 3434 5422 sequantur

1901 5439 2184 5493 deducere.

1552 5704 1780 5761 VARUE
1814 5706 2222 5764 LECTIONES.

290 5812 332 5842 ’θ
366 5813 714 5905 ῖυξωθεέσῶν
881 5815 987 5905 τῶν
1034 5818 1302 5905 ἀγγέλων,
1344 5821 1453 5905 (:Ih.‘
1481 5822 1543 5905 Si
1570 5823 1800 5905 ὑπὸ-τῶν
1839 5842 1941 5880 non
1969 5837 2050 5879 est
2096 5828 2146 5880 in
2194 5829 2251 5894 [λ.
2330 5829 2376 5871 ⁷ο
2405 5829 2661 5886 ἀπάντων
2705 5848 2810 5888 non
2846 5831 3033 5888 habuit
3077 5833 3448 5905 Ch.,1:d\r:tov,

227 5882 294 5938 D.
373 5884 415 5914 ⁷³
442 5885 538 5938 Ch.
567 5885 737 5950 ἁγίων
769 5885 1033 5952 ἀγγέλων.
1082 5882 1154 5920 ’θ’
1181 5888 1254 5951 ὡς
1288 5891 1374 5942 ἐπ’
1408 5891 1635 5957 οἰκείαν,
1675 5895 1731 5948 D.
