  <div class='ocr_page' id='page_1' title='image "/cluster/home/n/w/nwhite01/storage/ocr_20150623/3/pst.000003853313/141.png"; bbox 0 0 4176 6308; ppageno 0'>
   <div class='ocr_carea' id='block_1_1' title="bbox 774 302 3977 373">
    <p class='ocr_par' dir='ltr' id='par_1_1' title="bbox 774 302 3977 373">
     <span class='ocr_line' id='line_1_1' title="bbox 774 302 3977 373; baseline 0 -3"><span class='ocrx_word' id='word_1_1' title='bbox 774 316 883 373; x_wconf 71' lang='lat'>253</span> <span class='ocrx_word' id='word_1_2' title='bbox 1926 312 1988 369; x_wconf 72' lang='grc' dir='ltr'>Β.</span> <span class='ocrx_word' id='word_1_3' title='bbox 2025 308 2321 369; x_wconf 77' lang='lat' dir='ltr'>DIONYSII</span> <span class='ocrx_word' id='word_1_4' title='bbox 2355 302 2812 367; x_wconf 72' lang='lat' dir='ltr'>AREOPAGITAS</span> <span class='ocrx_word' id='word_1_5' title='bbox 3881 316 3977 371; x_wconf 63' lang='lat'>264</span> 
     </span>
    </p>
   </div>
   <div class='ocr_carea' id='block_1_2' title="bbox 1914 467 2837 524">
    <p class='ocr_par' dir='ltr' id='par_1_2' title="bbox 1914 467 2837 524">
     <span class='ocr_line' id='line_1_2' title="bbox 1914 467 2837 524; baseline 0.002 -2"><span class='ocrx_word' id='word_1_6' title='bbox 1914 468 2439 524; x_wconf 75' lang='lat' dir='ltr'>ADNOTATIONES</span> <span class='ocrx_word' id='word_1_7' title='bbox 2492 468 2625 524; x_wconf 71' lang='grc' dir='ltr'>(ἷοΠ</span> <span class='ocrx_word' id='word_1_8' title='bbox 2639 467 2837 524; x_wconf 80' lang='lat' dir='ltr'>DERII.</span> 
     </span>
    </p>
   </div>
   <div class='ocr_carea' id='block_1_3' title="bbox 836 623 3978 696">
    <p class='ocr_par' dir='ltr' id='par_1_3' title="bbox 836 623 3978 696">
     <span class='ocr_line' id='line_1_3' title="bbox 836 623 3978 696; baseline -0 -17"><span class='ocrx_word' id='word_1_9' title='bbox 836 627 862 696; x_wconf 84' lang='lat'>§</span> <span class='ocrx_word' id='word_1_10' title='bbox 903 627 942 679; x_wconf 89' lang='lat' dir='ltr'>l.</span> <span class='ocrx_word' id='word_1_11' title='bbox 977 625 1219 695; x_wconf 87' lang='lat' dir='ltr'>Explicat</span> <span class='ocrx_word' id='word_1_12' title='bbox 1253 624 1469 678; x_wconf 85' lang='lat' dir='ltr'>nomina</span> <span class='ocrx_word' id='word_1_13' title='bbox 1500 624 1964 693; x_wconf 86' lang='lat' dir='ltr'>pr0prietatesque</span> <span class='ocrx_word' id='word_1_14' title='bbox 2001 627 2420 696; x_wconf 85' lang='lat' dir='ltr'>prtncipatttum,</span> <span class='ocrx_word' id='word_1_15' title='bbox 2459 628 2903 694; x_wconf 75' lang='lat' dir='ltr'>art-hangelornm</span> <span class='ocrx_word' id='word_1_16' title='bbox 2931 628 2983 678; x_wconf 88' lang='lat' dir='ltr'>et</span> <span class='ocrx_word' id='word_1_17' title='bbox 3014 624 3348 692; x_wconf 76' lang='lat' dir='ltr'>angelorum,</span> <span class='ocrx_word' id='word_1_18' title='bbox 3383 624 3470 696; x_wconf 85' lang='lat' dir='ltr'>qui</span> <span class='ocrx_word' id='word_1_19' title='bbox 3507 623 3745 679; x_wconf 90' lang='lat' dir='ltr'>ultimam</span> <span class='ocrx_word' id='word_1_20' title='bbox 3776 630 3978 680; x_wconf 86' lang='lat' dir='ltr'>consti-</span> 
     </span>
    </p>
   </div>
   <div class='ocr_carea' id='block_1_4' title="bbox 763 695 3976 765">
    <p class='ocr_par' dir='ltr' id='par_1_4' title="bbox 763 695 3976 765">
     <span class='ocr_line' id='line_1_4' title="bbox 763 695 3976 765; baseline -0.001 -16"><span class='ocrx_word' id='word_1_21' title='bbox 763 695 1329 765; x_wconf 85' lang='lat' dir='ltr'>tuunthicrarchiant.</span> <span class='ocrx_word' id='word_1_22' title='bbox 1380 696 1459 747; x_wconf 83' lang='lat' dir='ltr'>Ac</span> <span class='ocrx_word' id='word_1_23' title='bbox 1502 696 1836 764; x_wconf 86' lang='lat' dir='ltr'>principatus</span> <span class='ocrx_word' id='word_1_24' title='bbox 1876 697 2089 765; x_wconf 83' lang='lat' dir='ltr'>quidem</span> <span class='ocrx_word' id='word_1_25' title='bbox 2133 698 2361 765; x_wconf 90' lang='lat' dir='ltr'>subditis</span> <span class='ocrx_word' id='word_1_26' title='bbox 2396 698 2604 764; x_wconf 79' lang='lat' dir='ltr'>angelis</span> <span class='ocrx_word' id='word_1_27' title='bbox 2662 706 2918 763; x_wconf 69' lang='lat' dir='ltr'>prazsunt,</span> <span class='ocrx_word' id='word_1_28' title='bbox 2974 699 3027 748; x_wconf 90' lang='lat' dir='ltr'>et</span> <span class='ocrx_word' id='word_1_29' title='bbox 3072 712 3165 748; x_wconf 87' lang='lat' dir='ltr'>eos</span> <span class='ocrx_word' id='word_1_30' title='bbox 3211 696 3275 747; x_wconf 86' lang='lat' dir='ltr'>ad</span> <span class='ocrx_word' id='word_1_31' title='bbox 3328 695 3680 749; x_wconf 73' lang='lat' dir='ltr'>ministerium</span> <span class='ocrx_word' id='word_1_32' title='bbox 3738 696 3976 749; x_wconf 88' lang='lat' dir='ltr'>divinum</span> 
     </span>
    </p>
   </div>
   <div class='ocr_carea' id='block_1_5' title="bbox 763 764 3980 836">
    <p class='ocr_par' dir='ltr' id='par_1_5' title="bbox 763 764 3980 836">
     <span class='ocr_line' id='line_1_5' title="bbox 763 764 3980 836; baseline -0.001 -16"><span class='ocrx_word' id='word_1_33' title='bbox 763 765 1089 836; x_wconf 74' lang='lat' dir='ltr'>ettplendum</span> <span class='ocrx_word' id='word_1_34' title='bbox 1117 764 1428 836; x_wconf 67' lang='lat' dir='ltr'>disponunt.</span> <span class='ocrx_word' id='word_1_35' title='bbox 1480 766 1557 817; x_wconf 82' lang='lat' dir='ltr'>Ad</span> <span class='ocrx_word' id='word_1_36' title='bbox 1588 765 1685 836; x_wconf 83' lang='lat' dir='ltr'>hos</span> <span class='ocrx_word' id='word_1_37' title='bbox 1717 764 1949 831; x_wconf 85' lang='lat' dir='ltr'>pertinet</span> <span class='ocrx_word' id='word_1_38' title='bbox 1996 769 2288 819; x_wconf 72' lang='lat' dir='ltr'>secundum</span> <span class='ocrx_word' id='word_1_39' title='bbox 2334 764 2645 836; x_wconf 85' lang='lat' dir='ltr'>Dionysium</span> <span class='ocrx_word' id='word_1_40' title='bbox 2700 766 3022 836; x_wconf 80' lang='lat' dir='ltr'>universale</span> <span class='ocrx_word' id='word_1_41' title='bbox 3052 766 3312 836; x_wconf 73' lang='lat' dir='ltr'>regimen,</span> <span class='ocrx_word' id='word_1_42' title='bbox 3376 766 3523 836; x_wconf 81' lang='lat' dir='ltr'>verbi</span> <span class='ocrx_word' id='word_1_43' title='bbox 3569 766 3767 832; x_wconf 85' lang='lat' dir='ltr'>gratia,</span> <span class='ocrx_word' id='word_1_44' title='bbox 3822 767 3980 819; x_wconf 88' lang='lat' dir='ltr'>unius</span> 
     </span>
    </p>
   </div>
   <div class='ocr_carea' id='block_1_6' title="bbox 764 832 3976 902">
    <p class='ocr_par' dir='ltr' id='par_1_6' title="bbox 764 832 3976 902">
     <span class='ocr_line' id='line_1_6' title="bbox 764 832 3976 902; baseline -0.001 -12"><span class='ocrx_word' id='word_1_45' title='bbox 764 837 938 900; x_wconf 78' lang='lat' dir='ltr'>regni,</span> <span class='ocrx_word' id='word_1_46' title='bbox 983 834 1065 885; x_wconf 86' lang='lat' dir='ltr'>vel</span> <span class='ocrx_word' id='word_1_47' title='bbox 1121 832 1315 902; x_wconf 80' lang='lat' dir='ltr'>gentis,</span> <span class='ocrx_word' id='word_1_48' title='bbox 1350 834 1427 887; x_wconf 90' lang='lat' dir='ltr'>vel</span> <span class='ocrx_word' id='word_1_49' title='bbox 1475 835 1623 901; x_wconf 88' lang='lat' dir='ltr'>regni</span> <span class='ocrx_word' id='word_1_50' title='bbox 1678 836 1743 887; x_wconf 89' lang='lat' dir='ltr'>ad</span> <span class='ocrx_word' id='word_1_51' title='bbox 1806 836 1895 888; x_wconf 84' lang='lat' dir='ltr'>Dei</span> <span class='ocrx_word' id='word_1_52' title='bbox 1945 836 2352 889; x_wconf 70' lang='lat' dir='ltr'>similitudinem</span> <span class='ocrx_word' id='word_1_53' title='bbox 2402 832 2754 888; x_wconf 70' lang='lat' dir='ltr'>mannductio</span> <span class='ocrx_word' id='word_1_54' title='bbox 2784 850 2797 899; x_wconf 92' lang='lat'><strong>;</strong></span> <span class='ocrx_word' id='word_1_55' title='bbox 2827 832 3135 887; x_wconf 76' lang='lat' dir='ltr'>secundum</span> <span class='ocrx_word' id='word_1_56' title='bbox 3170 832 3488 901; x_wconf 77' lang='lat' dir='ltr'>Gregorium</span> <span class='ocrx_word' id='word_1_57' title='bbox 3531 848 3761 901; x_wconf 87' lang='lat' dir='ltr'>quoque,</span> <span class='ocrx_word' id='word_1_58' title='bbox 3792 848 3976 888; x_wconf 87' lang='lat' dir='ltr'>eorum</span> 
     </span>
    </p>
   </div>
   <div class='ocr_carea' id='block_1_7' title="bbox 766 897 3975 975">
    <p class='ocr_par' dir='ltr' id='par_1_7' title="bbox 766 897 3975 975">
     <span class='ocr_line' id='line_1_7' title="bbox 766 897 3975 975; baseline -0.001 -17"><span class='ocrx_word' id='word_1_59' title='bbox 766 897 1449 975; x_wconf 15' lang='lat' dir='ltr'>ministerium&#39;estidocere</span> <span class='ocrx_word' id='word_1_60' title='bbox 1473 897 1739 966; x_wconf 71' lang='lat' dir='ltr'>hoinines,</span> <span class='ocrx_word' id='word_1_61' title='bbox 1768 902 2024 957; x_wconf 81' lang='lat' dir='ltr'>exhibere</span> <span class='ocrx_word' id='word_1_62' title='bbox 2050 904 2405 975; x_wconf 79' lang='lat' dir='ltr'>reverentiam</span> <span class='ocrx_word' id='word_1_63' title='bbox 2432 905 2721 972; x_wconf 86' lang='lat' dir='ltr'>unicuique</span> <span class='ocrx_word' id='word_1_64' title='bbox 2744 897 3037 957; x_wconf 80' lang='lat' dir='ltr'>secundum</span> <span class='ocrx_word' id='word_1_65' title='bbox 3068 897 3313 975; x_wconf 56' lang='lat' dir='ltr'>g_radu_m&#39;_</span> <span class='ocrx_word' id='word_1_66' title='bbox 3353 916 3527 975; x_wconf 74' lang='lat' dir='ltr'>suum.</span> <span class='ocrx_word' id='word_1_67' title='bbox 3549 897 3757 956; x_wconf 75' lang='lat' dir='ltr'>Horum</span> <span class='ocrx_word' id='word_1_68' title='bbox 3814 905 3975 957; x_wconf 88' lang='lat' dir='ltr'>etiam</span> 
     </span>
    </p>
   </div>
   <div class='ocr_carea' id='block_1_8' title="bbox 764 972 3976 1097">
    <p class='ocr_par' dir='ltr' id='par_1_8' title="bbox 764 972 3976 1097">
     <span class='ocr_line' id='line_1_8' title="bbox 764 972 3976 1097; baseline -0 -70"><span class='ocrx_word' id='word_1_69' title='bbox 764 984 866 1097; x_wconf 44' lang='grc' dir='ltr'>ἵει.</span> <span class='ocrx_word' id='word_1_70' title='bbox 891 988 1206 1055; x_wconf 76' lang='lat' dir='ltr'>promovere</span> <span class='ocrx_word' id='word_1_71' title='bbox 1234 974 1497 1036; x_wconf 83' lang='lat' dir='ltr'>homines,</span> <span class='ocrx_word' id='word_1_72' title='bbox 1530 980 1589 1026; x_wconf 92' lang='lat' dir='ltr'>ut</span> <span class='ocrx_word' id='word_1_73' title='bbox 1622 987 1725 1026; x_wconf 91' lang='lat' dir='ltr'>non</span> <span class='ocrx_word' id='word_1_74' title='bbox 1750 976 1969 1042; x_wconf 78' lang='lat' dir='ltr'>propter</span> <span class='ocrx_word' id='word_1_75' title='bbox 1993 972 2278 1027; x_wconf 83' lang='lat' dir='ltr'>utilitatem</span> <span class='ocrx_word' id='word_1_76' title='bbox 2317 975 2619 1043; x_wconf 86' lang='lat' dir='ltr'>prapriam,</span> <span class='ocrx_word' id='word_1_77' title='bbox 2650 975 2743 1027; x_wconf 88' lang='lat' dir='ltr'>sed</span> <span class='ocrx_word' id='word_1_78' title='bbox 2772 982 2987 1042; x_wconf 89' lang='lat' dir='ltr'>propter</span> <span class='ocrx_word' id='word_1_79' title='bbox 3017 972 3183 1027; x_wconf 87' lang='lat' dir='ltr'>solius</span> <span class='ocrx_word' id='word_1_80' title='bbox 3224 972 3316 1027; x_wconf 86' lang='lat' dir='ltr'>Dei</span> <span class='ocrx_word' id='word_1_81' title='bbox 3340 972 3574 1026; x_wconf 81' lang='lat' dir='ltr'>amarem</span> <span class='ocrx_word' id='word_1_82' title='bbox 3602 982 3656 1026; x_wconf 88' lang='lat' dir='ltr'>et</span> <span class='ocrx_word' id='word_1_83' title='bbox 3686 975 3976 1041; x_wconf 83' lang='lat' dir='ltr'>honorem,</span> 
     </span>
     <span class='ocr_line' id='line_1_9' title="bbox 788 1051 1277 1097; baseline 0 -2"><span class='ocrx_word' id='word_1_84' title='bbox 788 1053 965 1097; x_wconf 80' lang='lat' dir='ltr'>aetant</span> <span class='ocrx_word' id='word_1_85' title='bbox 998 1051 1277 1097; x_wconf 77' lang='lat' dir='ltr'>iustitiam.</span> 
     </span>
    </p>
   </div>
   <div class='ocr_carea' id='block_1_9' title="bbox 788 1042 1277 1097">
    <p class='ocr_par' dir='ltr' id='par_1_9' title="bbox 788 1042 1277 1097">
     <span class='ocr_line' id='line_1_10' title="bbox 788 1042 1277 1097; baseline 0 -2"><span class='ocrx_word' id='word_1_86' title='bbox 788 1044 965 1097; x_wconf 86' lang='lat' dir='ltr'>aciant</span> <span class='ocrx_word' id='word_1_87' title='bbox 998 1042 1277 1097; x_wconf 74' lang='lat' dir='ltr'>iustitiam.</span> 
     </span>
    </p>
   </div>
   <div class='ocr_carea' id='block_1_10' title="bbox 836 1057 3973 1182">
    <p class='ocr_par' dir='ltr' id='par_1_10' title="bbox 836 1057 3973 1182">
     <span class='ocr_line' id='line_1_11' title="bbox 836 1057 1277 1097; baseline -0.005 0"><span class='ocrx_word' id='word_1_88' title='bbox 836 1057 965 1097; x_wconf 81' lang='lat' dir='ltr'>:tant</span> <span class='ocrx_word' id='word_1_89' title='bbox 1020 1057 1277 1095; x_wconf 75' lang='lat' dir='ltr'>ItStItlam.</span> 
     </span>
     <span class='ocr_line' id='line_1_12' title="bbox 836 1057 3973 1182; baseline 0 -17"><span class='ocrx_word' id='word_1_90' title='bbox 836 1057 1155 1179; x_wconf 61' lang='lat' dir='ltr'>Arclningeli</span> <span class='ocrx_word' id='word_1_91' title='bbox 1184 1123 1442 1166; x_wconf 91' lang='lat' dir='ltr'>vocantur</span> <span class='ocrx_word' id='word_1_92' title='bbox 1484 1111 1677 1166; x_wconf 89' lang='lat' dir='ltr'>summi</span> <span class='ocrx_word' id='word_1_93' title='bbox 1738 1112 1909 1182; x_wconf 87' lang='lat' dir='ltr'>nuntii</span> <span class='ocrx_word' id='word_1_94' title='bbox 1959 1112 2049 1179; x_wconf 85' lang='lat' dir='ltr'>qui</span> <span class='ocrx_word' id='word_1_95' title='bbox 2080 1126 2293 1165; x_wconf 88' lang='lat' dir='ltr'>summa</span> <span class='ocrx_word' id='word_1_96' title='bbox 2324 1110 2589 1164; x_wconf 88' lang='lat' dir='ltr'>nuntiant.</span> <span class='ocrx_word' id='word_1_97' title='bbox 2648 1111 2845 1165; x_wconf 76' lang='lat' dir='ltr'>[lorum</span> <span class='ocrx_word' id='word_1_98' title='bbox 2889 1110 3119 1164; x_wconf 84' lang='lat' dir='ltr'>oﬂicium</span> <span class='ocrx_word' id='word_1_99' title='bbox 3147 1124 3248 1182; x_wconf 85' lang='lat' dir='ltr'>est,</span> <span class='ocrx_word' id='word_1_100' title='bbox 3299 1111 3591 1182; x_wconf 83' lang='lat' dir='ltr'>secundum</span> <span class='ocrx_word' id='word_1_101' title='bbox 3638 1110 3973 1182; x_wconf 85' lang='lat' dir='ltr'>Dionysium,</span> 
     </span>
    </p>
   </div>
   <div class='ocr_carea' id='block_1_11' title="bbox 768 1180 3977 1251">
    <p class='ocr_par' dir='ltr' id='par_1_11' title="bbox 768 1180 3977 1251">
     <span class='ocr_line' id='line_1_13' title="bbox 768 1180 3977 1251; baseline 0.001 -18"><span class='ocrx_word' id='word_1_102' title='bbox 768 1182 1079 1251; x_wconf 88' lang='lat' dir='ltr'>prophetias</span> <span class='ocrx_word' id='word_1_103' title='bbox 1104 1183 1356 1246; x_wconf 83' lang='lat' dir='ltr'>revelari,</span> <span class='ocrx_word' id='word_1_104' title='bbox 1392 1184 1490 1250; x_wconf 83' lang='lat' dir='ltr'>ipsi</span> <span class='ocrx_word' id='word_1_105' title='bbox 1518 1192 1731 1251; x_wconf 72' lang='lat' dir='ltr'>quoque</span> <span class='ocrx_word' id='word_1_106' title='bbox 1759 1180 2185 1236; x_wconf 87' lang='lat' dir='ltr'>illuminationes</span> <span class='ocrx_word' id='word_1_107' title='bbox 2221 1196 2359 1249; x_wconf 86' lang='lat' dir='ltr'>quas</span> <span class='ocrx_word' id='word_1_108' title='bbox 2382 1196 2408 1232; x_wconf 92' lang='lat' dir='ltr'>a</span> <span class='ocrx_word' id='word_1_109' title='bbox 2437 1182 2806 1248; x_wconf 79' lang='lat' dir='ltr'>superioribus</span> <span class='ocrx_word' id='word_1_110' title='bbox 2834 1182 3123 1251; x_wconf 77' lang='lat' dir='ltr'>accipiunt,</span> <span class='ocrx_word' id='word_1_111' title='bbox 3151 1180 3499 1235; x_wconf 80' lang='lat' dir='ltr'>inferioribus</span> <span class='ocrx_word' id='word_1_112' title='bbox 3522 1180 3887 1251; x_wconf 15' lang='lat' dir='ltr'>iatinuutiant,</span> <span class='ocrx_word' id='word_1_113' title='bbox 3921 1192 3977 1237; x_wconf 89' lang='lat' dir='ltr'>et</span> 
     </span>
    </p>
   </div>
   <div class='ocr_carea' id='block_1_12' title="bbox 764 1244 3971 1319">
    <p class='ocr_par' dir='ltr' id='par_1_12' title="bbox 764 1244 3971 1319">
     <span class='ocr_line' id='line_1_14' title="bbox 764 1244 3971 1319; baseline -0 -15"><span class='ocrx_word' id='word_1_114' title='bbox 764 1244 1093 1319; x_wconf 46' lang='lat' dir='ltr'>per-eosdem</span> <span class='ocrx_word' id='word_1_115' title='bbox 1116 1253 1287 1305; x_wconf 93' lang='lat' dir='ltr'>nobis.</span> <span class='ocrx_word' id='word_1_116' title='bbox 1328 1244 1981 1316; x_wconf 27' lang='lat' dir='ltr'>Secundum-Gregorium</span> <span class='ocrx_word' id='word_1_117' title='bbox 2039 1265 2168 1303; x_wconf 90' lang='lat' dir='ltr'>vero</span> <span class='ocrx_word' id='word_1_118' title='bbox 2202 1244 2395 1303; x_wconf 82' lang='lat' dir='ltr'>manus</span> <span class='ocrx_word' id='word_1_119' title='bbox 2422 1244 2739 1319; x_wconf 72' lang='lat' dir='ltr'>eorumest,</span> <span class='ocrx_word' id='word_1_120' title='bbox 2777 1244 2979 1304; x_wconf 54' lang='lat' dir='ltr'>deilli&#39;s</span> <span class='ocrx_word' id='word_1_121' title='bbox 3004 1266 3125 1317; x_wconf 71' lang='lat' dir='ltr'>qua:</span> <span class='ocrx_word' id='word_1_122' title='bbox 3171 1251 3440 1314; x_wconf 89' lang='lat' dir='ltr'>pertinent</span> <span class='ocrx_word' id='word_1_123' title='bbox 3470 1250 3533 1302; x_wconf 85' lang='lat' dir='ltr'>ad</span> <span class='ocrx_word' id='word_1_124' title='bbox 3580 1244 3971 1316; x_wconf 83' lang='lat' dir='ltr'>promotionetn</span> 
     </span>
    </p>
   </div>
   <div class='ocr_carea' id='block_1_13' title="bbox 764 1318 3977 1391">
    <p class='ocr_par' dir='ltr' id='par_1_13' title="bbox 764 1318 3977 1391">
     <span class='ocr_line' id='line_1_15' title="bbox 764 1318 3977 1391; baseline 0.001 -18"><span class='ocrx_word' id='word_1_125' title='bbox 764 1318 907 1383; x_wconf 81' lang='lat' dir='ltr'>lldci,</span> <span class='ocrx_word' id='word_1_126' title='bbox 925 1330 978 1373; x_wconf 89' lang='lat' dir='ltr'>et</span> <span class='ocrx_word' id='word_1_127' title='bbox 1005 1322 1291 1389; x_wconf 65' lang='lat' dir='ltr'>praecipuis</span> <span class='ocrx_word' id='word_1_128' title='bbox 1321 1322 1613 1391; x_wconf 73' lang='lat' dir='ltr'>mysteriis,</span> <span class='ocrx_word' id='word_1_129' title='bbox 1648 1331 1706 1373; x_wconf 90' lang='lat' dir='ltr'>ut</span> <span class='ocrx_word' id='word_1_130' title='bbox 1728 1322 1795 1373; x_wconf 90' lang='lat' dir='ltr'>de</span> <span class='ocrx_word' id='word_1_131' title='bbox 1820 1319 2338 1374; x_wconf 64' lang='lat' dir='ltr'>Nativitate’Christi</span> <span class='ocrx_word' id='word_1_132' title='bbox 2363 1356 2377 1383; x_wconf 91' lang='lat'>,</span> <span class='ocrx_word' id='word_1_133' title='bbox 2407 1329 2462 1373; x_wconf 91' lang='lat' dir='ltr'>et</span> <span class='ocrx_word' id='word_1_134' title='bbox 2491 1318 2757 1375; x_wconf 72' lang='lat' dir='ltr'>similibus</span> <span class='ocrx_word' id='word_1_135' title='bbox 2776 1360 2793 1383; x_wconf 87' lang='lat'>,</span> <span class='ocrx_word' id='word_1_136' title='bbox 2818 1321 3065 1375; x_wconf 83' lang='lat' dir='ltr'>homines</span> <span class='ocrx_word' id='word_1_137' title='bbox 3102 1320 3330 1374; x_wconf 87' lang='lat' dir='ltr'>reddere</span> <span class='ocrx_word' id='word_1_138' title='bbox 3358 1320 3619 1374; x_wconf 87' lang='lat' dir='ltr'>certiores</span> <span class='ocrx_word' id='word_1_139' title='bbox 3640 1357 3654 1383; x_wconf 92' lang='lat'>,</span> <span class='ocrx_word' id='word_1_140' title='bbox 3681 1330 3844 1389; x_wconf 89' lang='lat' dir='ltr'>atque</span> <span class='ocrx_word' id='word_1_141' title='bbox 3869 1321 3977 1375; x_wconf 64' lang='lat' dir='ltr'>dte-</span> 
     </span>
    </p>
   </div>
   <div class='ocr_carea' id='block_1_14' title="bbox 763 1391 1709 1445">
    <p class='ocr_par' dir='ltr' id='par_1_14' title="bbox 763 1391 1709 1445">
     <span class='ocr_line' id='line_1_16' title="bbox 763 1391 1709 1445; baseline -0.001 -2"><span class='ocrx_word' id='word_1_142' title='bbox 763 1405 954 1444; x_wconf 88' lang='lat' dir='ltr'>mones</span> <span class='ocrx_word' id='word_1_143' title='bbox 978 1391 1045 1443; x_wconf 86' lang='lat' dir='ltr'>ab</span> <span class='ocrx_word' id='word_1_144' title='bbox 1075 1392 1380 1445; x_wconf 86' lang='lat' dir='ltr'>hominibus</span> <span class='ocrx_word' id='word_1_145' title='bbox 1413 1406 1709 1444; x_wconf 71' lang='lat' dir='ltr'>removere.</span> 
     </span>
    </p>
   </div>
   <div class='ocr_carea' id='block_1_15' title="bbox 832 1457 3973 1529">
    <p class='ocr_par' dir='ltr' id='par_1_15' title="bbox 832 1457 3973 1529">
     <span class='ocr_line' id='line_1_17' title="bbox 832 1457 3973 1529; baseline 0.001 -18"><span class='ocrx_word' id='word_1_146' title='bbox 832 1458 1020 1529; x_wconf 59' lang='lat' dir='ltr'>Angeli</span> <span class='ocrx_word' id='word_1_147' title='bbox 1052 1470 1177 1514; x_wconf 87' lang='lat' dir='ltr'>sunt</span> <span class='ocrx_word' id='word_1_148' title='bbox 1209 1462 1261 1514; x_wconf 88' lang='lat' dir='ltr'>in</span> <span class='ocrx_word' id='word_1_149' title='bbox 1276 1460 1846 1529; x_wconf 75' lang='lat' dir='ltr'>cmlestidispositione</span> <span class='ocrx_word' id='word_1_150' title='bbox 1869 1458 2133 1523; x_wconf 89' lang='lat' dir='ltr'>ultimi,et</span> <span class='ocrx_word' id='word_1_151' title='bbox 2152 1457 2461 1529; x_wconf 87' lang='lat' dir='ltr'>hominibus</span> <span class='ocrx_word' id='word_1_152' title='bbox 2485 1458 2655 1529; x_wconf 84' lang='lat' dir='ltr'>magis</span> <span class='ocrx_word' id='word_1_153' title='bbox 2681 1459 2988 1528; x_wconf 87' lang='lat' dir='ltr'>propinqui.</span> <span class='ocrx_word' id='word_1_154' title='bbox 3028 1460 3231 1514; x_wconf 85' lang='lat' dir='ltr'>Nomen</span> <span class='ocrx_word' id='word_1_155' title='bbox 3260 1468 3437 1512; x_wconf 89' lang='lat' dir='ltr'>autem</span> <span class='ocrx_word' id='word_1_156' title='bbox 3466 1458 3637 1525; x_wconf 78' lang='lat' dir='ltr'>angeli</span> <span class='ocrx_word' id='word_1_157' title='bbox 3664 1468 3747 1512; x_wconf 89' lang='lat' dir='ltr'>est</span> <span class='ocrx_word' id='word_1_158' title='bbox 3780 1475 3973 1515; x_wconf 88' lang='lat' dir='ltr'>nomen</span> 
     </span>
    </p>
   </div>
   <div class='ocr_carea' id='block_1_16' title="bbox 761 1525 3976 1597">
    <p class='ocr_par' dir='ltr' id='par_1_16' title="bbox 761 1525 3976 1597">
     <span class='ocr_line' id='line_1_18' title="bbox 761 1525 3976 1597; baseline 0 -16"><span class='ocrx_word' id='word_1_159' title='bbox 761 1525 942 1591; x_wconf 77' lang='lat' dir='ltr'>oﬂicii,</span> <span class='ocrx_word' id='word_1_160' title='bbox 980 1544 1083 1581; x_wconf 82' lang='lat' dir='ltr'>non</span> <span class='ocrx_word' id='word_1_161' title='bbox 1113 1539 1334 1584; x_wconf 68' lang='lat' dir='ltr'>naturae.</span> <span class='ocrx_word' id='word_1_162' title='bbox 1367 1531 1457 1584; x_wconf 88' lang='lat' dir='ltr'>lsti</span> <span class='ocrx_word' id='word_1_163' title='bbox 1481 1525 1689 1583; x_wconf 79' lang='lat' dir='ltr'>minora</span> <span class='ocrx_word' id='word_1_164' title='bbox 1718 1530 1989 1591; x_wconf 74' lang='lat' dir='ltr'>nuntiant,</span> <span class='ocrx_word' id='word_1_165' title='bbox 2015 1537 2068 1581; x_wconf 90' lang='lat' dir='ltr'>et</span> <span class='ocrx_word' id='word_1_166' title='bbox 2089 1529 2337 1582; x_wconf 87' lang='lat' dir='ltr'>homines</span> <span class='ocrx_word' id='word_1_167' title='bbox 2362 1528 2429 1579; x_wconf 89' lang='lat' dir='ltr'>ad</span> <span class='ocrx_word' id='word_1_168' title='bbox 2459 1525 2697 1582; x_wconf 78' lang='lat' dir='ltr'>divinam</span> <span class='ocrx_word' id='word_1_169' title='bbox 2721 1525 3081 1597; x_wconf 66' lang='lat' dir='ltr'>cognitionem</span> <span class='ocrx_word' id='word_1_170' title='bbox 3106 1532 3401 1590; x_wconf 89' lang='lat' dir='ltr'>ducunt,et</span> <span class='ocrx_word' id='word_1_171' title='bbox 3428 1538 3485 1580; x_wconf 91' lang='lat' dir='ltr'>ut</span> <span class='ocrx_word' id='word_1_172' title='bbox 3515 1532 3651 1589; x_wconf 80' lang='lat' dir='ltr'>iuste</span> <span class='ocrx_word' id='word_1_173' title='bbox 3668 1529 3871 1592; x_wconf 78' lang='lat' dir='ltr'>vivant,</span> <span class='ocrx_word' id='word_1_174' title='bbox 3895 1530 3976 1582; x_wconf 92' lang='lat' dir='ltr'>iu-</span> 
     </span>
    </p>
   </div>
   <div class='ocr_carea' id='block_1_17' title="bbox 762 1597 3974 1669">
    <p class='ocr_par' dir='ltr' id='par_1_17' title="bbox 762 1597 3974 1669">
     <span class='ocr_line' id='line_1_19' title="bbox 762 1597 3974 1669; baseline 0.001 -20"><span class='ocrx_word' id='word_1_175' title='bbox 762 1608 977 1650; x_wconf 87' lang='lat' dir='ltr'>struunt</span> <span class='ocrx_word' id='word_1_176' title='bbox 1007 1622 1015 1651; x_wconf 88' lang='lat'>:</span> <span class='ocrx_word' id='word_1_177' title='bbox 1046 1598 1096 1652; x_wconf 92' lang='lat' dir='ltr'>hi</span> <span class='ocrx_word' id='word_1_178' title='bbox 1130 1614 1340 1652; x_wconf 87' lang='lat' dir='ltr'>sursum</span> <span class='ocrx_word' id='word_1_179' title='bbox 1357 1601 1723 1654; x_wconf 80' lang='lat' dir='ltr'>extenduntur</span> <span class='ocrx_word' id='word_1_180' title='bbox 1740 1614 1835 1669; x_wconf 89' lang='lat' dir='ltr'>per</span> <span class='ocrx_word' id='word_1_181' title='bbox 1856 1598 2199 1653; x_wconf 84' lang='lat' dir='ltr'>dilectionem</span> <span class='ocrx_word' id='word_1_182' title='bbox 2225 1597 2339 1663; x_wconf 87' lang='lat' dir='ltr'>Dei,</span> <span class='ocrx_word' id='word_1_183' title='bbox 2369 1607 2423 1651; x_wconf 91' lang='lat' dir='ltr'>et</span> <span class='ocrx_word' id='word_1_184' title='bbox 2446 1600 2499 1652; x_wconf 92' lang='lat' dir='ltr'>in</span> <span class='ocrx_word' id='word_1_185' title='bbox 2530 1597 2836 1667; x_wconf 81' lang='lat' dir='ltr'>semetipsis</span> <span class='ocrx_word' id='word_1_186' title='bbox 2868 1600 3154 1654; x_wconf 83' lang='lat' dir='ltr'>ﬁrmantur</span> <span class='ocrx_word' id='word_1_187' title='bbox 3192 1612 3287 1668; x_wconf 89' lang='lat' dir='ltr'>per</span> <span class='ocrx_word' id='word_1_188' title='bbox 3316 1598 3613 1652; x_wconf 83' lang='lat' dir='ltr'>custodiam</span> <span class='ocrx_word' id='word_1_189' title='bbox 3642 1598 3747 1663; x_wconf 89' lang='lat' dir='ltr'>sui,</span> <span class='ocrx_word' id='word_1_190' title='bbox 3779 1616 3843 1653; x_wconf 87' lang='lat' dir='ltr'>ac</span> <span class='ocrx_word' id='word_1_191' title='bbox 3874 1600 3974 1654; x_wconf 90' lang='lat' dir='ltr'>sub</span> 
     </span>
    </p>
   </div>
   <div class='ocr_carea' id='block_1_18' title="bbox 763 1669 1932 1737">
    <p class='ocr_par' dir='ltr' id='par_1_18' title="bbox 763 1669 1932 1737">
     <span class='ocr_line' id='line_1_20' title="bbox 763 1669 1932 1737; baseline -0.001 -17"><span class='ocrx_word' id='word_1_192' title='bbox 763 1682 821 1720; x_wconf 87' lang='lat' dir='ltr'>se</span> <span class='ocrx_word' id='word_1_193' title='bbox 840 1669 1267 1737; x_wconf 86' lang='lat' dir='ltr'>progrediuntur</span> <span class='ocrx_word' id='word_1_194' title='bbox 1294 1670 1361 1721; x_wconf 88' lang='lat' dir='ltr'>ad</span> <span class='ocrx_word' id='word_1_195' title='bbox 1390 1669 1651 1723; x_wconf 81' lang='lat' dir='ltr'>auxilium</span> <span class='ocrx_word' id='word_1_196' title='bbox 1679 1669 1932 1737; x_wconf 76' lang='lat' dir='ltr'>proximi.</span> 
     </span>
    </p>
   </div>
   <div class='ocr_carea' id='block_1_19' title="bbox 828 1735 3973 1806">
    <p class='ocr_par' dir='ltr' id='par_1_19' title="bbox 828 1735 3973 1806">
     <span class='ocr_line' id='line_1_21' title="bbox 828 1735 3973 1806; baseline 0 -15"><span class='ocrx_word' id='word_1_197' title='bbox 828 1735 1106 1803; x_wconf 56' lang='grc' dir='ltr'>βιιξευιη</span> <span class='ocrx_word' id='word_1_198' title='bbox 1135 1738 1188 1789; x_wconf 82' lang='grc' dir='ltr'>ἰη</span> <span class='ocrx_word' id='word_1_199' title='bbox 1209 1738 1454 1805; x_wconf 88' lang='lat' dir='ltr'>qualibet</span> <span class='ocrx_word' id='word_1_200' title='bbox 1514 1735 1826 1793; x_wconf 84' lang='lat' dir='ltr'>hierarchia</span> <span class='ocrx_word' id='word_1_201' title='bbox 1898 1738 2009 1790; x_wconf 86' lang='lat' dir='ltr'>sint</span> <span class='ocrx_word' id='word_1_202' title='bbox 2061 1747 2174 1790; x_wconf 89' lang='lat' dir='ltr'>tres</span> <span class='ocrx_word' id='word_1_203' title='bbox 2229 1736 2471 1799; x_wconf 86' lang='lat' dir='ltr'>ordines,</span> <span class='ocrx_word' id='word_1_204' title='bbox 2497 1736 2707 1791; x_wconf 88' lang='lat' dir='ltr'>scilicet</span> <span class='ocrx_word' id='word_1_205' title='bbox 2730 1738 2962 1805; x_wconf 86' lang='lat' dir='ltr'>primus,</span> <span class='ocrx_word' id='word_1_206' title='bbox 2994 1738 3207 1792; x_wconf 89' lang='lat' dir='ltr'>medius</span> <span class='ocrx_word' id='word_1_207' title='bbox 3234 1747 3289 1792; x_wconf 92' lang='lat' dir='ltr'>et</span> <span class='ocrx_word' id='word_1_208' title='bbox 3314 1735 3558 1801; x_wconf 80' lang='lat' dir='ltr'>ultimus,</span> <span class='ocrx_word' id='word_1_209' title='bbox 3597 1738 3839 1792; x_wconf 87' lang='lat' dir='ltr'>ostendit</span> <span class='ocrx_word' id='word_1_210' title='bbox 3867 1752 3973 1806; x_wconf 82' lang='lat' dir='ltr'>qua</span> 
     </span>
    </p>
   </div>
   <div class='ocr_carea' id='block_1_20' title="bbox 762 1806 3971 1877">
    <p class='ocr_par' dir='ltr' id='par_1_20' title="bbox 762 1806 3971 1877">
     <span class='ocr_line' id='line_1_22' title="bbox 762 1806 3971 1877; baseline 0.002 -21"><span class='ocrx_word' id='word_1_211' title='bbox 762 1811 971 1862; x_wconf 81' lang='lat' dir='ltr'>ratione</span> <span class='ocrx_word' id='word_1_212' title='bbox 998 1808 1331 1876; x_wconf 86' lang='lat' dir='ltr'>archangeli,</span> <span class='ocrx_word' id='word_1_213' title='bbox 1360 1810 1449 1876; x_wconf 92' lang='lat' dir='ltr'>qui</span> <span class='ocrx_word' id='word_1_214' title='bbox 1476 1808 1632 1861; x_wconf 86' lang='lat' dir='ltr'>medii</span> <span class='ocrx_word' id='word_1_215' title='bbox 1664 1818 1788 1862; x_wconf 89' lang='lat' dir='ltr'>sunt</span> <span class='ocrx_word' id='word_1_216' title='bbox 1809 1809 1951 1861; x_wconf 90' lang='lat' dir='ltr'>inter</span> <span class='ocrx_word' id='word_1_217' title='bbox 1976 1807 2193 1877; x_wconf 79' lang='lat' dir='ltr'>angelos</span> <span class='ocrx_word' id='word_1_218' title='bbox 2218 1814 2271 1859; x_wconf 90' lang='lat' dir='ltr'>et</span> <span class='ocrx_word' id='word_1_219' title='bbox 2300 1806 2659 1875; x_wconf 86' lang='lat' dir='ltr'>principatus,</span> <span class='ocrx_word' id='word_1_220' title='bbox 2694 1808 2937 1876; x_wconf 87' lang='lat' dir='ltr'>utrisque</span> <span class='ocrx_word' id='word_1_221' title='bbox 2967 1809 3411 1874; x_wconf 84' lang='lat' dir='ltr'>communicent;</span> <span class='ocrx_word' id='word_1_222' title='bbox 3443 1808 3663 1875; x_wconf 83' lang='lat' dir='ltr'>angelos</span> <span class='ocrx_word' id='word_1_223' title='bbox 3681 1818 3863 1861; x_wconf 89' lang='lat' dir='ltr'>autem</span> <span class='ocrx_word' id='word_1_224' title='bbox 3894 1810 3971 1862; x_wconf 79' lang='lat' dir='ltr'>ait</span> 
     </span>
    </p>
   </div>
   <div class='ocr_carea' id='block_1_21' title="bbox 763 1878 1460 1930">
    <p class='ocr_par' dir='ltr' id='par_1_21' title="bbox 763 1878 1460 1930">
     <span class='ocr_line' id='line_1_23' title="bbox 763 1878 1460 1930; baseline 0.004 -3"><span class='ocrx_word' id='word_1_225' title='bbox 763 1890 850 1929; x_wconf 84' lang='lat' dir='ltr'>res</span> <span class='ocrx_word' id='word_1_226' title='bbox 878 1878 1140 1930; x_wconf 89' lang='lat' dir='ltr'>humanas</span> <span class='ocrx_word' id='word_1_227' title='bbox 1170 1879 1460 1930; x_wconf 86' lang='lat' dir='ltr'>moderari.</span> 
     </span>
    </p>
   </div>
   <div class='ocr_carea' id='block_1_22' title="bbox 832 1946 3975 2016">
    <p class='ocr_par' dir='ltr' id='par_1_22' title="bbox 832 1946 3975 2016">
     <span class='ocr_line' id='line_1_24' title="bbox 832 1946 3975 2016; baseline 0.002 -19"><span class='ocrx_word' id='word_1_228' title='bbox 832 1947 1022 2015; x_wconf 83' lang='lat' dir='ltr'>Angeli</span> <span class='ocrx_word' id='word_1_229' title='bbox 1052 1946 1192 1997; x_wconf 89' lang='lat' dir='ltr'>enim</span> <span class='ocrx_word' id='word_1_230' title='bbox 1248 1949 1405 2000; x_wconf 89' lang='lat' dir='ltr'>nobis</span> <span class='ocrx_word' id='word_1_231' title='bbox 1436 1948 1502 2001; x_wconf 91' lang='lat' dir='ltr'>ad</span> <span class='ocrx_word' id='word_1_232' title='bbox 1546 1948 1846 2002; x_wconf 82' lang='lat' dir='ltr'>custodiam</span> <span class='ocrx_word' id='word_1_233' title='bbox 1899 1947 2143 2016; x_wconf 80' lang='lat' dir='ltr'>deputati</span> <span class='ocrx_word' id='word_1_234' title='bbox 2197 1955 2386 1999; x_wconf 91' lang='lat' dir='ltr'>tenent</span> <span class='ocrx_word' id='word_1_235' title='bbox 2421 1960 2523 1999; x_wconf 91' lang='lat' dir='ltr'>nos</span> <span class='ocrx_word' id='word_1_236' title='bbox 2582 1954 2809 2013; x_wconf 80' lang='lat' dir='ltr'>stantes,</span> <span class='ocrx_word' id='word_1_237' title='bbox 2861 1963 2929 2003; x_wconf 90' lang='lat' dir='ltr'>ne</span> <span class='ocrx_word' id='word_1_238' title='bbox 2977 1949 3356 2011; x_wconf 82' lang='lat' dir='ltr'>cadamus;et</span> <span class='ocrx_word' id='word_1_239' title='bbox 3390 1946 3645 2001; x_wconf 86' lang='lat' dir='ltr'>cadentes</span> <span class='ocrx_word' id='word_1_240' title='bbox 3674 1962 3770 2001; x_wconf 87' lang='lat' dir='ltr'>nos</span> <span class='ocrx_word' id='word_1_241' title='bbox 3798 1946 3975 2003; x_wconf 84' lang='lat' dir='ltr'>suble-</span> 
     </span>
    </p>
   </div>
   <div class='ocr_carea' id='block_1_23' title="bbox 760 2016 3971 2137">
    <p class='ocr_par' dir='ltr' id='par_1_23' title="bbox 760 2016 3971 2137">
     <span class='ocr_line' id='line_1_25' title="bbox 760 2016 3971 2137; baseline 0.002 -72"><span class='ocrx_word' id='word_1_242' title='bbox 760 2026 889 2094; x_wconf 77' lang='lat' dir='ltr'>vant</span> <span class='ocrx_word' id='word_1_243' title='bbox 1000 2025 1058 2068; x_wconf 91' lang='lat' dir='ltr'>ut</span> <span class='ocrx_word' id='word_1_244' title='bbox 1118 2030 1400 2083; x_wconf 84' lang='lat' dir='ltr'>surgamus</span> <span class='ocrx_word' id='word_1_245' title='bbox 1435 2032 1450 2081; x_wconf 92' lang='lat'>;</span> <span class='ocrx_word' id='word_1_246' title='bbox 1506 2032 1604 2071; x_wconf 90' lang='lat' dir='ltr'>nec</span> <span class='ocrx_word' id='word_1_247' title='bbox 1633 2033 1868 2087; x_wconf 86' lang='lat' dir='ltr'>unquam</span> <span class='ocrx_word' id='word_1_248' title='bbox 1897 2032 1995 2071; x_wconf 90' lang='lat' dir='ltr'>nos</span> <span class='ocrx_word' id='word_1_249' title='bbox 2036 2020 2297 2071; x_wconf 89' lang='lat' dir='ltr'>deserunt</span> <span class='ocrx_word' id='word_1_250' title='bbox 2339 2017 2499 2069; x_wconf 86' lang='lat' dir='ltr'>etiam</span> <span class='ocrx_word' id='word_1_251' title='bbox 2546 2029 2850 2084; x_wconf 79' lang='lat' dir='ltr'>peccantes,</span> <span class='ocrx_word' id='word_1_252' title='bbox 2882 2019 3012 2088; x_wconf 91' lang='lat' dir='ltr'>quin</span> <span class='ocrx_word' id='word_1_253' title='bbox 3043 2032 3258 2087; x_wconf 82' lang='lat' dir='ltr'>semper</span> <span class='ocrx_word' id='word_1_254' title='bbox 3278 2017 3387 2071; x_wconf 89' lang='lat' dir='ltr'>sint</span> <span class='ocrx_word' id='word_1_255' title='bbox 3410 2017 3582 2087; x_wconf 86' lang='lat' dir='ltr'>parati</span> <span class='ocrx_word' id='word_1_256' title='bbox 3625 2032 3781 2087; x_wconf 85' lang='lat' dir='ltr'>opem</span> <span class='ocrx_word' id='word_1_257' title='bbox 3806 2016 3971 2082; x_wconf 81' lang='lat' dir='ltr'>ferre,</span> 
     </span>
     <span class='ocr_line' id='line_1_26' title="bbox 764 2100 1092 2137; baseline 0 0"><span class='ocrx_word' id='word_1_258' title='bbox 764 2100 808 2137; x_wconf 80' lang='lat'>8|</span> <span class='ocrx_word' id='word_1_259' title='bbox 848 2101 907 2137; x_wconf 78' lang='lat' dir='ltr'>Vr</span> <span class='ocrx_word' id='word_1_260' title='bbox 937 2102 1092 2137; x_wconf 84' lang='lat' dir='ltr'>imus.</span> 
     </span>
    </p>
   </div>
   <div class='ocr_carea' id='block_1_24' title="bbox 764 2100 1092 2139">
    <p class='ocr_par' dir='ltr' id='par_1_24' title="bbox 764 2100 1092 2139">
     <span class='ocr_line' id='line_1_27' title="bbox 764 2100 1092 2139; baseline -0.003 -1"><span class='ocrx_word' id='word_1_261' title='bbox 764 2100 808 2138; x_wconf 81' lang='lat'>8|</span> <span class='ocrx_word' id='word_1_262' title='bbox 848 2100 1092 2139; x_wconf 79' lang='lat' dir='ltr'>Vrllmus.</span> 
     </span>
    </p>
   </div>
   <div class='ocr_carea' id='block_1_25' title="bbox 833 2154 3971 2225">
    <p class='ocr_par' dir='ltr' id='par_1_25' title="bbox 833 2154 3971 2225">
     <span class='ocr_line' id='line_1_28' title="bbox 833 2154 3971 2225; baseline 0 -17"><span class='ocrx_word' id='word_1_263' title='bbox 833 2154 1069 2209; x_wconf 81' lang='lat' dir='ltr'>Eﬂ&#39;ectus</span> <span class='ocrx_word' id='word_1_264' title='bbox 1109 2167 1285 2208; x_wconf 88' lang='lat' dir='ltr'>autem</span> <span class='ocrx_word' id='word_1_265' title='bbox 1325 2158 1581 2225; x_wconf 66' lang='lat' dir='ltr'>angelica)</span> <span class='ocrx_word' id='word_1_266' title='bbox 1608 2156 1865 2211; x_wconf 68' lang='lat' dir='ltr'>ctistodize</span> <span class='ocrx_word' id='word_1_267' title='bbox 1896 2157 2171 2225; x_wconf 78' lang='lat' dir='ltr'>multiplex</span> <span class='ocrx_word' id='word_1_268' title='bbox 2212 2165 2316 2209; x_wconf 91' lang='lat' dir='ltr'>est.</span> <span class='ocrx_word' id='word_1_269' title='bbox 2352 2155 2564 2209; x_wconf 88' lang='lat' dir='ltr'>Primus</span> <span class='ocrx_word' id='word_1_270' title='bbox 2594 2166 2696 2219; x_wconf 86' lang='lat' dir='ltr'>est,</span> <span class='ocrx_word' id='word_1_271' title='bbox 2726 2156 3106 2225; x_wconf 85' lang='lat' dir='ltr'>impedimenta</span> <span class='ocrx_word' id='word_1_272' title='bbox 3146 2156 3273 2210; x_wconf 92' lang='lat' dir='ltr'>boni</span> <span class='ocrx_word' id='word_1_273' title='bbox 3300 2164 3353 2209; x_wconf 93' lang='lat' dir='ltr'>et</span> <span class='ocrx_word' id='word_1_274' title='bbox 3380 2154 3693 2210; x_wconf 89' lang='lat' dir='ltr'>occasiones</span> <span class='ocrx_word' id='word_1_275' title='bbox 3720 2155 3847 2209; x_wconf 87' lang='lat' dir='ltr'>mali</span> <span class='ocrx_word' id='word_1_276' title='bbox 3884 2171 3971 2210; x_wconf 91' lang='lat' dir='ltr'>re-</span> 
     </span>
    </p>
   </div>
   <div class='ocr_carea' id='block_1_26' title="bbox 762 2225 3974 2295">
    <p class='ocr_par' dir='ltr' id='par_1_26' title="bbox 762 2225 3974 2295">
     <span class='ocr_line' id='line_1_29' title="bbox 762 2225 3974 2295; baseline 0.001 -19"><span class='ocrx_word' id='word_1_277' title='bbox 762 2240 1014 2289; x_wconf 85' lang='lat' dir='ltr'>movere;</span> <span class='ocrx_word' id='word_1_278' title='bbox 1048 2225 1214 2279; x_wconf 84' lang='lat' dir='ltr'>Exod.</span> <span class='ocrx_word' id='word_1_279' title='bbox 1256 2228 1499 2290; x_wconf 74' lang='lat' dir='ltr'>xxxnt,2</span> <span class='ocrx_word' id='word_1_280' title='bbox 1535 2243 1549 2279; x_wconf 90' lang='lat'><strong>:</strong></span> <span class='ocrx_word' id='word_1_281' title='bbox 1588 2225 1795 2279; x_wconf 79' lang='lat' dir='ltr'>Mittam</span> <span class='ocrx_word' id='word_1_282' title='bbox 1854 2232 2095 2295; x_wconf 80' lang='lat' dir='ltr'>angelum</span> <span class='ocrx_word' id='word_1_283' title='bbox 2128 2242 2525 2290; x_wconf 69' lang='lat' dir='ltr'>prwcursarem.</span> <span class='ocrx_word' id='word_1_284' title='bbox 2562 2230 2649 2292; x_wconf 82' lang='lat' dir='ltr'>qui</span> <span class='ocrx_word' id='word_1_285' title='bbox 2678 2228 2853 2293; x_wconf 69' lang='lat' dir='ltr'>eiiciat</span> <span class='ocrx_word' id='word_1_286' title='bbox 2881 2226 3203 2280; x_wconf 71' lang='lat' dir='ltr'>Jebusazum.</span> <span class='ocrx_word' id='word_1_287' title='bbox 3260 2225 3543 2279; x_wconf 89' lang='lat' dir='ltr'>Secundus</span> <span class='ocrx_word' id='word_1_288' title='bbox 3589 2234 3688 2289; x_wconf 91' lang='lat' dir='ltr'>est,</span> <span class='ocrx_word' id='word_1_289' title='bbox 3722 2227 3974 2279; x_wconf 89' lang='lat' dir='ltr'>tentatio-</span> 
     </span>
    </p>
   </div>
   <div class='ocr_carea' id='block_1_27' title="bbox 762 2295 3970 2363">
    <p class='ocr_par' dir='ltr' id='par_1_27' title="bbox 762 2295 3970 2363">
     <span class='ocr_line' id='line_1_30' title="bbox 762 2295 3970 2363; baseline -0 -16"><span class='ocrx_word' id='word_1_290' title='bbox 762 2310 857 2347; x_wconf 86' lang='lat' dir='ltr'>nes</span> <span class='ocrx_word' id='word_1_291' title='bbox 885 2296 1151 2363; x_wconf 86' lang='lat' dir='ltr'>mitigare,</span> <span class='ocrx_word' id='word_1_292' title='bbox 1183 2297 1312 2349; x_wconf 91' lang='lat' dir='ltr'>Dan.</span> <span class='ocrx_word' id='word_1_293' title='bbox 1347 2310 1427 2358; x_wconf 80' lang='grc' dir='ltr'>ιιι,</span> <span class='ocrx_word' id='word_1_294' title='bbox 1460 2297 1526 2350; x_wconf 70' lang='grc'>49</span> <span class='ocrx_word' id='word_1_295' title='bbox 1556 2313 1569 2348; x_wconf 92' lang='lat'>:</span> <span class='ocrx_word' id='word_1_296' title='bbox 1598 2296 1823 2363; x_wconf 80' lang='lat' dir='ltr'>Angelus</span> <span class='ocrx_word' id='word_1_297' title='bbox 1842 2306 2012 2348; x_wconf 84' lang='lat' dir='ltr'>autent</span> <span class='ocrx_word' id='word_1_298' title='bbox 2040 2296 2249 2348; x_wconf 82' lang='lat' dir='ltr'>Domini</span> <span class='ocrx_word' id='word_1_299' title='bbox 2291 2296 2551 2347; x_wconf 76' lang='lat' dir='ltr'>descendit</span> <span class='ocrx_word' id='word_1_300' title='bbox 2586 2312 2700 2363; x_wconf 84' lang='lat' dir='ltr'>cum</span> <span class='ocrx_word' id='word_1_301' title='bbox 2740 2296 2937 2348; x_wconf 72' lang='lat' dir='ltr'>Asuria</span> <span class='ocrx_word' id='word_1_302' title='bbox 2970 2306 3019 2349; x_wconf 81' lang='lat' dir='ltr'>et</span> <span class='ocrx_word' id='word_1_303' title='bbox 3050 2299 3206 2349; x_wconf 89' lang='lat' dir='ltr'>sociis</span> <span class='ocrx_word' id='word_1_304' title='bbox 3256 2296 3369 2363; x_wconf 83' lang='lat' dir='ltr'>ejus</span> <span class='ocrx_word' id='word_1_305' title='bbox 3422 2296 3475 2347; x_wconf 81' lang='lat' dir='ltr'>in</span> <span class='ocrx_word' id='word_1_306' title='bbox 3523 2295 3787 2360; x_wconf 74' lang='lat' dir='ltr'>fornacem</span> <span class='ocrx_word' id='word_1_307' title='bbox 3814 2309 3835 2359; x_wconf 84' lang='lat'><strong><em>;</em></strong></span> <span class='ocrx_word' id='word_1_308' title='bbox 3866 2305 3970 2348; x_wconf 90' lang='lat' dir='ltr'>etc.</span> 
     </span>
    </p>
   </div>
   <div class='ocr_carea' id='block_1_28' title="bbox 763 2359 3975 2434">
    <p class='ocr_par' dir='ltr' id='par_1_28' title="bbox 763 2359 3975 2434">
     <span class='ocr_line' id='line_1_31' title="bbox 763 2359 3975 2434; baseline 0 -18"><span class='ocrx_word' id='word_1_309' title='bbox 763 2363 982 2417; x_wconf 83' lang='lat' dir='ltr'>Tertius</span> <span class='ocrx_word' id='word_1_310' title='bbox 1008 2359 1121 2428; x_wconf 52' lang='lat' dir='ltr'>&#39;est,</span> <span class='ocrx_word' id='word_1_311' title='bbox 1159 2374 1343 2433; x_wconf 79' lang='lat' dir='ltr'>contra</span> <span class='ocrx_word' id='word_1_312' title='bbox 1368 2366 1549 2420; x_wconf 89' lang='lat' dir='ltr'>hostes</span> <span class='ocrx_word' id='word_1_313' title='bbox 1578 2359 1821 2419; x_wconf 77' lang='lat' dir='ltr'>visibiles</span> <span class='ocrx_word' id='word_1_314' title='bbox 1862 2368 2117 2434; x_wconf 82' lang='lat' dir='ltr'>adjuvare</span> <span class='ocrx_word' id='word_1_315' title='bbox 2146 2383 2160 2425; x_wconf 83' lang='lat'><strong>;</strong></span> <span class='ocrx_word' id='word_1_316' title='bbox 2194 2365 2255 2417; x_wconf 82' lang='lat' dir='ltr'>IV</span> <span class='ocrx_word' id='word_1_317' title='bbox 2291 2365 2425 2432; x_wconf 78' lang='lat' dir='ltr'>Reg.</span> <span class='ocrx_word' id='word_1_318' title='bbox 2450 2359 2671 2426; x_wconf 74' lang='lat' dir='ltr'>&#39;xtx,&#39;35</span> <span class='ocrx_word' id='word_1_319' title='bbox 2704 2382 2717 2416; x_wconf 89' lang='lat'><strong>:</strong></span> <span class='ocrx_word' id='word_1_320' title='bbox 2754 2366 2979 2433; x_wconf 77' lang='lat' dir='ltr'>Angelus</span> <span class='ocrx_word' id='word_1_321' title='bbox 3009 2367 3217 2418; x_wconf 84' lang='lat' dir='ltr'>Domini</span> <span class='ocrx_word' id='word_1_322' title='bbox 3246 2359 3496 2433; x_wconf 78' lang='lat' dir='ltr'>percussit</span> <span class='ocrx_word' id='word_1_323' title='bbox 3524 2359 3576 2415; x_wconf 82' lang='lat' dir='ltr'>in</span> <span class='ocrx_word' id='word_1_324' title='bbox 3605 2367 3786 2434; x_wconf 72' lang='lat' dir='ltr'>castris</span> <span class='ocrx_word' id='word_1_325' title='bbox 3814 2364 3975 2432; x_wconf 66' lang='lat' dir='ltr'>Assy-</span> 
     </span>
    </p>
   </div>
   <div class='ocr_carea' id='block_1_29' title="bbox 762 2433 3968 2502">
    <p class='ocr_par' dir='ltr' id='par_1_29' title="bbox 762 2433 3968 2502">
     <span class='ocr_line' id='line_1_32' title="bbox 762 2433 3968 2502; baseline 0.001 -18"><span class='ocrx_word' id='word_1_326' title='bbox 762 2435 984 2502; x_wconf 81' lang='lat' dir='ltr'>riorum,</span> <span class='ocrx_word' id='word_1_327' title='bbox 1047 2443 1153 2487; x_wconf 85' lang='lat' dir='ltr'>etc.</span> <span class='ocrx_word' id='word_1_328' title='bbox 1180 2434 1412 2499; x_wconf 88' lang='lat' dir='ltr'>Quartus</span> <span class='ocrx_word' id='word_1_329' title='bbox 1444 2446 1548 2500; x_wconf 88' lang='lat' dir='ltr'>est,</span> <span class='ocrx_word' id='word_1_330' title='bbox 1580 2434 1852 2489; x_wconf 89' lang='lat' dir='ltr'>orationes</span> <span class='ocrx_word' id='word_1_331' title='bbox 1882 2433 2093 2490; x_wconf 77' lang='lat' dir='ltr'>uestras</span> <span class='ocrx_word' id='word_1_332' title='bbox 2124 2448 2172 2488; x_wconf 91' lang='lat' dir='ltr'>et</span> <span class='ocrx_word' id='word_1_333' title='bbox 2206 2435 2573 2502; x_wconf 80' lang='lat' dir='ltr'>eleentosynas</span> <span class='ocrx_word' id='word_1_334' title='bbox 2600 2434 2705 2487; x_wconf 88' lang='lat' dir='ltr'>Deo</span> <span class='ocrx_word' id='word_1_335' title='bbox 2730 2448 3075 2501; x_wconf 71' lang='lat' dir='ltr'>prtesentare,</span> <span class='ocrx_word' id='word_1_336' title='bbox 3106 2447 3159 2487; x_wconf 91' lang='lat' dir='ltr'>et</span> <span class='ocrx_word' id='word_1_337' title='bbox 3186 2450 3281 2501; x_wconf 89' lang='lat' dir='ltr'>pro</span> <span class='ocrx_word' id='word_1_338' title='bbox 3310 2435 3462 2487; x_wconf 89' lang='lat' dir='ltr'>nobis</span> <span class='ocrx_word' id='word_1_339' title='bbox 3486 2447 3674 2497; x_wconf 88' lang='lat' dir='ltr'>orare;</span> <span class='ocrx_word' id='word_1_340' title='bbox 3706 2433 3836 2486; x_wconf 93' lang='lat' dir='ltr'>Tob.</span> <span class='ocrx_word' id='word_1_341' title='bbox 3869 2448 3968 2498; x_wconf 89' lang='lat' dir='ltr'>xu,</span> 
     </span>
    </p>
   </div>
   <div class='ocr_carea' id='block_1_30' title="bbox 763 2501 3968 2574">
    <p class='ocr_par' dir='ltr' id='par_1_30' title="bbox 763 2501 3968 2574">
     <span class='ocr_line' id='line_1_33' title="bbox 763 2501 3968 2574; baseline 0 -18"><span class='ocrx_word' id='word_1_342' title='bbox 763 2502 873 2574; x_wconf 48' lang='grc' dir='ltr'>εἰς</span> <span class='ocrx_word' id='word_1_343' title='bbox 901 2501 1121 2574; x_wconf 73' lang='lat' dir='ltr'>Quando</span> <span class='ocrx_word' id='word_1_344' title='bbox 1152 2504 1340 2574; x_wconf 78' lang='lat' dir='ltr'>arabas</span> <span class='ocrx_word' id='word_1_345' title='bbox 1369 2520 1485 2557; x_wconf 83' lang='lat' dir='ltr'>cum</span> <span class='ocrx_word' id='word_1_346' title='bbox 1511 2505 1779 2574; x_wconf 85' lang='lat' dir='ltr'>lacrgmis.</span> <span class='ocrx_word' id='word_1_347' title='bbox 1822 2515 1957 2569; x_wconf 89' lang='lat' dir='ltr'>etc.,</span> <span class='ocrx_word' id='word_1_348' title='bbox 1990 2521 2084 2571; x_wconf 86' lang='lat' dir='ltr'>ego</span> <span class='ocrx_word' id='word_1_349' title='bbox 2111 2503 2285 2574; x_wconf 76' lang='lat' dir='ltr'>patuli</span> <span class='ocrx_word' id='word_1_350' title='bbox 2324 2501 2611 2555; x_wconf 82' lang='lat' dir='ltr'>orationem</span> <span class='ocrx_word' id='word_1_351' title='bbox 2644 2515 2787 2556; x_wconf 87' lang='lat' dir='ltr'>tuam</span> <span class='ocrx_word' id='word_1_352' title='bbox 2813 2505 3054 2558; x_wconf 81' lang='lat' dir='ltr'>Domina.</span> <span class='ocrx_word' id='word_1_353' title='bbox 3084 2505 3314 2574; x_wconf 86' lang='lat' dir='ltr'>Quintus</span> <span class='ocrx_word' id='word_1_354' title='bbox 3351 2514 3454 2568; x_wconf 88' lang='lat' dir='ltr'>est,</span> <span class='ocrx_word' id='word_1_355' title='bbox 3486 2506 3625 2557; x_wconf 87' lang='lat' dir='ltr'>viam</span> <span class='ocrx_word' id='word_1_356' title='bbox 3657 2506 3968 2574; x_wconf 81' lang='lat' dir='ltr'>Ostendere;</span> 
     </span>
    </p>
   </div>
   <div class='ocr_carea' id='block_1_31' title="bbox 765 2572 3971 2641">
    <p class='ocr_par' dir='ltr' id='par_1_31' title="bbox 765 2572 3971 2641">
     <span class='ocr_line' id='line_1_34' title="bbox 765 2572 3971 2641; baseline -0.001 -14"><span class='ocrx_word' id='word_1_357' title='bbox 765 2572 898 2627; x_wconf 89' lang='lat' dir='ltr'>Tob.</span> <span class='ocrx_word' id='word_1_358' title='bbox 940 2588 991 2638; x_wconf 93' lang='lat' dir='ltr'>v,</span> <span class='ocrx_word' id='word_1_359' title='bbox 1020 2573 1091 2626; x_wconf 70' lang='grc'>20</span> <span class='ocrx_word' id='word_1_360' title='bbox 1117 2592 1129 2627; x_wconf 88' lang='lat'>:</span> <span class='ocrx_word' id='word_1_361' title='bbox 1160 2572 1268 2641; x_wconf 86' lang='lat' dir='ltr'>Ego</span> <span class='ocrx_word' id='word_1_362' title='bbox 1296 2590 1481 2627; x_wconf 83' lang='lat' dir='ltr'>sanum</span> <span class='ocrx_word' id='word_1_363' title='bbox 1515 2572 1702 2627; x_wconf 82' lang='lat' dir='ltr'>ducam</span> <span class='ocrx_word' id='word_1_364' title='bbox 1730 2585 1777 2627; x_wconf 86' lang='lat' dir='ltr'>et</span> <span class='ocrx_word' id='word_1_365' title='bbox 1807 2578 2070 2627; x_wconf 81' lang='lat' dir='ltr'>reducam.</span> <span class='ocrx_word' id='word_1_366' title='bbox 2105 2572 2301 2628; x_wconf 79' lang='lat' dir='ltr'>Sextus</span> <span class='ocrx_word' id='word_1_367' title='bbox 2339 2583 2442 2636; x_wconf 90' lang='lat' dir='ltr'>est,</span> <span class='ocrx_word' id='word_1_368' title='bbox 2494 2574 2545 2624; x_wconf 91' lang='lat' dir='ltr'>in</span> <span class='ocrx_word' id='word_1_369' title='bbox 2588 2574 2807 2641; x_wconf 85' lang='lat' dir='ltr'>agendis</span> <span class='ocrx_word' id='word_1_370' title='bbox 2850 2576 3047 2629; x_wconf 88' lang='lat' dir='ltr'>docere</span> <span class='ocrx_word' id='word_1_371' title='bbox 3082 2590 3096 2638; x_wconf 88' lang='lat'><strong>;</strong></span> <span class='ocrx_word' id='word_1_372' title='bbox 3138 2573 3417 2627; x_wconf 74' lang='lat' dir='ltr'>Zachariae</span> <span class='ocrx_word' id='word_1_373' title='bbox 3462 2586 3521 2636; x_wconf 90' lang='lat' dir='ltr'>ll,</span> <span class='ocrx_word' id='word_1_374' title='bbox 3551 2574 3615 2627; x_wconf 88' lang='lat' dir='ltr'>de</span> <span class='ocrx_word' id='word_1_375' title='bbox 3671 2573 3856 2640; x_wconf 81' lang='lat' dir='ltr'>angelo</span> <span class='ocrx_word' id='word_1_376' title='bbox 3878 2574 3971 2641; x_wconf 87' lang='lat' dir='ltr'>qui</span> 
     </span>
    </p>
   </div>
   <div class='ocr_carea' id='block_1_32' title="bbox 764 2640 3971 2711">
    <p class='ocr_par' dir='ltr' id='par_1_32' title="bbox 764 2640 3971 2711">
     <span class='ocr_line' id='line_1_35' title="bbox 764 2640 3971 2711; baseline -0.001 -14"><span class='ocrx_word' id='word_1_377' title='bbox 764 2645 1022 2697; x_wconf 76' lang='lat' dir='ltr'>instruxit</span> <span class='ocrx_word' id='word_1_378' title='bbox 1045 2640 1504 2711; x_wconf 28' lang='lat' dir='ltr'>eum.’Septimus</span> <span class='ocrx_word' id='word_1_379' title='bbox 1534 2654 1636 2706; x_wconf 89' lang='lat' dir='ltr'>est,</span> <span class='ocrx_word' id='word_1_380' title='bbox 1665 2645 1899 2710; x_wconf 83' lang='lat' dir='ltr'>seipsum</span> <span class='ocrx_word' id='word_1_381' title='bbox 1927 2653 1981 2695; x_wconf 88' lang='lat' dir='ltr'>ct</span> <span class='ocrx_word' id='word_1_382' title='bbox 2002 2642 2105 2696; x_wconf 88' lang='lat' dir='ltr'>alia</span> <span class='ocrx_word' id='word_1_383' title='bbox 2144 2653 2351 2698; x_wconf 85' lang='lat' dir='ltr'>secreta</span> <span class='ocrx_word' id='word_1_384' title='bbox 2404 2640 2677 2711; x_wconf 83' lang='lat' dir='ltr'>revelare;</span> <span class='ocrx_word' id='word_1_385' title='bbox 2718 2640 2848 2695; x_wconf 90' lang='lat' dir='ltr'>Tob.</span> <span class='ocrx_word' id='word_1_386' title='bbox 2876 2659 2973 2708; x_wconf 78' lang='lat' dir='ltr'>xu,</span> <span class='ocrx_word' id='word_1_387' title='bbox 3001 2643 3065 2697; x_wconf 75' lang='grc'>15</span> <span class='ocrx_word' id='word_1_388' title='bbox 3097 2660 3111 2698; x_wconf 87' lang='lat'><strong>:</strong></span> <span class='ocrx_word' id='word_1_389' title='bbox 3146 2643 3255 2711; x_wconf 83' lang='lat' dir='ltr'>Ego</span> <span class='ocrx_word' id='word_1_390' title='bbox 3284 2660 3401 2696; x_wconf 85' lang='lat' dir='ltr'>sum</span> <span class='ocrx_word' id='word_1_391' title='bbox 3462 2641 3690 2708; x_wconf 76' lang='lat' dir='ltr'>Raphaet</span> <span class='ocrx_word' id='word_1_392' title='bbox 3736 2640 3971 2709; x_wconf 76' lang='lat' dir='ltr'>angelus,</span> 
     </span>
    </p>
   </div>
   <div class='ocr_carea' id='block_1_33' title="bbox 761 2710 3969 2783">
    <p class='ocr_par' dir='ltr' id='par_1_33' title="bbox 761 2710 3969 2783">
     <span class='ocr_line' id='line_1_36' title="bbox 761 2710 3969 2783; baseline -0.001 -18"><span class='ocrx_word' id='word_1_393' title='bbox 761 2726 868 2783; x_wconf 76' lang='lat' dir='ltr'>etc.</span> <span class='ocrx_word' id='word_1_394' title='bbox 905 2712 1140 2767; x_wconf 83' lang='lat' dir='ltr'>Octavus</span> <span class='ocrx_word' id='word_1_395' title='bbox 1166 2721 1271 2778; x_wconf 88' lang='lat' dir='ltr'>est,</span> <span class='ocrx_word' id='word_1_396' title='bbox 1308 2710 1336 2765; x_wconf 87' lang='lat' dir='ltr'>a</span> <span class='ocrx_word' id='word_1_397' title='bbox 1359 2716 1596 2777; x_wconf 79' lang='lat' dir='ltr'>peccatis</span> <span class='ocrx_word' id='word_1_398' title='bbox 1630 2727 1858 2777; x_wconf 82' lang='lat' dir='ltr'>arcere;</span> <span class='ocrx_word' id='word_1_399' title='bbox 1893 2711 2089 2767; x_wconf 86' lang='lat' dir='ltr'>Geucs.</span> <span class='ocrx_word' id='word_1_400' title='bbox 2116 2729 2228 2779; x_wconf 75' lang='lat' dir='ltr'>nx,</span> <span class='ocrx_word' id='word_1_401' title='bbox 2344 2729 2363 2779; x_wconf 83' lang='lat'>;</span> <span class='ocrx_word' id='word_1_402' title='bbox 2393 2710 2619 2783; x_wconf 73' lang='lat' dir='ltr'>Cumque</span> <span class='ocrx_word' id='word_1_403' title='bbox 2648 2722 2783 2764; x_wconf 82' lang='lat' dir='ltr'>esset</span> <span class='ocrx_word' id='word_1_404' title='bbox 2813 2729 2981 2777; x_wconf 84' lang='lat' dir='ltr'>mane,</span> <span class='ocrx_word' id='word_1_405' title='bbox 3026 2710 3271 2783; x_wconf 77' lang='lat' dir='ltr'>cogebant</span> <span class='ocrx_word' id='word_1_406' title='bbox 3324 2729 3440 2765; x_wconf 87' lang='lat' dir='ltr'>eum</span> <span class='ocrx_word' id='word_1_407' title='bbox 3472 2714 3678 2783; x_wconf 39' lang='lat' dir='ltr'>angeli;</span> <span class='ocrx_word' id='word_1_408' title='bbox 3697 2714 3915 2783; x_wconf 63' lang='lat' dir='ltr'>dicentes</span> <span class='ocrx_word' id='word_1_409' title='bbox 3949 2725 3969 2763; x_wconf 69' lang='grc' dir='ltr'><em>ς</em></span> 
     </span>
    </p>
   </div>
   <div class='ocr_carea' id='block_1_34' title="bbox 763 2778 3971 2852">
    <p class='ocr_par' dir='ltr' id='par_1_34' title="bbox 763 2778 3971 2852">
     <span class='ocr_line' id='line_1_37' title="bbox 763 2778 3971 2852; baseline -0.001 -16"><span class='ocrx_word' id='word_1_410' title='bbox 763 2781 958 2849; x_wconf 80' lang='lat' dir='ltr'>Surge,</span> <span class='ocrx_word' id='word_1_411' title='bbox 998 2798 1060 2837; x_wconf 79' lang='lat' dir='ltr'>ne</span> <span class='ocrx_word' id='word_1_412' title='bbox 1085 2793 1132 2835; x_wconf 82' lang='lat' dir='ltr'>et</span> <span class='ocrx_word' id='word_1_413' title='bbox 1162 2793 1216 2834; x_wconf 86' lang='lat' dir='ltr'>tu</span> <span class='ocrx_word' id='word_1_414' title='bbox 1250 2784 1446 2851; x_wconf 84' lang='lat' dir='ltr'>pariter</span> <span class='ocrx_word' id='word_1_415' title='bbox 1466 2798 1643 2852; x_wconf 85' lang='lat' dir='ltr'>pereas</span> <span class='ocrx_word' id='word_1_416' title='bbox 1667 2783 1719 2833; x_wconf 83' lang='lat' dir='ltr'>in</span> <span class='ocrx_word' id='word_1_417' title='bbox 1758 2783 1947 2835; x_wconf 75' lang='lat' dir='ltr'>scelere</span> <span class='ocrx_word' id='word_1_418' title='bbox 1976 2778 2219 2837; x_wconf 81' lang='lat' dir='ltr'>civitatis.</span> <span class='ocrx_word' id='word_1_419' title='bbox 2261 2782 2443 2852; x_wconf 81' lang='lat' dir='ltr'>Nonus</span> <span class='ocrx_word' id='word_1_420' title='bbox 2478 2784 2550 2852; x_wconf 82' lang='lat' dir='ltr'>ad</span> <span class='ocrx_word' id='word_1_421' title='bbox 2582 2778 2851 2852; x_wconf 77' lang='lat' dir='ltr'>f_ervorem</span> <span class='ocrx_word' id='word_1_422' title='bbox 2897 2778 3175 2848; x_wconf 74' lang='lat' dir='ltr'>excitare;</span> <span class='ocrx_word' id='word_1_423' title='bbox 3231 2783 3293 2835; x_wconf 83' lang='lat' dir='ltr'>Ill</span> <span class='ocrx_word' id='word_1_424' title='bbox 3330 2783 3461 2851; x_wconf 78' lang='lat' dir='ltr'>Reg.</span> <span class='ocrx_word' id='word_1_425' title='bbox 3492 2778 3613 2847; x_wconf 68' lang='lat' dir='ltr'>xix,</span> <span class='ocrx_word' id='word_1_426' title='bbox 3648 2781 3678 2832; x_wconf 87' lang='grc'><strong>7</strong></span> <span class='ocrx_word' id='word_1_427' title='bbox 3715 2798 3725 2831; x_wconf 95' lang='lat'><strong>:</strong></span> <span class='ocrx_word' id='word_1_428' title='bbox 3759 2778 3919 2847; x_wconf 74' lang='lat' dir='ltr'>Surge</span> <span class='ocrx_word' id='word_1_429' title='bbox 3950 2797 3971 2836; x_wconf 92' lang='lat'><strong><em>:</em></strong></span> 
     </span>
    </p>
   </div>
   <div class='ocr_carea' id='block_1_35' title="bbox 763 2848 3972 2919">
    <p class='ocr_par' dir='ltr' id='par_1_35' title="bbox 763 2848 3972 2919">
     <span class='ocr_line' id='line_1_38' title="bbox 763 2848 3972 2919; baseline 0 -17"><span class='ocrx_word' id='word_1_430' title='bbox 763 2848 980 2919; x_wconf 69' lang='lat' dir='ltr'>grandis</span> <span class='ocrx_word' id='word_1_431' title='bbox 1027 2853 1163 2905; x_wconf 85' lang='lat' dir='ltr'>enim</span> <span class='ocrx_word' id='word_1_432' title='bbox 1222 2848 1316 2905; x_wconf 75' lang='lat' dir='ltr'>tibi</span> <span class='ocrx_word' id='word_1_433' title='bbox 1370 2848 1528 2905; x_wconf 79' lang='lat' dir='ltr'>restat</span> <span class='ocrx_word' id='word_1_434' title='bbox 1577 2860 1682 2906; x_wconf 83' lang='lat' dir='ltr'>uta.</span> <span class='ocrx_word' id='word_1_435' title='bbox 1750 2852 1999 2905; x_wconf 88' lang='lat' dir='ltr'>Decimus</span> <span class='ocrx_word' id='word_1_436' title='bbox 2052 2863 2157 2918; x_wconf 90' lang='lat' dir='ltr'>est,</span> <span class='ocrx_word' id='word_1_437' title='bbox 2221 2851 2531 2913; x_wconf 83' lang='lat' dir='ltr'>consolari;</span> <span class='ocrx_word' id='word_1_438' title='bbox 2588 2848 2723 2906; x_wconf 92' lang='lat' dir='ltr'>Tob.</span> <span class='ocrx_word' id='word_1_439' title='bbox 2755 2866 2825 2915; x_wconf 89' lang='lat' dir='ltr'>v,</span> <span class='ocrx_word' id='word_1_440' title='bbox 2887 2854 2990 2906; x_wconf 71' lang='lat'>15:</span> <span class='ocrx_word' id='word_1_441' title='bbox 3032 2852 3188 2905; x_wconf 82' lang='lat' dir='ltr'>Forti</span> <span class='ocrx_word' id='word_1_442' title='bbox 3246 2848 3435 2905; x_wconf 55' lang='lat' dir='ltr'>animo&#39;</span> <span class='ocrx_word' id='word_1_443' title='bbox 3465 2865 3593 2916; x_wconf 82' lang='lat' dir='ltr'>esto,</span> <span class='ocrx_word' id='word_1_444' title='bbox 3642 2852 3696 2903; x_wconf 84' lang='lat' dir='ltr'>in</span> <span class='ocrx_word' id='word_1_445' title='bbox 3736 2854 3972 2916; x_wconf 71' lang='lat' dir='ltr'>proxima</span> 
     </span>
    </p>
   </div>
   <div class='ocr_carea' id='block_1_36' title="bbox 764 2920 3973 2988">
    <p class='ocr_par' dir='ltr' id='par_1_36' title="bbox 764 2920 3973 2988">
     <span class='ocr_line' id='line_1_39' title="bbox 764 2920 3973 2988; baseline -0.001 -15"><span class='ocrx_word' id='word_1_446' title='bbox 764 2931 840 2973; x_wconf 85' lang='lat' dir='ltr'>est</span> <span class='ocrx_word' id='word_1_447' title='bbox 892 2930 949 2973; x_wconf 81' lang='lat' dir='ltr'>ut</span> <span class='ocrx_word' id='word_1_448' title='bbox 1007 2937 1039 2973; x_wconf 90' lang='lat' dir='ltr'>a</span> <span class='ocrx_word' id='word_1_449' title='bbox 1092 2920 1201 2973; x_wconf 86' lang='lat' dir='ltr'>Deo</span> <span class='ocrx_word' id='word_1_450' title='bbox 1266 2925 1487 2976; x_wconf 78' lang='lat' dir='ltr'>cureris.</span> <span class='ocrx_word' id='word_1_451' title='bbox 1538 2921 1887 2986; x_wconf 89' lang='lat' dir='ltr'>Undecimus,</span> <span class='ocrx_word' id='word_1_452' title='bbox 1948 2932 2241 2988; x_wconf 77' lang='lat' dir='ltr'>potesmtes</span> <span class='ocrx_word' id='word_1_453' title='bbox 2282 2921 2587 2976; x_wconf 87' lang='lat' dir='ltr'>contrarias</span> <span class='ocrx_word' id='word_1_454' title='bbox 2622 2934 2833 2985; x_wconf 82' lang='lat' dir='ltr'>arcere,</span> <span class='ocrx_word' id='word_1_455' title='bbox 2884 2937 2950 2975; x_wconf 90' lang='lat' dir='ltr'>ne</span> <span class='ocrx_word' id='word_1_456' title='bbox 3005 2930 3212 2975; x_wconf 81' lang='lat' dir='ltr'>tantum</span> <span class='ocrx_word' id='word_1_457' title='bbox 3269 2936 3461 2975; x_wconf 87' lang='lat' dir='ltr'>nocere</span> <span class='ocrx_word' id='word_1_458' title='bbox 3512 2925 3748 2983; x_wconf 83' lang='lat' dir='ltr'>valeant,</span> <span class='ocrx_word' id='word_1_459' title='bbox 3798 2936 3973 2987; x_wconf 84' lang='lat' dir='ltr'>quan-</span> 
     </span>
    </p>
   </div>
   <div class='ocr_carea' id='block_1_37' title="bbox 767 2989 3969 3072">
    <p class='ocr_par' dir='ltr' id='par_1_37' title="bbox 767 2989 3969 3072">
     <span class='ocr_line' id='line_1_40' title="bbox 767 2989 3969 3072; baseline 0 -30"><span class='ocrx_word' id='word_1_460' title='bbox 767 2998 891 3072; x_wconf 41' lang='lat' dir='ltr'>tuni</span> <span class='ocrx_word' id='word_1_461' title='bbox 917 2992 1153 3072; x_wconf 56' lang='lat' dir='ltr'>vellent;</span> <span class='ocrx_word' id='word_1_462' title='bbox 1188 2989 1323 3072; x_wconf 80' lang='lat' dir='ltr'>Tob.</span> <span class='ocrx_word' id='word_1_463' title='bbox 1367 3006 1459 3045; x_wconf 83' lang='lat' dir='ltr'>vni</span> <span class='ocrx_word' id='word_1_464' title='bbox 1494 3032 1509 3057; x_wconf 92' lang='lat'>,</span> <span class='ocrx_word' id='word_1_465' title='bbox 1607 3031 1632 3072; x_wconf 50' lang='grc' dir='ltr'><strong>ι</strong></span> <span class='ocrx_word' id='word_1_466' title='bbox 1666 2989 2010 3072; x_wconf 42' lang='lat' dir='ltr'>ubi‘anlgelu‘s</span> <span class='ocrx_word' id='word_1_467' title='bbox 2058 2992 2398 3072; x_wconf 62' lang='lat' dir='ltr'>Astiiodasum</span> <span class='ocrx_word' id='word_1_468' title='bbox 2455 2989 2655 3059; x_wconf 82' lang='lat' dir='ltr'>ligavit.</span> <span class='ocrx_word' id='word_1_469' title='bbox 2712 2990 3072 3045; x_wconf 79' lang='lat' dir='ltr'>Duodecimus</span> <span class='ocrx_word' id='word_1_470' title='bbox 3107 2994 3175 3046; x_wconf 91' lang='lat' dir='ltr'>de</span> <span class='ocrx_word' id='word_1_471' title='bbox 3220 3002 3443 3061; x_wconf 85' lang='lat' dir='ltr'>peccato</span> <span class='ocrx_word' id='word_1_472' title='bbox 3480 2992 3792 3059; x_wconf 85' lang='lat' dir='ltr'>increpare;</span> <span class='ocrx_word' id='word_1_473' title='bbox 3846 2989 3969 3044; x_wconf 79' lang='lat' dir='ltr'>Jud.</span> 
     </span>
    </p>
   </div>
   <div class='ocr_carea' id='block_1_38' title="bbox 768 3058 2477 3129">
    <p class='ocr_par' dir='ltr' id='par_1_38' title="bbox 768 3058 2477 3129">
     <span class='ocr_line' id='line_1_41' title="bbox 768 3058 2477 3129; baseline 0.002 -19"><span class='ocrx_word' id='word_1_474' title='bbox 768 3073 831 3123; x_wconf 86' lang='lat' dir='ltr'>II,</span> <span class='ocrx_word' id='word_1_475' title='bbox 858 3058 893 3112; x_wconf 72' lang='grc'>2</span> <span class='ocrx_word' id='word_1_476' title='bbox 927 3076 940 3111; x_wconf 92' lang='lat'>:</span> <span class='ocrx_word' id='word_1_477' title='bbox 974 3060 1114 3129; x_wconf 64' lang='lat' dir='ltr'>Dixit</span> <span class='ocrx_word' id='word_1_478' title='bbox 1143 3059 1358 3128; x_wconf 83' lang='lat' dir='ltr'>angelus</span> <span class='ocrx_word' id='word_1_479' title='bbox 1388 3060 1579 3129; x_wconf 79' lang='lat' dir='ltr'>popula</span> <span class='ocrx_word' id='word_1_480' title='bbox 1604 3060 1772 3115; x_wconf 81' lang='lat' dir='ltr'>Israel</span> <span class='ocrx_word' id='word_1_481' title='bbox 1796 3074 1813 3110; x_wconf 92' lang='lat'><em>:</em></span> <span class='ocrx_word' id='word_1_482' title='bbox 1845 3058 1953 3114; x_wconf 87' lang='lat' dir='ltr'>Cur</span> <span class='ocrx_word' id='word_1_483' title='bbox 1973 3062 2070 3113; x_wconf 80' lang='lat' dir='ltr'>hoc</span> <span class='ocrx_word' id='word_1_484' title='bbox 2098 3062 2292 3129; x_wconf 77' lang='lat' dir='ltr'>fecistis</span> <span class='ocrx_word' id='word_1_485' title='bbox 2316 3062 2341 3115; x_wconf 70' lang='grc'><strong><em>2</em></strong></span> <span class='ocrx_word' id='word_1_486' title='bbox 2370 3073 2477 3115; x_wconf 92' lang='lat' dir='ltr'>etc.</span> 
     </span>
    </p>
   </div>
   <div class='ocr_carea' id='block_1_39' title="bbox 838 3128 3973 3201">
    <p class='ocr_par' dir='ltr' id='par_1_39' title="bbox 838 3128 3973 3201">
     <span class='ocr_line' id='line_1_42' title="bbox 838 3128 3973 3201; baseline -0.001 -20"><span class='ocrx_word' id='word_1_487' title='bbox 838 3129 865 3199; x_wconf 68' lang='grc' dir='ltr'>ς</span> <span class='ocrx_word' id='word_1_488' title='bbox 900 3131 991 3182; x_wconf 86' lang='lat' dir='ltr'>Ill.</span> <span class='ocrx_word' id='word_1_489' title='bbox 1025 3128 1225 3201; x_wconf 76' lang='lat' dir='ltr'>Reddit</span> <span class='ocrx_word' id='word_1_490' title='bbox 1257 3128 1545 3195; x_wconf 86' lang='lat' dir='ltr'>rationem,</span> <span class='ocrx_word' id='word_1_491' title='bbox 1589 3147 1708 3195; x_wconf 89' lang='lat' dir='ltr'>cur,</span> <span class='ocrx_word' id='word_1_492' title='bbox 1734 3145 1855 3183; x_wconf 89' lang='lat' dir='ltr'>cum</span> <span class='ocrx_word' id='word_1_493' title='bbox 1880 3130 2054 3199; x_wconf 89' lang='lat' dir='ltr'>angeli</span> <span class='ocrx_word' id='word_1_494' title='bbox 2090 3128 2364 3185; x_wconf 87' lang='lat' dir='ltr'>hominum</span> <span class='ocrx_word' id='word_1_495' title='bbox 2398 3130 2659 3201; x_wconf 82' lang='lat' dir='ltr'>praesides</span> <span class='ocrx_word' id='word_1_496' title='bbox 2688 3131 2795 3184; x_wconf 88' lang='lat' dir='ltr'>sint</span> <span class='ocrx_word' id='word_1_497' title='bbox 2822 3141 2874 3183; x_wconf 89' lang='lat' dir='ltr'>et</span> <span class='ocrx_word' id='word_1_498' title='bbox 2908 3130 3175 3196; x_wconf 88' lang='lat' dir='ltr'>titulares,</span> <span class='ocrx_word' id='word_1_499' title='bbox 3214 3142 3390 3188; x_wconf 87' lang='lat' dir='ltr'>tamen</span> <span class='ocrx_word' id='word_1_500' title='bbox 3422 3131 3597 3185; x_wconf 87' lang='lat' dir='ltr'>adhuc</span> <span class='ocrx_word' id='word_1_501' title='bbox 3627 3141 3735 3185; x_wconf 90' lang='lat' dir='ltr'>tam</span> <span class='ocrx_word' id='word_1_502' title='bbox 3795 3128 3973 3182; x_wconf 71' lang='lat' dir='ltr'>multa:</span> 
     </span>
    </p>
   </div>
   <div class='ocr_carea' id='block_1_40' title="bbox 766 3200 3974 3271">
    <p class='ocr_par' dir='ltr' id='par_1_40' title="bbox 766 3200 3974 3271">
     <span class='ocr_line' id='line_1_43' title="bbox 766 3200 3974 3271; baseline -0.001 -19"><span class='ocrx_word' id='word_1_503' title='bbox 766 3211 1017 3271; x_wconf 81' lang='lat' dir='ltr'>nationes</span> <span class='ocrx_word' id='word_1_504' title='bbox 1050 3200 1294 3271; x_wconf 80' lang='lat' dir='ltr'>inﬁdeles</span> <span class='ocrx_word' id='word_1_505' title='bbox 1357 3204 1718 3271; x_wconf 84' lang='lat' dir='ltr'>reperiantur,</span> <span class='ocrx_word' id='word_1_506' title='bbox 1752 3214 1816 3253; x_wconf 89' lang='lat' dir='ltr'>ac</span> <span class='ocrx_word' id='word_1_507' title='bbox 1851 3209 2075 3269; x_wconf 83' lang='lat' dir='ltr'>pereant</span> <span class='ocrx_word' id='word_1_508' title='bbox 2103 3219 2117 3253; x_wconf 92' lang='lat'><strong>:</strong></span> <span class='ocrx_word' id='word_1_509' title='bbox 2150 3210 2203 3253; x_wconf 91' lang='lat' dir='ltr'>et</span> <span class='ocrx_word' id='word_1_510' title='bbox 2231 3200 2466 3271; x_wconf 82' lang='lat' dir='ltr'>ostendit</span> <span class='ocrx_word' id='word_1_511' title='bbox 2498 3202 2550 3253; x_wconf 90' lang='lat' dir='ltr'>id</span> <span class='ocrx_word' id='word_1_512' title='bbox 2602 3214 2670 3253; x_wconf 78' lang='lat' dir='ltr'>ex</span> <span class='ocrx_word' id='word_1_513' title='bbox 2708 3202 2988 3255; x_wconf 82' lang='lat' dir='ltr'>hominum</span> <span class='ocrx_word' id='word_1_514' title='bbox 3043 3202 3244 3255; x_wconf 83' lang='lat' dir='ltr'>inalitia</span> <span class='ocrx_word' id='word_1_515' title='bbox 3293 3204 3600 3271; x_wconf 85' lang='lat' dir='ltr'>provenire,</span> <span class='ocrx_word' id='word_1_516' title='bbox 3632 3214 3847 3255; x_wconf 85' lang='lat' dir='ltr'>suavem</span> <span class='ocrx_word' id='word_1_517' title='bbox 3876 3214 3974 3250; x_wconf 88' lang='lat' dir='ltr'>an-</span> 
     </span>
    </p>
   </div>
   <div class='ocr_carea' id='block_1_41' title="bbox 766 3268 3973 3340">
    <p class='ocr_par' dir='ltr' id='par_1_41' title="bbox 766 3268 3973 3340">
     <span class='ocr_line' id='line_1_44' title="bbox 766 3268 3973 3340; baseline -0 -20"><span class='ocrx_word' id='word_1_518' title='bbox 766 3268 1011 3340; x_wconf 83' lang='lat' dir='ltr'>gelorum</span> <span class='ocrx_word' id='word_1_519' title='bbox 1046 3268 1267 3321; x_wconf 89' lang='lat' dir='ltr'>ductum</span> <span class='ocrx_word' id='word_1_520' title='bbox 1321 3270 1474 3340; x_wconf 85' lang='lat' dir='ltr'>sequi</span> <span class='ocrx_word' id='word_1_521' title='bbox 1515 3268 1917 3340; x_wconf 77' lang='lat' dir='ltr'>nolentiu_m,et</span> <span class='ocrx_word' id='word_1_522' title='bbox 1952 3282 2015 3340; x_wconf 84' lang='lat' dir='ltr'>ex</span> <span class='ocrx_word' id='word_1_523' title='bbox 2048 3284 2214 3338; x_wconf 88' lang='lat' dir='ltr'>pravo</span> <span class='ocrx_word' id='word_1_524' title='bbox 2264 3285 2361 3322; x_wconf 91' lang='lat' dir='ltr'>usu</span> <span class='ocrx_word' id='word_1_525' title='bbox 2393 3269 2692 3326; x_wconf 82' lang='lat' dir='ltr'>libertatis:</span> <span class='ocrx_word' id='word_1_526' title='bbox 2730 3271 2893 3324; x_wconf 89' lang='lat' dir='ltr'>Deum</span> <span class='ocrx_word' id='word_1_527' title='bbox 2927 3270 3071 3323; x_wconf 91' lang='lat' dir='ltr'>enim</span> <span class='ocrx_word' id='word_1_528' title='bbox 3104 3281 3159 3325; x_wconf 91' lang='lat' dir='ltr'>et</span> <span class='ocrx_word' id='word_1_529' title='bbox 3187 3268 3407 3339; x_wconf 80' lang='lat' dir='ltr'>angelos</span> <span class='ocrx_word' id='word_1_530' title='bbox 3456 3282 3524 3323; x_wconf 79' lang='lat' dir='ltr'>ex</span> <span class='ocrx_word' id='word_1_531' title='bbox 3552 3283 3705 3340; x_wconf 88' lang='lat' dir='ltr'>parte</span> <span class='ocrx_word' id='word_1_532' title='bbox 3754 3283 3973 3340; x_wconf 49' lang='lat' dir='ltr'>suane‘</span> 
     </span>
    </p>
   </div>
   <div class='ocr_carea' id='block_1_42' title="bbox 768 3338 3974 3411">
    <p class='ocr_par' dir='ltr' id='par_1_42' title="bbox 768 3338 3974 3411">
     <span class='ocr_line' id='line_1_45' title="bbox 768 3338 3974 3411; baseline -0.001 -23"><span class='ocrx_word' id='word_1_533' title='bbox 768 3338 897 3411; x_wconf 68' lang='lat' dir='ltr'>mitti</span> <span class='ocrx_word' id='word_1_534' title='bbox 938 3338 1142 3411; x_wconf 83' lang='lat' dir='ltr'>deesse,</span> <span class='ocrx_word' id='word_1_535' title='bbox 1176 3340 1269 3391; x_wconf 85' lang='lat' dir='ltr'>sed</span> <span class='ocrx_word' id='word_1_536' title='bbox 1291 3338 1720 3411; x_wconf 37' lang='lat' dir='ltr'>otnnibustsolis</span> <span class='ocrx_word' id='word_1_537' title='bbox 1750 3338 1945 3411; x_wconf 89' lang='lat' dir='ltr'>in_s_tar,</span> <span class='ocrx_word' id='word_1_538' title='bbox 1970 3339 2394 3411; x_wconf 88' lang='lat' dir='ltr'>benelicos_suos</span> <span class='ocrx_word' id='word_1_539' title='bbox 2426 3340 2609 3411; x_wconf 87' lang='lat' dir='ltr'>radios</span> <span class='ocrx_word' id='word_1_540' title='bbox 2630 3341 2957 3411; x_wconf 72' lang='lat' dir='ltr'>expandere,</span> <span class='ocrx_word' id='word_1_541' title='bbox 2985 3340 3055 3411; x_wconf 82' lang='lat' dir='ltr'>ad</span> <span class='ocrx_word' id='word_1_542' title='bbox 3076 3356 3213 3409; x_wconf 89' lang='lat' dir='ltr'>quos</span> <span class='ocrx_word' id='word_1_543' title='bbox 3231 3338 3289 3396; x_wconf 84' lang='lat' dir='ltr'>se</span> <span class='ocrx_word' id='word_1_544' title='bbox 3313 3338 3715 3411; x_wconf 64' lang='lat' dir='ltr'>exjgentiiitatis</span> <span class='ocrx_word' id='word_1_545' title='bbox 3741 3338 3974 3411; x_wconf 69' lang='lat' dir='ltr'>tenebris</span> 
     </span>
    </p>
   </div>
   <div class='ocr_carea' id='block_1_43' title="bbox 764 3405 3974 3479">
    <p class='ocr_par' dir='ltr' id='par_1_43' title="bbox 764 3405 3974 3479">
     <span class='ocr_line' id='line_1_46' title="bbox 764 3405 3974 3479; baseline -0.001 -20"><span class='ocrx_word' id='word_1_546' title='bbox 764 3406 861 3479; x_wconf 70' lang='lat' dir='ltr'>Dei</span> <span class='ocrx_word' id='word_1_547' title='bbox 889 3407 1090 3479; x_wconf 68' lang='lat' dir='ltr'>gratia</span> <span class='ocrx_word' id='word_1_548' title='bbox 1116 3408 1409 3479; x_wconf 83' lang='lat' dir='ltr'>emersisse</span> <span class='ocrx_word' id='word_1_549' title='bbox 1442 3408 1755 3479; x_wconf 80' lang='lat' dir='ltr'>conﬁtetur.</span> <span class='ocrx_word' id='word_1_550' title='bbox 1802 3405 1914 3461; x_wconf 88' lang='lat' dir='ltr'>Hoc</span> <span class='ocrx_word' id='word_1_551' title='bbox 1953 3411 2113 3460; x_wconf 86' lang='lat' dir='ltr'>etiam</span> <span class='ocrx_word' id='word_1_552' title='bbox 2144 3408 2337 3479; x_wconf 89' lang='lat' dir='ltr'>probat</span> <span class='ocrx_word' id='word_1_553' title='bbox 2367 3410 2615 3476; x_wconf 80' lang='lat' dir='ltr'>exemplo</span> <span class='ocrx_word' id='word_1_554' title='bbox 2639 3405 3342 3479; x_wconf 53' lang='lat' dir='ltr'>Mélcbisedechifquimon</span> <span class='ocrx_word' id='word_1_555' title='bbox 3368 3405 3539 3466; x_wconf 67' lang='lat' dir='ltr'>solum</span> <span class='ocrx_word' id='word_1_556' title='bbox 3569 3426 3599 3464; x_wconf 90' lang='lat' dir='ltr'>e</span> <span class='ocrx_word' id='word_1_557' title='bbox 3642 3409 3885 3478; x_wconf 85' lang='lat' dir='ltr'>gentibus</span> <span class='ocrx_word' id='word_1_558' title='bbox 3903 3410 3974 3479; x_wconf 81' lang='lat' dir='ltr'>ad</span> 
     </span>
    </p>
   </div>
   <div class='ocr_carea' id='block_1_44' title="bbox 768 3473 3977 3595">
    <p class='ocr_par' dir='ltr' id='par_1_44' title="bbox 768 3473 3977 3595">
     <span class='ocr_line' id='line_1_47' title="bbox 768 3473 3977 3595; baseline 0.001 -69"><span class='ocrx_word' id='word_1_559' title='bbox 768 3473 947 3554; x_wconf 80' lang='lat' dir='ltr'>lumen</span> <span class='ocrx_word' id='word_1_560' title='bbox 979 3476 1505 3595; x_wconf 38' lang='lat' dir='ltr'>verita:_its.temersit,</span> <span class='ocrx_word' id='word_1_561' title='bbox 1534 3492 1720 3531; x_wconf 92' lang='lat' dir='ltr'>verum</span> <span class='ocrx_word' id='word_1_562' title='bbox 1751 3479 1917 3529; x_wconf 88' lang='lat' dir='ltr'>etiam</span> <span class='ocrx_word' id='word_1_563' title='bbox 1941 3479 2061 3531; x_wconf 88' lang='lat' dir='ltr'>aliis</span> <span class='ocrx_word' id='word_1_564' title='bbox 2091 3473 2361 3549; x_wconf 68' lang='lat' dir='ltr'>praeluxit,</span> <span class='ocrx_word' id='word_1_565' title='bbox 2393 3473 2555 3545; x_wconf 82' lang='lat' dir='ltr'>atque</span> <span class='ocrx_word' id='word_1_566' title='bbox 2585 3479 2840 3531; x_wconf 86' lang='lat' dir='ltr'>sacerdos</span> <span class='ocrx_word' id='word_1_567' title='bbox 2866 3492 3107 3533; x_wconf 87' lang='lat' dir='ltr'>summus</span> <span class='ocrx_word' id='word_1_568' title='bbox 3133 3473 3392 3532; x_wconf 65' lang='lat' dir='ltr'>&#39;eﬁ‘ectus</span> <span class='ocrx_word' id='word_1_569' title='bbox 3427 3517 3442 3545; x_wconf 93' lang='lat'>,</span> <span class='ocrx_word' id='word_1_570' title='bbox 3512 3473 3796 3547; x_wconf 61' lang='lat' dir='ltr'>ipsiu&#39;sinet</span> <span class='ocrx_word' id='word_1_571' title='bbox 3824 3478 3977 3531; x_wconf 78' lang='lat' dir='ltr'>Chri-</span> 
     </span>
     <span class='ocr_line' id='line_1_48' title="bbox 768 3554 1309 3595; baseline -0.006 0"><span class='ocrx_word' id='word_1_572' title='bbox 768 3556 838 3595; x_wconf 82' lang='lat' dir='ltr'>sti</span> <span class='ocrx_word' id='word_1_573' title='bbox 879 3556 1031 3595; x_wconf 84' lang='lat' dir='ltr'>tvnus</span> <span class='ocrx_word' id='word_1_574' title='bbox 1054 3554 1149 3595; x_wconf 88' lang='lat' dir='ltr'>exs</span> <span class='ocrx_word' id='word_1_575' title='bbox 1176 3557 1190 3593; x_wconf 85' lang='grc' dir='ltr'>ι</span> <span class='ocrx_word' id='word_1_576' title='bbox 1219 3556 1234 3594; x_wconf 83' lang='grc' dir='ltr'><strong><em>ι</em></strong></span> <span class='ocrx_word' id='word_1_577' title='bbox 1264 3559 1309 3592; x_wconf 82' lang='lat'>.-</span> 
     </span>
    </p>
   </div>
   <div class='ocr_carea' id='block_1_45' title="bbox 768 3550 1309 3598">
    <p class='ocr_par' dir='ltr' id='par_1_45' title="bbox 768 3550 1309 3598">
     <span class='ocr_line' id='line_1_49' title="bbox 768 3550 1309 3598; baseline -0.011 -1"><span class='ocrx_word' id='word_1_578' title='bbox 768 3550 838 3598; x_wconf 87' lang='lat' dir='ltr'>sti</span> <span class='ocrx_word' id='word_1_579' title='bbox 879 3556 1031 3598; x_wconf 75' lang='lat' dir='ltr'>typus</span> <span class='ocrx_word' id='word_1_580' title='bbox 1054 3550 1278 3595; x_wconf 78' lang='lat' dir='ltr'>exstitit.</span> <span class='ocrx_word' id='word_1_581' title='bbox 1299 3559 1309 3581; x_wconf 84' lang='grc' dir='ltr'>ι</span> 
     </span>
    </p>
   </div>
   <div class='ocr_carea' id='block_1_46' title="bbox 840 3557 3977 3691">
    <p class='ocr_par' dir='ltr' id='par_1_46' title="bbox 840 3557 3977 3691">
     <span class='ocr_line' id='line_1_50' title="bbox 840 3557 3977 3691; baseline 0.001 -28"><span class='ocrx_word' id='word_1_582' title='bbox 840 3557 1517 3691; x_wconf 37' lang='grc' dir='ltr'>ςιῖἒιξῖἓτιιδῖἱΐσυδιηιο</span> <span class='ocrx_word' id='word_1_583' title='bbox 1547 3614 1725 3691; x_wconf 46' lang='lat' dir='ltr'>Delia</span> <span class='ocrx_word' id='word_1_584' title='bbox 1757 3631 1948 3672; x_wconf 89' lang='lat' dir='ltr'>omnes</span> <span class='ocrx_word' id='word_1_585' title='bbox 1975 3617 2313 3691; x_wconf 75' lang='lat' dir='ltr'>providentia</span> <span class='ocrx_word' id='word_1_586' title='bbox 2339 3630 2446 3670; x_wconf 93' lang='lat' dir='ltr'>non</span> <span class='ocrx_word' id='word_1_587' title='bbox 2477 3616 2651 3691; x_wconf 76' lang='lat' dir='ltr'>solum</span> <span class='ocrx_word' id='word_1_588' title='bbox 2672 3614 2880 3691; x_wconf 63' lang='lat' dir='ltr'>1Iudaeis</span> <span class='ocrx_word' id='word_1_589' title='bbox 2896 3616 2989 3669; x_wconf 89' lang='lat' dir='ltr'>sed</span> <span class='ocrx_word' id='word_1_590' title='bbox 3018 3616 3138 3673; x_wconf 87' lang='lat' dir='ltr'>aliis</span> <span class='ocrx_word' id='word_1_591' title='bbox 3157 3619 3317 3673; x_wconf 88' lang='lat' dir='ltr'>etiam</span> <span class='ocrx_word' id='word_1_592' title='bbox 3345 3620 3595 3691; x_wconf 85' lang='lat' dir='ltr'>gentibus</span> <span class='ocrx_word' id='word_1_593' title='bbox 3626 3617 3801 3689; x_wconf 89' lang='lat' dir='ltr'>angeli</span> <span class='ocrx_word' id='word_1_594' title='bbox 3835 3626 3977 3670; x_wconf 83' lang='lat' dir='ltr'>tute-</span> 
     </span>
    </p>
   </div>
   <div class='ocr_carea' id='block_1_47' title="bbox 768 3680 3974 3759">
    <p class='ocr_par' dir='ltr' id='par_1_47' title="bbox 768 3680 3974 3759">
     <span class='ocr_line' id='line_1_51' title="bbox 768 3680 3974 3759; baseline 0.002 -26"><span class='ocrx_word' id='word_1_595' title='bbox 768 3680 909 3734; x_wconf 66' lang='lat' dir='ltr'>larés</span> <span class='ocrx_word' id='word_1_596' title='bbox 938 3680 1047 3759; x_wconf 63' lang='lat' dir='ltr'>tina</span> <span class='ocrx_word' id='word_1_597' title='bbox 1078 3680 1206 3759; x_wconf 71' lang='lat' dir='ltr'>sint,</span> <span class='ocrx_word' id='word_1_598' title='bbox 1230 3692 1288 3733; x_wconf 89' lang='lat' dir='ltr'>ut</span> <span class='ocrx_word' id='word_1_599' title='bbox 1311 3683 1909 3759; x_wconf 33' lang='lat' dir='ltr'>probatum-Pharaone</span> <span class='ocrx_word' id='word_1_600' title='bbox 1943 3680 1996 3759; x_wconf 78' lang='lat' dir='ltr'>et</span> <span class='ocrx_word' id='word_1_601' title='bbox 2025 3687 2579 3759; x_wconf 77' lang='lat' dir='ltr'>Nabuchodonosore,</span> <span class='ocrx_word' id='word_1_602' title='bbox 2605 3686 2943 3759; x_wconf 75' lang='lat' dir='ltr'>39_quibus</span> <span class='ocrx_word' id='word_1_603' title='bbox 2967 3702 3069 3759; x_wconf 87' lang='lat' dir='ltr'>per</span> <span class='ocrx_word' id='word_1_604' title='bbox 3091 3693 3312 3759; x_wconf 87' lang='lat' dir='ltr'>angelos</span> <span class='ocrx_word' id='word_1_605' title='bbox 3342 3680 3578 3745; x_wconf 53' lang='lat' dir='ltr'>visiones</span> <span class='ocrx_word' id='word_1_606' title='bbox 3609 3680 3974 3757; x_wconf 68' lang='lat' dir='ltr'>cmitigeruut.</span> 
     </span>
    </p>
   </div>
   <div class='ocr_carea' id='block_1_48' title="bbox 809 3747 3975 3827">
    <p class='ocr_par' dir='ltr' id='par_1_48' title="bbox 809 3747 3975 3827">
     <span class='ocr_line' id='line_1_52' title="bbox 809 3747 3975 3827; baseline 0.003 -26"><span class='ocrx_word' id='word_1_607' title='bbox 809 3764 904 3827; x_wconf 83' lang='lat' dir='ltr'>uas</span> <span class='ocrx_word' id='word_1_608' title='bbox 928 3747 1124 3827; x_wconf 65' lang='lat' dir='ltr'>Ioseph</span> <span class='ocrx_word' id='word_1_609' title='bbox 1150 3747 1537 3827; x_wconf 55' lang='lat' dir='ltr'>atquepaniel</span> <span class='ocrx_word' id='word_1_610' title='bbox 1570 3754 1637 3805; x_wconf 86' lang='lat' dir='ltr'>ab</span> <span class='ocrx_word' id='word_1_611' title='bbox 1671 3758 1879 3821; x_wconf 79' lang='lat' dir='ltr'>augetis</span> <span class='ocrx_word' id='word_1_612' title='bbox 1911 3758 2087 3827; x_wconf 87' lang='lat' dir='ltr'>edocti</span> <span class='ocrx_word' id='word_1_613' title='bbox 2120 3758 2250 3823; x_wconf 88' lang='lat' dir='ltr'>ipsis</span> <span class='ocrx_word' id='word_1_614' title='bbox 2280 3747 2706 3827; x_wconf 49' lang='lat' dir='ltr'>explicuerun&#39;t.‘</span> <span class='ocrx_word' id='word_1_615' title='bbox 2722 3747 2991 3827; x_wconf 20' lang='grc' dir='ltr'>ΕἰλείιιιυΓ</span> <span class='ocrx_word' id='word_1_616' title='bbox 3018 3747 3239 3827; x_wconf 67' lang='lat' dir='ltr'>exponit</span> <span class='ocrx_word' id='word_1_617' title='bbox 3298 3760 3431 3815; x_wconf 89' lang='lat' dir='ltr'>illud</span> <span class='ocrx_word' id='word_1_618' title='bbox 3489 3759 3642 3813; x_wconf 85' lang='lat' dir='ltr'>Deut.</span> <span class='ocrx_word' id='word_1_619' title='bbox 3686 3747 3924 3827; x_wconf 48' lang='lat' dir='ltr'>XXEIILB</span> <span class='ocrx_word' id='word_1_620' title='bbox 3959 3747 3975 3808; x_wconf 65' lang='grc' dir='ltr'>ὲ</span> 
     </span>
    </p>
   </div>
   <div class='ocr_carea' id='block_1_49' title="bbox 767 3765 3977 3898">
    <p class='ocr_par' dir='ltr' id='par_1_49' title="bbox 767 3765 3977 3898">
     <span class='ocr_line' id='line_1_53' title="bbox 809 3765 3975 3827; baseline 0.004 -26"><span class='ocrx_word' id='word_1_621' title='bbox 809 3765 904 3802; x_wconf 84' lang='lat' dir='ltr'>uas</span> <span class='ocrx_word' id='word_1_622' title='bbox 928 3765 1124 3827; x_wconf 69' lang='lat' dir='ltr'>JOBCPIt</span> <span class='ocrx_word' id='word_1_623' title='bbox 1157 3765 1319 3817; x_wconf 88' lang='lat' dir='ltr'>atque</span> <span class='ocrx_word' id='word_1_624' title='bbox 1352 3765 1537 3804; x_wconf 86' lang='lat' dir='ltr'>uantel</span> <span class='ocrx_word' id='word_1_625' title='bbox 1570 3765 1637 3805; x_wconf 86' lang='lat' dir='ltr'>ab</span> <span class='ocrx_word' id='word_1_626' title='bbox 1671 3765 1879 3821; x_wconf 78' lang='lat' dir='ltr'>augetis</span> <span class='ocrx_word' id='word_1_627' title='bbox 1911 3765 2087 3810; x_wconf 85' lang='lat' dir='ltr'>edocti</span> <span class='ocrx_word' id='word_1_628' title='bbox 2120 3765 2250 3823; x_wconf 85' lang='lat' dir='ltr'>ipsis</span> <span class='ocrx_word' id='word_1_629' title='bbox 2280 3765 2676 3824; x_wconf 80' lang='lat' dir='ltr'>explicuerunt.</span> <span class='ocrx_word' id='word_1_630' title='bbox 2722 3765 2786 3808; x_wconf 69' lang='lat' dir='ltr'>lat</span> <span class='ocrx_word' id='word_1_631' title='bbox 2819 3765 2977 3809; x_wconf 86' lang='lat' dir='ltr'>sunul</span> <span class='ocrx_word' id='word_1_632' title='bbox 3018 3765 3239 3827; x_wconf 81' lang='lat' dir='ltr'>exponit</span> <span class='ocrx_word' id='word_1_633' title='bbox 3298 3765 3431 3815; x_wconf 89' lang='lat' dir='ltr'>illud</span> <span class='ocrx_word' id='word_1_634' title='bbox 3489 3765 3642 3813; x_wconf 82' lang='lat' dir='ltr'>Deut.</span> <span class='ocrx_word' id='word_1_635' title='bbox 3686 3773 3855 3817; x_wconf 73' lang='lat' dir='ltr'>xxx&quot;.</span> <span class='ocrx_word' id='word_1_636' title='bbox 3888 3765 3924 3809; x_wconf 72' lang='grc' dir='ltr'><strong>ὃ</strong></span> <span class='ocrx_word' id='word_1_637' title='bbox 3959 3773 3975 3808; x_wconf 70' lang='grc' dir='ltr'>ε</span> 
     </span>
     <span class='ocr_line' id='line_1_54' title="bbox 767 3765 3977 3898; baseline 0.002 -28"><span class='ocrx_word' id='word_1_638' title='bbox 767 3765 1277 3898; x_wconf 33' lang='lat' dir='ltr'>auande‘dwtdebat</span> <span class='ocrx_word' id='word_1_639' title='bbox 1307 3819 1607 3898; x_wconf 71' lang='lat' dir='ltr'>Attissimus</span> <span class='ocrx_word' id='word_1_640' title='bbox 1633 3826 2072 3898; x_wconf 75' lang='lat' dir='ltr'>gente_s,_statuit</span> <span class='ocrx_word' id='word_1_641' title='bbox 2142 3826 2388 3898; x_wconf 71' lang='lat' dir='ltr'>terminos</span> <span class='ocrx_word' id='word_1_642' title='bbox 2421 3825 2745 3898; x_wconf 67' lang='lat' dir='ltr'>papularum</span> <span class='ocrx_word' id='word_1_643' title='bbox 2784 3825 2942 3898; x_wconf 78' lang='lat' dir='ltr'>juxta</span> <span class='ocrx_word' id='word_1_644' title='bbox 2989 3831 3257 3880; x_wconf 77' lang='lat' dir='ltr'>numerum</span> <span class='ocrx_word' id='word_1_645' title='bbox 3302 3829 3607 3898; x_wconf 82' lang='lat' dir='ltr'>angelorum</span> <span class='ocrx_word' id='word_1_646' title='bbox 3661 3830 3775 3882; x_wconf 86' lang='lat' dir='ltr'>Dei.</span> <span class='ocrx_word' id='word_1_647' title='bbox 3839 3824 3977 3898; x_wconf 70' lang='lat' dir='ltr'>Pars</span> 
     </span>
    </p>
   </div>
   <div class='ocr_carea' id='block_1_50' title="bbox 768 3885 3981 3969">
    <p class='ocr_par' dir='ltr' id='par_1_50' title="bbox 768 3885 3981 3969">
     <span class='ocr_line' id='line_1_55' title="bbox 768 3885 3981 3969; baseline 0.002 -29"><span class='ocrx_word' id='word_1_648' title='bbox 768 3900 943 3941; x_wconf 76' lang='lat' dir='ltr'>autem</span> <span class='ocrx_word' id='word_1_649' title='bbox 975 3885 1187 3969; x_wconf 82' lang='lat' dir='ltr'>Domini</span> <span class='ocrx_word' id='word_1_650' title='bbox 1210 3890 1591 3969; x_wconf 49' lang='lat' dir='ltr'>papulasgjus,</span> <span class='ocrx_word' id='word_1_651' title='bbox 1627 3885 1791 3969; x_wconf 71' lang='lat' dir='ltr'>Jacob</span> <span class='ocrx_word' id='word_1_652' title='bbox 1839 3892 2107 3969; x_wconf 52' lang='lat' dir='ltr'>funiculus</span> <span class='ocrx_word' id='word_1_653' title='bbox 2135 3885 2459 3969; x_wconf 68' lang='lat' dir='ltr'>ha&#39;reditatis</span> <span class='ocrx_word' id='word_1_654' title='bbox 2481 3885 2658 3969; x_wconf 49' lang='lat' dir='ltr'>ejus;</span> <span class='ocrx_word' id='word_1_655' title='bbox 2690 3885 2831 3969; x_wconf 72' lang='lat' dir='ltr'>quod</span> <span class='ocrx_word' id='word_1_656' title='bbox 2860 3906 2965 3947; x_wconf 89' lang='lat' dir='ltr'>non</span> <span class='ocrx_word' id='word_1_657' title='bbox 2996 3898 3069 3949; x_wconf 90' lang='lat' dir='ltr'>ita</span> <span class='ocrx_word' id='word_1_658' title='bbox 3099 3885 3503 3969; x_wconf 59' lang='lat' dir='ltr'>intelligendum</span> <span class='ocrx_word' id='word_1_659' title='bbox 3528 3899 3625 3963; x_wconf 87' lang='lat' dir='ltr'>ait,</span> <span class='ocrx_word' id='word_1_660' title='bbox 3650 3900 3800 3967; x_wconf 84' lang='lat' dir='ltr'>quasi</span> <span class='ocrx_word' id='word_1_661' title='bbox 3840 3896 3981 3969; x_wconf 77' lang='lat' dir='ltr'>Deus</span> 
     </span>
    </p>
   </div>
   <div class='ocr_carea' id='block_1_51' title="bbox 767 3958 3976 4036">
    <p class='ocr_par' dir='ltr' id='par_1_51' title="bbox 767 3958 3976 4036">
     <span class='ocr_line' id='line_1_56' title="bbox 767 3958 3976 4036; baseline 0.001 -25"><span class='ocrx_word' id='word_1_662' title='bbox 767 3970 994 4012; x_wconf 58' lang='lat' dir='ltr'>exteras</span> <span class='ocrx_word' id='word_1_663' title='bbox 1055 3966 1272 4036; x_wconf 62' lang='lat' dir='ltr'>gentes</span> <span class='ocrx_word' id='word_1_664' title='bbox 1304 3958 1511 4036; x_wconf 71' lang='lat' dir='ltr'>angelis</span> <span class='ocrx_word' id='word_1_665' title='bbox 1559 3958 2104 4036; x_wconf 51' lang='lat' dir='ltr'>regendas&#39;dederit,</span> <span class='ocrx_word' id='word_1_666' title='bbox 2154 3963 2268 4036; x_wconf 78' lang='lat' dir='ltr'>solo</span> <span class='ocrx_word' id='word_1_667' title='bbox 2330 3958 2527 4036; x_wconf 83' lang='lat' dir='ltr'>Isracle</span> <span class='ocrx_word' id='word_1_668' title='bbox 2554 3962 2683 4035; x_wconf 88' lang='lat' dir='ltr'>sibi,</span> <span class='ocrx_word' id='word_1_669' title='bbox 2708 3958 2777 4036; x_wconf 41' lang='lat' dir='ltr'>‘id</span> <span class='ocrx_word' id='word_1_670' title='bbox 2814 3975 2899 4017; x_wconf 91' lang='lat' dir='ltr'>est</span> <span class='ocrx_word' id='word_1_671' title='bbox 2947 3982 3056 4019; x_wconf 79' lang='lat' dir='ltr'>sua:</span> <span class='ocrx_word' id='word_1_672' title='bbox 3101 3958 3455 4034; x_wconf 64' lang='lat' dir='ltr'>providentia:</span> <span class='ocrx_word' id='word_1_673' title='bbox 3496 3977 3556 4019; x_wconf 87' lang='lat' dir='ltr'>et</span> <span class='ocrx_word' id='word_1_674' title='bbox 3600 3958 3976 4036; x_wconf 76' lang='lat' dir='ltr'>gubernationi</span> 
     </span>
    </p>
   </div>
   <div class='ocr_carea' id='block_1_52' title="bbox 770 4026 3978 4108">
    <p class='ocr_par' dir='ltr' id='par_1_52' title="bbox 770 4026 3978 4108">
     <span class='ocr_line' id='line_1_57' title="bbox 770 4026 3978 4108; baseline 0.001 -27"><span class='ocrx_word' id='word_1_675' title='bbox 770 4037 1016 4108; x_wconf 64' lang='lat' dir='ltr'>retento,</span> <span class='ocrx_word' id='word_1_676' title='bbox 1078 4036 1157 4108; x_wconf 31' lang='lat' dir='ltr'>ut,</span> <span class='ocrx_word' id='word_1_677' title='bbox 1188 4026 1581 4108; x_wconf 71' lang='lat' dir='ltr'>videlicetipse</span> <span class='ocrx_word' id='word_1_678' title='bbox 1608 4026 1860 4108; x_wconf 50' lang='lat' dir='ltr'>[srgelem</span> <span class='ocrx_word' id='word_1_679' title='bbox 1910 4032 2027 4084; x_wconf 88' lang='lat' dir='ltr'>sine</span> <span class='ocrx_word' id='word_1_680' title='bbox 2065 4033 2276 4099; x_wconf 86' lang='lat' dir='ltr'>angelis</span> <span class='ocrx_word' id='word_1_681' title='bbox 2314 4033 2430 4108; x_wconf 85' lang='lat' dir='ltr'>_vel_</span> <span class='ocrx_word' id='word_1_682' title='bbox 2460 4033 2925 4108; x_wconf 57' lang='lat' dir='ltr'>angeli&#39;_reliquas</span> <span class='ocrx_word' id='word_1_683' title='bbox 2973 4026 3164 4105; x_wconf 72' lang='lat' dir='ltr'>gentes</span> <span class='ocrx_word' id='word_1_684' title='bbox 3212 4046 3461 4108; x_wconf 88' lang='lat' dir='ltr'>regerent</span> <span class='ocrx_word' id='word_1_685' title='bbox 3510 4026 3632 4107; x_wconf 69' lang='lat' dir='ltr'>quia</span> <span class='ocrx_word' id='word_1_686' title='bbox 3686 4047 3740 4091; x_wconf 89' lang='lat' dir='ltr'>et</span> <span class='ocrx_word' id='word_1_687' title='bbox 3788 4034 3978 4108; x_wconf 85' lang='lat' dir='ltr'>lsraeli</span> 
     </span>
    </p>
   </div>
   <div class='ocr_carea' id='block_1_53' title="bbox 770 4095 3977 4179">
    <p class='ocr_par' dir='ltr' id='par_1_53' title="bbox 770 4095 3977 4179">
     <span class='ocr_line' id='line_1_58' title="bbox 770 4095 3977 4179; baseline 0.002 -30"><span class='ocrx_word' id='word_1_688' title='bbox 770 4095 1307 4179; x_wconf 26' lang='lat' dir='ltr'>blicliaeltprzefectus</span> <span class='ocrx_word' id='word_1_689' title='bbox 1358 4098 1655 4179; x_wconf 44' lang='lat' dir='ltr'>legitur-et</span> <span class='ocrx_word' id='word_1_690' title='bbox 1690 4099 1829 4179; x_wconf 61' lang='lat' dir='ltr'>Deus</span> <span class='ocrx_word' id='word_1_691' title='bbox 1879 4115 2067 4154; x_wconf 88' lang='lat' dir='ltr'>omnes</span> <span class='ocrx_word' id='word_1_692' title='bbox 2096 4095 2285 4179; x_wconf 66' lang='lat' dir='ltr'>gentes</span> <span class='ocrx_word' id='word_1_693' title='bbox 2313 4102 2364 4154; x_wconf 94' lang='lat' dir='ltr'>in</span> <span class='ocrx_word' id='word_1_694' title='bbox 2395 4095 3010 4179; x_wconf 68' lang='lat' dir='ltr'>_S_cripturis_po§sidere</span> <span class='ocrx_word' id='word_1_695' title='bbox 3057 4116 3110 4158; x_wconf 90' lang='lat' dir='ltr'>et</span> <span class='ocrx_word' id='word_1_696' title='bbox 3136 4095 3443 4175; x_wconf 64' lang='lat' dir='ltr'>gubei&#39;nare</span> <span class='ocrx_word' id='word_1_697' title='bbox 3485 4095 3850 4173; x_wconf 65' lang='lat' dir='ltr'>ttietttoratur;</span> <span class='ocrx_word' id='word_1_698' title='bbox 3882 4107 3977 4158; x_wconf 82' lang='lat' dir='ltr'>sed</span> 
     </span>
    </p>
   </div>
   <div class='ocr_carea' id='block_1_54' title="bbox 770 4167 3980 4242">
    <p class='ocr_par' dir='ltr' id='par_1_54' title="bbox 770 4167 3980 4242">
     <span class='ocr_line' id='line_1_59' title="bbox 770 4167 3980 4242; baseline 0.002 -23"><span class='ocrx_word' id='word_1_699' title='bbox 770 4168 843 4242; x_wconf 79' lang='lat' dir='ltr'>ita</span> <span class='ocrx_word' id='word_1_700' title='bbox 870 4167 1407 4242; x_wconf 77' lang='lat' dir='ltr'>intelligetnlumest,</span> <span class='ocrx_word' id='word_1_701' title='bbox 1434 4169 1581 4242; x_wconf 81' lang='lat' dir='ltr'>quod</span> <span class='ocrx_word' id='word_1_702' title='bbox 1611 4183 1738 4242; x_wconf 76' lang='lat' dir='ltr'>cum</span> <span class='ocrx_word' id='word_1_703' title='bbox 1792 4170 1932 4242; x_wconf 79' lang='lat' dir='ltr'>Deus</span> <span class='ocrx_word' id='word_1_704' title='bbox 1978 4167 2230 4242; x_wconf 75' lang='lat' dir='ltr'>omnibus</span> <span class='ocrx_word' id='word_1_705' title='bbox 2262 4167 2538 4240; x_wconf 73' lang='lat' dir='ltr'>gentibus</span> <span class='ocrx_word' id='word_1_706' title='bbox 2558 4167 2781 4242; x_wconf 83' lang='lat' dir='ltr'>angelos</span> <span class='ocrx_word' id='word_1_707' title='bbox 2806 4173 3034 4242; x_wconf 85' lang='lat' dir='ltr'>dederit,</span> <span class='ocrx_word' id='word_1_708' title='bbox 3077 4167 3353 4232; x_wconf 56' lang='lat' dir='ltr'>ut&#39;eorutn</span> <span class='ocrx_word' id='word_1_709' title='bbox 3412 4178 3659 4236; x_wconf 85' lang='lat' dir='ltr'>ductibus</span> <span class='ocrx_word' id='word_1_710' title='bbox 3688 4180 3755 4233; x_wconf 88' lang='lat' dir='ltr'>ad</span> <span class='ocrx_word' id='word_1_711' title='bbox 3780 4167 3980 4232; x_wconf 76' lang='lat' dir='ltr'>verita-</span> 
     </span>
    </p>
   </div>
   <div class='ocr_carea' id='block_1_55' title="bbox 771 4237 2775 4308">
    <p class='ocr_par' dir='ltr' id='par_1_55' title="bbox 771 4237 2775 4308">
     <span class='ocr_line' id='line_1_60' title="bbox 771 4237 2775 4308; baseline 0.002 -17"><span class='ocrx_word' id='word_1_712' title='bbox 771 4237 842 4292; x_wconf 88' lang='lat' dir='ltr'>tis</span> <span class='ocrx_word' id='word_1_713' title='bbox 869 4238 1044 4291; x_wconf 84' lang='lat' dir='ltr'>lumen</span> <span class='ocrx_word' id='word_1_714' title='bbox 1073 4238 1439 4305; x_wconf 84' lang='lat' dir='ltr'>pervenirent,</span> <span class='ocrx_word' id='word_1_715' title='bbox 1467 4238 1616 4291; x_wconf 87' lang='lat' dir='ltr'>solus</span> <span class='ocrx_word' id='word_1_716' title='bbox 1642 4238 1807 4293; x_wconf 77' lang='lat' dir='ltr'>Israel</span> <span class='ocrx_word' id='word_1_717' title='bbox 1840 4240 2013 4308; x_wconf 86' lang='lat' dir='ltr'>reipsa</span> <span class='ocrx_word' id='word_1_718' title='bbox 2043 4240 2110 4292; x_wconf 88' lang='lat' dir='ltr'>ad</span> <span class='ocrx_word' id='word_1_719' title='bbox 2145 4237 2329 4294; x_wconf 70' lang='lat' dir='ltr'>verunt</span> <span class='ocrx_word' id='word_1_720' title='bbox 2358 4237 2654 4295; x_wconf 75' lang='lat' dir='ltr'>conversus</span> <span class='ocrx_word' id='word_1_721' title='bbox 2683 4241 2775 4296; x_wconf 89' lang='lat' dir='ltr'>sit.</span> 
     </span>
    </p>
   </div>
   <div class='ocr_carea' id='block_1_56' title="bbox 1794 4541 2934 4616">
    <p class='ocr_par' dir='ltr' id='par_1_56' title="bbox 1794 4541 2934 4616">
     <span class='ocr_line' id='line_1_61' title="bbox 1794 4541 2934 4616; baseline 0.001 -18"><span class='ocrx_word' id='word_1_722' title='bbox 1794 4541 2279 4601; x_wconf 80' lang='lat' dir='ltr'>PARAPHRASIS</span> <span class='ocrx_word' id='word_1_723' title='bbox 2329 4544 2773 4600; x_wconf 68' lang='lat' dir='ltr'>PACHYMER/E</span> <span class='ocrx_word' id='word_1_724' title='bbox 2801 4546 2934 4616; x_wconf 67' lang='grc'><strong>(14).</strong></span> 
     </span>
    </p>
   </div>
   <div class='ocr_carea' id='block_1_57' title="bbox 839 4694 2488 4771">
    <p class='ocr_par' dir='ltr' id='par_1_57' title="bbox 839 4695 2393 4771">
     <span class='ocr_line' id='line_1_62' title="bbox 839 4695 2393 4771; baseline -0.001 -19"><span class='ocrx_word' id='word_1_725' title='bbox 839 4699 867 4771; x_wconf 75' lang='lat'><strong>§</strong></span> <span class='ocrx_word' id='word_1_726' title='bbox 898 4698 939 4757; x_wconf 86' lang='grc'>1.</span> <span class='ocrx_word' id='word_1_727' title='bbox 968 4699 1252 4769; x_wconf 82' lang='lat' dir='ltr'>Reliquum</span> <span class='ocrx_word' id='word_1_728' title='bbox 1295 4704 1401 4763; x_wconf 87' lang='lat' dir='ltr'>est,</span> <span class='ocrx_word' id='word_1_729' title='bbox 1429 4704 1487 4749; x_wconf 92' lang='lat' dir='ltr'>ut</span> <span class='ocrx_word' id='word_1_730' title='bbox 1515 4696 1679 4751; x_wconf 87' lang='lat' dir='ltr'>etiam</span> <span class='ocrx_word' id='word_1_731' title='bbox 1711 4695 1777 4749; x_wconf 91' lang='lat' dir='ltr'>de</span> <span class='ocrx_word' id='word_1_732' title='bbox 1831 4696 2127 4751; x_wconf 90' lang='lat' dir='ltr'>novissimo</span> <span class='ocrx_word' id='word_1_733' title='bbox 2177 4698 2321 4751; x_wconf 93' lang='lat' dir='ltr'>trino</span> <span class='ocrx_word' id='word_1_734' title='bbox 2351 4712 2393 4765; x_wconf 76' lang='grc' dir='ltr'><strong>Α</strong></span> 
     </span>
    </p>
   </div>
   <div class='ocr_carea' id='block_1_58' title="bbox 2324 4694 3973 4771">
    <p class='ocr_par' dir='ltr' id='par_1_58' title="bbox 2351 4694 3973 4770">
     <span class='ocr_line' id='line_1_63' title="bbox 2351 4694 3973 4770; baseline -0.002 -18"><span class='ocrx_word' id='word_1_735' title='bbox 2351 4712 2393 4765; x_wconf 78' lang='grc' dir='ltr'><strong>Α</strong></span> <span class='ocrx_word' id='word_1_736' title='bbox 2498 4698 2526 4770; x_wconf 82' lang='lat'><strong>§</strong></span> <span class='ocrx_word' id='word_1_737' title='bbox 2561 4702 2603 4752; x_wconf 85' lang='grc'><strong>1.</strong></span> <span class='ocrx_word' id='word_1_738' title='bbox 2650 4698 2952 4751; x_wconf 82' lang='grc' dir='ltr'>Ἐπίλοιπον</span> <span class='ocrx_word' id='word_1_739' title='bbox 2977 4698 3041 4751; x_wconf 81' lang='grc' dir='ltr'>ἂν</span> <span class='ocrx_word' id='word_1_740' title='bbox 3074 4698 3161 4768; x_wconf 79' lang='grc' dir='ltr'>εἴη</span> <span class='ocrx_word' id='word_1_741' title='bbox 3191 4694 3370 4763; x_wconf 78' lang='grc' dir='ltr'>λέγειν</span> <span class='ocrx_word' id='word_1_742' title='bbox 3398 4696 3490 4748; x_wconf 66' lang='grc' dir='ltr'>καὶ</span> <span class='ocrx_word' id='word_1_743' title='bbox 3525 4697 3650 4767; x_wconf 80' lang='grc' dir='ltr'>περὶ</span> <span class='ocrx_word' id='word_1_744' title='bbox 3680 4695 3779 4765; x_wconf 85' lang='grc' dir='ltr'>τῆς</span> <span class='ocrx_word' id='word_1_745' title='bbox 3817 4694 3973 4766; x_wconf 68' lang='grc' dir='ltr'>ἐσχά-</span> 
     </span>
    </p>
   </div>
   <div class='ocr_carea' id='block_1_59' title="bbox 765 4785 2414 4861">
    <p class='ocr_par' dir='ltr' id='par_1_59' title="bbox 765 4786 2319 4857">
     <span class='ocr_line' id='line_1_64' title="bbox 765 4786 2319 4857; baseline -0.004 -12"><span class='ocrx_word' id='word_1_746' title='bbox 765 4792 955 4845; x_wconf 91' lang='lat' dir='ltr'>ordine</span> <span class='ocrx_word' id='word_1_747' title='bbox 991 4792 1251 4853; x_wconf 86' lang='lat' dir='ltr'>dicamus,</span> <span class='ocrx_word' id='word_1_748' title='bbox 1298 4789 1388 4857; x_wconf 92' lang='lat' dir='ltr'>qui</span> <span class='ocrx_word' id='word_1_749' title='bbox 1420 4786 2061 4854; x_wconf 85' lang='lat' dir='ltr'>constatprincipatibus,</span> <span class='ocrx_word' id='word_1_750' title='bbox 2090 4788 2319 4840; x_wconf 87' lang='lat' dir='ltr'>archan-</span> 
     </span>
    </p>
   </div>
   <div class='ocr_carea' id='block_1_60' title="bbox 2330 4785 3979 4861">
    <p class='ocr_par' dir='ltr' id='par_1_60' title="bbox 2430 4785 3979 4861">
     <span class='ocr_line' id='line_1_65' title="bbox 2430 4785 3979 4861; baseline -0.005 -19"><span class='ocrx_word' id='word_1_751' title='bbox 2430 4808 2518 4860; x_wconf 75' lang='grc' dir='ltr'>της</span> <span class='ocrx_word' id='word_1_752' title='bbox 2541 4790 2819 4861; x_wconf 70' lang='grc' dir='ltr'>τριαδικῆς</span> <span class='ocrx_word' id='word_1_753' title='bbox 2867 4788 3088 4852; x_wconf 76' lang='grc' dir='ltr'>τάξεως,</span> <span class='ocrx_word' id='word_1_754' title='bbox 3118 4787 3224 4839; x_wconf 82' lang='grc' dir='ltr'>ἀπό</span> <span class='ocrx_word' id='word_1_755' title='bbox 3261 4804 3319 4838; x_wconf 86' lang='grc' dir='ltr'>τε</span> <span class='ocrx_word' id='word_1_756' title='bbox 3360 4786 3467 4837; x_wconf 81' lang='grc' dir='ltr'>τῶν</span> <span class='ocrx_word' id='word_1_757' title='bbox 3502 4785 3703 4855; x_wconf 76' lang='grc' dir='ltr'>ἀρχῶν,</span> <span class='ocrx_word' id='word_1_758' title='bbox 3736 4785 3844 4835; x_wconf 85' lang='grc' dir='ltr'>τῶν</span> <span class='ocrx_word' id='word_1_759' title='bbox 3878 4785 3979 4855; x_wconf 71' lang='grc' dir='ltr'>ἀρα</span> 
     </span>
    </p>
   </div>
   <div class='ocr_carea' id='block_1_61' title="bbox 768 4877 2417 4953">
    <p class='ocr_par' dir='ltr' id='par_1_61' title="bbox 768 4878 2317 4953">
     <span class='ocr_line' id='line_1_66' title="bbox 768 4878 2317 4953; baseline -0.005 -16"><span class='ocrx_word' id='word_1_760' title='bbox 768 4884 901 4953; x_wconf 88' lang='lat' dir='ltr'>gelis</span> <span class='ocrx_word' id='word_1_761' title='bbox 936 4890 995 4936; x_wconf 89' lang='lat' dir='ltr'>et</span> <span class='ocrx_word' id='word_1_762' title='bbox 1022 4879 1246 4948; x_wconf 81' lang='lat' dir='ltr'>angelis,</span> <span class='ocrx_word' id='word_1_763' title='bbox 1292 4894 1321 4932; x_wconf 91' lang='lat' dir='ltr'>e</span> <span class='ocrx_word' id='word_1_764' title='bbox 1344 4878 1537 4947; x_wconf 81' lang='lat' dir='ltr'>quibus</span> <span class='ocrx_word' id='word_1_765' title='bbox 1565 4878 1947 4951; x_wconf 80' lang='lat' dir='ltr'>concinnatur:</span> <span class='ocrx_word' id='word_1_766' title='bbox 1982 4890 2045 4930; x_wconf 87' lang='lat' dir='ltr'>ac</span> <span class='ocrx_word' id='word_1_767' title='bbox 2088 4878 2317 4945; x_wconf 88' lang='lat' dir='ltr'>primum</span> 
     </span>
    </p>
   </div>
   <div class='ocr_carea' id='block_1_62' title="bbox 2332 4877 3981 4953">
    <p class='ocr_par' dir='ltr' id='par_1_62' title="bbox 2424 4877 3981 4951">
     <span class='ocr_line' id='line_1_67' title="bbox 2424 4877 3981 4951; baseline -0.004 -18"><span class='ocrx_word' id='word_1_768' title='bbox 2424 4880 2722 4951; x_wconf 80' lang='grc' dir='ltr'>χαγγέλων,</span> <span class='ocrx_word' id='word_1_769' title='bbox 2757 4879 2850 4931; x_wconf 71' lang='grc' dir='ltr'>καὶ</span> <span class='ocrx_word' id='word_1_770' title='bbox 2894 4878 3001 4930; x_wconf 79' lang='grc' dir='ltr'>τῶν</span> <span class='ocrx_word' id='word_1_771' title='bbox 3055 4878 3296 4945; x_wconf 78' lang='grc' dir='ltr'>ἀγγέλων</span> <span class='ocrx_word' id='word_1_772' title='bbox 3356 4877 3839 4947; x_wconf 79' lang='grc' dir='ltr'>συμπληρουμένης</span> <span class='ocrx_word' id='word_1_773' title='bbox 3887 4880 3981 4927; x_wconf 75' lang='grc' dir='ltr'>καὶ</span> 
     </span>
    </p>
   </div>
   <div class='ocr_carea' id='block_1_63' title="bbox 768 4964 2417 5041">
    <p class='ocr_par' dir='ltr' id='par_1_63' title="bbox 768 4966 2321 5037">
     <span class='ocr_line' id='line_1_68' title="bbox 768 4966 2321 5037; baseline -0.006 -10"><span class='ocrx_word' id='word_1_774' title='bbox 768 4990 872 5028; x_wconf 89' lang='lat' dir='ltr'>non</span> <span class='ocrx_word' id='word_1_775' title='bbox 899 4972 995 5026; x_wconf 87' lang='lat' dir='ltr'>abs</span> <span class='ocrx_word' id='word_1_776' title='bbox 1032 4984 1091 5025; x_wconf 88' lang='lat' dir='ltr'>re</span> <span class='ocrx_word' id='word_1_777' title='bbox 1119 4968 1297 5033; x_wconf 82' lang='lat' dir='ltr'>fuerit,</span> <span class='ocrx_word' id='word_1_778' title='bbox 1316 4983 1413 5037; x_wconf 89' lang='lat' dir='ltr'>pro</span> <span class='ocrx_word' id='word_1_779' title='bbox 1440 4967 1581 5020; x_wconf 89' lang='lat' dir='ltr'>virili</span> <span class='ocrx_word' id='word_1_780' title='bbox 1610 4966 1881 5035; x_wconf 86' lang='lat' dir='ltr'>explicare</span> <span class='ocrx_word' id='word_1_781' title='bbox 1927 4978 2202 5019; x_wconf 87' lang='lat' dir='ltr'>sacrorum</span> <span class='ocrx_word' id='word_1_782' title='bbox 2230 4981 2321 5018; x_wconf 88' lang='lat' dir='ltr'>eo-</span> 
     </span>
    </p>
   </div>
   <div class='ocr_carea' id='block_1_64' title="bbox 2333 4964 3982 5041">
    <p class='ocr_par' dir='ltr' id='par_1_64' title="bbox 2425 4964 3982 5041">
     <span class='ocr_line' id='line_1_69' title="bbox 2425 4964 3982 5041; baseline -0.001 -20"><span class='ocrx_word' id='word_1_783' title='bbox 2425 4971 2888 5041; x_wconf 79' lang='grc' dir='ltr'>διακοσμουμένης</span> <span class='ocrx_word' id='word_1_784' title='bbox 2916 4987 2927 4999; x_wconf 94' lang='grc'><strong>·</strong></span> <span class='ocrx_word' id='word_1_785' title='bbox 2975 4970 3068 5022; x_wconf 73' lang='grc' dir='ltr'>καὶ</span> <span class='ocrx_word' id='word_1_786' title='bbox 3115 4969 3327 5038; x_wconf 71' lang='grc' dir='ltr'>πρῶτον</span> <span class='ocrx_word' id='word_1_787' title='bbox 3358 4969 3421 5021; x_wconf 80' lang='grc' dir='ltr'>ἂν</span> <span class='ocrx_word' id='word_1_788' title='bbox 3450 4968 3534 5035; x_wconf 71' lang='grc' dir='ltr'>εἴη</span> <span class='ocrx_word' id='word_1_789' title='bbox 3562 4967 3722 5018; x_wconf 54' lang='grc' dir='ltr'>χωλὸν</span> <span class='ocrx_word' id='word_1_790' title='bbox 3754 4965 3896 5019; x_wconf 75' lang='grc' dir='ltr'>κατὰ</span> <span class='ocrx_word' id='word_1_791' title='bbox 3919 4964 3982 5019; x_wconf 76' lang='grc' dir='ltr'><strong>τὸ</strong></span> 
     </span>
    </p>
   </div>
   <div class='ocr_carea' id='block_1_65' title="bbox 769 5052 2418 5129">
    <p class='ocr_par' dir='ltr' id='par_1_65' title="bbox 769 5054 2323 5128">
     <span class='ocr_line' id='line_1_70' title="bbox 769 5054 2323 5128; baseline -0.008 -10"><span class='ocrx_word' id='word_1_792' title='bbox 769 5078 886 5118; x_wconf 86' lang='lat' dir='ltr'>rum</span> <span class='ocrx_word' id='word_1_793' title='bbox 916 5058 1193 5117; x_wconf 85' lang='lat' dir='ltr'>nominaui</span> <span class='ocrx_word' id='word_1_794' title='bbox 1241 5059 1687 5128; x_wconf 73' lang='lat' dir='ltr'>significationes.</span> <span class='ocrx_word' id='word_1_795' title='bbox 1728 5054 2143 5122; x_wconf 80' lang='lat' dir='ltr'>Nomenitaque</span> <span class='ocrx_word' id='word_1_796' title='bbox 2172 5056 2323 5123; x_wconf 89' lang='lat' dir='ltr'>prin-</span> 
     </span>
    </p>
   </div>
   <div class='ocr_carea' id='block_1_66' title="bbox 2334 5052 3983 5129">
    <p class='ocr_par' dir='ltr' id='par_1_66' title="bbox 2427 5052 3983 5129">
     <span class='ocr_line' id='line_1_71' title="bbox 2427 5052 3983 5129; baseline -0.001 -18"><span class='ocrx_word' id='word_1_797' title='bbox 2427 5061 2643 5113; x_wconf 79' lang='grc' dir='ltr'>δυνατὸν</span> <span class='ocrx_word' id='word_1_798' title='bbox 2676 5060 2772 5121; x_wconf 78' lang='grc' dir='ltr'>τὰς</span> <span class='ocrx_word' id='word_1_799' title='bbox 2803 5060 2909 5112; x_wconf 82' lang='grc' dir='ltr'>τῶν</span> <span class='ocrx_word' id='word_1_800' title='bbox 2942 5060 3262 5128; x_wconf 75' lang='grc' dir='ltr'>ὲπωνυμιῶν</span> <span class='ocrx_word' id='word_1_801' title='bbox 3318 5057 3637 5129; x_wconf 79' lang='grc' dir='ltr'>ὲκδηλὼσεις</span> <span class='ocrx_word' id='word_1_802' title='bbox 3660 5059 3851 5111; x_wconf 80' lang='grc' dir='ltr'>εἰπεῖν.</span> <span class='ocrx_word' id='word_1_803' title='bbox 3906 5052 3983 5109; x_wconf 81' lang='grc' dir='ltr'>Τὸ</span> 
     </span>
    </p>
   </div>
   <div class='ocr_carea' id='block_1_67' title="bbox 768 5145 2417 5225">
    <p class='ocr_par' dir='ltr' id='par_1_67' title="bbox 768 5147 2322 5225">
     <span class='ocr_line' id='line_1_72' title="bbox 768 5147 2322 5225; baseline -0.008 -14"><span class='ocrx_word' id='word_1_804' title='bbox 768 5156 1077 5225; x_wconf 82' lang='lat' dir='ltr'>cipatnum,</span> <span class='ocrx_word' id='word_1_805' title='bbox 1128 5150 1459 5208; x_wconf 72' lang='lat' dir='ltr'>deiforniiter</span> <span class='ocrx_word' id='word_1_806' title='bbox 1507 5160 1563 5203; x_wconf 91' lang='lat' dir='ltr'>et</span> <span class='ocrx_word' id='word_1_807' title='bbox 1618 5150 1685 5203; x_wconf 86' lang='lat' dir='ltr'>ad</span> <span class='ocrx_word' id='word_1_808' title='bbox 1742 5150 1837 5202; x_wconf 89' lang='lat' dir='ltr'>Dei</span> <span class='ocrx_word' id='word_1_809' title='bbox 1895 5147 2322 5210; x_wconf 85' lang='lat' dir='ltr'>similitudinem,</span> 
     </span>
    </p>
   </div>
   <div class='ocr_carea' id='block_1_68' title="bbox 2331 5145 3980 5225">
    <p class='ocr_par' dir='ltr' id='par_1_68' title="bbox 2427 5145 3980 5220">
     <span class='ocr_line' id='line_1_73' title="bbox 2427 5145 3980 5220; baseline -0.003 -19"><span class='ocrx_word' id='word_1_810' title='bbox 2427 5149 2555 5217; x_wconf 82' lang='grc' dir='ltr'>γοῦν</span> <span class='ocrx_word' id='word_1_811' title='bbox 2599 5150 2708 5200; x_wconf 83' lang='grc' dir='ltr'>τῶν</span> <span class='ocrx_word' id='word_1_812' title='bbox 2772 5149 2954 5220; x_wconf 81' lang='grc' dir='ltr'>ἀρχῶν</span> <span class='ocrx_word' id='word_1_813' title='bbox 3001 5150 3169 5219; x_wconf 74' lang='grc' dir='ltr'>ὄνομα</span> <span class='ocrx_word' id='word_1_814' title='bbox 3208 5150 3276 5217; x_wconf 53' lang='grc' dir='ltr'>τὸ,</span> <span class='ocrx_word' id='word_1_815' title='bbox 3314 5147 3559 5211; x_wconf 77' lang='grc' dir='ltr'>Θεοειδῶς</span> <span class='ocrx_word' id='word_1_816' title='bbox 3598 5149 3692 5200; x_wconf 77' lang='grc' dir='ltr'>καὶ</span> <span class='ocrx_word' id='word_1_817' title='bbox 3736 5146 3813 5217; x_wconf 80' lang='grc' dir='ltr'>τῷ</span> <span class='ocrx_word' id='word_1_818' title='bbox 3859 5145 3980 5213; x_wconf 81' lang='grc' dir='ltr'>Θεῷ</span> 
     </span>
    </p>
   </div>
   <div class='ocr_carea' id='block_1_69' title="bbox 760 5237 2409 5319">
    <p class='ocr_par' dir='ltr' id='par_1_69' title="bbox 760 5240 2320 5319">
     <span class='ocr_line' id='line_1_74' title="bbox 760 5240 2320 5319; baseline -0.008 -16"><span class='ocrx_word' id='word_1_819' title='bbox 760 5247 1102 5319; x_wconf 71' lang='lat' dir='ltr'>‘principandi</span> <span class='ocrx_word' id='word_1_820' title='bbox 1170 5261 1232 5300; x_wconf 88' lang='lat' dir='ltr'>ac</span> <span class='ocrx_word' id='word_1_821' title='bbox 1295 5242 1627 5314; x_wconf 86' lang='lat' dir='ltr'>gubernandi</span> <span class='ocrx_word' id='word_1_822' title='bbox 1688 5250 2008 5311; x_wconf 87' lang='lat' dir='ltr'>potestatem</span> <span class='ocrx_word' id='word_1_823' title='bbox 2067 5240 2320 5295; x_wconf 87' lang='lat' dir='ltr'>declarat.</span> 
     </span>
    </p>
   </div>
   <div class='ocr_carea' id='block_1_70' title="bbox 2328 5237 3977 5319">
    <p class='ocr_par' dir='ltr' id='par_1_70' title="bbox 2424 5237 3977 5311">
     <span class='ocr_line' id='line_1_75' title="bbox 2424 5237 3977 5311; baseline 0 -20"><span class='ocrx_word' id='word_1_824' title='bbox 2424 5242 2769 5310; x_wconf 79' lang='grc' dir='ltr'>ὁμοιωμένως</span> <span class='ocrx_word' id='word_1_825' title='bbox 2793 5240 3015 5311; x_wconf 78' lang='grc' dir='ltr'>ἀρχικὸν</span> <span class='ocrx_word' id='word_1_826' title='bbox 3070 5239 3246 5292; x_wconf 81' lang='grc' dir='ltr'><strong>αὐτῶν</strong></span> <span class='ocrx_word' id='word_1_827' title='bbox 3305 5241 3395 5291; x_wconf 76' lang='grc' dir='ltr'>καὶ</span> <span class='ocrx_word' id='word_1_828' title='bbox 3424 5239 3744 5309; x_wconf 77' lang='grc' dir='ltr'>ἡγεμονικὸν</span> <span class='ocrx_word' id='word_1_829' title='bbox 3808 5237 3977 5308; x_wconf 60' lang='grc' dir='ltr'>δηλοῖ.</span> 
     </span>
    </p>
   </div>
   <div class='ocr_carea' id='block_1_71' title="bbox 771 5330 2420 5404">
    <p class='ocr_par' dir='ltr' id='par_1_71' title="bbox 771 5332 2323 5399">
     <span class='ocr_line' id='line_1_76' title="bbox 771 5332 2323 5399; baseline -0.01 -4"><span class='ocrx_word' id='word_1_830' title='bbox 771 5340 889 5395; x_wconf 76' lang='lat' dir='ltr'>Jam</span> <span class='ocrx_word' id='word_1_831' title='bbox 946 5353 1072 5393; x_wconf 89' lang='lat' dir='ltr'>vero</span> <span class='ocrx_word' id='word_1_832' title='bbox 1104 5352 1223 5392; x_wconf 92' lang='lat' dir='ltr'>cum</span> <span class='ocrx_word' id='word_1_833' title='bbox 1258 5338 1485 5390; x_wconf 84' lang='lat' dir='ltr'>ducatus</span> <span class='ocrx_word' id='word_1_834' title='bbox 1513 5335 1676 5387; x_wconf 85' lang='lat' dir='ltr'>etiam</span> <span class='ocrx_word' id='word_1_835' title='bbox 1731 5334 1782 5385; x_wconf 92' lang='lat' dir='ltr'>in</span> <span class='ocrx_word' id='word_1_836' title='bbox 1822 5332 2011 5385; x_wconf 90' lang='lat' dir='ltr'>ordine</span> <span class='ocrx_word' id='word_1_837' title='bbox 2048 5339 2323 5399; x_wconf 84' lang='lat' dir='ltr'>appareat,</span> 
     </span>
    </p>
   </div>
   <div class='ocr_carea' id='block_1_72' title="bbox 2334 5330 3983 5404">
    <p class='ocr_par' dir='ltr' id='par_1_72' title="bbox 2426 5330 3983 5404">
     <span class='ocr_line' id='line_1_77' title="bbox 2426 5330 3983 5404; baseline 0 -21"><span class='ocrx_word' id='word_1_838' title='bbox 2426 5333 2571 5394; x_wconf 80' lang='grc' dir='ltr'>Τέως</span> <span class='ocrx_word' id='word_1_839' title='bbox 2621 5334 2677 5386; x_wconf 79' lang='grc' dir='ltr'>δὲ</span> <span class='ocrx_word' id='word_1_840' title='bbox 2710 5336 2894 5404; x_wconf 77' lang='grc' dir='ltr'>ὲπεὶὴ</span> <span class='ocrx_word' id='word_1_841' title='bbox 2941 5332 3198 5404; x_wconf 76' lang='grc' dir='ltr'>ἡγεμονία</span> <span class='ocrx_word' id='word_1_842' title='bbox 3254 5334 3309 5384; x_wconf 77' lang='grc' dir='ltr'>ὲν</span> <span class='ocrx_word' id='word_1_843' title='bbox 3364 5332 3512 5397; x_wconf 78' lang='grc' dir='ltr'><strong>τάξει</strong></span> <span class='ocrx_word' id='word_1_844' title='bbox 3546 5333 3806 5402; x_wconf 76' lang='grc' dir='ltr'>φαίνεται,</span> <span class='ocrx_word' id='word_1_845' title='bbox 3845 5330 3983 5400; x_wconf 75' lang='grc' dir='ltr'>μετὰ</span> 
     </span>
    </p>
   </div>
   <div class='ocr_carea' id='block_1_73' title="bbox 772 5421 2421 5499">
    <p class='ocr_par' dir='ltr' id='par_1_73' title="bbox 772 5423 2321 5499">
     <span class='ocr_line' id='line_1_78' title="bbox 772 5423 2321 5499; baseline -0.007 -13"><span class='ocrx_word' id='word_1_846' title='bbox 772 5448 892 5486; x_wconf 85' lang='lat' dir='ltr'>cum</span> <span class='ocrx_word' id='word_1_847' title='bbox 914 5430 1378 5499; x_wconf 84' lang='lat' dir='ltr'>ordine,inquam,</span> <span class='ocrx_word' id='word_1_848' title='bbox 1410 5442 1565 5481; x_wconf 84' lang='lat' dir='ltr'>sacro</span> <span class='ocrx_word' id='word_1_849' title='bbox 1587 5436 1643 5479; x_wconf 86' lang='lat' dir='ltr'>et</span> <span class='ocrx_word' id='word_1_850' title='bbox 1674 5423 2321 5492; x_wconf 83' lang='lat' dir='ltr'>istiusmodiprincipati-</span> 
     </span>
    </p>
   </div>
   <div class='ocr_carea' id='block_1_74' title="bbox 2332 5421 3981 5499">
    <p class='ocr_par' dir='ltr' id='par_1_74' title="bbox 2421 5421 3981 5494">
     <span class='ocr_line' id='line_1_79' title="bbox 2421 5421 3981 5494; baseline 0 -21"><span class='ocrx_word' id='word_1_851' title='bbox 2421 5422 2625 5486; x_wconf 74' lang='grc' dir='ltr'>τάξεώς</span> <span class='ocrx_word' id='word_1_852' title='bbox 2658 5441 2796 5494; x_wconf 77' lang='grc' dir='ltr'>φημι</span> <span class='ocrx_word' id='word_1_853' title='bbox 2826 5425 2974 5493; x_wconf 68' lang='grc' dir='ltr'>ἱερᾶς</span> <span class='ocrx_word' id='word_1_854' title='bbox 3025 5424 3117 5475; x_wconf 75' lang='grc' dir='ltr'>καὶ</span> <span class='ocrx_word' id='word_1_855' title='bbox 3146 5422 3524 5493; x_wconf 74' lang='grc' dir='ltr'>προσηκούσης</span> <span class='ocrx_word' id='word_1_856' title='bbox 3568 5422 3840 5482; x_wconf 75' lang='grc' dir='ltr'>τοιαύταις</span> <span class='ocrx_word' id='word_1_857' title='bbox 3881 5421 3981 5492; x_wconf 71' lang='grc' dir='ltr'>ἀρ·</span> 
     </span>
    </p>
   </div>
   <div class='ocr_carea' id='block_1_75' title="bbox 773 5511 2422 5585">
    <p class='ocr_par' dir='ltr' id='par_1_75' title="bbox 773 5514 2315 5583">
     <span class='ocr_line' id='line_1_80' title="bbox 773 5514 2315 5583; baseline -0.007 -5"><span class='ocrx_word' id='word_1_858' title='bbox 773 5526 870 5579; x_wconf 87' lang='lat' dir='ltr'>bus</span> <span class='ocrx_word' id='word_1_859' title='bbox 896 5537 958 5578; x_wconf 87' lang='lat' dir='ltr'>ac</span> <span class='ocrx_word' id='word_1_860' title='bbox 1006 5521 1295 5576; x_wconf 86' lang='lat' dir='ltr'>virtutibus</span> <span class='ocrx_word' id='word_1_861' title='bbox 1318 5519 1679 5582; x_wconf 87' lang='lat' dir='ltr'>convenienti,</span> <span class='ocrx_word' id='word_1_862' title='bbox 1710 5526 1870 5583; x_wconf 86' lang='lat' dir='ltr'>atque</span> <span class='ocrx_word' id='word_1_863' title='bbox 1896 5516 2031 5570; x_wconf 78' lang='lat' dir='ltr'>alias</span> <span class='ocrx_word' id='word_1_864' title='bbox 2057 5516 2218 5568; x_wconf 81' lang='lat' dir='ltr'>etiam</span> <span class='ocrx_word' id='word_1_865' title='bbox 2248 5514 2315 5567; x_wconf 90' lang='lat' dir='ltr'>ad</span> 
     </span>
    </p>
   </div>
   <div class='ocr_carea' id='block_1_76' title="bbox 2330 5511 3979 5585">
    <p class='ocr_par' dir='ltr' id='par_1_76' title="bbox 2424 5511 3979 5585">
     <span class='ocr_line' id='line_1_81' title="bbox 2424 5511 3979 5585; baseline -0.003 -18"><span class='ocrx_word' id='word_1_866' title='bbox 2424 5516 2545 5582; x_wconf 79' lang='grc' dir='ltr'>χατς</span> <span class='ocrx_word' id='word_1_867' title='bbox 2584 5518 2675 5569; x_wconf 76' lang='grc' dir='ltr'>καὶ</span> <span class='ocrx_word' id='word_1_868' title='bbox 2708 5516 3026 5585; x_wconf 80' lang='grc' dir='ltr'>δυνάμεσιν,</span> <span class='ocrx_word' id='word_1_869' title='bbox 3066 5515 3235 5578; x_wconf 81' lang='grc' dir='ltr'>ἄλλως</span> <span class='ocrx_word' id='word_1_870' title='bbox 3267 5531 3326 5568; x_wconf 81' lang='grc' dir='ltr'>τε</span> <span class='ocrx_word' id='word_1_871' title='bbox 3360 5516 3451 5568; x_wconf 80' lang='grc' dir='ltr'>καὶ</span> <span class='ocrx_word' id='word_1_872' title='bbox 3500 5513 3633 5584; x_wconf 78' lang='grc' dir='ltr'>πρὸς</span> <span class='ocrx_word' id='word_1_873' title='bbox 3665 5513 3761 5582; x_wconf 81' lang='grc' dir='ltr'>τὴν</span> <span class='ocrx_word' id='word_1_874' title='bbox 3806 5511 3979 5581; x_wconf 81' lang='grc' dir='ltr'>ἀρχὴν</span> 
     </span>
    </p>
   </div>
   <div class='ocr_carea' id='block_1_77' title="bbox 843 5689 2135 5768">
    <p class='ocr_par' dir='ltr' id='par_1_77' title="bbox 843 5689 2135 5768">
     <span class='ocr_line' id='line_1_82' title="bbox 843 5689 2135 5768; baseline -0.005 -16"><span class='ocrx_word' id='word_1_875' title='bbox 843 5699 951 5768; x_wconf 72' lang='lat' dir='ltr'>(lt)</span> <span class='ocrx_word' id='word_1_876' title='bbox 978 5695 1110 5752; x_wconf 78' lang='lat' dir='ltr'>Vide</span> <span class='ocrx_word' id='word_1_877' title='bbox 1137 5695 1306 5752; x_wconf 83' lang='lat' dir='ltr'>schol.</span> <span class='ocrx_word' id='word_1_878' title='bbox 1332 5694 1390 5749; x_wconf 75' lang='grc' dir='ltr'>Β.</span> <span class='ocrx_word' id='word_1_879' title='bbox 1420 5693 1634 5749; x_wconf 70' lang='lat' dir='ltr'>Maximi</span> <span class='ocrx_word' id='word_1_880' title='bbox 1676 5701 1801 5748; x_wconf 85' lang='lat' dir='ltr'>lout.</span> <span class='ocrx_word' id='word_1_881' title='bbox 1839 5690 1899 5756; x_wconf 86' lang='lat' dir='ltr'>ll,</span> <span class='ocrx_word' id='word_1_882' title='bbox 1926 5705 2045 5760; x_wconf 85' lang='lat' dir='ltr'>cap.</span> <span class='ocrx_word' id='word_1_883' title='bbox 2080 5689 2135 5747; x_wconf 83' lang='lat'>9.</span> 
     </span>
    </p>
   </div>
  </div>
