4176 6308
153 400 250 458 865

675 402 761 456 DE
800 401 1124 457 COELESTI
1170 398 1613 461 lllEil.\llCillA,
1650 399 1800 453 CAP.
1844 396 1935 453 ix.
1976 428 2046 440 --
2081 395 2428 452 PARAPHR.
2464 394 2938 452 PACIIYMEIUE.

3296 400 3408 455 266

153 520 243 587 τὴν
274 516 449 580 ὅντως
484 519 582 570 καὶ
613 517 950 586 ὑπεράρχιον
999 514 1195 578 ὁλικῶς
1216 515 1619 585 ἐπεστράφθαι·
1658 513 1732 574 ὡς

1842 527 2027 564 verunt
2077 527 2142 565 ac
2185 509 2710 579 superpriucipalem
2753 512 3120 581 principatum
3166 515 3411 569 totaliter

156 605 255 676 γὰρ
283 608 548 676 φωτεινὸς
602 607 631 659 ὁ
668 606 1117 678 ἐπεστραμμένος
1165 606 1301 677 πρὸς
1354 604 1540 675 ἥλιον,
1591 602 1735 655 οὕτω

150 698 242 751 καὶ
293 700 461 767 ἀρχαὶ
512 698 569 749 αί
614 698 749 769 πρὸς
796 698 971 770 ἀρχὴν
1022 698 1123 770 τὴν
1163 697 1496 768 ὐπεράρχιον
1526 692 1736 765 ἀφορῶ-

152 808 262 845 σαι.
312 793 384 845 Ἦ
419 792 515 844 καὶ
538 791 745 854 άλλως·
777 791 924 844 Διότι
956 791 1160 863 ἑτέρων
1193 789 1474 862 ἡγοῦνται,
1525 788 1734 860 ἀρχαγ-

150 882 326 952 γέλων
359 883 503 952 φημὶ
550 882 644 935 καὶ
684 882 953 951 ἀγγέλων,
1014 881 1151 953 πρὸς
1180 880 1279 951 τὴν
1316 881 1570 951 τοιαύτην
1613 881 1735 931 ἐπι-

152 973 411 1047 στροφὴν,
436 976 530 1027 καὶ
556 973 645 1027 διὰ
664 973 725 1026 τὸ
775 974 913 1045 πρὸς
939 973 1105 1045 αὐτὴν
1129 972 1342 1043 ἐκείνην
1364 972 1461 1043 τὴν
1494 971 1737 1042 ὑπεράρ-

150 1080 271 1134 χιον
331 1063 507 1135 ἀρχὴν
534 1104 549 1128 ,
596 1063 694 1135 τὴν
754 1064 850 1117 καὶ
904 1063 1004 1126 τὰς
1052 1062 1226 1134 ἀρχὰς
1281 1063 1585 1132 ποιήσασαν
1642 1060 1736 1113 καὶ⁵

148 1156 661 1228 δημιουργήσασαν,
702 1155 1134 1220 ἀποτυποῦσθαι,
1183 1155 1277 1208 καὶ
1314 1156 1406 1207 ὲπὶ
1434 1153 1501 1207 τά
1533 1144 1737 1224 ἀδρατα

150 1249 316 1303 αὑτοῦ
348 1253 461 1314 τοῖς
497 1252 762 1322 ποιήμασι
804 1250 1071 1322 νοούμενα
1095 1247 1432 1319 καθορῶνται
1476 1245 1621 1301 κατά
1645 1245 1738 1300 τὸν

165 1340 514 1396 Ἀπόστολον.
563 1343 677 1397 Οὐκ
714 1343 909 1415 ἔχομεν
932 1340 989 1396 δὲ
1039 1342 1235 1395 είδέναι
1281 1341 1379 1411 τὴν
1413 1337 1738 1411 ὐπερούσιον

154 1435 375 1507 εκείνην
404 1436 580 1507 ἀρχὴν
604 1435 713 1489 τῶν
746 1433 978 1489 ἀπασῶν
1013 1432 1238 1500 τάξεων.
1281 1429 1733 1502 Ἐπωνυμοῦνται

150 1526 340 1596 ἁρχαὶ,
380 1525 455 1590 ὼς
502 1526 719 1596 ἐκείνην
763 1524 862 1596 τὴν
905 1524 1079 1596 ἀρχὴν
1114 1522 1535 1593 ἀναφαίνουσαι,
1574 1522 1631 1573 ὲν
1657 1518 1737 1590 τῷ

150 1618 394 1684 δυνατῶς
418 1620 514 1674 καὶ
544 1619 666 1674 καθ’
691 1620 804 1687 ἒξιν
821 1619 966 1689 ἔχειν
993 1618 1162 1689 αὐτὴν
1196 1617 1331 1689 πρὸς
1356 1616 1456 1687 τὴν
1478 1612 1736 1684 τοιαύτην

155 1707 388 1779 ἀρχικὴν
421 1706 721 1778 εὐκοσμίαν
752 1723 811 1759 τε
850 1706 944 1760 καὶ
971 1705 1326 1760 κατάστασιν.

1838 612 2227 655 convertamur
2254 620 2268 655 :
2294 601 2439 655 sicut
2467 601 2612 654 enim
2652 601 2860 659 lucidus
2879 603 3095 659 exsistit
3112 607 3204 676 qui
3234 608 3301 661 ad
3327 624 3406 661 so-

1837 692 1941 747 lem
1971 708 2267 748 conversus
2296 701 2401 756 est,
2440 693 2514 746 ita
2543 706 2761 761 quoque
2816 694 3177 766 principatus,
3205 697 3296 766 qui
3348 700 3415 752 ad

1839 784 2199 855 principatmn
2222 787 2741 857 superprincipalem
2770 789 3070 842 intuentur.
3126 789 3220 844 Vel
3247 789 3412 845 etiam

1838 874 2033 929 aliter:
2069 875 2337 941 Quoniam
2389 875 2533 936 aliis,
2563 877 2924 947 archangelis,
2956 877 3201 948 inquam.
3234 890 3291 931 et
3318 894 3417 932 an-

1842 965 1999 1035 gelis,
2023 964 2193 1021 duces
2224 974 2353 1021 sunt
2389 968 2695 1021 istiusmodi
2726 968 3124 1033 conversionis,
3173 970 3416 1039 adeoque

1838 1058 1903 1110 ad
1945 1057 2466 1127 superprinripalem
2521 1059 2671 1114 illum
2722 1061 2898 1128 ipsum
2950 1061 3319 1130 principatum
3348 1078 3413 1117 ac

1838 1160 2159 1202 caeli-mrum
2221 1150 2617 1219 principatuum
2680 1162 2960 1205 auctOrem
2988 1161 3043 1207 et
3075 1154 3413 1209 conditorem

1837 1238 2307 1304 conformationis,
2336 1249 2411 1304 et,
2457 1246 2754 1296 secundum
2801 1243 3147 1311 Apostolum,
3173 1244 3241 1297 ad
3273 1244 3414 1298 invi-

1839 1331 2016 1385 sibilia
2044 1331 2210 1398 ipsins
2238 1333 2508 1386 creaturis
2537 1333 2811 1388 intellecta
2836 1342 3175 1389 contueutur
3209 1342 3257 1387 ο.
3294 1335 3410 1390 Νοιι

1838 1435 2129 1489 possumus
2163 1430 2343 1474 autem
2398 1435 2560 1474 nosse
2606 1423 3080 1491 supernaturalem
3117 1423 3264 1477 illum
3296 1440 3416 1479 om-

1839 1512 1989 1565 nium
2012 1511 2273 1566 ordinum
2307 1511 2697 1580 principatum.
2722 1512 3080 1581 Appellantur
3106 1529 3236 1569 vero
3260 1515 3413 1584 prin-

1836 1604 2094 1674 cipatus,
2152 1604 2299 1675 quod
2356 1603 2719 1673 principatum
2799 1604 2953 1660 illum
3007 1606 3411 1673 manifestent,

1837 1704 2092 1764 potenter
2147 1706 2203 1751 et
2261 1696 2772 1751 habitualiter'eum
2822 1698 2889 1751 ad
2920 1698 3277 1769 principalem
3328 1710 3415 1755 ta-

1841 1788 1944 1840 lem
1998 1798 2255 1841 ornatum
2305 1802 2369 1842 ac
2399 1799 2606 1843 statum
2629 1787 2952 1844 obtinendo.

224 1885 253 1957 ᾗ
280 1889 350 1940 ιι.
408 1886 475 1939 Ἠ
507 1886 564 1939 δὲ
590 1884 699 1939 τῶν
743 1884 914 1953 ἁγίων
942 1880 1298 1954 άρχαγγέλων
1332 1878 1451 1931 ἐστὶ
1492 1877 1591 1948 μὲν
1616 1878 1736 1947 ὀμο-

1913 1874 1941 1948 §
1990 1878 2059 1932 ll.
2098 1878 2423 1934 Sanctorum
2461 1896 2593 1937 vero
2644 1883 3103 1952 archangelorum
3139 1883 3276 1939 ordo
3301 1899 3415 1942 cm-

148 1978 324 2049 ταγὴς
352 1981 471 2040 ταῖς
503 1977 783 2049 ῥηθείσαις
809 1973 1089 2047 οὐρανίαις
1127 1973 1344 2042 ἀρχαῖς,
1380 1969 1517 2041 (μία
1564 1969 1671 2040 7&9
1705 1970 1741 2039 ἡ

153 2067 429 2139 ἱεραρχία,
489 2067 669 2120 αὐτῶν
726 2082 788 2118 τε
820 2064 1063 2136 δηλονότι
1120 2060 1230 2115 τῶν
1274 2060 1481 2133 ἀρχῶν,
1511 2060 1742 2114 καὶτῶν

149 2159 531 2231 ἀρχαγγέλων,
563 2158 659 2211 καὶ
714 2156 793 2210 ἔτι
849 2153 959 2210 τῶν
992 2153 1239 2223 ἀγγέλων
1288 2152 1489 2216 αὐτῶν,
1526 2150 1623 2204 καὶ
1653 2150 1743 2204 διὰ

147 2250 311 2303 τοῦτο
346 2251 427 2312 είς
466 2250 597 2320 μίαν
621 2247 775 2315 τάξιν
813 2245 1347 2319 περιλαμϐάνονταιο
1396 2241 1449 2295 τί
1474 2240 1585 2313 7&9
1614 2241 1742 2295 ἀλλο

148 2342 289 2395 εἰσὶν
319 2342 369 2393 oi
398 2339 730 2413 ἀρχάγγελοι
756 2380 772 2405 ,
797 2340 846 2392 εί
888 2338 963 2409 μὴ
1009 2336 1198 2408 τάγμα
1230 2334 1289 2400 ἐξ
1313 2333 1497 2406 ἀρχῶν
1520 2332 1623 2387 καὶ
1638 2332 1741 2401 ἀγ-

150 2433 331 2504 γέλων
361 2434 719 2505 συγκείμενον
738 2431 792 2504 ς)
824 2431 938 2485 ἀλλ’
966 2429 1153 2501 ἐπειδὴ
1178 2428 1278 2481 οὐκ
1304 2426 1449 2480 ἐστιν
1467 2425 1739 2498 ίεραρχία,

151 2526 230 2596 μὴ
260 2524 485 2595 πρώτας
501 2525 595 2579 καὶ
630 2524 801 2596 μέσας
842 2521 939 2577 καὶ
964 2521 1281 2584 τελευταίας
1305 2519 1563 2589 δυνάμεις
1590 2516 1742 2586 ἔχου-

151 2631 244 2676 σα,
273 2615 363 2669 διά
385 2616 545 2668 τοῦτο
581 2616 617 2687 ἡ
642 2613 753 2667 τῶν
780 2612 1139 2686 ἀρχαγγέλων
1162 2609 1335 2676 τάξις,
1369 2609 1446 2671 ὡς
1484 2606 1737 2679 μεσότης,

146 2704 263 2757 τῶν
296 2705 483 2775 ἀκρων
528 2703 989 2775 ἀντιλαμϐάνεται
1018 2703 1161 2757 κατά
1206 2717 1325 2753 τινα
1362 2699 1453 2752 καὶ
1503 2696 1741 2769 ἀμφοτέ-

151 2814 268 2868 ρων
317 2796 625 2849 κοινωνίαν.
673 2797 806 2858 Ταῖς
859 2794 961 2866 μὲν
1002 2794 1201 2865 ἀρχαῖς
1240 2792 1504 2855 κοινωνεῖ,
1533 2790 1614 2843 ὅτι
1646 2789 1742 2843 καὶ

147 2886 294 2958 αὐτὴ
322 2886 460 2957 πρὸς
513 2888 612 2959 τὴν
638 2885 963 2957 ὐπερούσιον
1009 2883 1205 2955 ἀρχὴν,
1233 2882 1326 2935 τὸν
1366 2881 1518 2945 Θεδν,
1542 2880 1740 2945 ὑλικῶς

148 2978 551 3053 ἀπέστραπται,
592 2979 686 3031 καὶ
722 2977 858 3049 πρὸς
882 2976 1099 3047 ἐκείνην
1132 2972 1529 3037 ἀποτυποῦται,
1556 2972 1741 3037 καθὼς

154 3070 268 3142 ἀρα
320 3069 417 3122 καὶ
447 3070 504 3123 αἱ
538 3068 739 3141 ἀρχαίο
774 3069 869 3122 καὶ
914 3069 1037 3121 ἐπεὶ
1082 3068 1140 3120 αί
1201 3066 1367 3137 ἀρχαὶ
1415 3062 1740 3136 ἡγεμονικαί

152 3164 259 3217 εἱσι
279 3164 372 3215 καὶ
394 3162 650 3226 ἑνοποιοὶ,
684 3160 760 3233 μὴ
792 3161 958 3213 ὲῶσαι
990 3159 1091 3224 τὰς
1112 3157 1296 3222 τάξεις
1320 3156 1734 3220 σκεδάννυσθαι,

147 3252 459 3306 ὲνοποιοῦσι
486 3255 579 3306 καὶ
593 3252 721 3316 τοὺς
744 3252 1010 3322 ἀγγέλους
1040 3250 1325 3321 εὐκόσμως
1345 3249 1438 3302 καὶ
1465 3254 1737 3303 τάττουσι.

146 3343 280 3407 Τοῖς
328 3344 387 3396 δὲ
428 3345 685 3414 ἀγγέλοις
712 3343 875 3397 πάλιν
903 3345 1170 3406 κοινωνεῖ,
1213 3342 1294 3394 ὅτι
1323 3341 1429 3393 εἰσὶ
1461 3340 1555 3394 καὶ
1581 3336 1741 3393 αῦται

143 3437 254 3508 τῆς
280 3439 625 3509 ὺποφητικῆς
650 3438 875 3504 τάξεως,
911 3438 1005 3489 καὶ
1032 3436 1380 3506 ὑποδέχονται
1421 3433 1519 3496 τὰς
1553 3432 1744 3504 ἐλλάμ-

144 3530 272 3601 ψεις
327 3530 415 3584 διὰ
445 3531 553 3583 τῶν
588 3529 821 3601 πρώτων
844 3530 1146 3599 δυνάμεων.
1179 3528 1286 3579 Καὶ
1308 3526 1482 3589 άλλως
1507 3529 1618 3589 τοῖς
1642 3527 1741 3595 ἁγ-

144 3622 331 3691 γέλοις
365 3621 715 3676 κοινωνοῦσιν
747 3623 802 3675 αί
840 3622 1025 3692 μέσαι,
1071 3622 1155 3673 ὅτι
1199 3617 1404 3682 ταύτας
1444 3617 1544 3680 τὰς
1588 3616 1739 3681 θείας

146 3714 450 3785 ἀλλάμψεις
470 3716 586 3777 τοῖς
612 3713 864 3782 ἀγγέλοις
889 3711 1234 3781 ἀγγέλλουσι,
1269 3712 1361 3763 καὶ
1405 3710 1473 3762 δι’
1494 3708 1737 3777 ἀγγέλων

146 3808 285 3878 ἡμῖν
333 3806 723 3875 ἀναφαίνουσι’
782 3805 864 3859 διὸ
906 3802 1038 3872 γοῦν
1086 3804 1180 3855 καὶ
1232 3802 1373 3855 κατά
1417 3799 1577 3855 τοῦτο
1626 3803 1739 3864 τοῖς

148 3899 409 3968 ἀγγέλοις
456 3896 838 3961 κοινωνοῦσιν,
898 3897 983 3950 ὅτι
1029 3897 1143 3959 τοῖς
1207 3893 1456 3963 ἀγγέλοις
1500 3892 1738 3964 χρῶνται

149 3991 291 4064 πρὸς
311 3992 413 4053 τὰς
454 3992 589 4062 πρὸς
640 3992 790 4062 ἡμᾶς
848 3989 1243 4060 δηλοποιήσεις,
1275 3985 1416 4039 κατά
1448 3984 1737 4054 ἀναλογίαν

147 4081 260 4136 τῶν
294 4084 404 4136 ἀπὸ
429 4081 563 4135 Θεοῦ
600 4080 1045 4153 ὲλλαμπομένων.
1083 4081 1145 4133 Οί
1204 4078 1312 4150 γὰρ
1361 4078 1601 4147 ἄγγελοι,
1650 4078 1737 4130 ἶνα

148 4178 248 4229 καὶ
283 4175 412 4245 περὶ
444 4172 627 4226 αὐτῶν
669 4174 916 4244 εἴπωμεν
938 4210 953 4235 ,
1013 4170 1460 4243 συμπληρωτικοί
1501 4172 1605 4223 είσι
1634 4170 1737 4223 πά·-

150 4285 253 4339 σης
315 4266 567 4337 οὐρανίου
615 4266 1045 4338 διακοσμήσεως,
1090 4265 1231 4337 πλὴν
1275 4264 1415 4318 κατά
1448 4264 1509 4317 τὸ
1550 4264 1735 4317 τελευ-

145 4365 300 4414 ταῖον
350 4362 442 4413 καὶ
495 4358 557 4412 τὸ
620 4358 844 4428 ἔσχατον
871 4374 883 4386 ·
965 4354 1343 4427 συμπληροῦσι
1392 4354 1499 4426 7&9
1540 4356 1633 4408 καὶ
1684 4354 1733 4407 οί

1845 1972 2074 2028 lestibus
2127 1975 2348 2042 quidem
2420 1976 2542 2031 istis
2593 1977 2995 2048 principatibus
3062 1981 3289 2051 aequalis
3328 1992 3417 2037 est

1849 2063 1999 2133 (nam
2036 2080 2142 2119 una
2190 2073 2276 2120 est
2305 2066 2634 2129 hierarchia,
2682 2069 2924 2138 ipsorum
2962 2084 3157 2138 nempe
3207 2072 3416 2139 princi-

1843 2165 2093 2223 patuum,
2136 2166 2193 2211 et
2234 2158 2713 2229 archangelorum,
2739 2173 2906 2230 atque
2951 2162 3193 2230 ipsorum
3246 2163 3415 2218 etiam

1843 2249 2189 2316 angelorum,
2217 2260 2383 2318 atque
2433 2252 2640 2306 idcirco
2701 2252 2771 2306 ad
2827 2268 2993 2307 unum
3031 2253 3284 2308 ordinem
3331 2270 3418 2309 re-

1844 2342 2137 2395 ducuntur.
2180 2343 2321 2409 Quid
2365 2342 2513 2397 enim
2539 2343 2685 2396 aliud
2716 2352 2842 2397 sant
2871 2345 3213 2415 archangeli,
3242 2360 3408 2415 quam

1840 2434 1978 2499 ordo
2002 2448 2067 2488 ex
2112 2435 2506 2505 principatibus
2551 2446 2608 2491 et
2651 2436 2857 2506 angelis
2893 2436 3235 2509 conﬂatus?)
3268 2455 3283 2493 :
3314 2452 3413 2493 ve-

1844 2540 1989 2592 rum,
2025 2540 2148 2579 cum
2177 2527 2321 2582 nulla
2372 2528 2443 2582 sit
2478 2528 2826 2594 hierarchia,
2877 2544 3001 2598 qua
3045 2545 3151 2585 non
3209 2531 3416 2600 primas

1840 2628 1895 2670 et
1941 2617 2150 2672 medias
2196 2628 2252 2674 et
2311 2630 2614 2690 postremas
2660 2620 2890 2676 virtutes
2939 2621 3167 2689 habeat,
3217 2623 3420 2683 idcirco

1840 2709 2290 2780 archangelorum
2339 2713 2471 2768 ordo
2502 2723 2758 2784 tanquam
2806 2716 3093 2784 medietas,
3143 2732 3419 2780 extremas

1842 2800 2239 2865 quodammodo
2264 2801 2377 2872 90
2395 2801 2774 2872 complectitur
2795 2812 3146 2876 utrarumque
3176 2823 3388 2865 commu
3404 2839 3421 2852 -

1843 2892 2138 2947 nicatioue.
2169 2892 2450 2963 Siquidem
2470 2898 2838 2953 communicat
2854 2897 3266 2969 principatibus,
3285 2916 3422 2971 quo-

1842 2982 1987 3037 niam
2023 2984 2089 3036 ad
2114 2986 2625 3053 superessentialem
2649 3002 2867 3057 quoque
2896 2990 3285 3060 principatum,
3311 2992 3419 3046 sci-

1842 3073 1967 3129 licet
2017 3076 2218 3139 Deum,
2249 3076 2492 3131 totaliter
2537 3093 2834 3134 conversus
2862 3090 2968 3148 est,
3015 3091 3070 3135 et
3126 3080 3193 3134 ad
3242 3082 3414 3152 ipsum

1846 3166 2218 3231 eil'ormantur,
2250 3168 2394 3223 sicut
2424 3170 2588 3225 etiam
2634 3171 2969 3241 principatus
3002 3189 3015 3225 :
3054 3182 3109 3227 et
3156 3172 3413 3242 quoniam

1846 3258 2179 3329 principatus
2205 3260 2432 3314 ducendi
2467 3269 2521 3315 et
2546 3260 2842 3316 nniiicandi
2887 3263 2992 3315 vim
3038 3263 3263 3327 habent,
3300 3279 3410 3317 non

1845 3352 2224 3420 permittentes
2253 3353 2477 3407 ordines
2507 3353 2780 3422 dissipari,
2804 3354 3027 3424 angelos
3052 3355 3215 3409 etiam
3248 3358 3413 3411 deco-

1845 3457 1907 3495 ro
1954 3443 2145 3497 ordine
2200 3454 2578 3514 componunt:
2621 3445 2825 3514 angelis
2858 3460 2986 3500 vero
3018 3447 3184 3500 etiam
3246 3462 3403 3500 com-

1842 3532 2152 3597 municant;
2206 3533 2331 3601 quia
2372 3534 2536 3588 etiam
2570 3546 2697 3587 sunt
2726 3535 2937 3589 ordinis
2979 3536 3313 3605 interpretis,
3358 3548 3408 3590 et

1841 3638 1938 3692 per
1981 3624 2186 3692 primas
2229 3625 2457 3679 virtutes
2486 3625 2876 3681 illustrationes
2904 3628 3203 3696 accipiunt.
3234 3628 3409 3682 Etiam

1840 3716 1946 3769 alio
1991 3716 2152 3770 modo
2193 3716 2353 3771 medii
2408 3716 2619 3787 angelis
2670 3718 3110 3783 communicant;
3151 3724 3409 3790 quoniam

1841 3804 1941 3859 has
2012 3805 2223 3861 divinas
2306 3804 2696 3860 illustrationes
2776 3806 2983 3875 angelis
3044 3810 3408 3878 annuntiant,

1839 3905 1895 3952 et
1963 3912 2061 3967 per
2128 3897 2353 3969 angelos
2438 3897 2596 3952 nobis
2683 3898 3077 3965 manifestam;
3147 3904 3411 3969 quamob-

1841 4004 1955 4043 rem
2002 3988 2167 4045 etiam
2219 3987 2517 4043 secundum
2571 3989 2673 4044 hoc
2730 3989 2939 4058 angelis
2976 3992 3407 4055 communicant,

1838 4082 1979 4153 quod
2008 4080 2216 4151 angelis
2256 4090 2479 4135 utantur
2524 4081 2590 4135 ad
2643 4093 2860 4135 nostras
2914 4082 3406 4153 manifestationes,

1832 4174 1991 4243 juxta
2034 4174 2401 4229 conditionem
2446 4188 2635 4228 eorum
2693 4173 2789 4243 qui
2831 4189 2862 4227 a
2898 4173 3007 4228 Deo
3040 4175 3406 4230 illustrantur.

1836 4268 1939 4337 Ipsi
1972 4266 2117 4321 enim
2152 4264 2348 4333 angeli,
2381 4273 2438 4317 ut
2465 4264 2629 4318 etiam
2657 4264 2725 4317 de
2774 4263 2840 4317 iis
2874 4264 3140 4331 dicamus,
3191 4280 3407 4321 omnem

1836 4358 2112 4413 cmlestem
2143 4368 2395 4411 ornatum
2426 4356 2745 4424 complenda
2793 4356 3116 4421 terminant,
3147 4365 3406 4427 tanquam

148 4453 355 4524 θρόνοι,
392 4450 529 4505 ἀλλά
568 4449 708 4505 κατά
737 4450 799 4502 τὸ
821 4448 1059 4519 πρῶτον,
1104 4449 1198 4501 καὶ
1249 4446 1338 4500 διὰ
1368 4446 1526 4500 τοῦτο
1552 4446 1732 4517 ἔχουσι

1839 4450 2097 4504 nimirum
2141 4449 2195 4503 id
2246 4449 2391 4519 quod
2452 4448 2701 4501 ultimum
2751 4455 2838 4501 est
2891 4449 3405 4520 novissimumque:

145 4543 248 4612 τὴν
303 4540 604 4612 ἀγγελικὴν
663 4540 807 4603 ίδίως
850 4537 1184 4609 ἐπωνυμίαν,
1234 4539 1328 4591 καὶ
1388 4537 1605 4608 μᾶλλον,
1657 4538 1731 4599 ὡς

1839 4541 2111 4610 complent
2137 4540 2281 4595 enim
2330 4539 2494 4593 etiam
2523 4538 2727 4602 throni,
2758 4538 2855 4592 sed
2890 4548 3150 4607 tanquam
3180 4539 3231 4593 id
3263 4544 3407 4607 quod

145 4638 263 4696 τοῖς
288 4632 597 4705 ἀνθρώποις
650 4632 1062 4703 πλησιάζοντες,
1098 4631 1147 4683 οἳ
1205 4630 1269 4702 δὴ
1318 4630 1411 4683 καὶ
1440 4629 1729 4700 μιμοῦνται

1839 4632 2070 4701 primum
2104 4642 2220 4697 est;
2251 4640 2307 4685 et
2352 4631 2556 4685 idcirco
2600 4630 2815 4698 proprie
2872 4645 3070 4685 nomen
3103 4630 3406 4700 angelicum

144 4726 235 4779 διὰ
260 4726 471 4778 τούτων
502 4724 571 4778 τὰ
625 4723 765 4777 θεῖα.
805 4722 977 4776 Τοῦτο
996 4722 1106 4795 γάρ
1132 4724 1248 4774 ἐστι
1286 4722 1347 4774 τὸ
1392 4720 1730 4792 ἐμφανέστε-

149 4834 244 4889 ρον
265 4815 369 4884 τῆς
394 4815 676 4887 ἱεραρχίας
702 4814 884 4867 αὐτῶν
904 4831 916 4843 ·
953 4814 1016 4867 οὐ
1046 4812 1155 4885 7&9
1188 4812 1418 4883 δεόμεθα
1444 4811 1602 4865 πάλιν
1626 4811 1735 4863 ἑτέ-

146 4925 260 4980 ρων
292 4907 431 4977 πρὸς
472 4907 573 4969 τὰς
612 4905 901 4959 ὐπάὑτῶν
956 4904 1249 4975 ἑλλάμψεις
1304 4905 1398 4956 καὶ
1440 4902 1728 4972 ἀγγελίαςο

142 5002 191 5053 εί
240 4997 355 5068 γάρ
375 4993 443 5068 ἦν
471 4998 666 5061 τοῦτο,
724 4995 785 5049 τὺ
846 4995 1076 5066 κρύφιον
1128 4995 1194 5049 ἂν
1246 4990 1389 5065 εἶχον
1450 4994 1545 5045 καὶ⁵
1588 4988 1733 5045 οὗτοι

140 5089 291 5145 κατά
321 5089 476 5151 πολὺ,
513 5089 607 5141 καὶ
647 5087 709 5139 τὸ
765 5085 989 5156 ἔσχατόν
1033 5101 1092 5137 τε
1125 5085 1220 5136 καὶ
1246 5082 1604 5154 περικόσμιον
1630 5081 1732 5135 οὐκ

141 5182 210 5236 ἂν
268 5182 332 5233 ὲν
378 5181 559 5243 αὐτοῖς
603 5176 692 5250 ἦν.
740 5178 853 5232 Νῦν
882 5176 958 5241 δὲ,
1013 5176 1281 5247 μηδεμιᾶς
1326 5175 1520 5247 ἐτέρας
1562 5172 1731 5242 οὐσης

178 5274 466 5344 ατιινιέρας
499 5272 725 5338 τάξεως,
781 5271 878 5340 »σὴν
929 5269 1083 5335 τάξιν
1107 5270 1215 5321 τῶν
1240 5269 1489 5337 ἀγγέλων
1516 5270 1727 5338 ἀνάγκη

140 5365 284 5421 εἶναι
317 5368 550 5439 ἐσχάτην
611 5368 703 5419 καὶ
736 5364 1106 5435 περικόσμιον.
1157 5360 1457 5434 Ἐξηγεῖται
1490 5364 1519 5415 δ
1554 5363 1726 5431 άγιος,

142 5459 262 5522 πῶς
298 5454 419 5510 εἷπε
448 5474 460 5485 ·
486 5457 621 5527 Περὶ
651 5457 711 5508 τὸ
766 5453 1171 5525 ἐμφανέστερόν
1204 5454 1350 5505 ἐστιν
1398 5455 1430 5523 ἠ
1476 5453 1729 5523 ίεραρχία

140 5557 255 5617 τοῖς
292 5552 577 5621 ἀγγέλοις,
631 5551 872 5622 δηλονότι
922 5547 1328 5619 εμφανέστερον
1378 5546 1514 5618 πρὸς
1544 5548 1721 5616 ἡμᾶς.

145 5648 176 5717 ἡ
210 5645 320 5717 γὰρ
378 5643 657 5713 ὑπερτάτη
700 5637 875 5705 τάξις,
931 5639 1006 5701 ὼς
1039 5638 1116 5709 τῷ
1173 5638 1390 5709 κρυφίῳ
1433 5637 1551 5707 Θεῷ
1585 5634 1725 5706 πλη-

141 5743 447 5809 σιάζουσα,
505 5736 893 5812 κρυφιωτέρως
949 5736 1058 5806 ὅσῳ
1126 5735 1263 5807 πρὸς
1316 5733 1411 5805 τὴν
1466 5732 1725 5805 δευτέραν

214 5909 241 5937 ο
272 5901 432 5957 Rom.
470 5913 512 5967 ι,
538 5898 625 5953 9.0.

464 5998 738 6059 Ριτιιοι..
783 5997 899 6056 Gn.
936 5993 1042 6055 Ill.

1836 4725 2121 4788 obtinent,
2181 4733 2237 4776 et
2296 4723 2599 4791 ptmsertim
2647 4722 2790 4790 quod
2856 4722 3163 4776 hominibus
3214 4736 3403 4790 appro-

1840 4816 2125 4884 pinqucnt,
2170 4815 2265 4882 qui
2309 4822 2366 4867 et
2424 4822 2645 4882 propter
2686 4812 2804 4867 illos
2863 4814 3047 4866 divina
3090 4813 3403 4866 imitantur.

1840 4908 1983 4973 Quin
2026 4914 2082 4961 et
2130 4919 2319 4960 eorum
2379 4904 2689 4959 hierarchia
2748 4905 3094 4958 manifestior
3139 4914 3242 4967 est,
3277 4906 3403 4973 quia

1842 4999 2000 5052 nobis
2044 5011 2151 5051 non
2204 5011 2343 5067 opus
2370 5004 2455 5049 est
2484 4996 2680 5049 iterum
2738 4995 2859 5049 aliis
2888 4996 2955 5048 ad
3012 4995 3407 5049 illustrationes

1840 5102 1895 5145 et
1945 5091 2133 5144 nuntia
2196 5090 2263 5143 ab
2319 5088 2384 5142 iis
2447 5086 2962 5156 recipienda:alias
3012 5087 3154 5140 enim
3218 5097 3270 5139 ct
3306 5088 3405 5155 ipsi

1840 5197 2101 5253 perquam
2156 5180 2358 5235 occulti
2418 5189 2633 5244 essent,
2678 5192 2779 5232 nec
2835 5178 3008 5231 ultimi
3059 5192 3121 5231 ac
3176 5180 3409 5231 circum-

1840 5274 2143 5332 mundiales
2197 5275 2548 5329 exsisterent.
2624 5270 2775 5325 Nunc
2856 5282 3035 5325 autem
3091 5287 3213 5325 cum
3276 5272 3404 5324 nulli

1840 5370 2065 5437 spiritus
2117 5368 2227 5422 sint
2254 5365 2533 5420 inferioris
2582 5362 2793 5415 ordinis
2837 5375 2998 5429 quam
3056 5360 3179 5429 ipsi,
3238 5376 3407 5429 ange-

1836 5460 2015 5516 lorum
2062 5460 2308 5513 ordinem
2369 5467 2700 5526 postremum
2738 5468 2803 5508 ac
2859 5450 3403 5505 circummundialem

1833 5552 2100 5606 exsistere
2133 5564 2356 5605 necesse
2394 5558 2499 5601 est.
2534 5545 2766 5616 Exponit
2810 5552 2990 5597 autem
3044 5551 3267 5597 sanctus
3292 5541 3402 5603 hic,

1833 5643 2108 5713 quomodo
2138 5642 2338 5695 dixerit
2386 5640 2700 5709 angelorum
2730 5635 3093 5690 hierarchiam
3138 5647 3258 5688 esse
3287 5648 3405 5687 nta—

1832 5729 2168 5785 niiestiorem
2194 5770 2209 5792 ,
2274 5728 2482 5783 scilicet
2534 5726 2715 5783 ouoad
2782 5739 2881 5779 nos
2914 5739 2929 5778 :
2962 5736 3088 5777 nam
3119 5735 3406 5793 supremus

3036 5971 3078 6031 9
