4176 6308
849 349 953 410 287

2012 351 2067 408 S.
2108 352 2400 408 DIONYSII
2437 353 2896 410 AREOPAGITIE

3972 365 4060 426 268

843 479 1011 534 ordo,
1060 481 1243 540 utpote
1292 481 1501 525 secreto
1553 473 1664 526 Deo
1705 475 2185 544 appropinquans,
2238 476 2395 544 magis

2470 470 2656 535 ,τάξιν
2693 474 2964 542 ίεραρχεῖ·
3012 475 3041 542 ἠ
3078 474 3133 526 δὲ
3186 473 3433 545 δευτέρα,
3471 477 3505 548 ἡ
3555 477 3652 546 τῆς
3701 477 3872 548 μέσης
3899 481 4061 551 ἱεραρ-

841 563 1054 616 occulte
1107 562 1348 618 secundo
1392 565 1568 616 ordini
1615 580 1703 619 res
1753 581 1938 620 sacras
1979 567 2357 621 subministrat
2393 584 2406 619 :

841 655 1112 710 secundus
1143 669 1295 719 vero,
1329 657 1419 722 qui
1456 668 1538 711 est
1567 659 1756 711 mediae
1793 657 2134 718 ltierarchiae,
2169 658 2407 712 ultimam

843 749 1213 803 bierarcbiam
1246 747 1578 813 moderatur,
1628 749 1967 804 manifestius
1991 751 2207 820 quidem
2245 767 2404 818 quam

840 843 1070 910 primus,
1102 840 1370 895 occultius
1426 857 1556 896 vero
1600 858 1762 911 quam
1808 857 2080 911 sequens;
2139 859 2302 914 porro
2329 845 2407 898 ul-

838 933 1003 986 timus
1037 936 1170 990 ordo
1206 935 1456 988 humanis
1494 935 1819 989 ltierarchiis
1864 945 2082 1004 prmest.
2135 936 2403 991 Caeterum

838 1041 957 1077 cum
997 1035 1105 1079 tres
1150 1027 1370 1081 ordines
1418 1028 1550 1092 sint,
1593 1027 1983 1083 illustratioues
2050 1028 2151 1082 sibi
2206 1037 2395 1082 mutuo

836 1117 1204 1172 manifestam.
1283 1117 1666 1172 Verumtamen
1739 1120 2070 1185 dicendum,
2137 1122 2404 1189 quomodo

835 1211 1037 1277 primus
1089 1211 1307 1278 quidem
1337 1209 1540 1264 ordinis
1571 1210 1908 1280 principatus
1959 1212 2210 1280 sequenti
2241 1211 2404 1266 simul

835 1303 1326 1357 manifestationem
1359 1302 1635 1368 infuderit,
1667 1310 1722 1357 et
1752 1310 1882 1358 non'
1914 1303 2058 1359 alius
2088 1320 2186 1375 per
2210 1305 2400 1369 alium,

834 1403 890 1446 et
947 1395 1198 1448 similiter
1228 1396 1501 1449 secundus
1526 1396 1696 1460 ordo;
1731 1395 1922 1449 tertius
1953 1409 2102 1458 vero,
2137 1396 2273 1449 alius
2305 1410 2403 1463 per

831 1488 996 1540 alium
1030 1487 1183 1541 nobis
1205 1485 1449 1540 infundat
1501 1485 1910 1540 illustrationes.
1962 1485 2259 1540 Dicendum
2292 1489 2397 1537 ita-

830 1593 958 1647 que,
1008 1579 1148 1648 quod
1192 1578 1242 1630 in
1277 1576 1547 1645 prioribus
1578 1575 1886 1638 ordinibus,
1916 1591 2034 1629 cum
2071 1587 2177 1646 tam
2208 1576 2399 1628 dantes

829 1684 994 1737 quam
1050 1669 1383 1737 accipientes
1443 1670 1617 1741 angeli
1667 1669 1813 1733 sint,
1847 1667 2047 1722 in‘illis
2103 1669 2395 1722 secundum

829 1769 1078 1814 naturam
1115 1775 1222 1814 non
1279 1776 1527 1830 magnam
1574 1775 1697 1815 esse
1751 1758 2152 1820 diversitatem,
2183 1756 2288 1826 91
2339 1768 2394 1808 ut

830 1854 985 1909 toties
1010 1869 1144 1924 Opus
1166 1850 1238 1908 sit
1258 1854 1653 1923 quodammodo
1673 1852 1937 1907 subdividi
1960 1851 2394 1913 illustrationem,

827 1933 1349 2014 quo'posterioribus
1393 1955 1552 2014 captu
1598 1943 1778 1997 facilis
1822 1943 2034 1995 evadat.
2066 1941 2162 1993 Hic
2192 1951 2394 2001 autem,

825 2053 946 2092 cum
993 2037 1219 2092 multum
1253 2037 1471 2091 intersit
1501 2039 1642 2091 inter
1666 2051 1761 2090 nos
1787 2045 1842 2090 et
1889 2034 2109 2105 angelos
2131 2074 2144 2095 ,
2192 2035 2394 2089 idcirco

824 2122 1082 2199 aliusper
1131 2129 1296 2182 alium
1330 2128 1530 2197 accipit
1575 2127 1994 2182 illustrationetn
2024 2141 2087 2179 ac
2118 2127 2390 2190 nuntium,

825 2221 1143 2276 uttfacilius
1215 2221 1288 2276 ita
1349 2220 1519 2276 brevi'
1569 2221 1636 2274 ad
1694 2235 1794 2275 nos
1844 2219 2156 2288 perveniat,
2221 2220 2392 2274 mani-

823 2314 1124 2384 festiu‘sque
1161 2315 1436 2368 decretum
1481 2312 1577 2367 Dei
1628 2313 1788 2366 nobis
1826 2312 2154 2366 declaretur.
2184 2311 2390 2366 Idcirco

822 2409 897 2461 ait
932 2409 1018 2460 hic
1041 2417 1285 2461 sanctus.
1325 2415 1380 2459 ut
1403 2405 1504 2459 boc
1529 2405 1721 2459 ordine
1750 2406 1813 2457 ad
1845 2402 2011 2460 Deum
2039 2405 2109 2458 sit
2133 2419 2390 2458 ascensus

820 2513 916 2567 per
946 2497 1459 2564 contemplationem
1487 2537 1502 2560 ,
1541 2505 1594 2548 et
1625 2495 1910 2549 conversio
1969 2510 2067 2562 per
2115 2493 2390 2562 operatio-

820 2568 966 2653 nem,
1002 2600 1057 2644 et
1098 2587 1408 2642 communio
1453 2601 1549 2654 per
1602 2586 2019 2640 illustrationem
2051 2627 2065 2650 ,
2129 2602 2227 2640 nec
2281 2601 2383 2639 nou

820 2699 915 2752 per
944 2682 1129 2753 gratia:
1163 2677 1562 2735 deiﬂcationem
1592 2680 1742 2732 unio.
1778 2678 2049 2734 llabemus
2081 2681 2263 2749 itaque
2291 2694 2387 2747 per

822 2774 1023 2845 gradus
1047 2787 1330 2827 ascensum
1358 2772 1423 2826 ad
1466 2771 1664 2837 Deum;
1695 2781 1750 2824 et
1781 2773 1925 2825 utsit
1956 2772 2193 2826 vicissim
2221 2774 2382 2825 etiam

818 2863 1118 2920 secundum
1166 2863 1410 2916 ordinem
1435 2876 1463 2914 a
1520 2861 1628 2915 Deo
1661 2861 1864 2915 inditus
1886 2863 2141 2916 omnibus
2170 2863 2382 2916 hierar-

818 2957 958 3011 chiis
1014 2958 1080 3011 ad
1137 2969 1234 3009 nos
1279 2968 1569 3024 processus
1596 2997 1610 3020 ,
1678 2969 1775 3022 per
1813 2954 2106 3010 bonitatem
2139 2971 2380 3010 commu-

817 3047 1065 3102 nicauter
1091 3046 1372 3100 exundans
1405 3061 1419 3099 :
1455 3045 1655 3099 idcirco
1679 3045 1842 3098 etiam
1870 3046 2047 3099 divina
2080 3046 2376 3114 Scriptura,

2513 563 2656 632 χίας,
2712 567 2924 634 ἠγειται
2971 565 3070 634 τῆς
3128 566 3358 637 ἐσχάτης
3413 567 3710 637 ίεραρχίας,
3749 571 4062 639 ἐμφανεστέ-

2514 667 2618 721 ρως
2655 651 2753 719 μέν
2787 654 2921 723 πρὸς
2952 655 3050 723 τὴν
3084 652 3323 725 πρώτην,
3351 657 3828 727 κρυφιωδεστέρως
3855 658 3910 709 δὲ
3943 658 4064 727 πρὸς

2507 744 2606 812 τὴν
2645 745 2760 812 μετ’
2783 746 2950 815 αὑτήν
2975 763 2988 776 ⁸
3046 747 3079 816 ἠ
3135 748 3190 799 δὲ
3225 748 3423 818 ἐσχάτη
3468 746 3616 811 τάξις
3653 751 3773 810 ταῖς
3806 749 4044 820 ἁνΘρωπί

2509 850 2625 897 ναις
2660 836 2965 906 ἱεραρχίαις
2990 837 3288 889 ἐπιστατεῖ.
3344 838 3490 908 Πλὴν
3523 840 3642 891 ἐπεὶ
3672 840 3797 908 τρία
3822 840 4059 908 τάγματά

2509 925 2633 985 εἰσι,
2665 924 2728 976 δι’
2760 925 3002 996 ἀλλήλων
3054 927 3372 995 ἐμφαίνουσι
3434 928 3534 991 τάς
3585 929 3892 1000 ὲλλάμψεις.
3930 931 4061 1000 Πλὴν

2508 1015 2829 1085 ἀπορητέον,
2865 1015 2978 1078 πῶς
3007 1017 3038 1085 ἡ
3077 1016 3175 1086 μὲν
3202 1017 3389 1088 πρώτη
3429 1019 3716 1089 ταξιαρχία
3763 1020 3876 1090 ἅμα
3902 1021 4050 1073 ἐνεδί-

2504 1108 2594 1161 δου
2629 1109 2728 1179 τὴν
2754 1107 3012 1176 ἕκτρανσιν
3059 1113 3124 1181 τῇ
3183 1112 3298 1181 μετ’
3330 1112 3517 1183 αὐτὴν,
3547 1088 3640 1166 'xat
3669 1114 3766 1166 οὐκ
3819 1115 3949 1185 ἄλλη
4001 1117 4067 1168 δι’

2504 1195 2688 1267 ἄλλης,
2730 1199 2825 1250 καὶ
2875 1201 2907 1269 ἠ
2958 1200 3183 1270 δευτέρα
3203 1201 3432 1271 ὁμοίως’
3492 1202 3613 1273 ἠδέ
3665 1220 3728 1271 γε
3755 1206 3910 1275 τρίτη
3936 1205 4057 1275 άλλη

2500 1286 2568 1339 δι’
2599 1287 2763 1359 ἄλλης
2787 1287 2885 1352 τὰς
2919 1290 3055 1360 πρὸς
3084 1293 3229 1361 ἡμᾶς
3256 1291 3545 1361 ἐλλάμψεις
3568 1293 3857 1348 ἐνδίδωσιν.
3885 1296 4060 1348 Ἔστιν

2501 1372 2593 1429 οὖν
2627 1378 2821 1441 εἰπεῖν,
2854 1379 2933 1431 ὅτι
2966 1379 3058 1432 ἐπὶ
3091 1383 3210 1443 ταῖς
3239 1382 3527 1453 προτέραις
3548 1383 3784 1448 τάξεσιν,
3820 1385 3941 1436 ἐπεὶ
3974 1387 4060 1437 καὶ

2501 1473 2548 1522 οἱ
2600 1471 2969 1540 μεταδιδόντες
3015 1473 3106 1525 καὶ
3158 1475 3204 1525 οἱ
3276 1473 3594 1544 μετέχοντες
3648 1475 3865 1542 ἄγγελοί
3909 1478 4056 1540 εἰσιν,

2498 1566 2597 1617 οὐκ
2630 1565 2745 1617 ἔστι
2790 1566 2851 1618 τὸ
2881 1568 3041 1636 μέσον
3095 1566 3272 1619 αὐτῶν
3320 1568 3452 1620 πολὺ
3508 1567 3648 1621 κατά
3672 1568 3831 1636 φύσιν
3860 1569 4061 1639 παραλ-

2497 1655 2707 1720 λάττον,
2778 1657 2864 1711 ἵνα
2903 1658 3093 1723 ποσῶς
3149 1658 3253 1716 6ιά
3289 1659 3445 1712 τοῦτο
3497 1661 3659 1713 οἱονεὶ
3714 1677 4057 1732 κατακερμα-

2497 1746 2760 1818 τισθείηὴ
2798 1748 3078 1818 ἐλλαμψις,
3125 1752 3219 1803 καὶ
3270 1749 3482 1815 εὔθετος
3504 1755 3613 1815 τοῖς
3654 1751 3897 1823 ὑστέροις
3932 1752 4057 1821 πρὸς

2501 1839 2762 1909 ὑποδοχὴν
2830 1841 3070 1912 γένηται.
3153 1842 3412 1896 Ἐνταῦθα
3465 1842 3542 1906 δὲ,
3613 1845 3732 1896 ἐπεὶ⁷
3782 1844 3842 1897 τὸ
3900 1846 4056 1914 μέσον

2495 1929 2653 1999 ἡμῶν
2681 1949 2739 1983 τε
2782 1935 2876 1986 καὶ
2939 1933 3048 1986 τῶν
3100 1934 3343 2003 ἀγγέλων
3394 1933 3547 1997 πολὺ,
3599 1935 3686 1988 διὰ
3731 1936 3887 1989 τοῦτο
3927 1936 4052 2008 άλλη

2494 2029 2561 2081 δι’
2583 2029 2746 2100 ἄλλης
2779 2029 3043 2099 λαμϐάνει
3077 2029 3175 2100 τὴν
3226 2029 3427 2098 λάμψιν
3459 2028 3491 2100 ἦ
3520 2031 3611 2082 καὶ
3649 2031 3748 2102 τὴν
3776 2031 4049 2098 ἀγγελίαν,

2493 2119 2568 2183 ὡς
2619 2121 2684 2174 ἂν
2735 2120 3052 2190 ἀπονωτέρα
3107 2121 3225 2172 κατ’
3261 2121 3435 2188 ὀλίγον
3485 2123 3613 2190 ἡμῖν
3655 2125 3896 2190 καταστῇ
3922 2161 3934 2183 ,
3965 2125 4053 2174 καὶ

2492 2217 2893 2288 ἐμφανέστερον
2928 2215 2989 2266 τὸ
3037 2213 3280 2284 βούλημα
3330 2214 3721 2288 δηλωθήσηται.
3753 2215 3851 2268 Διὰ
3898 2215 4053 2268 τοῦτο

2491 2308 2688 2376 λέγειὸ
2717 2307 2888 2376 ἅγιος,
2923 2303 3063 2378 ἵναῇ
3117 2306 3258 2359 κατὰ
3281 2305 3431 2371 τάξιν
3475 2308 3508 2376 ἡ
3563 2307 3696 2377 πρὸς
3745 2307 3874 2360 Θεὸν
3920 2308 4052 2378 ἀναη

2491 2401 2645 2470 γωγὴ
2699 2399 2789 2452 διὰ
2821 2398 3070 2469 θεωρίας,
3126 2399 3219 2451 καὶ
3278 2397 3577 2469 ἐπιστροφὴ
3638 2398 3726 2451 διὰ
3776 2401 4046 2471 πράξεως,

2490 2494 2583 2546 καὶ
2616 2491 2865 2544 κοινωνία
2898 2491 2963 2544 δι’
2991 2489 3328 2560 ἐλλάμψεως,
3391 2491 3484 2542 καὶ
3515 2488 3602 2541 διά
3639 2491 3738 2560 τῆς
3785 2493 3924 2544 κατά
3955 2493 4048 2562 χάτ

2491 2603 2575 2655 ριν
2609 2583 2853 2646 θεὼσεως
2904 2583 3115 2645 ἓνωσις.
3180 2584 3412 2652 Ἐχομεν
3457 2582 3586 2650 γοῦν
3633 2583 3771 2637 κατὰ
3812 2584 4050 2655 βαθμοὺς

2486 2675 2582 2746 τὴν
2610 2675 2743 2745 πρὸς
2790 2674 2920 2728 Θεὸν
2963 2674 3148 2726 ἄνοδον
3171 2691 3182 2703 ·
3220 2675 3312 2726 καὶ
3348 2675 3412 2725 ἵν’
3497 2674 3654 2738 πάλιν
3705 2675 3846 2728 κατὰ
3875 2676 4048 2738 τάξιν,

2486 2770 2578 2821 καὶ
2604 2771 2635 2840 ἡ
2665 2768 2771 2821 ἀπὸ
2818 2766 2951 2820 Θεοῦ
2989 2767 3123 2838 πρὸς
3150 2769 3293 2837 ἡμᾶς
3346 2767 3650 2838 ἐνδιδομένη
3684 2768 3882 2832 πάσαις
3929 2772 4048 2832 ταῖς

2488 2861 2810 2932 ἱεραρχίαις,
2841 2860 2931 2911 καὶ
2974 2858 3302 2922 κοινωνικῶς
3354 2857 3688 2926 ἐπιφοιτῶσα
3745 2859 3811 2910 δι’
3845 2860 4044 2927 ἁγαθό-

2483 2972 2620 3027 τητα
2651 2953 2899 3024 πρόοδος,
2943 2950 3030 3024 διὰ
3082 2950 3237 3003 τοῦτο
3284 2951 3375 3002 καὶ
3413 2951 3445 3020 ὴ
3517 2950 3635 3002 θεία
3697 2950 3883 3021 Γραφὴ
3933 2953 4045 3012 τοῖς

2485 3046 2732 3114 ἀγγέλοις
2778 3043 2846 3095 τὰ
2888 3042 3008 3095 καθ’
3035 3043 3178 3111 ἡμᾶς
3223 3041 3626 3112 άπονενέμηκε·
3681 3041 3782 3094 ποῦ
3826 3042 3920 3110 μέν
3947 3043 4044 3110 ip-

817 3137 1027 3207 angelis
1065 3152 1127 3191 ea
1159 3151 1278 3204 quae
1302 3136 1370 3189 ad
1425 3149 1522 3189 nos
1575 3146 1828 3203 spectant
1858 3136 2175 3202 distribuit;
2205 3152 2375 3206 quan-

2478 3156 2639 3210 χοντα
2668 3135 2783 3192 τοῦ,
2824 3135 3089 3188 Ἰουδαίων
3122 3132 3250 3186 λαοῦ
3302 3133 3392 3185 τὸν
3447 3133 3663 3204 Μιχαὴλ
3707 3134 4044 3204 ὀνομάζουσα

816 3232 993 3298 doque
1025 3229 1166 3284 enim
1201 3229 1500 3299 principem
1550 3229 1729 3298 populi
1774 3225 2087 3284 Judazorum
2153 3245 2377 3285 vocasse

812 3313 1081 3387 reperitur
1127 3318 1182 3374 in
1224 3317 1444 3373 Daniele
1492 3317 1842 3384 Micltaelem,
1879 3321 1954 3374 uti
1998 3328 2052 3373 et
2093 3320 2228 3376 alios
2263 3337 2393 3390 gen~

812 3409 946 3462 tium
989 3409 1256 3476 aliarum;
1298 3410 1623 3480 quandoque
1667 3426 1796 3465 vero
1828 3412 1904 3465 ait
1935 3431 1946 3465 :
1977 3409 2179 3466 Statuit
2211 3414 2390 3466 termi-

812 3507 917 3555 ηοξ
950 3502 1181 3572 gentium
1216 3502 1522 3555 Altissimus
1568 3505 1730 3572 juxta
1774 3521 2047 3558 numerum
2085 3507 2390 3578 angelorum

809 3592 934 3657 Dei,
955 3604 1013 3649 ut
1041 3594 1094 3648 in
1127 3594 1368 3649 secundo
1396 3595 1608 3649 cantico
1637 3593 1838 3667 Moysis
1870 3597 2144 3652 invenitur
2177 3609 2223 3651 P.

888 3679 1016 3751 5m.
1038 3679 1175 3734 Hinc
1189 3679 1352 3733 solvit
1365 3691 1729 3749 emergentem
1745 3678 1978 3749 aliquam
2000 3683 2371 3747 quaestionem.

812 3773 1051 3840 Quaestio
1073 3781 1252 3825 autem
1283 3770 1398 3826 haec
1414 3780 1500 3825 est
1523 3770 1854 3836 :Quomodo,
1881 3773 2075 3841 inquit,
2103 3789 2222 3827 cum
2250 3775 2371 3828 buui

812 3868 987 3938 angeli
1012 3867 1261 3936 gentibus
1295 3863 1540 3933 praefecti
1573 3865 1702 3928 sint,
1738 3862 1883 3917 solus
1905 3862 2067 3918 Israel
2091 3865 2256 3919 Deum
2282 3883 2375 3921 co-

813 3960 1019 4030 gnovit,
1039 3958 1128 4010 alii
1158 3966 1335 4011 autem
1361 3955 1518 4010 idolis
1535 3955 1912 4008 adbarseruut?
1930 3957 2135 4011 Solutio
2149 3973 2278 4012 vero
2291 3971 2375 4012 est

812 4051 938 4112 ista,
957 4049 1096 4118 quod
1121 4047 1375 4100 nimirum
1391 4055 1707 4099 caaterarum
1727 4047 1965 4113 gentium
1980 4047 2046 4100 ad
2061 4048 2199 4102 idola
2221 4049 2368 4104 defe-

812 4143 920 4196 ctio
945 4140 1300 4208 deceptioque
1333 4139 1500 4192 rectis
1547 4136 1860 4206 angelorum
1895 4139 2370 4208 gubernationibus

813 4236 1155 4302 nequaquam
1191 4230 1501 4299 imputanda
1529 4230 1602 4282 sit
1631 4230 1880 4299 (observa
1928 4244 2074 4293 vero,
2102 4233 2370 4298 quomodo

810 4322 1102 4375 defectioni
1132 4328 1333 4373 rectam
1369 4318 1813 4388 gubernationem
1843 4321 2115 4388 opponit),
2146 4324 2238 4376 sed
2266 4324 2368 4377 illis

811 4413 968 4481 ipsis,
1002 4411 1143 4478 quod
1201 4409 1436 4478 propriis
1469 4410 1894 4477 spontaneisque
1923 4411 2156 4466 motibus
2210 4429 2237 4466 a
2281 4429 2365 4466 re-

2481 3236 2538 3286 ἐν
2579 3231 2655 3301 τῷ
2709 3229 2900 3299 Δανιὴλ
2945 3228 3188 3299 εὓρηται,
3249 3227 3341 3280 καὶ
3373 3226 3559 3290 ἄλλους
3614 3226 3784 3278 ἄλλων
3824 3227 4042 3280 ἐθνῶν·

2475 3324 2580 3380 ποῦ
2601 3325 2660 3379 δὲ
2687 3324 2918 3395 λέγουσα
2937 3341 2951 3356 ο
2990 3327 3289 3392 Ἔστησεν
3324 3318 3454 3388 ὅρια
3484 3315 3673 3373 ἐθὸρῶν
3698 3320 3733 3372 ὁ
3759 3318 4049 3384 Ὕψιστος

2474 3417 2626 3471 κσεὰ
2670 3417 2918 3486 ἀριθμὸν
2961 3415 3228 3486 ἀγγέλων
3269 3413 3444 3477 Θεοῦ,
3489 3412 3564 3473 ὡς
3609 3411 3666 3464 ἐν
3707 3411 3774 3480 τῇ
3818 3406 4046 3480 δευτέρᾳ

2474 3508 2584 3581 ᾠδῇ
2612 3508 2704 3561 τοῦ
2731 3507 2972 3570 Μωσέως
2999 3505 3242 3578 εὓρηται.

2552 3687 2578 3758 §
2620 3685 2702 3739 lll.
2746 3681 3020 3740 Ἐντεῦθεν
3043 3685 3156 3739 λύει
3185 3685 3595 3739 ἀνακύπτουσάν
3628 3702 3746 3738 τινα
3784 3686 4042 3755 ἀπορίαν.

2488 3779 2551 3831 Ἡ
2575 3777 2706 3847 γοῦν
2745 3778 2961 3848 ἀπορία·
3005 3778 3111 3829 Καὶ
3141 3776 3275 3841 πῶς,
3315 3777 3497 3846 φησὶν,
3543 3777 3783 3844 ἀγγέλων
3823 3776 4045 3843 ἀγαθῶν

2475 3868 2791 3939 ἐφεστώτων
2825 3871 2937 3931 τοῖς
2960 3868 3152 3932 ἔθνεσι,
3179 3868 3335 3938 μόνος
3367 3871 3394 3921 ὁ
3428 3869 3639 3940 Ἰσραὴλ
3670 3868 3930 3937 ἐγίνωσκε
3953 3869 4044 3921 τὸν

2475 3959 2627 4023 Θεὸν,
2659 3961 2793 4012 οἱοδὲ
2825 3960 2971 4013 ἄλλοι
3002 3962 3114 4022 τοῖς
3157 3959 3394 4022 εἰδώλοις
3441 3964 3819 4032 προσανεῖχον;
3865 3962 3934 4013 Ἡ
3986 3962 4042 4014 δὲ

2474 4050 2644 4114 λύσις,
2681 4053 2761 4104 ὅτι
2793 4053 2853 4104 οὑ
2888 4052 2991 4122 χρὴ
3025 4052 3292 4104 αἰτιᾶσθαι
3331 4051 3432 4121 τῆς
3469 4053 3560 4104 ἐπὶ
3589 4052 3655 4104 τὰ
3681 4052 3871 4104 εἴδωλα
3914 4055 4044 4105 ἀπο-

2474 4143 2792 4213 πλανήσεως
2839 4142 2946 4194 τῶν
2979 4142 3180 4213 ἐτέρων
3210 4142 3398 4206 ἐθνῶν,
3431 4142 3530 4206 τὰς
3559 4143 3769 4206 εὐθείας
3817 4147 4045 4198 ἐπιστα-

2474 4236 2592 4297 σίας
2615 4235 2720 4286 τῶν
2750 4234 2992 4302 ἀγγέλων
3023 4234 3142 4304 (ὅρα
3163 4235 3241 4297 δὲ,
3267 4236 3346 4288 ὃτι
3370 4237 3504 4306 πρὸς
3527 4236 3624 4306 τὴν
3643 4237 4040 4306 ἀποπλάνησιν,

2472 4325 2684 4377 εὐθεῖαν
2719 4320 2870 4376 εἶπεν
2901 4323 3268 4392 ἐπιστασίαν),
3293 4315 3406 4376 ἀλλ’
3430 4325 3767 4378 αἰτιάσασθαι
3801 4329 3906 4396 χρὴ
3947 4331 4042 4380 αὖ·-

2470 4408 2602 4478 τοὺς
2648 4415 2902 4477 ἐκείνους,
2938 4415 3398 4477 ἀποπεπτωκότας
3437 4415 3536 4484 τῆς
3586 4414 3720 4485 πρὸς
3765 4415 3856 4468 τὸν
3906 4415 4042 4468 Θεὸν

809 4515 920 4568 cta,
951 4518 1071 4573 quae
1117 4503 1183 4556 ad
1216 4502 1385 4556 Deum
1428 4504 1684 4567 ducebat,
1721 4504 1807 4556 via
1855 4517 1951 4571 per
1977 4518 2214 4557 amorem
2249 4517 2344 4573 pro

2472 4505 2762 4575 ἀναγωγῆς
2807 4506 3030 4568 οἰκείαις
3063 4507 3154 4560 καὶ
3202 4505 3562 4572 αὐτεξουσίως
3593 4509 3787 4578 ὁρμαῖς
3833 4509 3892 4561 ἐν
3949 4527 4038 4577 φι-

810 4598 987 4664 prium
1018 4595 1400 4650 refractarium
1431 4593 1772 4660 deflexerint,
1806 4604 1858 4648 et
1884 4611 1980 4663 per
2005 4607 2156 4649 Suatu
2191 4599 2371 4664 pervi-

810 4687 1019 4739 caciam
1058 4685 1124 4738 ad
1160 4684 1238 4748 id,
1272 4685 1357 4739 cui
1411 4686 1652 4739 divinum
1707 4686 1981 4754 quidpiam
2018 4687 2195 4740 inesse
2225 4687 2370 4746 arbi-

811 4778 1116 4844 trabantur,
1143 4777 1426 4829 colendum
1460 4778 1809 4830 desciverint.
1851 4775 1968 4830 Non
2018 4779 2190 4831 solum
2224 4779 2365 4831 cuitu

809 4873 880 4923 ab
912 4883 999 4932 ea,
1030 4882 1147 4937 qua:
1174 4870 1242 4921 ad
1277 4868 1442 4922 Deum
1496 4867 1747 4931 ducebat,
1793 4869 1903 4920 via'
1931 4868 2234 4932 deviaruut,
2275 4885 2365 4922 ve-

811 4975 927 5012 rum
959 4959 1119 5012 etiam
1138 4957 1212 5011 .iis
1241 4959 1464 5024 qui~nou
1498 4967 1654 5012 erant
1682 4958 1753 5010 dii
1781 4973 1879 5026 pro
1904 4957 2100 5026 placito
2135 4974 2230 5012 suo
2255 4960 2368 5011 cul-

811 5063 924 5106 tum
952 5052 1189 5105 divinum
1219 5052 1543 5105 tribuerunt.
1565 5049 1716 5115 Quod
1738 5050 1912 5118 ipsum
1931 5050 2092 5103 etiam
2119 5049 2369 5104 llebrzeo-

811 5159 926 5197 rum
953 5144 1144 5213 populo
1185 5145 1484 5214 contigisse
1506 5152 1858 5208 memoratur,
1881 5144 2094 5212 quando
2125 5144 2366 5211 peccavit

808 5248 863 5295 et
884 5239 1112 5292 vitulum
1139 5238 1411 5292 conﬂavit.
1433 5237 1778 5305 Aguitionem
1814 5236 1957 5288 enim
1997 5237 2084 5289 Dei
2122 5236 2362 5304 repulisti

809 5331 1045 5399 (quando
1069 5330 1462 5384 nimirumavia
1495 5330 1584 5382 Dei
1616 5328 1864 5397 descivit)
1883 5330 2070 5396 etpost
2096 5344 2188 5382 cor
2211 5339 2359 5381 tuum

807 5421 1338 5491 atubulastifquando
1354 5421 1602 5474 nimirum
1619 5436 1799 5475 amore
1814 5423 2028 5489 proprio
2041 5421 2367 5490 pervicacia-

807 5528 916 5580 que
928 5529 1023 5567 sua
1040 5514 1279 5566 divinum
1299 5513 1496 5566 cultum
1516 5515 1873 5572 decreverunt
1891 5514 1955 5566 iis
1973 5515 2060 5582 qui
2082 5528 2185 5568 nou
2205 5523 2364 5566 erant

807 5605 878 5660 dii
906 5610 978 5675 1).
1011 5606 1191 5676 Neque
1216 5609 1356 5662 enim
1385 5608 1492 5660 vita
1549 5608 1699 5662 nobis
1730 5617 1830 5672 est,
1865 5609 1947 5661 cui
1984 5609 2063 5661 vis
2093 5608 2236 5660 illata
2272 5618 2361 5662 aut

881 5777 906 5816 ν
940 5764 1093 5819 Deut.
1125 5781 1294 5826 xxxtt.
1340 5764 1371 5818 8
1415 5781 1525 5820 scc.
1565 5765 1816 5834 Scplung.
1893 5775 1917 5813 τι
1944 5762 2076 5819 Osce
2113 5780 2182 5818 tv.

2470 4596 2662 4666 λαυτίᾳ
2685 4597 3058 4666 άνυποτάκτῳ,
3086 4597 3176 4649 καὶ⁴
3210 4596 3465 4666 αὐθαδείᾳ
3488 4598 3622 4668 πρὸς
3651 4599 3711 4650 τὸ
3733 4598 3924 4650 δοκοῦν
3951 4601 4042 4651 αὖ·

2469 4693 2580 4750 τοῖς
2613 4687 3087 4758 ἀποιπλανηθέντας
3123 4687 3432 4757 σεϐάσμιον.
3473 4689 3546 4740 Οὐ
3591 4688 3697 4759 γὰρ
3729 4690 3887 4759 μόνον
3939 4691 4043 4760 τῆς

2471 4779 2611 4850 πρὸς
2647 4780 2707 4832 τὸ
2739 4780 2890 4832 Θεῖον
2937 4779 3222 4847 ἀναγωγῆς
3250 4778 3726 4842 ἀποπεπτώκασιν,
3757 4780 3892 4832 άλλά
3945 4785 4042 4833 καὶ

2469 4873 2579 4934 τοῖς
2605 4873 2679 4942 μὴ
2698 4867 2755 4924 οὗ
2766 4889 2814 4924 σι
2847 4870 2985 4933 θεοῖς
3007 4872 3266 4938 ἀνάλογον
3287 4874 3350 4941 τῇ
3373 4871 3590 4941 δοκήσει
3625 4871 3829 4924 ἑαυτῶν
3859 4872 3921 4923 τὸ
3951 4873 4039 4925 σέ-

2473 4962 2573 5024 ϐας
2604 4961 3021 5014 ἀποδεδώκασιν.
3052 4964 3116 5014 ’0
3144 4961 3205 5032 δὴ
3247 4964 3339 5014 καὶ
3374 4960 3533 5024 αὐτὸς
3561 4962 3722 5034 ὀιτῶν
3772 4962 4040 5032 Ἐϐραίων

2469 5055 2593 5116 λαὸς
2625 5053 2944 5105 πεπονθέναι
2987 5052 3220 5121 λέγεται,
3265 5054 3350 5106 ὅτε
3398 5054 3630 5124 ἥμαρτε,
3681 5053 3775 5106 καὶ
3809 5055 4042 5123 ἐμοσχο-

2470 5150 2714 5219 ποίησεν.
2779 5148 3099 5214 Ἐπίγνωσιν
3138 5147 3244 5220 γὰρ
3294 5148 3425 5200 Θεοῦ
3464 5149 3667 5201 ἀπώσω
3708 5146 3900 5218 (τοῦτο,
3952 5150 4038 5202 ὅτι

2466 5241 2565 5308 τῆς
2589 5240 2722 5309 πρὸς
2743 5240 2801 5292 τὸ
2831 5240 2979 5291 Θεῖον
3003 5240 3287 5309 ἀναγωγῆς
3323 5240 3705 5308 ἀποπέπτωκε)
3729 5241 3820 5292 καὶ
3861 5241 4042 5295 ὀπίσω

2466 5332 2563 5400 τῆς
2600 5332 2821 5400 καρδίας
2851 5348 2943 5382 σου
2973 5330 3270 5400 ἐπορεύθης
3301 5329 3506 5398 (τοῦτο,
3536 5330 3613 5382 ὅτι
3647 5331 3704 5381 ἐν
3741 5333 3807 5399 τῇ
3845 5331 4041 5399 φιλαυ-

2467 5426 2556 5494 τία
2588 5424 2677 5474 καὶ
2711 5422 2964 5491 αὐθαδείᾳ.
3015 5424 3128 5484 τοῖς
3163 5422 3235 5491 μὴ
3269 5417 3385 5474 οὖσι
3437 5421 3574 5483 θεοῖς
3603 5420 3663 5472 τὸ
3695 5421 3855 5484 σέϐας
3896 5424 4038 5474 dmi-

2468 5513 2698 5585 νειμαν).
2735 5512 2869 5565 Οὗτε
2901 5511 3008 5582 γὰρ
3027 5513 3187 5581 ἡμεῖς
3202 5512 3618 5580 ἡναγκασμένην
3648 5511 3840 5581 ἔχομεν
3865 5511 4036 5581 ζωὴν,

2469 5608 2543 5672 ὠς
2587 5608 2655 5662 τὰ
2708 5608 2892 5674 ἄλογα,
2943 5603 3078 5659 ἀλλά
3115 5605 3202 5660 διὰ
3241 5605 3330 5657 τὸν
3373 5605 3524 5657 λόγον
3575 5603 3634 5656 τὸ
3670 5603 4038 5671 αὐτεξούσιον
