4176 6308
82 310 194 368 ωε)

593 309 678 365 DE
710 310 1034 367 CWLESTI
1072 312 1512 378 illERARCHiA,
1545 315 1695 371 CAP.
1734 315 1821 369 IX.
1864 346 1933 355 --
1965 314 2310 375 PABAPHR.
2346 317 2816 379 PACIIYMERE.

3243 325 3347 382 2η.

78 426 213 482 οὔτε
244 424 409 481 πάλιν
441 426 507 480 δι’
543 427 674 480 αὐτὸ
715 428 875 481 τοῦτο
904 429 965 483 τὸ
1008 430 1348 497 αὐτεξούσιον
1390 430 1566 503 ἡμῶν,
1618 429 1673 483 ει

1791 431 2038 498 imposita
2086 433 2403 498 necessitas,
2446 443 2505 487 ut
2538 434 2733 505 brutis,
2779 437 2874 493 sed
2925 453 3023 508 per
3077 441 3342 521 rationem

82 537 290 591 ποιμεν
324 520 390 574 ἂν
430 520 511 573 ὅτι
543 518 614 572 τὰ
656 518 773 574 θεῖα
814 519 968 590 φῶτα
1000 516 1098 593 τῆς
1131 522 1388 594 προνοίας
1421 523 1514 577 τοῦ
1542 523 1675 576 Θεοῦ

80 602 561 684 ἀπαμϐλύνονται.
598 612 743 665 Ἀλλ’
796 613 979 667 εἰκόνα
1024 614 1135 668 τῶν
1179 613 1352 685 λόγων
1407 615 1537 669 λάϐε
1573 614 1679 669 ἀπὸ

82 705 186 758 τοῦ
219 688 446 775 ἡλιακοῦ
489 697 683 774 φωτός·
732 703 809 771 ὦς
841 706 950 785 γᾷρ
983 706 1161 761 ἐκεῖσε
1202 698 1345 762 ἔστιν
1407 707 1553 772 ἰδεῖν,
1596 706 1679 760 ὅτι

81 797 187 851 ἐπὶ
227 796 329 867 μὲν
361 795 472 849 τῶν
496 797 767 867 διαφανῶν
796 796 851 852 αἱ
883 797 991 851 τῶν
1025 800 1260 853 ἀκτίνων
1293 800 1554 864 διαδόσεις
1592 798 1679 868 γί-

82 906 299 955 νονται,
338 890 433 943 καὶ
463 890 555 942 ἐπὶ
588 884 800 954 τούτοις
834 889 1033 962 μᾶλλον
1071 892 1164 945 καὶ
1190 886 1372 965 ἦττον,
1404 889 1585 957 καθὼς
1613 892 1679 947 ἂν

82 978 208 1049 ἔχοι
252 979 315 1032 τὸ
346 979 709 1051 ὑποκείμενον
738 978 877 1054 πρὸς
904 984 1003 1055 τὴν
1036 984 1130 1037 τοῦ
1161 982 1336 1054 φωτὸς
1378 983 1679 1056 μετάληψιν

84 1069 553 1140 ἐπιτηδειότητος·
593 1071 685 1126 ἐπὶ
722 1072 779 1125 δὲ
799 1072 907 1126 τῶν
952 1074 1271 1149 παχυτέρων
1314 1077 1411 1147 οὐχ
1456 1077 1676 1147 ὁμοίως,

83 1160 211 1214 ἀλλ’
243 1161 278 1233 ἢ
308 1154 498 1236 ⁸πάντη
546 1164 833 1229 ἀδιαδότως
867 1164 898 1237 ἢ
933 1167 1220 1239 ἀμυδρῶς·
1255 1169 1411 1222 τοῦτο
1451 1170 1543 1223 καὶ
1585 1170 1679 1225 ἐπὶ

80 1252 191 1324 τῆς
244 1252 394 1318 θείας
444 1252 761 1328 ἐλλάμψεως
808 1258 840 1329 ἢ
888 1260 1140 1331 ἀνισότης
1183 1256 1283 1333 τῆς
1329 1256 1677 1325 αὐτεξουσίου

86 1346 274 1415 ῥοπῆς
304 1346 615 1419 ἐργάζεται.
665 1350 893 1406 Ὑπόθου
939 1352 1066 1425 γὰρ,
1103 1354 1203 1425 τὴν
1230 1353 1499 1427 ἡμετέραν
1535 1354 1678 1425 ζωὴν

82 1436 217 1508 ὄψιν
241 1432 383 1491 εἶναι
417 1440 633 1512 γοερὰν,
659 1442 773 1495 ἀλλ’
800 1439 1074 1514 ἀνόμοιον,
1102 1444 1191 1499 διὰ
1221 1446 1284 1498 τὸ
1312 1444 1674 1511 αὐτεξούσιον·

82 1529 120 1597 ἡ
158 1527 214 1582 δὲ
259 1528 361 1600 τῆς
396 1530 583 1602 θεῐκῆς
613 1520 962 1606 ’ἀγαθότητος
1010 1536 1306 1605 φωτοδοσία
1357 1536 1454 1608 μία
1510 1536 1604 1589 καὶ
1645 1538 1679 1607 ἡ

82 1621 229 1692 αὐτή
287 1624 457 1687 ἐστιν,
493 1610 870 1698 ὑπερπλήρης,
900 1629 992 1682 καὶ
1038 1628 1347 1700 ἀνελλιπὴς,
1379 1630 1472 1683 καὶ
1512 1628 1677 1701 ἁπλῆ,

86 1712 189 1764 καὶ
226 1712 314 1764 ἀεὶ
364 1712 626 1779 ὡσαύτως
658 1716 870 1786 ἔχουσα·
900 1720 933 1790 ἠ
979 1716 1107 1788 γοῦν
1134 1719 1243 1795 τῶν
1284 1719 1459 1789 ὄψεων
1491 1717 1679 1787 αὐτεξ-

1783 521 2033 577 libertale
2065 516 2287 592 prmdita
2327 542 2341 578 :
2371 539 2547 596 neque
2593 541 2780 584 rursus
2809 518 3073 596 dicamus,
3121 520 3345 604 propter

1781 611 1932 668 illam
1987 616 2155 684 ipsam
2205 607 2514 673 libertatem
2546 630 2786 675 nostram
2811 622 3025 679 'divinte
3046 625 3346 682 Providen-

1784 707 1871 761 tiae
1899 707 2311 763 divinalumina
2350 705 2599 767 obtundi.
2633 714 2740 769 Sed
2774 715 3045 773 dictorum
3088 719 3198 791 92
3247 724 3344 774 ho-

1784 814 1901 852 rum
1927 802 2235 871 exemplum
2264 796 2453 872 accipe
2495 818 2526 857 a
2573 802 2780 861 lumine
2809 808 2939 863 solis
2969 828 2983 862 ε
3025 810 3165 864 sicut
3194 804 3339 866 enim

1783 889 1855 943 ibi
1887 888 2074 944 videre
2106 891 2250 955 licet,
2296 893 2349 947 in
2385 896 2856 962 transparentibns
2888 899 3101 969 quidem
3145 888 3343 973 corpo-

1783 978 1936 1034 ribus
1965 981 2241 1035 radiorum
2284 982 2401 1037 ﬁeri
2452 975 2918 1056 distributionem,
2946 996 3340 1065 eoqne'magis

1780 1072 1865 1123 vel
1900 1072 2099 1139 minus,
2138 1090 2234 1144 pro
2260 1076 2487 1144 subjecti
2522 1078 2589 1132 ad
2629 1079 2808 1135 lumen
2847 1083 3225 1152 excipiendum
3249 1102 3342 1142 ca-

1782 1154 2053 1231 pacitate;
2084 1165 2137 1219 in
2172 1167 2535 1224 crassioribus
2563 1181 2743 1225 autem
2775 1188 2880 1227 non
2927 1176 3201 1240 similiter.
3248 1180 3341 1233 sed

1781 1268 1876 1312 aut
1897 1261 2119 1313 omnino
2137 1260 2489 1338 indistribute
2513 1273 2603 1318 aut
2628 1266 2861 1335 obscure
2881 1268 3149 1338 ;‘idipsum
3173 1274 3340 1335 etiam

1783 1348 1835 1401 in
1864 1351 2047 1404 divina
2106 1337 2469 1409 “lustratione
2521 1354 2855 1440 inaequalitas
2889 1337 3073 1416 liberae
3110 1366 3346 1433 prepeu-

1781 1436 1951 1493 sionis
1974 1454 2252 1509 operatur.
2282 1445 2537 1514 Suppone
2576 1436 2741 1513 enim,
2765 1452 2932 1506 vitam
2983 1464 3225 1510 nostram
3259 1460 3339 1510 vi-

1778 1532 1988 1587 sionem
2015 1549 2135 1590 esse
2159 1537 2485 1605 spiritalem,
2517 1541 2609 1595 sed
2634 1541 2973 1612 inmqualem,
3007 1560 3227 1618 propter
3250 1566 3342 1604 ar-

1781 1621 1925 1677 bitrii
1976 1623 2321 1698 libertatem;
2351 1631 2547 1688 divina-
2578 1646 2757 1689 autem
2804 1637 3071 1695 bonitatis
3103 1643 3338 1698 illustra-

1783 1717 2006 1784 tionem,
2038 1735 2200 1774 unam
2249 1736 2376 1778 esse
2418 1733 2474 1778 et
2522 1728 2794 1792 eamdem,
2827 1731 3254 1803 “superplenam,
3286 1750 3341 1792 et

83 1804 343 1873 ουσιότης
400 1804 434 1877 ἢ
491 1806 769 1873 παντελῶς
835 1810 1136 1882 ὰμέθεκτον
1185 1813 1330 1867 ποιεῖ
1381 1814 1478 1884 τὴν
1514 1814 1673 1870 ,θείαν

1784 1810 2210 1879 indelicientem,
2257 1825 2315 1894 et
2382 1818 2707 1889 simplicem,
2770 1831 2826 1877 et
2875 1826 3065 1879 eodem
3127 1842 3341 1897 semper

83 1895 310 1960 ἀκτῖνα,
342 1898 400 1950 ὲν
433 1900 579 1963 ὅσοις
614 1898 812 1974 δηλαδὴ
856 1904 1145 1959 ἀντιτυπία
1195 1906 1333 1971 ἐστὶ,
1380 1905 1675 1961 κάντεῦθεν

82 1987 386 2063 οὐδόλωςή
421 1992 580 2056 ἀκτὶς
632 1994 939 2051 διαδίδοται’
983 1998 1016 2071 ἢ
1064 2000 1352 2073 διαφόρους
1391 2006 1537 2055 ποιεῖ
1578 2003 1678 2067 τὰς

86 2081 351 2151 μετοχὰς,
386 2084 592 2155 μικρὰς
634 2086 667 2158 ἢ
709 2088 970 2158 μεγάλας,
999 2091 1244 2164 ἀμυδρὰς
1284 2091 1317 2164 ἢ
1362 2094 1553 2162 φανάς.
1602 2090 1677 2147 Τὸ

82 2170 241 2238 γοῦν,
277 2172 474 2246 μικρόν
501 2177 594 2231 καὶ
627 2177 789 2251 μέγα,
815 2180 1123 2269 ’ἐμοσοῦ
1159 2184 1252 2238 καὶ
1297 2182 1468 2257 μικρὰ
1518 2188 1678 2259 χάρις

83 2236 251 2333 ’ἒυχδν
275 2236 308 2337 ἦ
336 2236 439 2337 cf};
473 2236 1085 2346 διδασζιαᾷίάείίεγάλη
1119 2275 1152 2346 ἡ
1186 2236 1671 2350 ,ῆξπβκξητζξζιξῖ

84 2354 166 2406 Τδ
197 2354 255 2408 δὲ
283 2357 532 2428 ἀμυδρὰς
556 2359 589 2431 ἢ
624 2361 815 2431 φανὰς,
838 2365 929 2417 ἐπὶ
964 2364 1141 2418 ποιοῦ·
1182 2366 1269 2419 ὅτε
1297 2367 1457 2439 τυχὸν
1491 2370 1523 2438 ὴ
1551 2385 1679 2440 προ-

85 2446 293 2515 φητεία
336 2447 456 2500 δυσί
496 2467 636 2503 τισιν
671 2452 924 2525 ὑπάρχει,
969 2457 1064 2510 καὶ
1108 2456 1187 2528 τῷ
1238 2457 1335 2527 μὲν
1375 2458 1468 2511 ἐπὶ
1515 2459 1675 2513 πλέον

38 2518 43 2525 ’
84 2535 229 2598 hri,
250 2537 334 2608 τῷ
364 2539 419 2592 δὲ
444 2541 527 2593 ἐπ’
558 2518 800 2599 ἔλαττον..
821 2518 983 2599 τΕπεὶ
1014 2547 1095 2601 ὅτι
1126 2518 1190 2616 γε
1220 2518 1313 2603 aiat
1337 2548 1448 2618 τῶν
1474 2549 1675 2623 ἐτέρων

88 2626 265 2680 ἐθνῶν
296 2627 377 2700 (ἐξ
408 2626 483 2685 ὧν
508 2634 603 2687 καὶ
636 2636 796 2706 ἡμεῖς
820 2638 1077 2709 ’Έλληνες
1108 2640 1258 2704 όντες
1288 2641 1672 2715 ἀνενεὺσαμεν)

87 2722 150 2772 οὐ
192 2721 335 2787 ξένοι
373 2724 517 2788 τινὲς
550 2727 642 2780 καὶ
674 2729 948 2786 ἀλλόκοτοι
983 2733 1309 2803 ἐπεστάτουν
1344 2733 1457 2791 θεοὶ
1492 2736 1586 2788 ἐπὶ
1613 2736 1674 2790 τὸ

84 2815 480 2887 ὲξηπλωμένον
509 2823 642 2875 πᾶσι
691 2826 804 2888 τοῖς
828 2826 1069 2880 θέλουσιν
1116 2831 1197 2894 εἰς
1226 2830 1508 2901 μετάδοσιν
1538 2833 1673 2887 ἑτοί-

89 2925 213 2977 μως
246 2909 318 2962 δι’
346 2909 651 2982 ἀγαθότητα
674 2915 767 2969 τοῦ
797 2917 1085 2990 θεαρχικοῦ
1117 2922 1294 2991 φωτὸς
1324 2923 1549 2995 ἄπειρον
1576 2925 1673 2978 πέα

86 3001 281 3069 ἴαγος,
325 3004 440 3057 ἀλλ’
483 3008 669 3080 ἐπειδὴ
709 3010 806 3081 μία
862 3011 1079 3065 πάντων
1133 3013 1275 3085 ἀρχὴ
1316 3017 1344 3068 ό
1387 3015 1538 3079 Θεός·
1582 3017 1670 3071 διὰ

85 3092 251 3146 τοῦτο
309 3095 450 3166 πρὸς
504 3085 707 3171 ταύτην
749 3100 949 3172 ἀνῆγον
981 3103 1029 3158 οἱ
1082 3104 1202 3158 καθ’
1248 3106 1477 3161 ἕκαστον
1518 3107 1669 3172 ἔθνος
1697 3149 1748 3204 0

86 3183 511 3251 ἒπιστατοῦντες
540 3188 759 3259 ᾶγγελοι
805 3191 932 3254 τοὺς
965 3193 1261 3264 ἑπομένους
1305 3195 1446 3249 κατὰ
1470 3195 1531 3249 τὸ
1578 3198 1673 3251 αὑ-

84 3273 342 3347 θαίρετον
369 3280 460 3332 καὶ
503 3282 603 3334 οὐκ
653 3283 1086 3353 ἠναγκασμένον.
1133 3287 1357 3357 Μάρτυς
1401 3289 1429 3341 ὁ
1472 3289 1673 3359 Μελχι-

88 3368 269 3431 σεδὲκ,
301 3368 554 3439 βασιλεὺς
592 3372 690 3443 μὲν
713 3374 813 3444 τῆς
846 3375 1034 3447 Σαλὴμ
1067 3377 1144 3431 ὢν
1177 3378 1269 3430 ἐπὶ
1309 3379 1418 3432 τῶν
1465 3380 1671 3451 χρόνων

86 3461 182 3513 τοῦ
221 3462 493 3534 Ἀϐραὰμ,
531 3464 590 3531 ἐξ
632 3464 801 3519 ἐθνῶν
840 3468 897 3537 δὲ
943 3468 1037 3521 καὶ
1076 3471 1133 3522 ἐν
1170 3470 1319 3541 μέσῳ
1357 3471 1467 3524 τῶν
1501 3472 1670 3525 ἐθνῶν

88 3553 359 3625 ἱεράρχης
382 3555 769 3623 φιλοθεώτατος
800 3560 1213 3631 γνωριζόμενος⁹
1250 3564 1309 3614 οὑ
1342 3562 1450 3634 γὰρ
1481 3563 1668 3627 ἁπλῶς

86 3646 339 3713 φιλόθεον
369 3646 556 3702 τοῦτον
576 3650 639 3703 καὶ
689 3649 904 3721 Γραφαὶ
950 3654 1352 3725 παραδιδοῦσιν,
1396 3655 1531 3709 ἀλλὰ
1573 3659 1666 3709 καὶ

89 3740 244 3810 ἱερέα
275 3740 371 3793 τοῦ
417 3742 584 3807 ὅντως
611 3744 763 3809 ὄντος
811 3746 967 3810 Θεοῦ,
1021 3749 1106 3801 ἵνα
1141 3749 1356 3813 πάντως
1382 3748 1662 3821 δηλώσωσι

86 3834 201 3893 τοῖς
225 3830 535 3903 ὲχέφροσιν,
568 3834 648 3889 ὅτι
668 3837 741 3908 μὴ
777 3836 935 3907 μόνον
963 3834 1117 3903 οὗτος
1146 3837 1213 3911 ἦν
1246 3840 1505 3909 φιλόθεος,
1529 3841 1665 3894 ἀλλὰ

87 3924 184 3976 καὶ
218 3923 403 3988 ἄλλοις
430 3928 511 3990 εἰς
552 3928 823 3997 φιλοθεΐαν
855 3932 1059 4000 ἡγεῖτοο
1090 3933 1230 4005 ὅπερ
1259 3932 1375 3997 πῶς
1392 3934 1457 3987 ἂν
1472 3928 1559 4005 ἦν,
1590 3933 1666 3987 si-

90 4032 195 4085 περ
226 4016 568 4082 ἁπαξαπλῶς
585 4020 677 4073 καὶ
694 4026 1036 4077 παντάπασιν
1067 4025 1131 4077 ἐκ
1155 4026 1263 4077 τῶν
1295 4025 1465 4080 ἐθνῶν
1491 4030 1525 4097 ἡ
1560 4026 1669 4080 θεο-

90 4107 298 4174 γνωσία
325 4110 591 4166 ἀπέλειπε

1779 1906 1937 1959 modo
1964 1920 2024 1960 se
2072 1906 2359 1963 habentem
2392 1921 2575 1968 :tunc
2618 1917 2807 1986 utique
2849 1918 3121 1975 visionum
3168 1920 3338 1978 libera

1779 1997 2069 2070 propensio
2100 1997 2184 2053 vel
2206 2003 2428 2057 omnino
2476 1988 2995 2066 incominunicatum
3048 2012 3223 2070 reddit
3254 2032 3341 2070 ra-

1778 2088 1923 2142 dium
1970 2090 2236 2159 divinum,
2286 2092 2352 2150 iis
2384 2096 2639 2154 nimirum
2676 2102 2769 2171 qui
2818 2101 3183 2173 reluctantur,
3215 2125 3343 2180 pro-

1777 2188 1899 2248 pter
1927 2184 2074 2251 quod
2118 2186 2341 2241 omnino
2373 2190 2557 2246 radius
2600 2208 2707 2248 non
2738 2194 3120 2267 distribuitur;
3148 2202 3229 2256 vel
3252 2203 3338 2257 di-

1778 2276 1964 2329 versas
2018 2275 2150 2330 facit
2201 2278 2676 2350 participationes,
2724 2299 2918 2356 parvas
2963 2290 3045 2345 vel
3092 2307 3337 2362 magnas,

1776 2368 2040 2422 obscuras
2068 2366 2150 2421 vel
2198 2369 2395 2426 claras.
2445 2369 2579 2426 illud
2636 2375 2816 2445 itaque
2858 2384 3084 2448 parvitm
3138 2394 3195 2439 et
3225 2401 3339 2439 ma—

1777 2474 1967 2528 gnum,
2006 2461 2072 2513 ad
2104 2463 2465 2529 quantitatem
2498 2466 2735 2520 refertur
2770 2487 2783 2522 :
2816 2481 2870 2524 et
2895 2488 3060 2540 parva
3090 2486 3173 2530 est
3212 2494 3339 2547 gru-

1779 2552 1873 2617 tia,
1909 2549 2049 2606 forte
2077 2555 2429 2620 eruditionis;
2460 2574 2680 2629 magna,
2713 2563 3031 2629 prophetiae.
3068 2566 3200 2622 Illud
3241 2585 3341 2623 au-

1780 2653 1908 2708 tem,
1938 2647 2200 2702 obscuras
2228 2646 2311 2703 vel
2362 2651 2563 2717 claras,
2596 2653 2661 2705 ad
2710 2643 3026 2723 qualitatem
3084 2659 3339 2731 refertur,

1773 2741 1991 2805 quando
2020 2736 2159 2795 l'orte
2194 2741 2479 2813 prophetia
2525 2745 2736 2799 duobus
2775 2747 3047 2818 aliquibus
3077 2740 3337 2826 obtingit;

1772 2841 1936 2900 atque
1959 2832 2048 2885 uni
2077 2833 2292 2902 quidem
2330 2834 2560 2903 plenior,
2584 2837 2739 2892 alter:
2768 2853 2897 2895 vero
2929 2843 3166 2904 tenuior.
3197 2848 3337 2914 Quin

1772 2924 1934 2978 etiam
1980 2927 2109 2995 quia
2158 2928 2369 2982 exteris
2405 2930 2661 2997 gentibus
2710 2932 2763 3001 (e.
2784 2933 2981 3001 quibus
3012 2946 3067 2992 et
3094 2952 3214 3002 nos,
3243 2944 3335 3008 qui

1772 3017 1944 3079 Graeci
1967 3032 2171 3081 sttnms,
2191 3020 2534 3090 emersimus)
2562 3037 2665 3075 non
2696 3022 2857 3077 alieni
2886 3027 3109 3094 quidam
3137 3038 3193 3084 et
3212 3044 3339 3099 prn-

1771 3109 1961 3179 digiosi
1987 3110 2317 3179 praefuerunt
2343 3113 2413 3167 dii
2431 3114 2497 3168 ad
2515 3114 2764 3169 dili‘usum
2781 3119 3060 3184 omnibus,
3079 3122 3170 3189 qui
3198 3123 3340 3177 ultro

1782 3214 1879 3268 per
1896 3199 2199 3254 bonitatem
2220 3202 2336 3273 ejus
2368 3204 2841 3273 participationem
2861 3218 3143 3281 appetunt,
3171 3212 3335 3269 divini

1779 3290 2001 3344 luminis
2049 3290 2318 3345 inﬁnitum
2367 3293 2611 3369 pelagus,
2641 3297 2734 3350 sed
2784 3308 2869 3351 est
2916 3315 3055 3353 unus
3094 3306 3333 3357 omnium

1779 3382 2115 3449 principatus
2150 3382 2319 3447 Deus;
2355 3384 2558 3438 idcirco
2583 3386 2650 3439 ad
2690 3387 2862 3456 ipsum
2887 3403 3104 3459 quoque
3136 3382 3337 3463 angeli,

1777 3466 1867 3533 qui
1901 3468 2097 3535 cuique
2141 3469 2349 3524 nationi
2380 3472 2621 3541 praefecti
2665 3484 2845 3538 erant,
2897 3493 2994 3533 eos
3016 3480 3107 3547 qui
3140 3497 3338 3550 seque-

1775 3561 1996 3627 bantur,
2017 3561 2187 3616 libere
2208 3572 2263 3617 et
2300 3580 2405 3619 non
2439 3576 2629 3621 macte
2653 3568 3015 3625 adduxerunt.
3044 3571 3221 3629 Testis
3253 3587 3337 3628 est

1772 3654 2144 3721 Melehisedec,
2193 3657 2285 3725 qui
2342 3659 2560 3727 quidem
2614 3675 2711 3738 rex
2760 3662 2941 3716 Salcm
2998 3668 3336 3734 temporibus

1772 3747 2005 3801 Abrahze
2028 3755 2179 3812 erat;
2209 3758 2582 3804 verumtamen
2604 3767 2670 3804 ex
2696 3754 2965 3822 gentibus,
2991 3765 3046 3809 et
3074 3758 3126 3810 in
3160 3759 3335 3813 medio

1773 3838 2014 3909 gentium
2043 3880 2058 3905 ,
2082 3822 2349 3895 sacerdos
2394 3840 2504 3895 Deo
2554 3843 2895 3912 gratissimus
2938 3856 3022 3900 est
3061 3853 3278 3918 agnitus
3315 3868 3330 3905 :

1772 3944 1879 3982 uon
1908 3929 2051 3983 enim
2077 3930 2309 3998 simplici
2343 3932 2503 3986 modo
2535 3933 2712 4002 ipsum
2758 3934 2869 3990 Deo
2895 3938 3120 3992 charum
3163 3943 3334 3995 exsti-

1774 4022 1905 4077 tisse
1929 4020 2226 4091 Scripturze
2268 4024 2505 4087 tradunt,
2555 4040 2741 4081 verum
2794 4029 2955 4083 etiam
2994 4033 3331 4088 sacerdotem

1771 4124 1899 4168 vere
1927 4111 2238 4167 exsistentis
2279 4114 2409 4180 Dei;
2448 4116 2522 4168 ita
2546 4124 2605 4168 ut
2640 4118 2862 4173 omnino
2893 4120 3169 4176 intellectu
3197 4139 3331 4192 prae-

93 4194 221 4251 ditis
243 4198 585 4272 significent,
624 4201 796 4273 ipsum
828 4220 931 4260 non
966 4207 1140 4262 solum
1177 4207 1285 4263 Deo
1349 4210 1577 4263 charum
1635 4205 1937 4267 exstitisse,
1997 4217 2186 4269 verum
2234 4212 2291 4257 et
2354 4204 2488 4259 alios
2519 4221 2735 4277 quoque
2782 4210 2847 4263 ad
2890 4209 2978 4263 Dei
3035 4214 3328 4271 amicitiam

90 4291 411 4355 adduxisse,
436 4293 576 4359 quod
602 4294 701 4363 qui
722 4294 832 4348 lieri
861 4298 1144 4365 potuisset.
1172 4295 1215 4354 si
1266 4301 1556 4352 univcrsim
1601 4306 1654 4351 et
1687 4298 1911 4352 omnino
1936 4304 1999 4358 et,
2028 4300 2168 4362 apud
2195 4308 2384 4349 omnes
2420 4308 2607 4364 gentes
2635 4297 2726 4353 Dei
2771 4301 2961 4355 notitia
2986 4303 3312 4363 dcfecisset?

162 4380 189 4451 ᾗ
226 4379 322 4435 IV.
363 4384 473 4436 Καὶ
504 4383 661 4438 τοῦτο
691 4385 747 4439 δὲ
780 4386 1074 4459 ὑπομνήσω
1104 4390 1201 4459 τὴν
1232 4389 1328 4460 σὴν
1352 4380 1667 4461 ἱεραρχικὴν
1702 4409 1745 4463 υ

91 4472 309 4526 σύνεσιν
356 4474 520 4544 (φησὶ
566 4477 699 4547 πρὸς
737 4478 827 4532 τὸν
870 4480 1093 4548 Ἐφέσου
1123 4480 1416 4551 Τιμόθεον)
1461 4483 1541 4535 ὅτι
1570 4484 1663 4535 καὶ

92 4566 146 4615 αἱ
184 4564 309 4617 καθ’
343 4564 543 4628 ὕπνους
572 4567 790 4637 ὁράσεις
819 4568 896 4640 τῷ
922 4569 1117 4640 Φαραὼ
1154 4571 1246 4623 καὶ
1271 4571 1351 4641 τῷ
1392 4574 1664 4643 Ναϐουχο-

90 4655 327 4725 δονόσορ,
364 4655 453 4708 διὰ
480 4655 587 4709 τῶν
623 4658 864 4727 ἀγγέλων
893 4660 1002 4711 τῶν
1039 4661 1468 4717 ἐπιστατούντων
1522 4664 1665 4727 ἰδίως

91 4749 198 4809 τοῖς
230 4746 443 4799 ἔθνεσιν
477 4748 817 4818 ἐγεγένηντο,
853 4751 1054 4815 καθ’ἂς
1069 4755 1287 4823 ὁράσεις
1314 4756 1375 4807 τὸ
1405 4757 1501 4827 τῆς
1532 4758 1666 4811 πάν-

92 4851 192 4889 των
227 4836 490 4906 προνοίας
522 4840 614 4891 καὶ
652 4840 970 4913 κυριότητος
1013 4844 1367 4916 κηδεμονικὸν
1399 4848 1492 4901 τοῦ
1528 4849 1663 4903 Θεοῦ

91 4924 531 4998 διεπορθμεύετο·
561 4924 711 4993 οὗτος
724 4931 831 5001 γὰρ
860 4932 1061 5005 Κύριος
1087 4936 1180 4987 καὶ
1212 4940 1510 5011 προνοητὴς
1527 4940 1662 4994 πάν-

90 5029 190 5067 των
221 5017 318 5070 καὶ
353 5016 518 5081 Θεὸς,
554 5020 629 5082 ὡς
661 5022 753 5073 καὶ
782 5023 810 5073 ὁ
840 5021 1048 5086 Παῦλος
1082 5026 1347 5098 πολλαχοῦ
1395 5028 1659 5101 ἐδήλωσεν

91 5106 273 5159 εἰπών’
291 5108 395 5174 Μὴ
419 5111 529 5162 οὐκ
551 5110 721 5165 ἐστιν
740 5116 772 5165 ό
790 5114 933 5178 Θεὸς
959 5116 1057 5169 καὶ
1086 5116 1310 5177 ἐθνῶνε
1336 5120 1431 5173 ναὶ
1455 5122 1661 5177 meo.

92 5195 237 5261 νῶν,
280 5201 454 5268 ειπερ
488 5203 572 5267 εἷς
620 5206 652 5255 ό
686 5205 844 5270 Θεός.
898 5204 1033 5259 Ἀλλ’
1066 5209 1121 5258 αἱ
1166 5209 1384 5278 ὁράσεις
1431 5214 1528 5283 μὲν
1572 5214 1659 5269 διὰ

90 5289 191 5343 τῶν
217 5292 487 5359 ἀγγέλων,
520 5295 575 5345 αἱ
606 5295 661 5347 δὲ
684 5294 864 5359 λύσεις
887 5297 1195 5367 ἀλλαχόθεν,
1220 5302 1310 5354 καί
1338 5304 1397 5355 οὑ
1417 5302 1503 5356 διὰ
1533 5304 1657 5357 τού-

92 5398 209 5447 των,
246 5386 361 5456 ὅσῳ
401 5386 496 5437 καὶ
528 5386 663 5439 Θεοῦ
701 5387 1031 5458 θεράποντες
1076 5392 1319 5464 ὑπῆρχον
1351 5396 1399 5447 οἱ
1436 5398 1661 5469 συγκρί-

91 5489 262 5538 νοντες
294 5476 368 5529 τὰ
420 5477 689 5549 ὀνείρατα,
740 5482 833 5533 καὶ
867 5481 974 5534 τῶν
1007 5483 1250 5551 ἀγγέλων
1282 5488 1447 5555 ἐγγὺς
1471 5528 1485 5552 ,
1522 5488 1662 5543 ὥστε

91 5565 191 5618 ἀπὸ
216 5566 352 5620 Θεοῦ
385 5568 452 5621 δι’
480 5569 657 5622 αὐτῶν
696 5570 764 5623 τὰ
813 5573 921 5625 τῶν
955 5575 1253 5630 ὲπιλύσεων
1299 5579 1557 5647 γίνεσθαι,
1604 5583 1660 5635 Ὀ

92 5657 193 5727 γὰρ
235 5659 433 5730 Ἰωσὴφ
467 5660 536 5713 τά
567 5660 661 5713 τοῦ
692 5663 887 5731 Φαραὼ
916 5668 1168 5740 ὀνείρατα
1191 5669 1343 5727 ἔλυεν
1375 5674 1512 5745 ὑπὲρ
1544 5675 1654 5728 τῶν

159 5822 180 5851 ³
214 5814 369 5871 Rom.
400 5833 491 5883 ιιι,
526 5816 614 5871 99.

1847 4386 1873 4458 §
1917 4386 2002 4440 IV.
2043 4387 2173 4441 illud
2206 4402 2424 4457 quoque
2458 4389 2748 4458 pontiﬁcia:
2779 4401 2881 4447 tua:
2910 4396 3157 4451 scientia:
3181 4413 3329 4453 c0m-

1772 4477 2087 4533 memorabo
2114 4478 2432 4547 (alloquitur
2461 4481 2527 4533 ad
2579 4479 2920 4536 Timotheum
2967 4486 3165 4554 Ephesi
3207 4492 3325 4560 epi-

1768 4569 2015 4639 scopum)
2042 4574 2311 4636 quomodo
2342 4572 2505 4624 etiam
2553 4570 2818 4628 Pharaoni
2871 4586 2927 4630 et
2964 4577 3327 4637 Nabuchodo-

1769 4659 1951 4712 nosori
1994 4674 2092 4728 per
2121 4659 2366 4727 angelos,
2412 4660 2694 4714 natioumn
2748 4666 3006 4733 prmities
3053 4675 3322 4741 prnprios,

1768 4749 1822 4800 in
1845 4750 2050 4802 somnis
2073 4750 2312 4806 visiones
2362 4751 2469 4804 sint
2495 4750 2771 4818 exhibitas,
2793 4769 2889 4821 per
2925 4772 3062 4826 quas
3086 4765 3322 4818 onmium

1766 4840 1873 4910 93
1908 4840 2262 4911 providentia:
2291 4857 2356 4912 ac
2378 4843 2764 4898 dominationis
2795 4844 2890 4900 Dei
2935 4863 3065 4905 cura
3094 4852 3159 4906 iis
3191 4854 3325 4910 iusi-

1767 4936 2034 4987 nuabatur
2077 4954 2088 4988 :
2118 4936 2380 5004 siquidem
2404 4936 2494 4991 hic
2520 4948 2605 4994 est
2628 4941 2909 5007 Dominus,
2948 4954 3002 4999 et
3052 4948 3319 5011 provisor,

1764 5037 1818 5081 et
1844 5025 1986 5081 Deus
2014 5030 2279 5092 omnium,
2331 5028 2477 5083 sieut
2518 5032 2682 5085 etiam
2714 5032 2914 5091 Paulus
2946 5037 3167 5111 multis
3193 5038 3321 5093 locis

1764 5119 2077 5199 declaravit,
2112 5122 2344 5175 dicens:
2391 5123 2644 5191 Nunquzd
2681 5134 2755 5178 est
2804 5127 2942 5181 Deus
2994 5129 3149 5181 etiam
3197 5147 3319 5199 gen-

1763 5198 2068 5266 tiumfimo
2109 5223 2155 5267 et
2208 5217 2461 5281 gentium,
2508 5218 2753 5291 quoniam
2792 5235 2927 5274 unus
2968 5231 3044 5274 est
3094 5222 3229 5276 Deus
3272 5232 3316 5275 ι’.

1766 5302 1965 5358 Verum
1994 5306 2235 5360 visiones
2263 5310 2481 5375 quidem
2526 5327 2619 5381 per
2670 5314 2912 5382 angelos,
2959 5315 3316 5371 resolutiones

1763 5407 1943 5450 autem
1970 5397 2207 5465 aliunde,
2237 5410 2289 5453 et
2321 5416 2424 5455 non
2451 5417 2548 5469 per
2598 5405 2714 5467 hos,
2750 5406 2822 5457 ita
2871 5414 2928 5457 ut
2965 5402 3057 5458 Dei
3090 5404 3316 5470 fuerint,

1762 5489 2073 5558 angelisque
2104 5492 2412 5561 propinqui,
2453 5494 2546 5563 qui
2590 5497 2798 5549 somnia
2830 5496 3216 5565 diiudicarunt,
3246 5498 3315 5549 ita
3354 5532 3361 5539 ι

1762 5590 1878 5634 uta
1916 5580 2023 5636 Deo
2064 5599 2160 5653 per
2196 5585 2317 5639 illos
2365 5602 2550 5640 eorum
2600 5589 2862 5643 resolutio
2908 5588 3086 5643 fieret.
3116 5587 3313 5656 Joseph

1761 5676 1903 5731 enim
1923 5676 2083 5732 solvit
2105 5678 2310 5733 somnia
2337 5678 2641 5737 Pharaonis
2679 5697 2841 5738 super
2869 5680 3172 5753 Egyptios,
3216 5682 3314 5735 Da-
