4202 6300
894 354 992 410 271

2076 350 2133 405 S.
2172 348 2469 406 DIONYSII
2504 350 2969 410 AREOPAGITXE

4038 349 4129 404 272

895 470 1000 524 niel
1059 483 1190 523 vero
1256 466 1815 525 Nabucltodonosoris
1864 476 2054 522 contra
2110 468 2458 538 Babylonios.

2566 471 2900 537 Αἰγυπτίων,
2934 474 2961 524 6
2992 472 3047 525 δε
3070 471 3267 543 Δανιὴλ
3298 470 3367 525 τὰ
3392 475 3487 524 τοῦ
3512 466 3980 538 Ναϐουχοδονόσορ
4005 484 4127 518 κατι

894 563 1126 625 Idcirco,
1170 562 1414 629 inquam,
1469 576 1606 614 unus
1660 568 1745 613 est
1799 558 2042 611 omnium
2100 560 2459 629 principatus,

834 714 840 720 ,
894 652 1142 721 adeoque
1182 668 1289 705 una
1318 651 1689 705 Providentia.
1726 648 1913 718 Neque
1940 648 2051 703 ullo
2083 651 2241 703 modo
2270 658 2464 717 putan-

893 746 1020 800 dum
1046 754 1149 807 est,
1176 746 1332 813 quasi
1367 744 1571 798 ludatis
1607 743 1823 813 quidem
1853 743 2066 797 θεοειιὶιο
2096 740 2236 795 Deus
2258 750 2310 795 et
2340 757 2466 810 pro-

894 839 1009 908 prie
1027 838 1457 908 przefuerit,aliis
1472 847 1650 890 autem
1677 835 1985 889 nationibus
2006 833 2349 905 praefuerint,
2371 840 2465 885 aut

894 932 1074 998 angeli
1108 930 1268 985 modo
1300 928 1405 982 sibi
1441 928 1660 998 proprio
1702 930 1820 983 sine
1862 926 2307 982 subordinatione
2333 964 2348 989 ,
2378 924 2464 979 vel

894 1020 1130 1088 aequales
1150 1021 1262 1075 Deo
1285 1019 1368 1075 vel
1396 1018 1508 1074 Deo
1530 1016 1811 1084 contrarii,
1831 1019 1914 1072 vel
1935 1019 2097 1072 etiam
2129 1017 2216 1071 alii
2244 1017 2463 1088 quidam

893 1111 990 1165 dii.
1020 1113 1158 1177 Quin
1181 1112 1345 1166 etiam
1370 1111 1512 1179 quod
1542 1111 1592 1165 in
1621 1112 1848 1165 Cantico
1878 1111 2161 1179 Scriptura
2198 1109 2326 1164 dicit
2354 1127 2369 1163 :
2395 1107 2460 1163 Et

894 1204 1064 1273 factus
1101 1213 1175 1257 est
1199 1220 1320 1273 pars
1360 1203 1573 1257 Domini
1601 1206 1825 1273 populus
1862 1206 1982 1273 ejus
2020 1204 2209 1269 Jacob,
2246 1203 2460 1271 {unicu-

893 1296 976 1351 lus
1020 1298 1342 1351 Iawreditatis
1384 1298 1496 1366 ejus
1544 1297 1714 1351 Israel
1752 1308 1798 1361 ⁵,
1824 1298 2119 1351 secundum
2169 1297 2312 1349 hunc
2340 1310 2462 1349 sen—

894 1404 1012 1443 sum
1057 1388 1433 1457 accipiendmn
1473 1399 1578 1452 est,
1627 1405 1730 1441 non
1785 1389 1942 1457 quasi
2004 1387 2147 1441 Deus
2203 1387 2460 1443 mundum

892 1480 1038 1533 hunc
1079 1490 1325 1534 nostrum
1358 1494 1480 1532 cum
1512 1481 1729 1534 caeteris
1757 1481 1863 1533 diis
1886 1477 2161 1548 angelisve
2196 1477 2460 1541 diviserit,

891 1573 1052 1641 eique
1094 1572 1248 1641 quasi
1291 1587 1415 1627 sors
1455 1570 1623 1626 Israel
1666 1573 1973 1640 assignatus
2013 1570 2107 1625 sit.
2166 1568 2274 1624 Sed
2325 1584 2463 1637 quo-

891 1668 1090 1722 modo?
1137 1667 1291 1735 Quod
1350 1670 1609 1723 nimirum
1678 1669 1909 1738 ipsamet
1959 1669 2221 1723 altissima
2279 1683 2460 1723 rerum

890 1758 1137 1811 omnium
1166 1758 1515 1813 Providentia
1572 1774 1658 1813 res
1703 1774 1893 1813 onmes
1926 1759 2227 1823 hominum,
2260 1757 2463 1812 saluta-

892 1853 1045 1905 ribus
1074 1851 1293 1920 quidem
1349 1851 1524 1920 quoad
1576 1852 1748 1921 ipsos,
1778 1852 1845 1905 ad
1882 1850 2049 1904 Deum
2084 1866 2215 1904 vero
2245 1866 2457 1904 sursum

892 1943 1232 2011 erigentibus
1259 1944 1798 2007 manuductionibus,
1833 1943 2041 2012 angelis
2083 1945 2199 1998 suis
2226 1944 2459 2013 propriis

892 2035 1246 2103 commiserit,
1280 2052 1345 2092 ex
1385 2038 1636 2092 omnibus
1664 2049 1843 2091 autem
1887 2036 1993 2092 illis
2026 2037 2280 2106 gentibus
2308 2035 2459 2091 solus

891 2123 1057 2181 Israel
1085 2128 1150 2179 ad
1170 2128 1282 2183 veri
1306 2127 1399 2182 Dei
1426 2128 1841 2183 illustrationem
1860 2142 2158 2182 conversus
2184 2126 2276 2180 sit.
2304 2124 2458 2180 Unde

890 2231 1049 2271 sacra
1083 2216 1392 2288 Scriptura,
1422 2219 1736 2287 signiﬁcans
1764 2220 1907 2289 quod
1937 2219 2178 2288 seipsum
2210 2218 2373 2273 Israel
2391 2217 2455 2270 ad

893 2313 1005 2366 veri
1057 2311 1152 2367 Dei
1202 2312 1567 2368 ministerium
1609 2312 1937 2367 destinarit:
1991 2312 2189 2368 Factus
2215 2324 2313 2377 est,
2370 2310 2457 2363 in-

891 2408 1031 2476 quit,
1093 2420 1219 2473 pars
1253 2404 1481 2458 Domini.
1547 2404 1619 2460 Ut
1664 2416 1846 2462 autem
1898 2406 2092 2459 iterum
2123 2404 2454 2466 ostenderet,

889 2497 1161 2567 quomodo
1189 2496 1358 2551 etiam
1398 2494 1583 2559 Israel,
1616 2498 1822 2565 pariter
1851 2512 1975 2552 cum
2023 2495 2237 2549 caeteris
2279 2500 2457 2565 gentl-

896 2590 1017 2652 bus,
1079 2588 1341 2658 peculiari
1394 2588 1611 2642 cuidam
1656 2588 1850 2658 angelo
1897 2588 2221 2642 commissus
2266 2586 2457 2651 fuerit,

893 2696 993 2751 per
1040 2696 1203 2751 quem
1263 2682 1329 2735 ad
1381 2682 1474 2737 Dei
1522 2684 1766 2736 notitiam
1812 2685 2212 2748 traduceretur,
2245 2681 2288 2735 si
2344 2681 2457 2748 ipse

892 2778 1146 2829 nimirum
1199 2779 1361 2831 etiam
1412 2775 1597 2839 vellet,
1648 2774 1961 2830 Micltaelem
2015 2774 2207 2828 ducem
2274 2774 2456 2845 p0puli

891 2871 1036 2925 illius
1110 2873 1271 2938 dicit;
1326 2882 1514 2941 aperte
1588 2872 1714 2927 hinc
1774 2871 1993 2935 docens,
2054 2870 2269 2925 unicam
2336 2884 2457 2924 esse

888 2964 1131 3017 ouminm
1161 2964 1557 3033 providentiam
1603 2980 1723 3034 quae
1753 2964 1967 3019 cunctis
2014 2972 2123 3018 tam
2153 2962 2458 3017 visibilibus

890 3070 1052 3123 quant
1115 3053 1477 3111 invisibilibus
1528 3057 2065 3125 prtesit,omnesqne
2101 3069 2167 3109 ac
2216 3054 2458 3123 singulas

2566 562 2673 614 τῶν
2707 562 3073 617 Βαϐυλωνίων.
3104 564 3201 617 Διά
3235 563 3393 617 τοῦτό
3427 580 3588 633 φημι,
3632 562 3729 632 μία
3760 560 3910 613 ἐστὶν
3943 562 3975 630 ἠ
4012 558 4132 611 πάν-

2565 669 2671 705 των
2703 655 2863 725 ἀρχὴ,
2884 658 2975 708 καὶ
3002 656 3091 708 διὰ
3120 655 3276 709 τοῦτο
3312 656 3409 727 μία
3446 656 3704 727 πρόνοια.
3748 654 3855 706 Καὶ
3893 652 4126 722 οὐδαμῶς

2567 746 2901 815 ὑποληπτέον
2925 789 2938 810 ,
2991 750 3070 801 ("tu
3112 748 3575 820 ἀποκληρωτικῶς
3622 749 3714 801 καὶ
3756 747 3903 809 ἰδίως
3942 749 3972 799 ὁ
4013 745 4134 799 Θεὸς

2566 838 2748 906 ἡγεῖτο
2784 838 2891 890 τῶν
2931 838 3217 891 Ἰουδαίωψ
3245 841 3357 900 τοῖς
3388 838 3443 891 δὲ
3473 836 3653 901 ἀλλοις
3669 838 3875 890 ἔθνεσιν
3907 833 4132 887 ἐπεστά-

2564 928 2740 999 τουνῆ
2765 928 2982 997 ἄγγελοι
3010 930 3321 1001 ἰδιοτρόπως
3335 930 3717 992 ἀνυπότακτοι,
3740 929 3771 999 ἢ
3794 929 4046 998 ὁμότιμοι
4067 928 4133 994 τῷ

2564 1018 2701 1088 Θεῷ,
2737 1018 3078 1089 ἢάντίθετοι,
3112 1021 3144 1092 ἢ
3180 1022 3273 1074 καὶ
3297 1020 3408 1074 θεοί
3436 1038 3581 1084 τινες
3613 1020 3806 1091 ἕτεροι.
3857 1019 4019 1072 Ἀλλά
4052 1019 4133 1071 καὶ

2563 1109 2624 1161 τὸ
2649 1111 2705 1161 ὲν
2734 1113 2800 1182 τῇ
2832 1111 2941 1183 ᾠδῇ
2966 1111 3163 1180 λόγιον,
3197 1111 3257 1164 τὸ
3290 1112 3524 1180 φάσκον·1
3553 1110 3665 1164 Καὶ
3694 1109 3950 1179 ἐγενήθη
3973 1112 4128 1178 μερὶς

2562 1204 2785 1269 Κυρίου
2823 1204 2973 1269 λαὸς
3004 1204 3188 1257 αὐτοῦ
3248 1202 3455 1264 Ιακὼό,
3489 1203 3816 1270 σχοίνισμα
3855 1206 4133 1269 κληρονο-

2557 1296 2701 1364 μίας
2724 1295 2908 1348 αὑτοῦ
2956 1291 3218 1362 Ἰσραὴλ,
3250 1294 3391 1347 κατά
3421 1295 3578 1365 τήνδε
3620 1294 3720 1363 τὴν
3749 1291 3954 1345 ἔννοιαν
3990 1291 4132 1361 ἐκλη-

2562 1388 2744 1449 πτέον,
2780 1387 2877 1456 οὺχ
2904 1387 2984 1439 ὅτι
3008 1388 3297 1457 ἐμερίσατο
3328 1387 3355 1437 6
3388 1384 3521 1447 Θεὸς
3558 1384 3675 1455 μεθ’
3706 1383 3909 1453 ἐτέρων
3931 1381 4132 1452 θεῶν,ῆ

2564 1482 2657 1535 καὶ
2680 1480 2942 1549 ἀγγέλων,
2960 1481 3050 1532 τὸν
3072 1480 3191 1533 καθ’
3210 1480 3356 1549 ἡμᾶς
3371 1476 3560 1530 τοῦτον
3587 1475 3810 1546 κόσμον,
3836 1475 3931 1527 καὶ
3963 1476 4133 1545 τούτῳ

2561 1578 2873 1650 ἐπενεμήθη
2919 1579 2994 1641 ὡς
3026 1578 3225 1649 κλῆρος
3265 1580 3293 1630 6
3351 1575 3585 1648 Ἰσραήλ.
3644 1574 3787 1627 Αλλά
3826 1574 3979 1639 πῶςς
4020 1576 4132 1627 Ὅτι

2562 1674 2700 1744 αὐτὴ
2728 1674 2823 1742 μὲν
2850 1674 2882 1743 ἡ
2921 1671 3017 1741 μία
3043 1670 3149 1723 τῶν
3165 1671 3419 1724 ἀπάντων
3454 1668 3672 1738 ὕψιστος
3688 1665 3944 1741 πρόνοια,
3962 1669 4131 1721 πάντα

2562 1766 2631 1817 τὰ
2661 1766 2741 1826 εἰς
2767 1762 3106 1833 ἀνθρώπους,
3141 1763 3263 1823 ταῖς
3298 1763 3592 1823 σωστικαῖς
3630 1760 3726 1830 μὲν
3764 1760 3905 1831 πρὸς
3928 1759 4132 1829 ἀνθρώ-

2564 1876 2734 1922 πους,
2767 1858 3116 1915 ἀνατατικαῖς
3161 1855 3218 1906 δὲ
3267 1853 3403 1925 πρὸς
3433 1853 3564 1905 Θεὸν
3607 1853 3999 1924 χειραγωγίαις
4031 1853 4130 1905 τῶν

2561 1951 2774 2006 οἰκείων
2790 1950 3032 2019 ἀγγέλων
3056 1948 3377 2018 διενείματο,
3402 1948 3464 2000 ὲκ
3478 1946 3681 2000 τούτων
3714 1946 3769 1999 δὲ
3795 1946 4014 1999 πάντων
4028 1946 4130 1999 τῶν

2560 2045 2729 2098 ἐθνῶν
2779 2044 2936 2115 μόνος
2979 2046 3006 2097 6
3050 2042 3263 2113 Ἰσραὴλ
3308 2041 3399 2093 ἐπὶ
3437 2040 3538 2111 τὴν
3582 2039 3677 2091 τοῦ
3714 2038 3882 2101 ὅντως
3929 2040 4131 2110 Κυρίου

2562 2139 2889 2209 φωτοδοσίαν
2905 2136 3242 2209 ἐπεστράφη.
3267 2135 3428 2188 Ὅθεν
3460 2135 3493 2203 ἡ
3529 2132 3649 2185 θεία
3670 2132 3880 2202 Γραφὴ,
3898 2131 4130 2201 δηλοῦσα

2563 2245 2680 2315 μὲν,
2709 2245 2792 2296 ὅτι
2826 2240 3206 2311 ἐπεκλήρωσεν
3238 2236 3427 2289 ἑαυτὸν
3456 2238 3485 2287 6
3529 2233 3743 2306 Ἰσραὴλ
3780 2234 3874 2286 ἐπὶ
3904 2234 4005 2303 τὴν
4038 2232 4127 2284 τοῦ

2557 2346 2726 2406 ὅντως
2755 2339 2889 2395 Θεοῦ
2917 2338 3229 2409 θεραπείαν·
3263 2331 3541 2404 Ἐγενήθη
3563 2332 3734 2402 μερὶς
3760 2331 4005 2400 Κυρίου,
4028 2347 4127 2399 φη-

2560 2445 2661 2497 σίν.
2711 2437 3121 2508 Ἐνδεικνυμένη
3151 2436 3207 2489 δὲ
3236 2435 3396 2488 πάλιν
3412 2433 3493 2497 τὸ,
3518 2432 3612 2485 καὶ
3634 2430 3796 2483 αὑτὸν
3825 2430 3890 2500 δὴ
3913 2428 4004 2479 τὸν
4032 2428 4129 2480 Ἰσ-

2561 2534 2697 2608 ραὴλ
2726 2534 2785 2586 ὲν
2819 2531 2918 2601 ἴσῳ
2948 2532 3060 2593 τοῖς
3089 2528 3293 2589 λοιποῖς
3328 2525 3533 2578 ἔθνεσιν
3564 2523 3641 2575 ἑνί
3675 2538 3781 2574 τινι
3813 2519 3922 2573 τῶν
3964 2519 4128 2587 ἀγγέ-

2558 2628 2662 2680 λων
2703 2624 3110 2695 ἀπονεμηθῆναι
3155 2623 3235 2683 είς
3273 2619 3332 2671 τὺ
3362 2619 3429 2670 δι’
3463 2614 3627 2669 αὑτοῦ
3660 2616 3739 2676 εἰς
3770 2614 3868 2683 τὴν
3904 2612 4131 2677 θεωρίω-

2560 2717 2678 2769 σίαν
2703 2713 3018 2784 ἀναχθῆναι,
3048 2711 3288 2773 θέλοντος
3321 2708 3522 2780 δηλαδὴ
3554 2707 3650 2759 καὶ
3682 2703 3867 2766 αὐτοῦ,
3902 2703 3994 2755 τὸν
4028 2702 4131 2753 Μι-

2556 2807 2693 2879 χαὴλ
2726 2808 2828 2876 ἔφη
2861 2803 3103 2874 ἡγεμόνα
3143 2799 3237 2852 τοῦ
3272 2798 3511 2852 τοιούτου
3544 2795 3698 2849 λαοῦ·
3744 2794 4129 2847 ὲκὸιδάσκουσα

2556 2895 2811 2948 ἐντεῦθεν
2836 2897 2869 2965 ἡ
2898 2891 3088 2964 Γραφὴ
3103 2890 3183 2951 τὸ,
3219 2888 3345 2959 μίαν
3377 2884 3514 2940 εἶναι
3546 2886 3805 2957 πρόνοιαν
3835 2884 4127 2941 ὲπὶπᾶσιν,

2558 2985 2955 3059 ὑπερκειμένην
2988 2982 3304 3054 καὶόρατῶν
3332 2983 3424 3033 καὶ
3455 2980 3701 3059 ἀοράτων
3735 2978 4011 3037 ἁπάντων,
4039 2972 4127 3026 καὶ

2561 3082 2646 3133 ὅτι
2672 3058 2852 3133 πάντα
2882 3077 2949 3130 τὰ
2980 3075 3101 3129 καθ’
3131 3074 3358 3128 ἕκαστον
3392 3070 3517 3143 ἔθνη
3554 3058 3682 3124 ἴδιον
3713 3070 4009 3138 ἐσχήκασιν
4036 3066 4129 3133 ἄγ-

890 3156 1079 3215 gcntes
1107 3150 1436 3216 peculiarem
1480 3147 1731 3217 angelum
1766 3147 2041 3210 habuisse,
2070 3147 2163 3217 qui
2209 3160 2330 3210 eos,
2363 3146 2453 3215 qui

2558 3174 2735 3243 γελον,
2770 3169 3114 3225 ἀνατείνοντα
3152 3170 3279 3229 τοὺς
3313 3166 3610 3235 ἑπομένους
3645 3160 3963 3222 ἐθελουσίως
3992 3156 4129 3211 κατὰ

891 3237 1034 3291 ultro
1083 3253 1149 3293 ac
1189 3249 1381 3309 sponte
1408 3251 1792 3311 sequerentur,
1824 3239 1890 3293 ad
1921 3237 2089 3293 Deum
2134 3254 2310 3291 rermn
2339 3253 2453 3292 om-

891 3329 1038 3382 nium
1067 3330 1395 3402 principium
1428 3334 1713 3404 dirigeret.

2559 3265 2619 3318 τὸ
2651 3262 2990 3330 αὐτεξούσιον
3005 3262 3084 3325 εἰς
3115 3260 3211 3331 τὴν
3240 3259 3454 3312 πάντων
3482 3257 3677 3328 ἀρχὴν,
3703 3254 3796 3307 τὸν
3811 3253 3963 3306 Θεόν.

886 3476 4118 3507 ________________,____________________—.____

1258 3631 1371 3704 9⁸
1436 3650 1817 3739 CAPUT
1892 3650 2010 3736 Χ.

1116 3794 1369 3864 Repetitio
1399 3804 1446 3850 et
1469 3797 1736 3850 conclusio
1766 3794 1989 3863 angelici
2013 3792 2236 3847 ordinis.

2936 3631 3578 3717 ΚΕΦΑΛΑΙΟΝ
3616 3632 3698 3713 I'.

2573 3770 2981 3839 Ἐπανάληψις
3014 3770 3110 3823 καὶ
3140 3768 3458 3903 συναγὲῗγὴ
3495 3767 3605 3838 τῆς
3653 3765 3977 3838 άτγελικῆς
4032 3768 4126 3819 εἰρ-

3232 3856 3302 3891 τα
3367 3856 3457 3903 ας.

3232 3856 3457 3905 tactae.

2191 3993 2524 4051 SYNOI’SIS
2558 3994 2845 4051 CAPITIS.

954 4150 996 4206 ι.
1020 4154 1183 4213 Docet,
1208 4152 1515 4205 sublimiora
1536 4149 2031 4223 angelos'sulllimiori
2054 4164 2245 4221 quoque
2271 4153 2415 4223 modo
2448 4151 2703 4223 illustrari.
2724 4150 2803 4223 η.
2820 4153 2892 4223 In
2918 4150 3535 4223 illustrationilius‘servari
3555 4164 3741 4211 quoque
3771 4152 4129 4204 subordinatio-

1559 4212 1682 4265 ne'm.
1711 4212 1793 4263 ΙΙΙ.
1823 4214 1997 4265 Omnes
2020 4212 2119 4265 sibe
2142 4212 2337 4276 tingelos
2355 4214 2455 4264 sive
2476 4214 2691 4264 homines
2715 4212 2954 4277 triplicem
2974 4215 3149 4265 habere
3177 4212 3453 4277 potentiam.

2474 4362 2580 4437 ιι.

963 4487 1291 4544 Conclusqu
1333 4486 1503 4555 igitur
1530 4499 1559 4537 a
1601 4484 1779 4547 nobis,
1812 4482 2084 4551 quomodo
2112 4483 2199 4536 illa
2233 4482 2449 4552 quidem

2629 4487 2897 4557 Συνῆκται
2921 4487 3103 4553 ,τοίνυν
3131 4488 3261 4557 ἡμῖν
3280 4526 3293 4550 ,
3334 4486 3409 4549 ὡς
3440 4487 3473 4556 ή
3507 4486 3603 4555 μὲν
3646 4485 3996 4555 πρεσϐυτάτη
4025 4487 4128 4538 τῶν

894 4580 1291 4649 antiquissima.
1320 4592 1439 4646 qua:
1480 4576 1588 4631 Deo
1620 4582 1821 4643 prtesto
1843 4583 1948 4637 est,
1974 4573 2454 4644 intelligentiarunt

896 4670 1224 4734 distributio,
1253 4669 1322 4722 ob
1370 4665 2131 4738 ipsametprimitusinitiante
2184 4666 2457 4719 illumina-

895 4767 1043 4819 tione
1067 4771 1404 4827 consecrata,
1448 4760 1759 4813 immediate
1791 4759 1867 4814 illi
1910 4758 2260 4824 intendendo,
2285 4775 2461 4815 secre-

895 4858 1017 4914 tiori
1057 4854 1221 4909 simul
1252 4864 1305 4907 et
1334 4850 1696 4906 manifestiori
1742 4851 1911 4905 divim
1963 4852 2302 4922 principatus
2329 4853 2457 4906 illu-

892 4950 1158 5009 stratione
1182 4959 1441 5018 purgetur
1465 4953 1524 4999 et
1558 4943 1895 4997 illuminetnr
1923 4956 2084 5012 atque
2120 4946 2453 5014 perﬁciatur.

893 5040 1188 5097 Secretiori
1216 5038 1461 5105 quidem,
1496 5036 1623 5104 quia
1656 5035 1975 5102 spiritaliori
2015 5036 2292 5105 magisque
2316 5038 2450 5091 sim-

894 5135 1069 5204 plilica
1115 5129 1457 5197 uniﬁcaque;
1508 5126 1864 5180 manifestiori
1912 5138 2114 5191 autem,
2154 5128 2281 5195 quia
2341 5130 2453 5197 pri-

896 5225 1078 5279 mitiva
1125 5219 1519 5291 primilucaque
1567 5228 1621 5269 et
1675 5216 2077 5280 nniversaliori,
2109 5217 2317 5287 ipsique
2344 5220 2448 5290 (nt-

968 5368 989 5394 '
1022 5355 1175 5409 Deut.
1214 5365 1385 5413 nm,
1414 5350 1467 5404 9.

2561 4580 2688 4648 περὶ
2719 4578 2849 4631 Θεὸν
2879 4580 3011 4631 νοῶν
3050 4580 3421 4649 διακόσμησις,
3464 4577 3568 4629 ὑπὸ
3603 4578 3702 4647 τῆς
3743 4577 4128 4648 τελεταρχικῆς

2560 4670 2873 4741 ὲλλάμψεως
2911 4673 3328 4744 ίεραρχουμένη,
3361 4672 3438 4742 τῷ
3471 4672 3742 4741 ὲπάὐτὴν
3773 4672 3997 4741 ἀμέσως
4013 4673 4129 4723 ἀνα·

2558 4762 2825 4816 τείνεσθαι
2847 4764 2890 4794 ⁷³
2910 4803 2924 4826 ,
2954 4766 3299 4836 κρυφιωτέρᾳ
3333 4765 3427 4817 xui.
3462 4764 3791 4835 φανοτέρατδ
3823 4764 3927 4832 τῆς
3971 4763 4129 4833 θεαρ-

2558 4855 2679 4925 χίας
2711 4855 3008 4926 φωτοδοσίᾳ
3031 4856 3369 4927 καθαίρεται,
3404 4857 3495 4907 καὶ
3517 4853 3830 4924 φωτίζεται,
3863 4856 3958 4907 καὶ
3983 4855 4126 4907 τελε-

2560 4952 2906 5019 σιουργεῖται.
2935 4949 3298 5019 Κρυφιωτέρᾳ
3316 4950 3431 5019 μὲν,
3457 4950 3530 5011 ὡς
3550 4948 3860 5018 νοητοτέρᾳ,
3887 4948 3981 4999 καὶ
4006 4946 4125 5015 μᾶλ-

2556 5040 2645 5092 λον
2671 5041 2949 5113 ἀπλωτικῇ
2978 5043 3071 5094 καὶ
3099 5043 3343 5111 ἐνοποιῷ·
3382 5042 3654 5113 φανοτέρᾳ
3685 5041 3762 5101 δὲ,
3794 5042 3870 5103 ὠς
3920 5056 4123 5110 πρωτα

2556 5129 2690 5199 δότῳ
2723 5131 2815 5183 καὶ
2842 5134 3186 5200 πρωτοφανεῖ
3214 5135 3306 5185 xui.
3342 5133 3661 5203 ὁλικωτέρᾳ,
3693 5133 3787 5184 καὶ
3816 5131 4016 5202 μᾶλλον
4048 5134 4120 5193 εἰς

2558 5224 2746 5292 αὐτην,
2764 5223 2838 5284 ὡς
2870 5223 3058 5294 διειδῆ,
3088 5225 3365 5297 κεχυμένη
3385 5227 3453 5277 ⁷⁸.
3487 5225 3628 5294 Πρὸς
3655 5224 3859 5293 ταύτης
3880 5223 3936 5275 δὲ
3965 5224 4121 5277 πάλιν

2166 5492 2396 5547 νΑΙὶΙιΕ
2433 5490 2833 5546 LECTIONES.

964 5637 1008 5664 "
1050 5628 1359 5698 ἀνάγεσθαι,
1388 5628 1433 5680 Μ
1482 5639 1534 5680 ct
1565 5628 2039 5682 translatinScnli.

2120 5631 2164 5658 ⁷⁸
2191 5630 2257 5701 in_
2281 5628 2347 5680 Μ.
2379 5630 2684 5701 nominandi
2708 5645 2834 5683 casn
2868 5629 3115 5701 leguntur
3146 5635 3242 5684 ista
3269 5648 3279 5681 :
3322 5627 3665 5701 κρυφιωτέρα
3699 5629 3795 5701 καί
3832 5632 4112 5701 φανοτέρα,

894 5717 948 5757 et
994 5721 1112 5756 mox
1157 5714 1279 5752 item
1320 5718 1330 5750 :
1376 5698 1719 5771 κρυφιωτὲρα
1756 5699 1873 5767 μὲν,
1936 5700 2012 5771 ᾡς
2045 5699 2333 5771 νοητοτέρα
2358 5700 2500 5771 ,ηκαὶ
2537 5698 2734 5771 μᾶλλον
2789 5699 3067 5768 ἀπλωτικὴ
3104 5703 3195 5753 καὶ
3249 5698 3521 5762 ἑνοποιός·
3580 5700 3845 5771 φανοτὲρα
3879 5702 3959 5765 δέ,
3989 5698 4112 5761 εἰς..

894 5792 980 5829 cm
1034 5770 1250 5827 lectioni
1289 5772 1566 5823 translatio
1620 5770 1763 5821 Scott
1811 5770 1876 5822 ad
1896 5770 2187 5836 :tipulatur.

2281 5770 2324 5797 ⁷⁵
2367 5768 2429 5820 Μ.
2466 5770 2785 5839 κεχυμένην.
