4202 6300
51 385 152 441 275

699 377 788 432 DE
818 371 1140 430 (ιοΕιΕδΤι
1171 368 1612 430 HlERARClllA,
1647 365 1801 422 CAP.
1838 369 1906 425 X.
1943 399 2010 408 —
2043 364 2358 422 CORDERII

974 371 1140 427 .ESTI
1171 368 1612 430 HiERARClllA,
1647 365 1801 422 CAP.
1838 369 1906 425 X.
1943 399 2010 408 —
2043 364 2366 422 CORDERII
2403 363 2633 421 NOTAE.

3178 365 3283 419 επ

50 502 323 570 ἀναλόγως
343 503 376 572 ἠ
398 499 646 572 δευτέρα,
679 497 772 552 καὶ
805 498 939 567 πρὸς
956 497 1056 566 τῆς
1087 495 1340 567 δευτέρας
1365 497 1399 565 ἡ
1442 494 1617 564 τρίτη,
1649 498 1694 554 Α

1649 498 1694 554 Α
1724 501 1847 559 pote
1885 489 2183 559 liquidiori)
2231 487 2476 543 inlimius
2519 487 2715 541 infusa.
2755 486 2838 540 Ab
2871 485 2975 540 hac
3019 495 3195 536 autem
3229 497 3280 536 ut

51 595 294 666 καὶπρὸς
322 593 420 664 τῆς
449 593 638 664 τρίτης
663 594 696 662 ἠ
721 591 839 643 καθ’
865 592 1009 661 ἡμᾶς
1038 590 1288 660 ίεραρχία
1313 629 1326 652 ,
1361 589 1502 641 κατὰ
1527 587 1618 640 τὸν

51 689 205 742 αὑτὸν
234 689 335 759 τῆς
368 688 636 757 εὐκόσμου
683 684 1000 754 ταξιαρχίας
1040 683 1258 753 θεσμὸν,
1289 684 1346 734 ὲν
1387 681 1622 751 ἁρμονίᾳ

52 779 166 850 θείᾳ
189 781 284 832 καὶ
309 768 585 847 ἀναλογίᾳ,
611 776 745 848 πρὸς
759 776 853 846 τὴν
879 776 1094 845 ἁπάσης
1126 774 1420 843 εὐκοσμίας
1453 773 1621 841 ὑπερ-

59 873 233 943 Ξρχιον
268 869 442 941 ἀρχὴν
483 870 575 923 καὶ
605 867 911 938 περάτωσιν
955 865 1279 937 ίεραρχικῶς
1311 864 1588 931 ἀνάγεται.

1720 584 1914 637 iterum
1942 582 2177 636 secunda
2205 597 2304 650 pro
2331 596 2431 635 sua
2461 581 2735 649 portione,
2764 589 2821 632 et
2853 593 2880 632 a
2910 577 3158 632 secunda
3173 587 3277 630 ter-

1724 677 1821 741 tia,
1850 683 1905 729 et
1925 690 1955 727 a
1981 676 2137 728 tertia
2164 683 2351 728 noster
2377 674 2465 727 hic
2484 687 2642 728 sacer
2661 672 2818 735 ordo,
2837 670 2986 740 iuxta
3013 670 3286 740 primaeva:

1726 769 1870 823 illius
1930 778 2091 822 recta:
2132 766 2542 821 constitutionis
2574 764 2771 834 legem,
2827 763 3009 818 divina
3061 776 3289 833 prorsus

1730 860 2006 916 harmonia
2036 859 2496 929 congruentiaque
2548 856 2613 909 ad
2660 855 3140 924 superoriginalem
3170 871 3285 908 om-

1730 951 1814 1004 nis
1843 950 1994 1004 bome
2023 950 2384 1004 ordinationis
2419 948 2695 1017 originem
2749 957 2805 1002 el.
2847 949 3285 1006 terminationem

1727 1055 1882 1097 sacro
1919 1044 2152 1110 quodam
2179 1042 2367 1096 ordine
2403 1050 2817 1110 promoventur.

1596 1199 1623 1271 ς
1669 1196 1748 1257 n.

137 1387 555 1458 Ἐκφαντορικοὶ
611 1386 666 1438 δὲ
708 1386 908 1449 πάντες
960 1386 1066 1437 εἰσὶ
1119 1386 1211 1438 καὶ
1253 1383 1472 1453 ἄγγελοι
1519 1384 1627 1438 τῶν

54 1478 158 1548 πρὸ
169 1477 373 1530 αὐτῶν·
391 1480 438 1530 οἱ
459 1479 553 1548 μὲν
569 1475 1087 1549 πρεσϐύτατοι,Θεοῦ
1102 1475 1194 1528 τοῦ
1210 1475 1630 1540 >ιινοῦντος;,άνα⁹

53 1569 223 1636 λόγως
248 1570 312 1621 δὲ
343 1569 390 1621 οἱ
420 1567 616 1632 λοιποὶ,
644 1566 754 1620 τῶν
783 1568 847 1620 ἐκ
865 1566 999 1620 Θεοῦ
1029 1568 1628 1640 κεκινημένων-τοσοῦ-

52 1678 140 1713 τον
171 1660 348 1730 γὰρὴ
382 1660 597 1714 πάντων
640 1658 961 1730 ὑπερούσιος
997 1660 1227 1731 ἁρμονία
1264 1662 1362 1731 τῆς
1395 1661 1625 1714 ἑκάστου

49 1752 158 1805 τῶν
185 1752 425 1820 λογικῶν
453 1769 512 1805 τε
545 1751 642 1805 καὶ
683 1750 884 1821 νοερῶν
921 1754 1070 1824 ἱερᾶς
1102 1753 1395 1822 εὐκοσμίας
1427 1753 1520 1806 καὶ
1547 1770 1629 1805 τεο

50 1843 338 1912 ταγμένης
360 1842 582 1912 ἀγωγῆς
603 1843 649 1873 "
681 1843 1027 1914 προενόησεν,
1053 1845 1133 1896 ὅτι
1155 1843 1249 1896 καὶ
1269 1844 1404 1915 αὑτὴ
1420 1843 1528 1896 τῶν
1552 1845 1626 1896 ἱε-
1657 1879 1697 1933 Β

54 1937 300 2008 ραρχιῶν
325 1937 526 2006 ἑκάστη
542 1937 586 1966 ’⁷⁷
613 1935 795 2002 τάξεις
830 1938 1172 2007 ἱεροπρεπεῖς
1201 1936 1369 2000 ἔθετο,
1399 1939 1491 1990 καὶ
1519 1939 1622 1990 πᾶ-

54 2043 150 2078 σαν
181 2026 472 2098 ἱεραρχίαν
498 2024 712 2095 ὁρῶμεν
740 2025 821 2087 είς
844 2024 943 2087 τὰς
967 2020 1265 2095 πρώταςτθ,
1306 2024 1399 2076 καὶ
1434 2023 1626 2094 μέσας,

51 2117 145 2170 καὶ
185 2115 507 2178 τελευταίας
550 2116 806 2185 δυνάμεις
835 2115 1185 2187 διῃρημένην.
1239 2114 1394 2167 Ἀλλά
1421 2115 1514 2167 καὶ
1542 2115 1628 2166 αὑ-

48 2210 149 2277 τὴν
167 2208 432 2278 ἑκάστην,
464 2206 645 2268 ίδικῶς
677 2207 868 2272 εἰπεῖν,
905 2207 1258 2277 διακόσμησιν
1288 2209 1406 2270 ταῖς
1440 2207 1628 2270 αὑταῖς

50 2301 258 2363 ἐνθέοις
293 2302 578 2372 ἁρμονίαις
604 2299 853 2371 διέκρινε·
889 2299 967 2352 διὸ
993 2300 1088 2352 καὶ
1122 2300 1315 2360 αὐτοὺς
1341 2300 1464 2361 τοὺς
1493 2297 1630 2350 θειο-

50 2392 255 2456 τάτους
305 2395 540 2463 σεραερὶμ
581 2394 629 2445 oi
683 2391 917 2458 θεολόγοι
952 2391 1114 2459 φασὶν
1147 2390 1330 2461 ἓτερον
1363 2390 1497 2460 πρὸς
1539 2390 1630 2441 τὸν

51 2484 137 2534 ἒτε
144 2500 240 2552 ρον
265 2483 616 2553 κεκραγέναι,
645 2482 826 2550 σαφῶς
843 2485 885 2514 ⁷³
905 2484 960 2534 ἐν
974 2482 1165 2552 τούτῳ,
1185 2482 1432 2552 καθάπερ
1446 2477 1594 2551 οἶμαι
1612 2520 1628 2543 ,

52 2583 343 2653 δηλοῦντες
365 2625 378 2648 ,
430 2585 509 2636 ὅτι
553 2585 661 2637 τῶν
707 2584 1023 2653 θεολογικῶν
1060 2584 1309 2650 γνώσεων
1345 2585 1393 2636 οί
1427 2582 1632 2655 πρῶτοι

55 2679 167 2740 τοῖς
195 2676 471 2748 δευτέροις
503 2677 857 2747 μεταδιδόασι.

1801 1380 2009 1450 Singuli
2046 1391 2225 1434 autem
2288 1384 2509 1435 ordines
2547 1391 2670 1434 sunt
2715 1397 2901 1435 eorum
2937 1384 3028 1452 qui
3085 1397 3288 1452 praece-

1732 1475 1870 1528 dunt
1899 1475 2228 1544 interpretes
2258 1488 2319 1528 ac
2354 1474 2713 1537 internuntii;
2747 1475 2901 1544 primi
2931 1475 3146 1543 quidem
3190 1475 3288 1537 illi,

1728 1565 1955 1620 motoris
1976 1565 2059 1619 sui
2090 1565 2206 1631 Dei,
2238 1565 2419 1619 cmteri
2453 1574 2633 1618 autem
2661 1564 2848 1618 eadem
2900 1565 3143 1630 ratione,
3175 1581 3291 1617 ιιο-

1727 1665 1905 1710 torum
1947 1672 1976 1710 a
2022 1658 2168 1712 Deo:
2215 1658 2351 1712 adeo
2381 1658 2523 1711 enim
2561 1658 2651 1711 illa
2706 1657 3180 1727 superessentialis
3209 1673 3264 1711 re

1728 1765 1847 1804 rum
1881 1751 2121 1805 omnium
2151 1751 2433 1805 harmonia
2465 1752 2687 1806 cuilibet
2716 1765 2874 1806 sacro
2906 1759 3013 1804 tam
3045 1751 3285 1805 rationa-

1729 1843 1860 1896 lium
1891 1857 2050 1910 quam
2097 1843 2423 1910 spiritalium
2481 1853 2853 1897 creaturarum
2889 1842 3087 1907 ordini,
3138 1853 3286 1896 rato-

1732 1948 1838 2002 qne
1864 1933 2047 1988 ductui
2073 1933 2360 1995 consuluit,
2392 1943 2448 1987 ut
2472 1944 2525 1988 et
2553 1936 2668 2000 ipsa
2708 1934 2936 2003 singulis
2964 1933 3289 1988 hierarchiis

1732 2027 1962 2080 decoros
2019 2026 2239 2080 ordines
2297 2026 2572 2090 statuerit,
2609 2038 2771 2094 atque
2815 2040 3033 2080 omnem
3081 2025 3267 2079 hierar

1733 2118 1907 2171 chiam
1939 2119 1990 2171 in
2017 2118 2246 2171 virtutes
2297 2117 2524 2186 primas,
2557 2125 2615 2172 et
2640 2118 2844 2171 medias
2884 2129 3047 2187 atque
3081 2127 3290 2187 postre-

1735 2225 1851 2264 mas
1874 2211 2216 2264 distributam
2243 2226 2364 2266 esse
2389 2211 2685 2266 videamus.
2741 2209 2995 2276 Quinimo
3022 2211 3289 2281 singulas,

1735 2313 1790 2355 ut
1819 2301 2037 2372 proprie
2087 2302 2286 2366 dicam,
2333 2302 2620 2372 spirituum
2662 2302 3057 2372 descriptiones
3103 2303 3291 2357 iisdem

1735 2394 1934 2448 divinis
1987 2395 2290 2449 harmoniis
2343 2395 2622 2459 discrevit,
2676 2405 2896 2463 propter
2955 2395 3096 2465 quod
3150 2396 3291 2465 ipsos

1735 2487 1900 2544 etiam
1954 2488 2325 2542 divinissimos
2373 2489 2642 2556 seraphim
2683 2489 2916 2559 theologi
2973 2489 3198 2543 alterunt
3230 2491 3296 2540 ad

1738 2580 1964 2635 alterunt
1995 2581 2232 2635 clamare
2261 2581 2412 2634 aiunt
2441 2583 2494 2648 t;
2525 2596 2630 2650 qua
2665 2581 2881 2650 quidem
2914 2596 2988 2646 re,
3025 2597 3142 2634 mea
3172 2595 3298 2635 seu-

1739 2673 1925 2737 tentia,
1957 2671 2240 2726 manifeste
2283 2671 2579 2736 declarant,
2613 2672 2818 2741 primos
2867 2671 3161 2739 participes
3215 2670 3294 2723 ﬁa-

1737 2782 1862 2818 cere
1889 2766 2160 2820 secundos
2190 2765 2494 2820 divinarum
2525 2781 2704 2821 rerum
2734 2775 2896 2835 atque
2925 2766 3220 2820 nationum.

1600 2928 1769 3002 §lll.

127 3114 441 3187 Προσθείην
488 3115 534 3168 δ’
565 3115 630 3168 ἂν
680 3117 772 3168 καὶ
819 3116 975 3168 τοῦτο
1024 3118 1124 3169 οὐκ
1179 3118 1502 3181 ἀπεικότως,
1557 3119 1637 3170 ότι
1667 3127 1708 3183 c

58 3209 153 3261 καὶ
169 3208 299 3261 καθ’
334 3209 496 3261 αὑτὸν
511 3208 558 3243 ⁸⁸
575 3207 804 3271 ἕκαστος
827 3209 1073 3279 οὐράνιός
1095 3227 1154 3262 τε
1185 3210 1277 3262 καὶ
1303 3211 1634 3281 ἀνθρώπειος

55 3302 190 3365 νοῦς
234 3301 408 3363 ίδικὰς
439 3301 549 3370 ἔχει
599 3302 693 3353 καὶ
727 3303 947 3370 πρώτας
990 3302 1085 3354 καὶ
1119 3302 1289 3373 μέσας
1320 3303 1413 3355 καί
1455 3303 1637 3354 τελευ-

53 3395 226 3455 ταίας
257 3390 441 3456 τάξεις
481 3410 538 3445 τε
589 3394 683 3445 καὶ
722 3393 999 3463 δυνάμεις,
1036 3395 1173 3464 πρὸς
1209 3394 1307 3456 τὰς
1345 3394 1636 3464 είρημένας

51 3485 170 3537 τῶν
209 3483 334 3536 καθ’
355 3481 582 3537 ἕκαστον
605 3484 926 3555 ἱεραρχικῶν
946 3484 1257 3555 ὲλλάμψεων
1287 3485 1486 3546 οἰκείας
1511 3487 1638 3539 άνα-

53 3574 254 3643 γωγάς
299 3574 572 3642 ἀναλόγως
603 3575 1013 3645 ὲκφαινομένας,
1051 3575 1173 3628 καθ’
1212 3583 1276 3642 ἃς
1307 3577 1532 3639 ἕκαστος
1577 3579 1634 3630 ἐν

58 3667 334 3736 μετουσίᾳ
361 3666 565 3734 γίνεται
590 3666 727 3719 κατὰ
750 3668 810 3719 τὸ
846 3667 992 3737 αὐτῴ
1021 3667 1234 3738 θεμιτόν
1264 3686 1322 3721 τε
1362 3671 1454 3722 καὶ
1517 3671 1634 3738 ἐφι-

51 3758 191 3809 κτὸν
205 3759 306 3827 τῆς
321 3756 760 3829 ὑπεραγνοτάτης
793 3760 1131 3830 καθάρσεως,
1149 3761 1241 3812 τοῦ
1261 3762 1506 3832 ὑπερπλή
1515 3779 1639 3833 ρους

58 3847 271 3915 φωτὸς,
308 3848 407 3918 τῆς
440 3850 749 3920 προτελείου
787 3851 1139 3916 τελειώσεως.
1170 3855 1325 3906 Ἔστι
1356 3854 1463 3925 γὰρ
1491 3855 1642 3907 οὐδὲν

59 3939 380 4003 αὐτοτελὲς,
410 3939 441 4010 ἢ
478 3942 768 4012 ἀπροσδεὲς
795 3943 1020 3996 καθόλου
1044 3945 1393 4014 τελειότητος,
1424 3948 1471 3999 εί
1491 3947 1563 4017 μὴ
1583 3946 1643 3998 τὸ

61 4032 241 4094 ὅντως
264 4032 545 4097 αὐτοτελὲς
582 4035 675 4087 καὶ
710 4037 1035 4108 προτέλειον.

1814 3118 1925 3172 iloc
1948 3132 2164 3187 quoque
2191 3132 2294 3171 non
2325 3118 2599 3175 immerito
2624 3134 2841 3189 possum
2869 3117 3092 3181 addere,
3111 3133 3299 3187 quam-

1742 3209 1870 3265 libet
1893 3210 2168 3263 etelestem
2217 3218 2269 3263 et
2304 3210 2594 3264 humanam
2620 3219 2851 3265 mentem
2883 3224 3126 3264 seorsum
3174 3225 3295 3277 pro-

1742 3300 1888 3370 prios
1917 3300 1968 3352 in
1999 3315 2057 3353 se
2083 3301 2363 3353 continere
2388 3307 2440 3352 et
2471 3300 2698 3368 primos,
2742 3308 2797 3353 et
2831 3299 3066 3364 medios,
3096 3307 3150 3352 et
3175 3299 3302 3352 ulti-

1743 3402 1858 3440 mos
1879 3387 2100 3440 ordines
2121 3396 2282 3456 atque
2300 3387 2611 3454 facultates,
2631 3388 2738 3458 95
2756 3405 2876 3458 quae
2904 3389 3091 3444 eodem
3120 3389 3297 3448 modo.

1743 3493 1851 3546 quo
1882 3480 2189 3546 superiores
2220 3480 2553 3544 singularum
2589 3483 3020 3537 hierarchiarum
3055 3483 3303 3536 illustra-

1746 3571 1952 3624 tionum
2007 3571 2212 3639 proprii
2257 3571 2468 3636 ductus,
2508 3574 2778 3641 eluceant,
2809 3575 3009 3643 quibus
3046 3590 3301 3643 unaqua-

1745 3678 1850 3732 que
1880 3678 2031 3717 mens
2060 3679 2159 3731 pro
2212 3679 2308 3718 suo
2331 3674 2490 3734 captu
2528 3681 2690 3736 quam
2744 3666 3079 3722 nitidissima:
3105 3683 3302 3737 purga-

1748 3755 1932 3820 tionis,
1960 3755 2322 3823 c0piosissimi
2347 3757 2587 3822 luminis,
2615 3757 2988 3827 absolutaeque
3011 3757 3302 3826 perfectio-

1745 3847 1831 3901 nis
1857 3846 1916 3899 ﬁt
1947 3848 2240 3918 particeps.
2273 3848 2418 3902 Nihil
2445 3857 2527 3903 est
2552 3849 2696 3903 enim
2729 3864 2825 3919 per
2853 3863 2915 3905 se
2944 3848 3304 3920 absolutoque

1745 3940 2068 4009 perlectum,
2094 3948 2192 3996 aut
2219 3941 2364 4011 quod
2394 3943 2619 3999 omnino
2649 3942 3006 4013 perfectionis
3036 3958 3139 3998 non
3164 3942 3301 3998 indi-

1746 4041 1891 4101 geat,
1917 4033 2017 4086 nisi
2051 4033 2193 4101 quod
2218 4049 2315 4102 per
2343 4049 2402 4090 se
2436 4050 2622 4090 revera
2644 4035 2943 4105 perfectum
2960 4044 3064 4095 est.
3092 4046 3147 4090 et
3171 4051 3290 4104 pra:-

1749 4126 2069 4193 perfectum.

1240 4449 1770 4505 ADNOTATIONES
1802 4450 2142 4506 CORDERII.

148 4606 178 4675 ς
211 4603 365 4679 LE;
395 4605 823 4679 praecedentibus
851 4610 1116 4678 capitibus
1143 4609 1420 4663 concludit
1445 4611 1682 4679 angelos.
1717 4622 1920 4679 quanto
1954 4612 2299 4667 sublimiores
2323 4623 2470 4674 sunt.
2497 4620 2644 4666 tanto
2671 4611 2972 4666 sublimiori
3006 4627 3220 4679 quoque
3245 4624 3301 4665 et

64 4675 358 4752 secretiori
388 4677 597 4752 ratione
630 4675 928 4752 illustrari}
961 4697 1026 4735 eo
1077 4679 1500 4752 niniiriimqnod
1519 4675 1634 4734 Deo
1664 4675 1959 4752 ἀρχιερώτῳ
1998 4686 2413 4752 propinquiores
2455 4685 2586 4746 sint,
2635 4691 2796 4748 atque
2824 4684 2958 4736 adeo
2994 4675 3153 4735 etiam
3196 4701 3305 4735 ma-

65 4747 161 4821 gis
183 4747 348 4799 Deum
379 4747 720 4821 participent,
742 4759 798 4800 ut
825 4750 963 4821 infra
987 4765 1106 4816 cap.
1126 4750 1159 4802 5
1201 4749 1276 4821 De
1294 4747 1480 4807 divinis
1501 4747 1819 4809 nominibus,
1840 4762 1894 4806 et
1911 4747 2070 4818 supra
2095 4747 2270 4821 cupii
2294 4765 2343 4808 et
2362 4755 2396 4807 8
2450 4752 2681 4806 Caelestis
2701 4747 3014 4806 lucrare/aia:
3036 4752 3191 4806 docet
3209 4757 3302 4805 ubi

68 4817 203 4893 vide
234 4826 444 4870 nostras
468 4820 865 4874 adnotatioues.
891 4820 1121 4872 Tantum
1157 4820 1244 4873 hic
1273 4821 1524 4884 observa,
1558 4824 1828 4889 quomodo
1869 4817 2070 4876 nosrab
2112 4817 2319 4893 angelis
2360 4838 2673 4893 purgemur,
2711 4823 3101 4885 illutninctnur,
3139 4827 3304 4893 perli-

61 4888 310 4940 ciatnur.

151 4955 392 5034 Purgant
423 4958 602 5034 itaque
629 4975 726 5034 nos
755 4961 932 5034 angeli,
955 5002 970 5025 ,
1027 4962 1328 5034 amovendo
1352 4962 1730 5030 phantasmata
1782 4975 1901 5034 quae
1947 4962 2244 5028 impediunt
2274 4962 2739 5027 illuminationem,
2773 4979 2931 5029 quam
2963 4963 3186 5033 angelus
3219 4965 3302 5017 in-

67 5026 257 5101 t_e_ndit
288 5026 466 5101 facere
499 5026 551 5082 in
603 5031 759 5084 nobis
785 5046 800 5094 ;
831 5026 970 5086 unde
1017 5033 1116 5085 tria
1167 5026 1442 5085 removent
1473 5034 1540 5084 ab
1567 5034 1770 5093 anima,
1801 5026 2444 5101 Scilicet—ignorantiam,
2472 5045 2527 5088 et
2563 5026 2741 5086 nubila
2774 5026 3200 5100 phantasiarutn,
3241 5050 3303 5085 ac

68 5098 247 5149 falsas
277 5099 556 5164 Opinioues
597 5101 861 5155 rationum
910 5102 1219 5156 revelationi
1257 5105 1677 5156 contrariaru'u.
1711 5103 2018 5156 llluminant
2065 5098 2192 5155 vero
2235 5105 2471 5156 animam
2505 5098 2811 5171 tripliciter.
2845 5105 3051 5157 scilicet
3075 5103 3139 5156 ad
3167 5119 3293 5156 sen-

67 5182 223 5229 sum,
253 5177 312 5219 ut
338 5178 506 5234 patet,
547 5171 760 5238 quando
803 5173 1177 5227 manifestatur
1203 5173 1404 5242 aliquid
1445 5175 1496 5224 in
1538 5182 1814 5243 assumpto
1840 5187 2067 5241 corpore
2090 5173 2108 5231 ί
2130 5180 2185 5226 et
2226 5173 2365 5227 hanc
2386 5184 2702 5242 potestatem
2743 5175 2904 5228 etiam
2933 5174 3178 5228 diabolus
3212 5177 3305 5226 ha-

159 5326 182 5360 ⁸
212 5326 336 5380 Lai.
364 5341 436 5378 vr.

1357 5483 1587 5539 VARI/{:1
1632 5485 2022 5541 LECTIONES.

160 5663 201 5689 "
227 5661 540 5729 ἀναγωγῆς.
575 5659 672 5713 Cll.
698 5660 758 5714 D.
796 5659 853 5714 P.
891 5665 1009 5717 Sar.

70 5731 322 5800 puiatur.
401 5731 445 5761 ⁷⁸
474 5732 733 5784 artic-nilus
777 5733 922 5786 deest
973 5737 1023 5786 in
1074 5734 1169 5786 Clu.
1226 5736 1262 5784 Ι)
1333 5739 1388 5787 S.
1426 5731 1491 5786 Μέ

75 5803 191 5863 τόν,
224 5803 414 5855 eodem
469 5816 646 5853 sensu.

1571 5738 1612 5766 ⁷⁵⁵
1645 5736 1708 5791 Μ.
1749 5737 1925 5803 ταψιῖις
1965 5736 2238 5806 cunjungit
2289 5756 2405 5792 cum
2437 5740 2780 5808 κεκραγέναι.

1086 5667 1125 5736 τ]
1162 5663 1288 5715 Bnd.
1323 5666 1540 5736 corrigit
1571 5668 1620 5716 iu
1671 5667 1830 5718 dandi
1873 5683 1996 5720 casu
2024 5668 2244 5736 ἑκάστῃ.
2285 5668 2380 5720 Ch.
2409 5679 2462 5720 et
2494 5668 2548 5720 S.
2579 5669 2776 5722 habent
2803 5669 2959 5735 αὐτῆ.
3001 5669 3121 5722 Sar.
3171 5671 3306 5721 asti-

2860 5740 2904 5768 ³⁰
2949 5739 3007 5792 υ.
3045 5739 3305 5794 7.295.10-
