4202 6300
899 464 1000 518 275
2069 459 2127 516 S.
2167 459 2465 514 DlONYSll
2501 454 2957 512 AREOI’ACITJE
4043 454 4133 506 276

900 578 1063 642 liet:)
1108 576 1233 630 item
1265 578 1330 629 ad
1367 578 1720 641 intellectum,
1765 588 1819 630 et
1861 576 1983 629 talis
2016 577 2336 629 illuminatio
2369 580 2541 629 solum
2577 579 2816 644 perfecta
2862 585 2965 627 cst.
3000 570 3327 644 Notaudurir
3352 580 3556 630 autem,
3591 570 3732 637 quod
3774 567 4006 644 Angelus
4037 584 4131 622 non

896 640 1160 700 iilunriuet
1193 648 1526 699 intellectum
1560 640 1839 700 efficiendo
1864 647 2229 715 cognitionem
2258 647 2306 696 in
2341 650 2520 700 anima
2548 640 2718 714 {quia
2754 661 2855 696 non
2896 653 3070 715 potest
3101 642 3153 693 in
3181 640 3456 715 intellectu
3486 656 3676 692 novam
3707 642 3941 715 speciem
3971 653 4133 715 neque

897 717 1140 769 lialiitum
1177 717 1296 767 novi
1328 717 1548 768 luminis
1578 732 1785 776 creare,
1817 717 1909 767 sed
1933 708 2053 767 vnec
2083 716 2469 777 intentionem;
2510 708 2630 768 naui
2667 717 2765 767 tria
2812 708 3158 780 requiruntur
3190 721 3245 762 ιιι
3278 709 3581 762 intellectus
3629 720 3814 780 noster
3838 708 4033 772 aliquid
4064 709 4134 759 in-

898 785 1128 850 telligat,
1163 785 1376 839 scilicet
1404 787 1616 851 species
1645 803 1748 853 qua
1777 793 2161 850 cognoscatur,
2192 795 2246 836 et
2297 785 2474 837 lumen
2531 786 2583 836 in
2625 802 2733 851 quo
2768 778 3146 853 cogriosriitur,
3186 780 3491 853 etiutciitio
3519 796 3622 853 qua
3672 778 3981 853 intellectus
4021 792 4134 853 cou-

895 847 1140 907 vertatur
1181 870 1345 921 super
1378 847 1633 922 speciem.
1665 847 1958 925 'lilumiuat
1995 865 2170 925 autem
2216 855 2546 925 intellectum
2585 847 2850 907 nostrum
2881 850 3104 925 angelus
3145 849 3434 925 eiicitando
3467 864 3529 901 ac
3574 847 4027 925 disponendonet
4066 847 4134 894 Iu-

897 942 1017 977 men
1049 919 1291 977 divinum
1326 926 1374 976 in
1409 919 1506 976 nos
1548 923 1976 976 transfundendo
2004 939 2017 983 ;
2052 924 2182 975 facit
2214 924 2355 975 enirn
2397 928 2477 987 (ut
2507 927 2708 976 dictum
2740 928 2847 990 est)
2879 923 2928 974 in
2963 921 3247 987 phantasia
3280 919 3785 990 transniutationem
3818 919 4136 990 speciei-uni,

895 995 1272 1060 componendo
1305 1005 1357 1045 ct
1403 995 1688 1046 dividendo
1736 1009 1828 1045 eas
1861 995 2156 1046 secundum
2210 993 2285 1044 rei
2334 997 2659 1062 eaigeutiarn
2688 986 2845 1059 quani
2901 986 3012 1062 vult
3044 990 3284 1062 revelare
3308 989 3486 1062 _:__itern
3524 989 3746 1062 irradiat
3777 986 4133 1062 lenieiriiitel-

897 1055 1067 1116 lectus
1102 1065 1183 1116 sui
1237 1079 1399 1130 super
1434 1065 1574 1120 illas,
1620 1075 1674 1115 ut
1707 1073 1954 1115 moveant
2005 1063 2335 1114 intellectum
2383 1055 2652 1126 nostrum,
2686 1055 2736 1114 et
2769 1063 2846 1114 sic
2884 1061 3035 1130 plura
3074 1069 3126 1109 et
3177 1057 3456 1130 subtiliora
3485 1057 3652 1109 videri
3689 1068 3914 1130 possurit
3962 1056 4012 1106 in
4064 1055 4132 1130 lii-

895 1134 1038 1186 iniiie
1089 1124 1378 1199 duplicaio,
1416 1135 1539 1186 itenr
1578 1136 1777 1186 excitat
1813 1133 2165 1184 intentionem
2196 1133 2388 1185 anima:
2419 1145 2559 1184 ruotu
2585 1124 2786 1201 aliquo,
2820 1124 2924 1198 quo
2957 1145 3014 1182 se
3060 1142 3222 1194 super
3262 1127 3347 1178 illa
3377 1129 3754 1195 phantasmata
3790 1124 4049 1186 reflectat,
4074 1126 4132 1175 ab

896 1205 1018 1255 aliis
1067 1219 1125 1256 se
1159 1205 1541 1256 alistralieudo.
1587 1202 1880 1254 l’erliciunt
1928 1204 2114 1260 etiam,
2151 1202 2202 1254 id
2233 1212 2334 1264 est,
2365 1215 2680 1268 promovent
2714 1203 2780 1252 ad
2814 1203 3022 1253 melius.

967 1273 1159 1326 Utrum
1188 1282 1366 1324 autem
1393 1273 1614 1340 angelus
1652 1272 1938 1324 incendere
1983 1272 2150 1338 possit
2181 1261 2430 1323 affectum
2453 1274 2765 1329 humanum,
2789 1273 2836 1322 id
2879 1271 3162 1337 triplieiter
3199 1267 3421 1333 intelligi
3458 1266 3883 1340 [)otelescilicet
3922 1263 4005 1317 vel
4032 1261 4133 1340 efﬁ-

894 1342 1111 1401 ciendo,
1135 1342 1215 1394 vel
1236 1336 1520 1404 movendo,
1543 1341 1623 1394 vel
1644 1336 1997 1394 excitandoet
2014 1342 2333 1406 adiuvando.
2358 1341 2708 1394 Primoniodo
2732 1344 2876 1394 solus
2902 1341 3039 1392 Deus
3057 1340 3391 1394 inflammare
3409 1350 3582 1404 pOIest
3599 1336 3876 1397 affectum;
3900 1336 4134 1406 secundo

895 1413 1054 1464 modo
1075 1426 1161 1464 res
1186 1412 1296 1478 ipsa
1321 1412 1620 1464 desiderata
1639 1410 1886 1463 affectum
1909 1405 2219 1471 inflammat,
2248 1411 2450 1463 scilicet
2477 1412 2760 1464 alliciendo
2783 1421 2834 1463 et
2865 1412 3126 1462 movendo
3151 1427 3164 1474 ;
3193 1409 3349 1460 tertio
3377 1409 3533 1460 modo
3564 1417 3737 1478 potest
3769 1409 3993 1478 angelus
4015 1405 4133 1455 alie-

892 1494 1040 1532 etum
1067 1476 1313 1533 nostrum
1342 1482 1649 1538 incendere.
1668 1481 2182 1534 scilicetexcitaudo
2204 1491 2259 1532 et
2282 1482 2584 1549 adjuvando
2605 1492 2804 1533 iunium
2827 1480 2942 1548 ejus
2960 1495 3195 1547 congrua
3231 1478 3616 1549 propositione.
3653 1477 3723 1549 De
3755 1477 3838 1529 his
3861 1476 4129 1549 habemus

894 1551 1207 1617 exemplum
1263 1553 1314 1601 in
1345 1554 1588 1617 naturis;
1621 1554 1745 1618 quia
1784 1552 1958 1616 primo
2009 1552 2166 1601 modo
2218 1546 2359 1614 ignis
2403 1552 2648 1602 accendit
2677 1546 3112 1615 lignapsecund’o
3161 1552 3317 1601 modo
3353 1547 3492 1613 ligna
3527 1547 3821 1618 incendunt
3860 1546 4133 1618 igrieiri._et

899 1613 1074 1672 tertio
1115 1623 1272 1674 modo
1306 1620 1350 1672 is
1381 1620 1471 1688 qui
1509 1613 1651 1687 ligna
1682 1613 1795 1688 igni
1819 1620 2062 1686 apponit,
2098 1613 2273 1686 ignem
2320 1621 2586 1674 accendit.
2639 1613 2947 1678 Diliercntia
2989 1630 3166 1670 autem
3221 1628 3301 1669 est
3346 1617 3827 1688 interimmittere
3853 1613 4132 1688 cogitatio--

897 1706 1041 1752 ueni,
1077 1699 1127 1740 et
1162 1686 1450 1742 incendere
1481 1699 1530 1741 et
1556 1686 1906 1747 illuniinarc;
1952 1689 2076 1756 quia
2109 1689 2492 1756 cogitationem
2526 1689 2841 1752 immittere,
2872 1700 2952 1741 est
2985 1690 3131 1741 intus
3177 1701 3364 1739 creare
3399 1699 3450 1738 et
3498 1686 3676 1739 facere
3714 1687 4126 1756 cogitationem;

895 1761 986 1809 scil
1029 1761 1338 1822 inci-ridere,
1370 1768 1451 1812 cst
1483 1759 1863 1828 cogitationem
1885 1754 1994 1828 jam
2028 1754 2224 1811 lactant
2267 1757 2637 1824 inflammare;
2667 1760 2972 1812 illuminare
3002 1773 3148 1819 vero,
3173 1769 3250 1809 est
3279 1761 3408 1809 dare
3446 1756 3830 1809 revelationem
3858 1757 3926 1808 de
3957 1754 4132 1818 aliqno

892 1830 1103 1898 occulto
1141 1829 1487 1898 intelligibili.

964 1897 1061 1950 llic
1094 1894 1431 1966 tautuin'pro
1464 1897 1693 1966 pleniori
1749 1897 2109 1966 intelligentia
2162 1898 2466 1950 istiusmodi
2507 1897 2765 1968 angelica:
2817 1897 3255 1955 illuririnaiionis.
3305 1907 3430 1948 nota
3477 1913 3540 1950 ex
3575 1906 3762 1968 sancto
3810 1894 4045 1960 Tlioma,
4081 1897 4128 1949 in

893 1978 1047 2033 parte
1079 1968 1274 2034 prima,
1306 1981 1497 2035 quaest.
1529 1969 1656 2030 106,
1704 1976 1809 2021 art.
1843 1969 1909 2030 ί,
1957 1983 2122 2019 ιιιιιιιιι
2175 1969 2424 2036 angelum
2477 1967 2643 2021 aliuin
2687 1970 3016 2031 illuminare,
3052 1968 3101 2018 in
3135 1981 3397 2036 quantum
3453 1969 3499 2020 ei
3535 1967 3815 2019 veritatem
3848 1982 4012 2032 quam
4043 1985 4128 2021 co-

894 2049 1126 2102 gnosct,
1163 2039 1504 2090 manifestam
1538 2039 1701 2100 facit;
1733 2040 1814 2090 vel
1865 2038 2221 2090 confortando
2255 2035 2424 2105 ipsius
2478 2039 2833 2101 intellectum,
2870 2038 2952 2090 vel
2980 2052 3043 2089 ex
3083 2048 3236 2104 parte
3281 2035 3650 2088 similitudinis
3701 2038 3775 2087 rei
3827 2037 4126 2089 intellectre.

893 2112 1024 2158 eum
1061 2117 1240 2159 autem
1272 2106 1336 2160 ad
1371 2109 1777 2174 intelligendum
1825 2109 1931 2160 duo
1960 2119 2311 2168 concurrant,
2351 2108 2565 2160 Scilicet
2595 2109 2768 2161 virtus
2802 2108 3152 2168 intellectiva,
3181 2118 3233 2156 et
3273 2107 3570 2159 similitudo
3596 2106 3671 2159 rei
3705 2105 4020 2169 intellectui,
4050 2122 4127 2159 se-

892 2177 1124 2228 cundum
1162 2177 1275 2229 haec
1307 2177 1431 2238 duo,
1465 2193 1601 2230 unus
1638 2177 1863 2243 angelus
1913 2176 2068 2229 alteri
2115 2179 2402 2231 veritatem
2439 2189 2621 2231 notam
2660 2181 2940 2231 notilicare
2974 2186 3167 2244 potest.
3212 2176 3394 2229 Primo
3421 2177 3676 2228 virtutem
3706 2176 3822 2242 eius
3849 2178 4130 2230 intellecti-

895 2264 1012 2296 vutii
1041 2246 1400 2317 l'ortilicarido.
1431 2247 1586 2299 Sicut
1618 2250 1763 2299 enim
1808 2247 1975 2299 virtus
2010 2247 2428 2313 iinperl'ectioris
2476 2251 2722 2317 corporis
2764 2249 3106 2302 conl‘ortatur
3136 2262 3200 2298 ex
3236 2246 3416 2298 siluali
3467 2245 3870 2314 propinquitate
3892 2250 4130 2317 corporis

895 2316 1268 2386 perfectioris,
1303 2327 1362 2368 ut
1390 2318 1538 2369 verbi
1573 2320 1781 2386 gratia,
1805 2318 1983 2369 minus
2020 2319 2250 2368 calidum
2280 2319 2475 2372 crescit
2513 2316 2771 2371 iiicalore
2796 2334 2860 2372 ex
2895 2319 3183 2386 priesentia
3220 2317 3389 2384 magis
3421 2317 3577 2386 calidi
3613 2332 3626 2368 :
3663 2317 3738 2367 ita
3770 2319 3946 2386 virtus
3979 2316 4123 2368 itilel-

895 2389 1087 2439 iectiva
1129 2385 1406 2440 inferioris
1436 2384 1610 2454 angeli
1656 2385 1996 2440 confortatur
2027 2403 2090 2437 cit
2125 2389 2483 2440 conversione
2539 2390 2841 2454 superioris
2888 2384 3061 2452 angeli
3102 2390 3166 2440 ad
3224 2388 3418 2452 ipsum.
3466 2385 3578 2438 Hoc
3606 2386 3749 2437 enim
3782 2384 3914 2438 facit
3946 2388 3998 2437 in
4032 2402 4128 2452 spi—

895 2456 1181 2508 ritualilius
1209 2460 1343 2508 ordo
1367 2457 1761 2519 conversionis,
1793 2457 1934 2524 quod
1965 2455 2095 2509 facit
2142 2457 2192 2508 in
2224 2458 2597 2525 corporalibus
2627 2460 2762 2510 ordo
2801 2459 2990 2510 localis
3023 2456 3470 2523 propinquitatis.
3498 2457 3748 2509 Secundo
3785 2466 3968 2507 autem
4003 2470 4131 2508 unus

893 2526 1116 2594 angelus
1141 2525 1453 2579 manifestat
1477 2528 1629 2579 alteri
1657 2530 1937 2580 veritatem
1968 2543 2032 2578 ex
2066 2537 2218 2593 parte
2251 2528 2626 2583 similitudinis
2653 2530 2957 2581 intellectae.
2991 2527 3246 2593 Superior
3276 2528 3415 2577 enim
3460 2526 3680 2592 angelus
3710 2530 3957 2588 notitiam
3992 2528 4128 2578 veri-

893 2608 1020 2649 tatis
1046 2598 1322 2664 accipit'in
1355 2598 1644 2649 universali
1677 2600 1907 2664 quadam
1938 2598 2286 2663 conceptione
2307 2638 2321 2659 ,
2358 2601 2421 2649 ad
2462 2613 2622 2666 quam
2664 2600 2983 2666 capiendam
3025 2595 3511 2666 interiorisangeli
3553 2595 3859 2648 intellectus
3887 2595 4002 2664 96
4029 2613 4125 2648 non

890 2676 1038 2720 esset
1054 2666 1344 2728 sufﬁciens,
1366 2667 1456 2720 sed
1473 2677 1557 2720 est
1576 2668 1625 2719 ei
1644 2667 2015 2730 connaturale,
2039 2677 2093 2718 ut
2112 2668 2285 2735 magis
2305 2664 2708 2735 particulariter
2730 2664 2960 2734 accipiat
2976 2667 3280 2718 veritatem.
3313 2664 3570 2730 Superior
3593 2679 3720 2717 vero
3757 2675 3982 2734 angelus
4002 2667 4128 2718 vei-i—

894 2749 1056 2789 tatem
1083 2752 1243 2803 quam
1277 2739 1533 2790 velocrter
1557 2738 1789 2803 concipit
1819 2738 2214 2803 quodammodo
2247 2740 2549 2807 distinguit,
2575 2747 2632 2789 ut
2656 2740 2720 2790 ab
2740 2737 2979 2790 inferiori
3003 2739 3117 2802 capi
3148 2739 3339 2807 possit,
3369 2739 3524 2807 etsic
3552 2751 3670 2787 eam
3696 2745 4127 2807 cognoscendam

891 2808 940 2859 ei
970 2807 1241 2873 proponit.
1271 2807 1423 2861 Sicut
1453 2808 1614 2859 etiam
1647 2809 1786 2872 apud
1825 2821 1941 2869 nos,
1966 2808 2056 2873 qui
2092 2811 2142 2860 in
2176 2809 2362 2874 paucis
2395 2805 2562 2860 multa
2597 2810 2837 2874 capiunt,
2868 2807 3237 2872 multipliciter
3265 2805 3352 2857 illa
3387 2805 3746 2873 distinguunt,
3783 2806 4016 2856 aliorum
4047 2822 4129 2857 ca-

892 2878 1115 2944 pacitati
1155 2879 1518 2942 providentes.
1555 2877 1620 2929 Et
1652 2880 1755 2929 lioc
1781 2888 1863 2930 est
1892 2885 2032 2944 quod
2063 2889 2282 2929 sanctus
2309 2877 2599 2947 Dionysius
2631 2880 2767 2931 infra
2798 2895 2916 2946 cap.
2950 2878 3040 2938 15,
3065 2879 3091 2946 §
3118 2877 3170 2934 5.
3205 2877 3280 2928 ait
3315 2878 3611 2947 quamlibet
3656 2879 3948 2927 essentiam
3976 2880 4127 2943 spiri-

895 2948 1080 3011 talem,
1113 2948 1420 2998 uiriusniodi
1456 2947 1886 3016 intelligentiam,
1910 2963 2075 3016 quam
2103 2964 2130 2997 a
2155 2949 2419 3000 diviniore
2444 2946 2697 3000 traditam
2724 2950 2953 3016 accepit,
2982 2964 3076 3014 pro
3112 2948 3386 2998 inferioris
3413 2946 3577 2998 ductu
3607 2957 3875 3013 cuplque
3909 2951 4124 3013 provida

894 3021 1094 3068 virtute
1125 3015 1376 3086 dividere
1408 3033 1469 3069 ac
1497 3015 1878 3084 multiplicare.
1907 3015 2037 3068 Vide
2064 3017 2201 3068 infra
2231 3031 2441 3071 nostras
2466 3015 2933 3075 adnotationes’ad
2962 3036 3080 3085 cap.
3109 3017 3198 3078 1‘2,
3231 3016 3258 3086 ς
3290 3017 3348 3068 2.

967 3086 995 3157 §
1028 3087 1088 3143 ll.
1121 3085 1300 3150 Norat,
1336 3087 1388 3138 in
1404 3087 1721 3157 divinarum
1762 3088 2103 3139 traductione
2129 3088 2552 3140 illustrationum
2592 3091 2796 3142 servari
2830 3085 3356 3153 subordinatiooem,
3390 3088 3460 3138 ita
3496 3088 3772 3147 nimirum,
3801 3096 3856 3137 ut
3891 3088 4125 3154 supremi

896 3156 1219 3228 illispiritus
1251 3159 1359 3208 siut
1402 3156 1684 3228 ipsiusiiiet
1715 3159 1817 3228 Dei
1855 3160 2198 3222 internuntii,
2230 3171 2283 3213 et
2311 3163 2391 3212 sic
2432 3161 2687 3228 deinceps
2715 3170 3010 3228 sequentes
3046 3167 3459 3227 praecedentium
3501 3159 3846 3226 angelorum,
3880 3168 3940 3209 ut
3972 3174 4124 3224 supra

893 3242 1011 3298 cap.
1037 3227 1090 3298 8,
1120 3228 1320 3288 docuit,
1351 3236 1404 3277 et
1446 3242 1542 3279 nos
1571 3226 1768 3280 ibidem
1798 3227 1827 3298 §
1864 3229 1900 3279 2
1931 3235 2329 3282 adnotavniius.

968 3297 1136 3365 Hujus
1165 3308 1364 3350 mutua:
1393 3297 1898 3350 coininunicatiiiuis
1925 3311 1977 3350 et
2012 3299 2387 3353 illostrationis
2426 3302 2688 3354 rationein
2738 3299 2913 3353 reddit
2958 3298 3112 3350 divus
3149 3298 3384 3352 Thomas
3422 3300 3472 3350 iu
3503 3298 3678 3366 prima
3721 3306 3901 3366 parte,
3939 3307 4122 3366 quiest.

895 3370 1019 3431 106,
1056 3377 1162 3422 art.
1194 3371 1268 3437 4._
1291 3367 1426 3432 Quia
1454 3367 1706 3422 nimirum
1733 3384 1921 3422 omnes
1949 3379 2212 3425 creatura:
2245 3387 2310 3422 ex
2339 3373 2518 3425 divitia
2547 3371 2791 3424 bonitate
2823 3370 3174 3437 participant,
3210 3378 3265 3422 ut
3299 3374 3496 3421 bonum
3529 3372 3670 3437 quod
3701 3370 3908 3426 habent
3951 3386 4003 3420 ιιι
4033 3372 4126 3419 alia

893 3439 1221 3493 diffundant.
1252 3435 1387 3508 [Sam
1418 3439 1484 3490 de
1515 3438 1724 3492 ratione
1757 3439 1878 3491 boni
1917 3448 2000 3491 est
2029 3441 2169 3508 quod
2196 3456 2253 3495 se
2293 3444 2421 3499 aliis.
2445 3435 2836 3495 communicet:
2866 3440 3003 3492 llinc
3026 3435 3189 3492 etiam
3221 3440 3438 3508 agentia
3478 3435 3780 3507 coiporalia
3811 3440 4123 3492 similitudi‘

896 3527 1017 3562 neru
1045 3522 1202 3561 suam
1229 3507 1349 3560 aliis
1376 3510 1593 3559 tradunt
1618 3519 1874 3574 quantam
1907 3507 2152 3577 possunt.
2179 3512 2358 3579 Atque
2387 3512 2508 3565 ideo
2536 3523 2737 3578 quanto
2763 3514 2943 3577 aliqua
2973 3511 3184 3578 agentia
3214 3507 3384 3578 magis
3411 3511 3648 3563 divinam
3678 3511 3980 3579 bonitatem
4015 3525 4125 3576 par-

898 3582 1152 3650 ticipant,
1187 3589 1338 3630 tanto
1363 3579 1526 3650 etiam
1555 3580 1724 3650 magis
1750 3579 2110 3648 perfectiones
2132 3578 2282 3646 suas,
2303 3583 2478 3650 quoad
2512 3591 2762 3647 pussuril.
2790 3583 2841 3634 iu
2867 3581 3002 3633 alios
3033 3580 3418 3634 transfundere
3434 3591 3721 3632 conantur.
3759 3578 3911 3632 Unde
3949 3581 4127 3632 beatus

897 3649 1090 3702 Petrus
1120 3657 1300 3705 monet
1327 3663 1422 3701 eos
1443 3648 1809 3720 quidiviirani
1833 3650 2128 3703 bonitatem
2156 3665 2253 3717 per
2297 3648 2526 3720 gratiam
2560 3654 2907 3720 participant,
2938 3652 3122 3703 dicens
3151 3670 3164 3703 :
3219 3651 3578 3719 Unusquisque
3603 3652 3734 3702 sicut
3775 3651 3977 3715 accepit
4010 3665 4124 3716 gra-

896 3721 1047 3779 tiam,
1076 3721 1129 3769 iii
1156 3725 1470 3771 alterutrum
1493 3718 1642 3769 illam
1669 3718 2114 3780 administrarit“,
2144 3729 2275 3772 sicut
2303 3718 2422 3774 boui
2453 3718 2834 3788 dispensatores
2858 3721 3196 3788 multiformis
3217 3724 3400 3789 graiia:
3426 3718 3520 3772 Dei
3547 3727 3594 3771 υ.
3627 3721 3792 3773 Multo
3822 3725 3991 3785 igitur
4024 3737 4127 3770 ina-

895 3789 978 3856 gis
997 3790 1094 3841 ss.
1121 3789 1315 3859 angeli,
1334 3792 1424 3855 qui
1445 3796 1568 3842 sunt
1591 3791 1642 3840 in
1665 3790 1972 3856 plenissima
1991 3791 2405 3858 participatione
2428 3794 2621 3847 divina:
2645 3794 2920 3854 bonitatis,
2941 3794 3198 3858 quidquid
3225 3811 3251 3842 a
3277 3791 3383 3844 Deo
3406 3791 3728 3859 percipiunt,
3755 3792 4019 3856 subiectis
4041 3793 4126 3840 iiii-

897 3861 1223 3924 partiuntur.
1245 3856 1356 3912 Non
1380 3864 1632 3924 recipitur
1651 3867 1826 3910 tamen
1848 3862 1959 3912 haec
1979 3856 2294 3915 iiluiniuatio
2316 3867 2382 3916 ab
2401 3863 2746 3916 inferioribus
2769 3866 2839 3915 ita
2855 3856 3204 3924 excellenter,
3227 3862 3364 3916 sicut
3382 3856 3463 3915 eSt
3483 3877 3534 3912 in
3549 3856 3957 3927 Superioribus,
3974 3872 4124 3928 atque

898 3929 1014 3981 ideo
1030 3929 1336 4002 superiores
1352 3944 1564 4002 semper
1588 3940 1865 4002 remanent
1890 3931 1940 3983 in
1959 3931 2132 3983 altiori
2151 3935 2361 3996 ordine,
2399 3947 2450 3987 et
2473 3934 2844 4002 perfectio‘rein
2864 3931 3221 4002 cognitionem
3244 3931 3461 3996 habent;
3484 3933 3622 4002 sicut
3641 3939 3865 4002 unamet
3883 3941 4126 3983 eamdem

899 4015 1010 4074 rem
1031 3999 1241 4074 plenius
1266 3999 1512 4069 intelligit
1530 4000 1807 4074 magister,
1833 4015 1991 4067 quam
2016 4002 2306 4074 discipulus
2332 4007 2422 4072 qui
2442 3999 2508 4057 ab
2529 4021 2591 4055 eo
2613 4006 2859 4056 addiscrt.
2887 4001 3024 4074 Hinc
3046 4006 3292 4067 quamvis
3311 4003 3362 4052 in
3390 4001 3650 4074 societate
3678 4001 3998 4074 angelorum
4022 4017 4126 4051 oni-

898 4072 982 4119 riia
1000 4070 1372 4134 possideantur
1394 4072 1695 4121 communia
1719 4085 1732 4132 ;
1757 4079 1932 4122 tamen
1951 4070 2189 4138 qua-dam
2213 4070 2566 4128 exceileutius
2591 4076 2854 4125 habentur
2878 4088 2907 4123 a
2934 4071 3254 4138 quibusdam
3274 4087 3433 4139 quam
3453 4071 3518 4123 ab
3540 4073 3680 4123 aliis.
3706 4070 4128 4139 Unumquodque

895 4150 1076 4188 autem
1119 4141 1409 4205 perfectius
1455 4141 1681 4192 habetur
1721 4142 1788 4193 ab
1822 4155 1886 4192 eo
1913 4157 2001 4210 qui
2029 4151 2201 4207 potest
2243 4145 2369 4196 illtid
2407 4146 2832 4205 communicare,
2865 4159 3027 4209 quam
3070 4144 3136 4194 ab
3172 4159 3236 4194 eo
3258 4143 3351 4210 qui
3397 4159 3500 4194 non
3534 4150 3732 4209 potest.
3766 4143 3920 4193 Sicut
3964 4153 4128 4207 perie-

896 4221 1036 4259 ctius
1056 4220 1139 4259 est
1164 4210 1397 4262 calidum
1426 4213 1566 4277 quod
1594 4217 1769 4275 potest
1788 4209 2108 4273 calefacere,
2137 4229 2295 4279 quam
2321 4217 2463 4280 quod
2497 4230 2598 4266 rior-i
2630 4224 2841 4280 potest;
2873 4226 2926 4264 et
2950 4212 3236 4279 perfectius
3264 4209 3365 4266 scit
3393 4216 3484 4281 qui
3519 4223 3697 4279 potest
3721 4212 3947 4273 docere,
3973 4227 4123 4277 quam

897 4291 988 4343 qui
1030 4293 1134 4351 non
1166 4285 1337 4351 potest
1365 4295 1380 4342 ;
1413 4295 1466 4333 et
1493 4293 1692 4346 quanto
1727 4281 2021 4346 perfectius
2059 4285 2258 4335 dOnum
2286 4286 2479 4350 aliquis
2512 4285 2912 4337 communicare
2946 4292 3139 4351 potest,
3179 4293 3329 4335 tanto
3362 4284 3412 4335 in
3466 4283 3776 4349 perfection
3815 4285 3990 4348 gradu
4021 4294 4122 4344 est;

897 4347 1116 4423 sicut-in
1160 4349 1473 4423 perfectiori
1502 4353 1673 4415 gradu
1705 4352 2006 4423 magisterii
2039 4365 2142 4415 est,
2177 4357 2267 4420 qui
2309 4347 2484 4423 potest
2514 4359 2704 4406 docere
2737 4347 2979 4405 altiorem
3011 4356 3317 4406 serentium.
3352 4353 3417 4405 ιιι
3463 4347 3758 4423 Secundum
3794 4347 3938 4404 lianc
3982 4369 4123 4404 sinit-

898 4417 1185 4490 litudineur
1231 4420 1733 4490 considerandaest
1763 4422 2054 4476 diversitas
2079 4417 2341 4489 graduum
2372 4427 2454 4476 vel
2482 4428 2728 4476 ordinum
2755 4425 2806 4474 in
2840 4425 3063 4490 angelis,
3095 4426 3392 4475 secundum
3423 4424 3634 4475 diversa
3668 4421 3838 4472 officia
3866 4433 3924 4473 et
3959 4434 4119 4474 actus.

970 4487 998 4554 ἥ
1023 4485 1104 4537 lll.
1127 4486 1392 4540 Observat
1423 4489 1715 4555 quamlibet
1733 4501 1967 4544 mentem
1986 4485 2106 4543 sive
2122 4495 2422 4561 angelicam
2438 4497 2551 4546 sive
2573 4495 2858 4545 humanam
2878 4485 3213 4560 eiprimaset
3231 4500 3433 4544 medias
3449 4503 3499 4545 et
3517 4494 3728 4544 ultimas
3747 4496 4019 4560 putentias
4039 4498 4123 4546 lia-

898 4557 1046 4618 lrere,
1081 4573 1200 4631 quae
1224 4571 1453 4623 Capaces
1484 4562 1591 4610 sint
1612 4561 1970 4631 expiationis,
1998 4557 2396 4626 “lustrationis,
2438 4575 2600 4630 atque
2637 4557 3010 4630 perfectionis.
3043 4563 3165 4614 llaec
3203 4566 3325 4616 vide
3365 4572 3504 4629 apud
3545 4557 3939 4631 l’achyiiieram
3969 4567 4126 4630 cXpli-

900 4631 1044 4703 ealra.
1078 4628 1285 4703 Quibus
1316 4631 1452 4703 adde
1477 4644 1543 4682 ex
1593 4627 1716 4682 divo
1745 4627 1973 4703 'l‘liuma,
2004 4648 2054 4682 iu
2082 4635 2250 4698 prima
2280 4646 2456 4700 parte,
2487 4627 2678 4701 quiest.
2704 4633 2827 4697 408,
2856 4633 2958 4684 ιιι-ιζ
2993 4634 3046 4694 2,
3078 4638 3222 4699 quod
3249 4638 3360 4699 ipsa
3390 4627 3527 4684 ratio
3553 4627 3869 4693 ltiCt'uicliia:
3895 4627 4124 4700 requirat

899 4699 1146 4749 ordintun
1171 4699 1566 4759 diversitatem,
1589 4713 1707 4764 qua:
1731 4701 1945 4764 quidem
1972 4704 2260 4755 diversitas
2276 4699 2528 4757 ordinum
2552 4708 2844 4756 secundum
2865 4705 3077 4755 diversa
3109 4704 3278 4756 ollicia
3307 4714 3358 4754 et
3390 4709 3964 4766 actusconsideratur;
3981 4699 4124 4756 sicut

900 4769 1040 4832 apud
1055 4767 1302 4820 homines
1327 4771 1381 4822 in
1405 4770 1644 4835 qualibet
1669 4771 1884 4823 civitate
1909 4783 2034 4823 sunt
2062 4773 2258 4826 diversi
2283 4771 2519 4836 ordines,
2535 4776 2827 4826 secundum
2854 4775 3095 4826 diversos
3115 4785 3286 4825 actus.
3311 4773 3444 4823 Nam
3475 4777 3612 4823 alius
3633 4787 3716 4825 est
3736 4781 3868 4826 ordo
3887 4780 4122 4839 iudican-

902 4851 1055 4912 rium,
1087 4848 1142 4888 et
1176 4839 1319 4912 alius
1342 4839 1720 4906 pugnantium,
1755 4851 1810 4892 et
1840 4842 1977 4892 alius
2015 4845 2064 4893 in
2097 4847 2241 4911 agris
2263 4845 2653 4907 laborantium;
2682 4853 2735 4894 et
2762 4845 2838 4894 sic
2866 4847 2930 4894 de
2966 4847 3106 4895 aliis.
3130 4849 3231 4896 Sed
3262 4857 3508 4912 quamvis
3543 4847 3692 4894 multi
3725 4847 3833 4908 sint
3869 4860 4033 4895 uinus
4054 4860 4120 4896 cr-

901 4909 1084 4983 vitatis
1119 4909 1361 4983 ordines,
1386 4924 1584 4983 omnes
1621 4920 1799 4963 tamen
1932 4919 2042 4963 tres
2079 4909 2260 4965 reduci
2308 4925 2535 4981 possunt
2569 4915 2869 4965 secundum
2915 4918 3059 4979 quod
3099 4909 3350 4981 quaslibet
3389 4914 3676 4963 multitudo
3700 4912 3948 4981 perfecta
3977 4917 4122 4966 habet

900 4978 1249 5042 priircrpiuui,
1277 4980 1519 5030 medium.
1573 4989 1625 5030 et
1661 4990 1840 5034 linem.
1872 4978 2022 5034 Unde
2049 4993 2102 5033 et
2133 4986 2186 5034 iii
2217 4978 2532 5035 civitatibus
2558 4988 2750 5048 triplex
2787 4978 3225 5036 υιυιιίιιυιιιιιιιιιιι
3254 4985 3541 5049 reperitur.
3574 4978 3803 5047 Quidam
3829 4985 3980 5035 enim
4012 4995 4121 5037 stitit

899 5061 1156 5110 supremi,
1185 5059 1242 5099 ut
1264 5049 1595 5123 optimates;
1625 5056 1841 5123 quidam
1867 5061 2047 5102 autcur
2074 5061 2199 5104 sunt
2224 5056 2417 5115 intimi,
2441 5065 2494 5104 ut
2528 5056 2646 5104 vilis
2670 5056 2976 5121 plebecula;
3008 5063 3223 5120 quidam
3249 5070 3427 5104 autem
3455 5067 3581 5105 sunt
3607 5056 3787 5116 medii,
3820 5064 3878 5104 ut
3909 5059 4122 5123 populu:

907 5125 1221 5193 illitteratus.
1260 5120 1351 5170 hic
1381 5119 1545 5185 igitur
1572 5121 1736 5171 etiam
1770 5123 1821 5171 iii
1846 5124 2087 5186 qualibet
2120 5125 2423 5176 liierai'clna
2446 5119 2688 5193 angelica
2712 5125 2932 5176 ordines
2957 5119 3362 5190 distinguuntur
3386 5131 3679 5175 secundum
3710 5119 3960 5177 diversos
3983 5119 4120 5177 actus

899 5195 952 5265 ct
979 5185 1151 5237 cilicia
1178 5202 1190 5236 :
1223 5199 1605 5265 et_omrns_ista
1627 5185 1917 5265 diversitas
1945 5196 2012 5244 ad
2042 5193 2144 5244 tria
2180 5195 2485 5254 reducitur,
2513 5185 2720 5246 scilicet
2743 5199 2812 5244 ad
2843 5185 3154 5256 summum:
3176 5204 3409 5245 medium
3438 5205 3492 5245 et
3516 5198 3878 5263 inliiiiuui;_et
3913 5204 4118 5265 pruplut‘

901 5259 1001 5307 hoc
1030 5265 1253 5310 sanctus
1283 5260 1570 5326 Dionysius
1611 5275 1664 5311 ιιι
1697 5263 1938 5330 qualibet
1971 5267 2279 5316 bierarclua
2311 5273 2463 5330 ponit
2513 5276 2620 5316 tres
2649 5267 2889 5315 ordines.

1947 5472 2424 5530 PARAPIIRASlS
2465 5475 2898 5530 PACllYilElL/E
2936 5474 3067 5545 (l5).

941 5579 967 5644 ἓ
1024 5583 1062 5633 I.
1095 5580 1303 5647 Repetit
1329 5582 1415 5634 hic
1445 5593 1664 5638 sanctus
1688 5601 1750 5638 ea
1773 5603 1892 5654 quae
1925 5589 2065 5640 dicta
2093 5601 2237 5652 sunt,
2270 5602 2322 5644 et
2355 5596 2451 5644 ait:
2488 5604 2530 5654 Α

2440 5613 2451 5644 z
2488 5604 2530 5654 Α
2633 5595 2657 5660 §
2696 5593 2731 5642 Ι.
2780 5589 3245 5656 Ἐπαναλαμϐάνει
3275 5586 3342 5638 τὰ
3383 5587 3608 5656 ρηθέντα
3641 5589 3668 5638 ὁ
3698 5589 3874 5656 fry-5;,
3906 5593 3996 5641 x1!
4031 5609 4099 5659 ξι,-

889 5674 1218 5725 :.ouclusum
1250 5673 1412 5740 igitur
1443 5693 1470 5726 a
1497 5679 1669 5741 nobis,
1695 5683 1962 5747 quomodo
1990 5684 2078 5734 illa
2113 5684 2324 5750 quidem
2361 5701 2456 5738 au-

2450 5718 2456 5725 -
2569 5703 2676 5738 3'.‘J'
2735 5688 2853 5737 "Uti
2914 5683 3357 5754 συμπεπέρασται
3414 5683 3585 5735 τοίνυν
3638 5686 3790 5754 ἡμῖν,
3836 5687 3911 5751 ὡς
3959 5689 3991 5755 ἡ
4034 5689 4109 5744 aii

969 5800 996 5828 υ
1028 5789 1044 5838 l
1073 5789 1210 5842 l‘ett'.
1251 5808 1323 5853 iv,
1357 5791 1439 5844 ω.

973 5909 1083 5971 ilbi
1132 5910 1256 5962 \ide
1287 5911 1472 5964 Schol.
1500 5910 1553 5964 5.
1600 5908 1818 5963 Maximi
1853 5920 1977 5966 toni.
2015 5911 2076 5979 ll,
2106 5929 2221 5987 Cap.
2257 5916 2337 5969 ιο.
