4176 6308
161 396 262 452 ιτι

672 392 760 445 DE
790 390 1118 446 CtELESTI
1155 387 1594 452 lllERAﬂCHlA,
1630 385 1784 443 CAP.
1821 386 1890 441 Χ.
1926 417 1994 426 --
2030 381 2380 438 PARAPHR.
2415 375 2886 435 PACHYMEBE.

3288 371 3392 424 εὶἹὸ

160 508 508 578 πρεσῦυτάτη
534 506 615 578 (οὐ
649 506 789 560 κατά
819 506 1026 578 χρόνον,
1063 505 1197 560 ἀλλὰ
1229 504 1366 557 κατὰ
1394 504 1565 573 τάξιν)
1595 504 1726 557 πάν-

1846 500 2138 570 Liquissima
2175 499 2301 570 (non
2350 495 2646 554 secundum
2693 501 2925 560 tempus,
2979 487 3072 542 sed
3104 486 3392 540 secundum

153 614 266 662 τως
311 597 667 668 διακόσμησις
711 597 818 650 τῶν
871 598 998 668 περὶ
1040 596 1170 650 Θεὸν
1215 598 1308 649 κα)⁸
1365 594 1548 665 κύκλῳ
1596 594 1728 646 Θεοῦ

162 689 297 745 νὸων
331 689 490 759 (κατὰ
520 690 581 742 τό
601 707 616 721 ο
638 691 855 751 Κύκλῳ
874 688 1056 746 αὑτοῦ
1082 691 1118 756 ἡ
1145 687 1342 757 σκηνὴ
1368 687 1552 741 αὐτοῦ
1570 698 1582 715 ⁴
1627 689 1730 742 κᾶν

159 783 254 834 καὶ
303 782 440 855 ὑπὲρ
493 784 601 834 πᾶν
648 781 820 853 πέρας
864 781 960 834 καὶ
1006 777 1229 853 ἄπειρον
1275 782 1335 834 τὸ
1376 782 1528 835 Θεῐόν
1563 783 1729 854 ἐστιν)

159 872 266 928 ὑπὸ
297 876 393 944 τῆς
425 873 741 945 sosptem;
762 873 861 944 τῆς
892 872 1135 945 ἀρχηγοῦ
1169 875 1260 927 καὶ
1283 874 1455 937 αἰτίας
1480 876 1731 929 ἁπάντων

164 966 269 1020 τῶν
299 964 645 1028 τελειώσεων,
685 966 1182 1038 μυσταγωγουμένη
1238 965 1357 1036 (διὰ
1388 967 1447 1019 τὸ
1594 963 1731 1041 εἶναι

159 1058 356 1128 ἑτέραν
390 1056 498 1126 πρὸ
529 1054 697 1123 αὐτῆς
730 1052 902 1117 τάξιν,
937 1054 1050 1108 ἀλλ’
1083 1053 1254 1124 αὐτὴν
1277 1053 1494 1124 ἀμέσως
1521 1057 1608 1107 ἐπ’
1639 1057 1733 1108 αὐ-

156 1151 257 1220 τὴν
289 1147 676 1208 ἀνατείνεσθαι,
708 1146 1008 1218 ἑλκομένην
1037 1140 1144 1199 οἷον
1179 1145 1282 1198 ὑπὸ
1301 1146 1392 1198 τοῦ
1428 1147 1731 1215 αὐωγάθου

157 1243 254 1296 καὶ
299 1239 541 1309 φυσικῶς
573 1237 800 1307 ἀγαθοῦ,
847 1233 906 1292 οὗ
941 1236 1032 1291 καὶ
1065 1238 1240 1290 πάντα
1273 1238 1512 1306 ἐφίενται
1534 1255 1546 1268 ’
1578 1237 1735 1290 τοῦτο

155 1335 272 1405 γάρ
320 1333 436 1386 ἐστι
480 1329 972 1383 τὸ·ἀνατείνεσθαι·
1038 1330 1098 1383 οὐ
1147 1327 1255 1400 γὰρ
1300 1328 1519 1399 ἀφίησιν
1567 1330 1734 1400 αὐτὴν

156 1425 408 1494 ἠρεμεῖν,
453 1423 547 1475 καὶ
588 1415 698 1475 οἷον
750 1421 1142 1486 ὲπινυστάζειν,
1193 1423 1224 1490 ἡ
1268 1420 1503 1492 ἄρῤητος
1553 1421 1730 1490 ἐκείνη

158 1515 322 1576 ἀκτὶς
351 1511 777 1582 ὲπιλάμπουσα),
805 1510 1142 1580 καθαίρεται,
1182 1509 1276 1561 καὶ
1307 1509 1609 1578 φωτίζεται,
1643 1510 1734 1561 καὶ

153 1603 617 1674 τελεσιουργεῖται
660 1603 718 1656 ὲν
767 1601 1137 1674 κρυφιωτέρα
1167 1603 1257 1655 καὶ
1297 1603 1565 1671 φανοτέρᾳ
1617 1600 1735 1672 θείᾳ

156 1695 480 1764 φωτοδοσίᾳ.
539 1693 846 1748 Κάντεῦθεν
909 1693 1084 1766 δῆλον,
1141 1696 1222 1748 ὅτι
1265 1693 1368 1746 ὑπὸ
1402 1695 1499 1763 τῆς
1531 1691 1734 1756 τάξεως

154 1785 345 1855 ἔχουσι
377 1786 474 1857 τὴν
501 1784 759 1854 ἑλλαμψιν
793 1785 1028 1838 πλείονα.
1052 1787 1112 1838 Εἰ
1142 1785 1248 1856 γὰρ
1269 1782 1438 1846 οὕτως
1457 1784 1734 1854 ἐδημιουρ-

1834 569 2097 661 ordinem)
2125 590 2344 642 omnino
2373 586 2678 642 distributio
2699 595 2892 641 earum
2922 581 3042 650 qlia:
3057 569 3393 636 uirctt'Deum

1832 695 1881 738 et
1913 686 1962 738 in
1986 682 2216 737 circuitu
2260 679 2352 732 Dei
2378 689 2504 733 sunt
2529 674 3006 743 intelligentiarum
3039 671 3210 741 (juxta
3243 667 3390 722 illud:

1831 777 1900 828 In
1943 775 2168 828 circuitu
2218 773 2381 840 ipsius
2417 766 2814 822 tabernaculum
2847 765 2959 834 eju
2985 771 3048 828 V;
3084 760 3186 816 etsi
3229 759 3395 814 etiam

1833 884 1996 938 super
2023 881 2236 920 omnem
2276 861 2568 918 terminum
2606 865 2663 915 et
2684 857 2791 928 97
2821 852 3141 934 inﬁnitatem
3180 853 3251 908 sit
3281 849 3392 905 Nu-

1834 972 1956 1010 men
1997 955 2258 1022 divinum)
2287 955 2352 1008 ab
2387 954 2617 1022 ipsamet
2640 950 2890 1018 primitus
2920 945 3166 1002 initiante
3188 943 3392 997 illumi-

1836 1043 2054 1096 natione
2080 1052 2133 1096 et
2159 1053 2480 1097 czeterarum
2507 1038 2863 1092 initiationum
2892 1040 3052 1089 eausa
3076 1043 3392 1090 consecrata

1835 1132 1920 1200 (eo
1951 1133 2092 1200 quod
2129 1146 2231 1184 non
2258 1131 2328 1185 sit
2353 1130 2490 1184 alius
2514 1130 2645 1183 ordo
2669 1137 2796 1181 ante
2827 1126 3016 1195 ipsam,
3050 1124 3142 1179 sed
3166 1125 3396 1193 ipsamet

1835 1224 2139 1278 immediate
2169 1224 2232 1275 ad
2261 1238 2378 1274 eam
2417 1221 2763 1284 extendatur,
2786 1203 3013 1272 attracta
3049 1218 3396 1284 quodammo-

1835 1315 1903 1367 do
1952 1314 2017 1366 ab
2059 1313 2287 1392 ipsomet
2334 1326 2429 1380 per
2462 1323 2519 1365 se
2557 1313 2714 1375 bono,
2768 1317 2822 1364 et
2849 1319 3040 1362 natura
3081 1310 3219 1363 bono
3246 1307 3392 1383 quod

1836 1406 2014 1458 omnia
2048 1411 2340 1472 appetunt;
2372 1404 2471 1456 hoc
2495 1402 2638 1457 enim
2680 1411 2764 1455 est
2805 1400 3058 1465 extendi;
3115 1417 3217 1453 non
3249 1400 3393 1453 enim

1838 1496 2130 1550 ineil‘abilis
2162 1496 2252 1548 ille
2280 1494 2465 1550 radius
2499 1495 2728 1548 illucens
2765 1494 3027 1563 permittit
3067 1494 3235 1562 ipsam
3267 1493 3395 1548 soli-

1839 1590 2026 1642 tariam
2084 1598 2135 1642 et
2188 1587 2588 1656 quodammodo
2636 1585 2953 1652 dormitare)
3019 1595 3297 1654 purgatur,
3341 1593 3397 1638 et

1838 1671 2174 1734 illutniuatUr
2198 1688 2360 1746 atque
2390 1677 2669 1744 perlicitur
2697 1675 2975 1731 secretiori
3004 1675 3164 1730 simul
3191 1685 3245 1730 et
3275 1692 3394 1730 tua-

1838 1768 2100 1824 nifestiori
2137 1769 2318 1822 divina
2372 1766 2751 1822 illustratioue.
2801 1764 2952 1820 Unde
2998 1765 3162 1818 etiam
3222 1775 3392 1834 patet,

156 1876 336 1954 γήθη,⁸
362 1856 500 1930 ὥστε
533 1878 722 1949 πρώτη
757 1873 915 1941 εἶναι,
945 1876 1065 1930 οὔτε
1099 1876 1433 1946 καθάρσεως,
1465 1874 1584 1928 οὔτε
1619 1893 1732 1944 φω-

1846 1863 1975 1929 μιοά
2002 1862 2100 1915 sub
2139 1860 2328 1913 ordine
2357 1859 2660 1912 uberiorem
2692 1856 2928 1912 habeant
2961 1856 3394 1911 illustrationem.

157 1968 357 2040 τισμοῦ
389 1970 584 2037 ἐδέετο,
617 1969 758 2023 οὕτω
789 1969 1102 2033 πλασθείσα,
1137 1968 1275 2021 ὥστε
1313 1969 1404 2020 καὶ
1439 1967 1560 2034 ἀξία
1602 1963 1733 2020 εἶναι

156 2059 261 2129 τῆς
295 2061 517 2132 πρώτης
549 2061 770 2128 τάξεως.
802 2059 1197 2132 Κρυφιωτέραν
1227 2058 1283 2110 δὲ
1314 2059 1408 2110 καὶ
1441 2057 1735 2128 φανοτέραν

155 2151 257 2220 τὴν
287 2153 455 2222 αὐτὴν
481 2149 631 2206 εἶπεν
662 2152 1014 2223 φωτοδοσίαν·
1034 2150 1084 2204 ’δι
1112 2151 1174 2221 δὴ
1213 2153 1308 2203 καὶ
1353 2149 1566 2202 ἐναντία
1613 2151 1737 2218 περὶ

158 2242 220 2294 τὺ
255 2243 387 2296 αὐτὸ
425 2243 667 2314 φαίνεταί
696 2242 813 2308 πως
844 2240 999 2296 εἶναι.
1030 2243 1100 2294 Τὸ
1133 2242 1240 2313 γὰρ
1275 2242 1500 2312 κρύφιον
1537 2243 1598 2294 οὑ
1631 2258 1734 2309 φα-

159 2334 249 2386 νόν
274 2353 287 2365 ·
326 2336 420 2387 καὶ
449 2335 508 2388 τὸ
531 2338 693 2406 φανὸν
730 2339 790 2390 οὐ
827 2330 1090 2408 κρύφιον,Δ
1110 2332 1253 2387 κατὰ
1283 2334 1470 2386 τοῦτον
1501 2334 1591 2387 τὸν
1611 2335 1736 2406 τρό-

159 2441 281 2478 πον.
319 2427 382 2478 Εί
414 2427 522 2497 γὰρ
544 2430 637 2480 καὶ
659 2429 870 2481 ἐναντία
893 2428 1001 2479 εἰσὶ
1037 2428 1162 2498 περὶ
1185 2427 1246 2480 τὺ
1269 2427 1415 2490 αὐτὸ,
1447 2425 1581 2479 ἀλλὰ
1606 2426 1739 2496 πρὸς

159 2515 288 2566 ἄλλο
321 2518 418 2568 καὶ.
449 2516 575 2570 ἄλλο
602 2516 864 2571 νοοῦνται.
909 2518 1272 2590 Κρυφιωτέρα
1329 2518 1425 2588 μὲν
1466 2517 1573 2588 γὰρ
1605 2519 1739 2588 πρὸς

159 2605 334 2674 ἡμᾶς,
363 2604 438 2668 ὡς
469 2607 757 2679 νοητοτέρα
799 2608 1006 2679 (νοηταὶ
1043 2609 1150 2680 γὰρ
1179 2610 1274 2661 καὶ
1309 2610 1364 2660 αἰ
1404 2609 1511 2661 τῶν
1541 2608 1738 2661 ὑποϐε-

160 2694 406 2763 ϐηκυιιῖιν
446 2695 652 2762 τάξεων
702 2697 1048 2772 ὲλλάμψεις),
1093 2702 1384 2771 νοητοτέρα
1444 2701 1500 2752 δὲ
1558 2701 1590 2769 ἡ
1642 2701 1740 2770 τῆς

160 2782 405 2855 πρώτης,
433 2788 522 2839 καὶ
548 2789 679 2858 ἡμῖν
707 2789 1103 2862 ἀγνωστοτέρα,
1139 2792 1226 2845 διὰ
1258 2791 1414 2844 τοῦτο
1453 2793 1543 2844 καὶ
1569 2793 1742 2845 ἁπλω-

159 2873 289 2944 τικὴ
313 2874 420 2943 (ὼς
456 2875 530 2944 μὴ
561 2878 960 2949 κατανοουμένη
991 2879 1318 2933 ἀπεντεῦθεν
1350 2880 1436 2933 διά
1465 2898 1605 2944 τινος
1634 2881 1741 2932 τῶν

161 2961 444 3033 ἡμετέρων
492 2965 584 3018 καὶ
625 2965 936 3037 χθαμαλῶν,
986 2968 1022 3022 ἃ.
1057 2968 1119 3039 δὴ
1154 2970 1246 3022 καὶ
1280 2968 1553 3033 συνθέσεις
1574 2970 1740 3040 εἰσὶν)

162 3051 301 3104 ἀλλὰ
338 3052 432 3106 καὶ
458 3054 718 3119 ἑνοποιός.
755 3057 904 3128 ὐσῳ
941 3058 1052 3130 γὰρ
1081 3061 1179 3130 τῆς
1212 3061 1342 3132 ὓλης
1378 3059 1532 3131 ἡμῶν
1561 3062 1588 3112 ὁ
1619 3059 1742 3123 νοῦς

161 3144 565 3210 ἀποδιισταται,
597 3147 850 3202 τοσοῦτον
885 3151 1012 3220 περὶ
1043 3151 1103 3202 τὸ
1137 3151 1193 3205 ἓν
1228 3155 1411 3223 χωρεῖ,
1453 3155 1543 3205 καὶ
1567 3155 1731 3208 ἁῦλο-

162 3237 361 3307 τέρως,
392 3240 466 3301 ὡς
488 3239 554 3293 ἄν
574 3256 658 3302 τις
690 3241 852 3306 εἴποι,
883 3242 977 3296 τοῦ
1001 3244 1190 3314 νοητοῦ
1213 3246 1606 3313 ἐπιδράττεται.
1636 3249 1741 3301 Καὶ

159 3328 212 3379 τί
245 3327 388 3396 λέγω
423 3331 501 3393 είς
536 3330 725 3398 ταῦτα,
760 3335 892 3387 ὅπου
927 3351 989 3403 γε
1025 3338 1090 3405 τῇ
1128 3336 1373 3407 αἰσθήσει
1405 3338 1563 3391 τοῦτο
1603 3355 1741 3407 συμ-

164 3419 337 3473 ϐαίνει
360 3423 442 3484 είς
465 3421 532 3475 τὰ
563 3424 800 3496 αἰσθητὰ
828 3427 1154 3497 πράγματας
1190 3429 1468 3499 πόρρωθεν
1499 3430 1606 3501 γὰρ
1632 3431 1745 3500 βλέ-

164 3509 359 3572 ποντές
388 3526 461 3574 τι,
497 3512 716 3583 οἰόμεθα
775 3515 808 3585 ἢ
854 3513 989 3578 ζῶον
1039 3513 1198 3582 εἶναι,
1249 3517 1279 3588 ἢ
1328 3517 1470 3570 λίθον
1496 3520 1741 3591 maximi)

163 3599 399 3670 δένδρον,
426 3601 457 3672 ἢ
494 3602 618 3656 ἄλλο
645 3621 732 3655 τι·
765 3608 1212 3677 προσεγγίζοντες
1236 3609 1292 3662 δὲ
1322 3610 1456 3673 ζῶον
1485 3611 1744 3681 μανθάνο-

170 3709 287 3761 μεν,
345 3695 440 3746 καὶ
492 3695 689 3748 τοιόνδε
742 3690 897 3761 ζῶον,
934 3698 1214 3769 ἄνθρωπον
1246 3701 1424 3770 τυχὸν,
1475 3704 1564 3755 καὶ
1595 3704 1740 3755 τόνδε

166 3784 257 3836 τὸν
287 3784 590 3856 ἄνθρωπον.
628 3788 734 3841 Καὶ
765 3787 833 3840 τὰ
866 3789 1050 3842 παιδία
1085 3792 1352 3864 πρότερον
1379 3793 1584 3856 πάντας
1616 3795 1743 3856 τοὺς

170 3875 364 3946 ἄνδρας
408 3877 643 3948 πατέρας
675 3879 847 3941 καλεῖ,
893 3882 985 3934 καὶ
1034 3868 1274 3953 μητέρας
1317 3883 1415 3946 τὰς
1448 3886 1737 3952 γυναῖκας·

173 3966 398 4038 ὕστερον
437 3968 495 4022 δὲ
523 3970 841 4022 ἑνοποιεϊται
883 3973 916 4041 ἡ
955 3971 1152 4038 γνῶσις
1183 3973 1406 4038 τούτων,
1455 3975 1546 4026 καὶ
1583 3972 1742 4041 γινώ-

174 4083 358 4119 σκουσι
394 4069 520 4131 τοὺς
553 4068 769 4137 ἀληθεῖς
802 4069 1056 4139 πατέρας.
1101 4066 1252 4132 Εἶδες
1281 4071 1397 4134 πῶς
1433 4075 1464 4141 ή
1493 4073 1743 4143 αἴσθησις

171 4158 507 4210 ἐνοποιεῖταιο
544 4157 702 4210 τοῦτο
722 4159 814 4210 καὶ
845 4160 873 4210 ὁ
905 4157 1029 4220 νοῦς
1055 4159 1250 4230 πάσχει
1273 4162 1382 4222 τοῖς
1402 4167 1609 4234 νοητοῖς
1640 4165 1740 4233 έμ-

174 4248 432 4302 6ατεύων.
480 4250 625 4302 Ἀλλ’
658 4249 906 4303 ἐντεῦθεν
933 4252 1305 4305 ὑπανακύπτει
1331 4256 1531 4326 ἀπορία
1578 4257 1743 4324 ἀναγ-

171 4339 315 4404 καία,
367 4342 485 4403 πῶς
518 4341 552 4410 ἡ
611 4340 710 4410 μὲν
746 4338 995 4408 αἴσθησις
1027 4341 1107 4403 είς
1156 4341 1217 4393 τὸ
1274 4344 1564 4415 ἐγγύτερον
1616 4347 1744 4415 μᾶλ-

171 4429 255 4482 λον
286 4431 609 4483 ὲνοπυιεῖται
629 4471 643 4494 ,
678 4433 706 4483 ὁ
736 4429 791 4482 δὲ
824 4424 948 4491 νοῦς
980 4432 1059 4493 είς
1091 4431 1150 4482 τὸ
1181 4432 1544 4504 πορρώτερον,
1595 4437 1684 4488 καὶ
1715 4437 1742 4487 ὂ

172 4522 326 4584 αὐτὸς
349 4521 498 4588 λέγει
520 4520 775 4592 κρύφιονς
814 4523 920 4575 Καὶ
950 4522 1097 4576 ἐστιν
1127 4525 1316 4586 είπεῖν,
1352 4525 1431 4576 ὅτι
1462 4525 1580 4577 κατ’
1615 4526 1744 4596 ἀλή-
1777 4551 1820 4604 D

173 4611 314 4664 Θειαν
336 4614 512 4666 έκεῖνο
528 4613 640 4682 ἔχει
671 4616 698 4666 ὁ
725 4613 848 4677 νοῦς
869 4615 1179 4686 ἐγγύτερον,
1210 4618 1270 4670 τὸ
1295 4618 1547 4672 ἐπέκεινα
1570 4620 1748 4690 πάσης

173 4702 356 4775 ὑλικῆς
412 4703 708 4767 συνθέσεως
763 4707 856 4758 καὶ
902 4706 1234 4778 αἰσθήσεως·
1275 4709 1432 4767 τοῦτο
1477 4712 1586 4781 γάρ
1633 4715 1746 4764 ἐστι

175 4793 260 4844 καὶ
285 4795 560 4865 προσῆκον
585 4795 662 4865 τῷ
684 4794 758 4868 νῷ
789 4798 880 4850 καὶ
906 4803 1026 4863 ταῖς
1056 4800 1147 4852 τοῦ
1177 4799 1266 4852 νοῦ
1296 4800 1612 4871 ἐνεργείαις.
1648 4803 1745 4854 Νοῒ

176 4883 276 4954 γὰρ
321 4876 646 4958 πορρώτερα
684 4887 752 4940 τὰ
815 4889 1062 4960 αἰσθήσει
1120 4890 1300 4952 ποσῶς
1354 4891 1739 4944 ὑποπίπτοντα.

179 4975 327 5030 Κατὰ
345 4977 478 5046 γοῦν
501 4979 789 5047 ἀναλογίαν
811 4982 951 5051 (ἐπεὶ
973 4983 1317 5053 κρυφιωτέρα
1341 4985 1430 5035 καὶ
1449 4985 1741 5054 νοητοτέρα

181 5065 208 5133 ἡ
263 5066 370 5120 τῶν
431 5067 662 5138 πρώτων
709 5071 968 5141 ἐλλαμψις
1023 5073 1170 5143 παρὰ
1233 5074 1333 5136 τὰς
1395 5074 1499 5127 τῶν
1557 5074 1739 5127 δευτέ-

183 5172 281 5225 ρων
331 5157 644 5231 mappam)
705 5163 900 5231 μᾶλλον
965 5162 1103 5233 αῦτη
1160 5165 1398 5227 ένοποιός
1451 5166 1587 5227 ἐστι,
1652 5169 1746 5220 καὶ

181 5249 312 5304 οὕτω
370 5253 469 5322 μὲν
529 5255 874 5325 κρυφιωτέρα
920 5256 1056 5327 πρὸς
1120 5258 1262 5326 ἡμᾶς
1317 5259 1406 5310 καὶ
1456 5259 1545 5311 τὸν
1604 5259 1740 5328 ὴμέ-

183 5364 328 5418 τερον
370 5349 535 5403 νοῦν·
595 5352 862 5424 φανοτέρα
909 5352 964 5404 δὲ
1011 5351 1189 5416 πάλιν,
1249 5353 1382 5423 πρὸς
1431 5353 1596 5423 αὐτὴν
1645 5354 1743 5423 τὴν

183 5437 468 5512 δεχομένην
500 5442 600 5511 τὴν
630 5441 887 5514 ἔλλαμψιν
909 5461 922 5473 ·
964 5443 1296 5514 πρωτόδοτος
1327 5443 1432 5514 γὰρ
1467 5446 1557 5497 καὶ
1593 5463 1740 5516 πρω-

184 5534 409 5602 ’τυιφανὴς
438 5533 531 5586 καὶ
555 5533 850 5605 ὀλικωτέρα
884 5535 1081 5605 μᾶλλον
1111 5534 1423 5606 ὴὲλλαμψις
1455 5538 1487 5606 ἡ
1529 5538 1606 5598 εἰς
1638 5537 1735 5587 αὑ-

187 5618 276 5688 τὴν
306 5625 600 5694 κεχυμένη.
655 5625 718 5676 El
750 5625 803 5677 δὲ
838 5627 870 5695 ἠ
904 5625 1038 5697 αὐτὴ
1069 5625 1160 5678 καὶ
1195 5625 1566 5699 ὑπερπλήρης,
1605 5627 1737 5679 ἀλλὰ

265 5782 286 5808 '
313 5774 454 5831 l’sal.
492 5789 625 5838 xvu,
660 5776 741 5830 i2.

1837 1952 1892 2006 Si
1918 1952 2059 2004 cuitu
2101 1953 2170 2004 ita
2212 1951 2429 2004 condita
2461 1957 2602 2002 esset
2633 1947 2721 2000 illa
2749 1947 3047 2011 distinctio,
3080 1954 3138 2001 ut
3175 1946 3398 2001 omnino

1838 2044 2016 2110 prima
2051 2051 2220 2105 esset,
2255 2054 2431 2108 neque
2462 2039 2778 2109 purgatione
2814 2052 2986 2106 neque
3008 2037 3398 2092 illuminatione

1837 2150 1971 2204 opus
1996 2136 2243 2200 haberet,
2284 2150 2407 2187 cum
2452 2134 2526 2186 ita
2569 2132 2800 2185 formata
2830 2128 2992 2196 foret,
3023 2139 3080 2184 ut
3106 2131 3280 2199 primo
3310 2144 3398 2183 or-

1838 2235 1962 2283 dine
1993 2229 2153 2297 digna
2177 2237 2346 2284 esset.
2386 2226 2747 2280 Secretiorem
2771 2234 2948 2280 autem
2981 2234 3035 2279 et
3067 2223 3396 2284 inanil'estio-

1839 2339 1950 2376 rem
2005 2322 2248 2376 eamdem
2291 2321 2504 2374 vocavit
2554 2319 2989 2383 illustrationem,
3047 2332 3164 2387 qua:
3218 2319 3399 2385 utique

1838 2418 1982 2470 circa
2039 2416 2180 2469 idem
2236 2415 2484 2468 videntur
2541 2413 2694 2482 quasi
2745 2427 2866 2467 esse
2912 2412 3201 2465 contraria.
3248 2410 3399 2478 Quod

1839 2510 1981 2564 enim
2013 2508 2281 2565 occultum
2312 2515 2416 2572 est,
2468 2522 2573 2559 non
2618 2513 2700 2560 est
2737 2504 3119 2568 manifestum;
3175 2513 3228 2559 et
3256 2506 3403 2574 quod

1842 2599 2209 2665 manifestum,
2256 2615 2361 2653 non
2401 2608 2483 2653 est
2511 2595 2977 2665 occultum,juxta
3011 2597 3256 2651 eumdem
3284 2610 3400 2650 mo-

1841 2696 1989 2748 dum.
2018 2695 2128 2747 Etsi
2159 2692 2300 2746 enim
2333 2692 2496 2745 etiam
2522 2688 2794 2744 contraria
2824 2698 2949 2743 sunt
2987 2697 3230 2758 respectu
3256 2688 3402 2757 ejus-

1842 2791 1983 2851 dem,
2017 2788 2082 2840 ad
2107 2786 2252 2840 aliud
2291 2793 2468 2838 tamen
2511 2795 2673 2852 atque
2705 2783 2850 2838 aliud
2883 2782 3266 2850 intelliguntur.
3294 2781 3400 2836 Oc-

1842 2879 2037 2932 cultior
2066 2879 2279 2947 quidem
2305 2887 2390 2930 est
2420 2877 2598 2941 nobis,
2622 2876 2746 2944 quia
2779 2873 3131 2947 spiritualior;
3152 2871 3401 2942 (spirita-

1844 2969 1920 3022 les
1943 2945 2236 3021 enimsunt
2259 2977 2314 3023 et
2341 2965 2654 3020 inferiorum
2679 2965 2930 3019 ordinum
2961 2945 3342 3018 illustrationes
3362 2961 3403 3032 :)

1843 3058 2184 3125 spiritualior
2212 3067 2391 3111 autem
2423 3066 2504 3110 est
2536 3056 2622 3110 illa
2662 3056 2851 3125 primae
2879 3053 3275 3109 distributionis
3301 3069 3399 3106 no-

1846 3153 2036 3219 bisque
2080 3150 2340 3218 ignotior;
2376 3148 2578 3202 idcirco
2629 3149 2793 3201 etiam
2829 3147 3112 3215 simpliiica
3155 3148 3234 3216 (ut
3282 3160 3402 3212 qua:

1847 3261 1953 3298 non
1981 3244 2325 3310 cognoscitur
2361 3256 2454 3310 per
2482 3241 2718 3308 aliquant
2755 3256 2785 3295 e
2818 3243 2975 3294 rebus
3001 3240 3200 3293 nostris
3228 3248 3400 3294 terre-

1848 3339 1954 3398 nis,
1984 3350 2101 3403 qum
2129 3335 2437 3402 compositae
2459 3333 2604 3400 sunt)
2641 3332 2771 3400 quin
2801 3339 2854 3383 et
2883 3331 3095 3385 uniiica.
3131 3331 3402 3397 Quantum

1847 3431 1986 3484 enim
2020 3444 2047 3480 a
2080 3427 2305 3479 materia
2345 3442 2494 3480 mens
2519 3436 2702 3478 nostra
2732 3425 2952 3486 recedit,
2980 3425 3306 3478 tantumdem
3336 3423 3403 3477 ad

1849 3538 2011 3575 unum
2057 3519 2246 3585 tendit,
2286 3529 2341 3573 et
2369 3517 2800 3581 immaterialius,
2841 3526 2896 3568 ut
2935 3517 3006 3570 ita
3033 3518 3153 3585 quis
3179 3515 3398 3579 dixerit,

1848 3630 1959 3666 rem
1996 3612 2358 3666 iutellectilem
2380 3611 2807 3675 comprehendit.
2831 3609 3035 3678 Ecquid
3067 3609 3186 3664 dico
3212 3611 3264 3664 in
3290 3609 3396 3676 his,

1845 3723 1966 3761 cum
2002 3707 2053 3760 id
2088 3705 2267 3758 sensui
2300 3719 2514 3774 quoque
2545 3705 2749 3757 accidat
2801 3705 2974 3772 quoad
3020 3719 3105 3759 res
3145 3703 3402 3759 sensilesl

1847 3799 2112 3866 siquidem
2144 3798 2356 3852 eminus
2381 3797 2648 3866 quidpiaw
2689 3797 2772 3847 viai
2814 3806 2950 3862 ntes,
2985 3806 3237 3862 putamus
3275 3797 3404 3850 illud

1844 3894 1928 3945 Vel
1956 3892 2157 3944 animal
2191 3906 2332 3953 esse,
2365 3889 2448 3942 vel
2475 3889 2614 3943 forte
2645 3891 2779 3955 [ιψὶεῖ
2823 3903 2891 3950 ιιι,
2923 3889 3002 3941 vel
3028 3889 3294 3953 arborem,
3321 3889 3401 3942 vel

1845 3983 1970 4051 quid
2003 3982 2180 4042 aliud;
2212 3980 2704 4048 appropinquantes
2738 3995 2862 4033 vero
2889 3980 3261 4046 cognoscimus
3283 3994 3403 4033 esse

1845 4072 2069 4133 animal,
2098 4080 2151 4125 et
2181 4071 2394 4139 quidem
2422 4071 2524 4124 tale
2547 4071 2770 4133 animal,
2798 4070 3070 4123 hominem
3099 4071 3245 4123 verbi
3275 4085 3401 4139 gra-

1848 4164 1944 4229 tia,
1998 4170 2053 4217 et
2089 4163 2232 4214 hunc
2264 4159 2552 4213 hominem.
2605 4159 2696 4212 Sic
2741 4159 2888 4227 pueri
2929 4159 3158 4227 primqu
3215 4175 3404 4215 omnes

1846 4257 1989 4308 viros
2016 4261 2196 4322 patres
2229 4262 2441 4318 vocant,
2477 4261 2783 4319 matresque
2815 4251 3064 4316 feminas,
3099 4262 3284 4321 postea
3320 4268 3405 4306 ve-
3491 4241 3498 4248 ’

1847 4361 1906 4398 ro
1937 4344 2126 4398 horum
2157 4342 2395 4412 cognitio
2446 4342 2757 4408 uniﬁcatur,
2798 4354 3198 4412 agnoscuntque
3245 4359 3402 4398 veros

1846 4443 2118 4504 parentes.
2153 4433 2314 4487 Vides
2344 4434 2614 4501 quomodo
2655 4447 2848 4487 sensus
2880 4433 3171 4486 uniiicetur
3207 4452 3220 4488 :
3263 4435 3403 4488 idem

1848 4528 2011 4579 etiam
2038 4525 2206 4580 menti
2238 4523 2458 4589 accidit,
2507 4523 2630 4576 dum
2661 4523 2726 4576 ad
2757 4537 2844 4577 res
2872 4523 3213 4578 intellectiles
3243 4539 3402 4578 acce—

1848 4618 1944 4671 dit.
2005 4615 2202 4670 V'erum
2258 4614 2383 4667 hinc
2428 4614 2706 4668 suboritur
2761 4616 3065 4668 necessaria
3113 4613 3403 4674 dubitatio.

1846 4709 1938 4776 qui
1967 4722 2157 4762 sensus
2184 4707 2328 4760 circa
2361 4705 2413 4758 id
2447 4706 2587 4773 quod
2619 4706 2848 4758 vicinius
2875 4716 2960 4758 est
2986 4705 3153 4775 magis
3184 4703 3406 4759 uuiiiee-

1848 4811 1951 4866 tur,
2001 4811 2153 4850 meus
2182 4812 2306 4849 vero
2337 4797 2477 4849 circa
2515 4797 2794 4859 remotius,
2833 4805 2886 4849 et
2931 4797 3074 4865 quod
3109 4799 3222 4865 ipse
3251 4805 3406 4849 vacat

1844 4890 2141 4945 occultius?
2185 4891 2262 4942 Ac
2298 4889 2453 4941 liceat
2483 4890 2686 4953 dicere,
2723 4888 2852 4942 illud
2886 4903 3009 4942 vere
3059 4890 3224 4943 menti
3281 4905 3404 4957 pro-

1845 4984 2098 5052 pinquius
2143 4997 2278 5046 esse,
2329 4981 2473 5050 quod
2521 4980 2667 5034 omni
2705 4981 2970 5034 rnateriali
3017 4982 3406 5050 compositione

1845 5072 2261 5139 sensationeque
2304 5070 2554 5138 superius
2595 5078 2707 5135 est;
2740 5069 2992 5137 quoniam
3025 5068 3136 5137 98
3162 5068 3212 5120 id
3241 5067 3406 5121 menti

1847 5162 2154 5230 mentisque
2181 5160 2582 5229 operationibus
2609 5171 2690 5214 est
2708 5159 3059 5214 conformius.
3083 5158 3242 5212 Menti
3261 5159 3403 5210 enim

1847 5264 1973 5307 sunt
2004 5254 2314 5318 remotiora,
2342 5268 2458 5320 qua:
2484 5254 2663 5306 sensui
2687 5252 3079 5320 quodammodo
3103 5249 3402 5317 subjacent.

1849 5347 2155 5402 Secundum
2187 5347 2325 5399 hanc
2360 5346 2541 5414 itaque
2563 5347 2959 5414 proportionem
2980 5346 3123 5413 (cum
3144 5342 3406 5397 occultior

1845 5435 2339 5506 iutelligibiliorque
2389 5434 2458 5487 sit
2502 5436 2794 5502 primorum
2833 5436 3145 5495 illustratio,
3175 5449 3406 5502 sequen-

1847 5533 1975 5585 tium
2008 5528 2454 5586 illustrationibus
2487 5529 2819 5597 comparata)
2872 5531 2982 5597 ipsa
3013 5529 3181 5597 magis
3207 5527 3401 5580 uniiica

1843 5633 1946 5689 est,
1978 5625 2214 5690 adeoque
2243 5620 2533 5674 securidum
2565 5635 2661 5674 nos
2684 5619 2900 5690 quidem
2941 5628 3281 5685 mentemque
3312 5632 3404 5669 no-
