4176 6308
740 283 838 334 279

1897 289 1955 342 S-
1997 290 2148 344 NON
2165 289 2290 344 YSII
2326 289 2789 342 AREOPACITJE

3882 290 3982 345 989

738 409 907 450 stram
926 397 1214 452 obscurior
1237 406 1290 452 et
1311 399 1599 466 occultior,
1624 401 1782 455 simui
1808 413 1985 454 tamen
2014 402 2110 464 illi,
2135 405 2227 470 qui
2253 403 2315 455 il-

2421 398 2569 467 παρὰ
2597 399 2658 451 τὸ
2689 398 2798 451 τῶν
2824 400 3229 469 ὑποδεχομένων
3258 401 3439 464 ποσῶς
3470 400 3868 471 παραλλάττον
3902 407 3986 456 δια

737 489 1109 544 lustrationem
1131 503 1250 543 eam
1275 490 1499 559 excipit,
1525 491 1885 554 manifestior;
1910 493 2178 562 siquidem
2205 493 2310 561 pri-

737 581 965 647 migenia
998 580 1391 650 primilucaque
1413 583 1744 652 etintegrior
1762 592 1846 639 est
1868 584 2160 638 illustratio
2187 599 2309 652 qua!

739 665 804 719 ad
822 680 940 720 eam
967 663 1303 723 diﬂunditur.
1325 670 1438 725 Etsi
1459 680 1637 726 autem
1657 673 1767 741 ipsa
1788 674 2108 741 superplena
2127 674 2216 736 sit,
2237 685 2311 728 at-

738 766 915 810 tamen
935 770 1032 824 pro
1049 759 1456 822 suscipientium
1474 761 1786 816 conditione
1804 764 2082 818 variatur:
2105 766 2309 819 idcirco

734 849 878 902 enim
898 849 1134 904 addidit:
1161 850 1224 902 Et
1242 851 1390 918 quasi
1421 850 1674 920 liquidior
1693 896 1706 918 ,
1750 865 1807 907 ut
1831 855 2094 910 indicaret
2126 855 2306 922 subje-

734 949 946 992 ctorum
965 940 1354 1004 diversitatem,
1372 958 1433 993 va
1444 944 1724 1000 riationem
1739 949 2027 1015 quamdam
2047 947 2240 1002 aﬂerre
2254 948 2309 1000 il-

738 1030 1070 1083 lustrationi.
1094 1030 1174 1085 Ab
1199 1033 1303 1086 hac
1322 1044 1499 1087 autem
1522 1036 1694 1102 prima
1717 1037 2088 1106 dispositione,
2111 1039 2306 1093 iterum

735 1122 972 1174 secunda
1007 1137 1105 1191 pro
1134 1139 1231 1178 sua
1263 1126 1532 1194 portione,
1571 1133 1626 1179 et
1662 1141 1690 1178 a
1718 1127 1956 1183 secunda
1985 1130 2161 1190 tertia,
2195 1140 2248 1182 et
2277 1146 2304 1182 a

739 1213 892 1264 tertia
927 1224 1107 1267 nostra
1148 1215 1261 1269 hac
1311 1217 1638 1281 hierarcliia,
1672 1234 1833 1288 quam
1884 1235 1987 1274 non
2016 1223 2304 1276 liumaaaiu

738 1304 856 1356 dico
888 1306 1164 1371 (quoniam
1197 1317 1250 1360 et
1287 1309 1400 1378 ipsa
1434 1311 1619 1363 divina
1646 1321 1750 1368 est.
1780 1311 2100 1382 diviuaSque
2131 1314 2307 1369 susci-

739 1399 814 1466 pit
845 1399 1258 1471 illustrationes)
1309 1405 1403 1456 sed
1433 1420 1553 1457 eam
1587 1421 1707 1474 quae
1751 1408 1889 1472 apud
1923 1423 2020 1461 nos
2059 1409 2308 1464 homines

738 1491 918 1544 divina
949 1494 1119 1561 gratia
1151 1507 1524 1551 consecratur.
1572 1499 1709 1564 Quid
1749 1514 1914 1566 porro
1943 1515 1970 1552 a
2007 1501 2178 1567 prima
2217 1517 2304 1556 se—

737 1581 936 1643 cunda,
971 1591 1026 1636 et
1057 1584 1124 1636 ab
1148 1584 1250 1637 liac
1284 1586 1464 1653 tertia,
1498 1602 1551 1641 ei
1581 1589 1647 1640 ali
1677 1588 1766 1642 illa
1808 1596 1989 1643 nostra
2021 1590 2133 1644 haec
2156 1591 2303 1644 acci-

740 1674 854 1741 pit?
887 1673 1039 1739 Quod
1092 1676 1141 1729 in
1171 1677 1347 1731 sacris
1393 1680 1615 1732 omnino
1661 1680 1943 1749 dirigatur.
2000 1681 2146 1734 Bona
2176 1697 2306 1735 vero

2413 489 2568 542 τοῦτο
2592 491 2700 560 γὰρ
2736 490 2893 559 ἐτέθη
2919 530 2934 553 ,
2984 493 3091 544 Καὶ
3112 492 3187 554 ὡς
3223 491 3388 560 διειδῆ
3415 532 3429 556 ,
3478 493 3563 544 ἵνα
3602 491 3770 564 δείξῃ,
3817 492 3901 544 δτι
3930 491 3986 546 τδ

2413 577 2522 630 τῶν
2553 579 2924 650 ὑποκειμένων
2945 580 3219 650 διάφορον,
3251 580 3468 632 ἀλλοίαν
3495 579 3594 650 τὴν
3619 579 3880 649 ἑλλαμψιν
3907 580 3974 633 τί·

2414 670 2559 743 θησι.
2608 673 2766 744 Παρὰ
2816 673 3016 744 ταύτης
3063 673 3119 725 δέ
3167 672 3332 726 πάλιν
3375 673 3476 741 τῆς
3523 672 3746 744 πρώτης
3788 674 3987 738 τάξεως

2414 765 2692 834 ἀναλόγως
2725 768 2757 836 ἡ
2787 766 3032 837 δευτέρα,
3054 767 3146 818 καὶ
3170 765 3318 837 παρὰ
3347 767 3444 837 τῆς
3466 766 3719 836 δευτέρας
3752 768 3784 836 ἡ
3809 767 3987 838 τρίτη,

2413 856 2505 907 καὶ
2541 855 2690 926 παρὰ
2725 856 2825 926 τῆς
2844 857 3034 927 τρίτης
3063 859 3095 927 ὴ
3126 857 3245 909 καθ’
3276 859 3424 926 ἡμᾶς
3449 855 3589 926 αῦτη
3613 857 3884 927 ἱεραρχία,
3926 860 3986 928 ἢν

2411 947 2508 998 οὐκ
2544 947 2890 1019 ἀνθρωπίνην
2925 949 3069 1018 φημὶ
3099 948 3240 1017 (θεία
3263 948 3373 1018 γὰρ
3395 939 3497 1000 ¹κα“ι
3530 947 3688 1018 αὕτη,
3719 950 3810 1001 καὶ
3843 950 3988 1012 θείας

2411 1038 2704 1108 omnem
2725 1039 2936 1109 δέχεται
3030 1039 3164 1092 άλλά
3192 1040 3290 1111 τὴν
3315 1039 3441 1092 καθ’
3470 1041 3615 1110 ἡμᾶς
3640 1043 3765 1103 τοὺς
3793 1039 3990 1110 ἀνθρώ-

2409 1147 2545 1193 πους
2578 1131 2975 1202 ἐνεργουμένην
3016 1134 3081 1201 τῇ
3114 1130 3206 1183 τοῦ
3241 1131 3375 1183 Θεοῦ
3411 1134 3612 1203 χάριτι.
3651 1132 3714 1183 Τί
3758 1132 3814 1184 δὲ
3845 1134 3989 1202 παρὰ

2408 1220 2510 1289 τῆς
2551 1219 2776 1289 πρώτης
2816 1221 2848 1289 ἠ
2881 1219 3128 1290 δευτέρα,
3161 1220 3253 1272 καὶ
3285 1220 3414 1290 παρ’
3448 1221 3614 1289 αὐτῆς
3637 1221 3669 1289 ἡ
3692 1220 3872 1291 τρίτη,
3900 1220 3990 1271 xuii

2409 1313 2538 1382 παρ’
2577 1313 2793 1382 ἐκείνης
2821 1315 2856 1382 ἡ
2889 1313 3007 1365 καθ’
3037 1314 3184 1384 ἡμᾶς
3214 1312 3515 1383 λαμϐανει;
3553 1313 3776 1375 Πάντως
3811 1313 3990 1384 ίεραρ-

2408 1404 2604 1471 χεῖται.
2625 1401 2706 1454 Τὰ
2733 1403 2788 1454 δὲ
2820 1402 2918 1472 τῆς
2951 1403 3227 1473 ἱεραρχίας
3255 1403 3414 1467 καλὰ,
3448 1403 3547 1472 τὴν
3580 1402 3866 1473 κάθαρσιν,
3901 1405 3988 1456 τὸν

2408 1496 2708 1564 φωτισμὸν,
2732 1495 2832 1565 τὴν
2868 1494 3167 1558 τελείωσιν,
3196 1495 3398 1566 ἑκάστη
3433 1494 3581 1568 παρὰ
3604 1495 3738 1548 Θεοῦ
3769 1496 3859 1549 διὰ
3883 1497 3989 1550 τῶν

2407 1585 2512 1655 πρὸ
2540 1584 2746 1654 ταύτης
2778 1584 3060 1655 λαμϐάνει.
3090 1586 3164 1638 Τὸ
3194 1586 3324 1654 γοῦν
3357 1586 3507 1657 παρὰ
3532 1587 3632 1658 τῆς
3669 1587 3891 1658 πρώτης
3919 1591 3989 1641 ἰε-

2410 1676 2725 1747 ραρχεῖσθαι
2755 1677 2854 1748 τὴν
2873 1676 3146 1748 δευτέραν,
3172 1677 3463 1745 ἀνάγεσθαι
3492 1673 3643 1731 εἶπεν
3673 1679 3987 1749 ἱεραρχικῶς

741 1765 1060 1821 tiierarcliiae
1084 1771 1470 1836 expiationem,
1502 1772 1975 1837 illuminationem,
2013 1774 2306 1842 perfectio-

2420 1769 2541 1839 πρὸς
2573 1769 2741 1839 αὐτὴν
2774 1769 2871 1839 τὴν
2905 1770 3240 1839 ὑπεράρχιον
3267 1771 3459 1842 ἀρχὴν,
3498 1771 3592 1823 καὶ
3621 1771 3802 1840 πάσης
3830 1772 3984 1823 ειὶκο⁹

742 1874 886 1921 nem,
911 1859 1163 1925 quaelibet
1192 1877 1221 1913 a
1251 1861 1359 1916 Deo
1379 1877 1474 1929 per
1501 1863 1730 1930 primam
1758 1865 1976 1931 accipit.
2003 1865 2306 1920 Secundam

743 1950 922 2015 itaque
953 1965 980 2001 a
1016 1951 1187 2012 prima
1225 1951 1276 2003 in
1311 1953 1484 2006 sacris
1510 1953 1639 2021 regi,
1669 1964 1824 2006 vocat
1852 1955 2190 2009 hierarcliice
2215 1958 2308 2008 ad-

740 2041 862 2093 duci
902 2041 966 2092 ad
1000 2043 1468 2112 superprincipale
1515 2046 1863 2114 principium,
1920 2056 2082 2116 atque
2128 2048 2307 2102 omnis

745 2143 906 2185 recta:
971 2134 1332 2189 ordinationis
1382 2139 1904 2191 consummationem
1976 2155 1990 2191 :
2057 2139 2298 2192 divinum

742 2225 885 2275 enim
911 2223 1115 2278 Numen
1149 2226 1285 2278 bona
1319 2238 1511 2282 cuncta
1545 2230 1817 2292 terminat,
1845 2244 1905 2283 ac
1935 2231 2138 2292 deliuit,
2166 2230 2295 2298 quia

746 2313 877 2368 uiliil
911 2326 1060 2368 extra
1095 2319 1269 2384 ipsum
1301 2319 1426 2372 boni
1453 2330 1555 2382 est,
1591 2320 1672 2373 vel
1700 2321 1921 2386 dicitur,
1952 2323 2034 2376 vel
2067 2337 2302 2390 unquam

748 2411 1038 2477 cogitatur.
1080 2410 1162 2463 Fit
1198 2421 1378 2464 autem
1408 2413 1508 2466 lioc
1533 2413 1687 2478 juxta
1735 2415 1870 2467 bene
1897 2413 2129 2466 ordinati
2161 2414 2302 2467 ordi-

746 2503 828 2551 nis
855 2500 1194 2568 principatus
1225 2504 1563 2556 sanctionem
1590 2519 1604 2555 :
1637 2503 1760 2571 quia
1788 2503 1910 2557 licet
1945 2506 2010 2557 ab
2039 2505 2123 2558 his
2147 2505 2314 2557 addu-

747 2601 957 2656 cantur,
991 2604 1226 2646 attamen
1257 2595 1323 2645 ali
1354 2596 1472 2661 ipso
1512 2594 1740 2648 Numine
1773 2596 2045 2663 accipiunt
2075 2596 2314 2650 illustra-

749 2684 944 2744 tiones,
977 2684 1118 2752 quod
1150 2693 1234 2736 est
1267 2687 1591 2751 principium
1623 2696 1676 2738 et
1696 2703 1859 2740 causa
1884 2690 2060 2742 omnis
2080 2690 2313 2756 ordinis,

751 2789 853 2827 non
888 2785 1096 2830 tantum
1142 2777 1327 2844 primi,
1375 2785 1471 2831 sed
1528 2788 1583 2832 et
1620 2781 1866 2833 secundi.
1899 2792 1955 2834 et
1982 2782 2148 2848 tertii,
2193 2782 2314 2836 etsi

749 2867 866 2930 quis
897 2866 963 2918 sit
999 2867 1155 2919 alius.
1191 2866 1296 2919 lsta
1326 2869 1472 2920 enim
1501 2869 1581 2921 lex
1617 2877 1720 2932 est,
1765 2881 1823 2922 ut
1871 2880 1943 2922 ita
1984 2873 2106 2937 quis
2147 2873 2315 2936 dicat,

2413 1859 2577 1928 σμίας
2612 1859 2950 1928 περάτωσινο
2990 1860 3166 1911 πάντα
3200 1859 3308 1930 γάρ
3338 1860 3408 1912 τὰ
3431 1860 3608 1927 ἀγαθά
3640 1865 3867 1930 περατοῖ
3898 1863 3990 1913 καὶ

2411 1951 2582 2021 ὁρίζει
2614 1951 2675 2002 τὸ
2699 1952 2872 2016 Θείον,
2899 1952 2981 2003 ὅτι
3002 1950 3158 2003 οὐδὲν
3183 1951 3384 2018 ἀγαθὸν
3417 1951 3611 2017 ἔξωθεν
3636 1952 3790 2004 τοῦτό
3818 1955 3987 2016 ἐστιν,

2411 2042 2443 2112 ἢ
2478 2043 2714 2110 λέγεται,
2748 2042 2856 2094 οὐδ’
2885 2042 2950 2095 ἂν
2985 2043 3258 2113 ἐννοηθείη
3297 2043 3445 2095 ποτέ.
3483 2043 3690 2095 Γίνεται
3726 2043 3782 2095 δὲ
3813 2043 3988 2106 τοῦτο,

2411 2133 2550 2186 κατὰ
2579 2138 2670 2186 τὸν
2693 2134 2852 2186 αὐτὸν
2877 2134 3075 2204 θεσμὸν
3108 2135 3208 2203 τῆς
3234 2135 3508 2203 εὐκόσμου
3535 2136 3872 2205 ταξιαρχίας’
3907 2137 3987 2188 ὅτι

2411 2227 2459 2276 εἰ
2487 2228 2577 2279 καὶ
2609 2224 2696 2277 διὰ
2721 2225 2924 2277 τούτων
2947 2225 3254 2292 ἀνάγονται,
3283 2224 3418 2277 ἀλλὰ
3445 2225 3592 2295 παρὰ
3620 2225 3713 2276 τοῦ
3736 2225 3889 2278 Θείου
3913 2225 3990 2278 δέ·

2412 2335 2594 2387 χονται
2627 2318 2726 2380 τὰς
2761 2317 3072 2387 ἐλλάμψεις,
3107 2315 3206 2384 τῆς
3241 2316 3414 2386 ἀρχῆς
3465 2319 3556 2368 καὶ
3598 2318 3774 2370 αἰτίας
3813 2319 3990 2385 πάσης

2412 2411 2637 2476 τάξεως,
2679 2411 2752 2482 μὴ
2791 2413 2950 2482 μόνον
2982 2409 3081 2478 τῆς
3115 2409 3336 2480 πρώτης
3363 2450 3378 2473 ,
3414 2409 3546 2462 ἀλλὰ
3579 2409 3790 2478 καὶτῆς
3817 2409 3991 2462 δευτέ-

2418 2520 2538 2574 ρας,
2565 2505 2660 2555 καὶ
2690 2503 2791 2571 τῆς
2824 2502 3031 2572 τρίτης,
3067 2504 3156 2553 καὶ
3184 2501 3340 2562 εἴτις
3367 2500 3497 2570 άλλη
3533 2501 3658 2555 ἐστί.
3685 2498 3850 2550 Τοῦτο
3881 2500 3992 2570 γάρ

2417 2598 2532 2648 ἐστι
2567 2596 2749 2664 νόμος,
2797 2594 2871 2655 ὡς
2904 2593 2968 2645 ἄν
3001 2609 3084 2654 τις
3117 2591 3279 2653 εἴποι,
3313 2591 3406 2642 τοῦ
3443 2589 3810 2659 παραγωγέως
3856 2600 3991 2655 αμε-

2414 2683 2636 2745 τάθετός
2668 2700 2725 2734 τε
2752 2683 2842 2734 καὶ
2867 2681 3156 2751 εΰκοσμος,
3191 2682 3250 2733 τὸ
3282 2687 3350 2733 τὰ
3380 2682 3679 2750 πράγματα
3714 2681 3993 2748 συντηρεῖν

2417 2794 2476 2829 τε
2511 2776 2602 2827 καὶ
2633 2773 2873 2826 τελειοῦν
2917 2774 3007 2842 ἀφ’
3063 2773 3275 2835 ἐαυτοῦ,
3312 2785 3358 2824 ει
3392 2773 3482 2824 καί
3513 2772 3602 2826 διά
3636 2789 3794 2824 τινων
3819 2769 3995 2824 ἄλλων

2417 2876 2478 2928 τδ
2508 2874 2747 2928 τοιοῦτον
2772 2876 2862 2927 ἐπί
2888 2890 2994 2926 τισι
3026 2874 3261 2941 γίνεται.

749 2959 1088 3013 adductionis
1131 2961 1482 3014 immutabilis
1537 2971 1592 3015 et
1641 2963 1776 3015 liene
1829 2963 2098 3033 ordinata,
2151 2974 2211 3018 ut
2244 2965 2311 3020 ab
2347 2966 2464 3037 ipsa
2507 2983 2594 3023 res
2618 2980 3012 3023 conserventur
3058 2983 3123 3022 ac
3153 2966 3521 3033 perﬁciantur,
3551 2966 3654 3020 etsi
3711 2979 3804 3035 per
3855 2962 3997 3018 alias

748 3053 1009 3118 quasdam
1044 3054 1093 3104 id
1125 3053 1177 3106 in
1208 3055 1338 3122 ipsis
1363 3054 1477 3107 fiat.

823 3147 850 3217 §
887 3145 946 3198 ll.
991 3147 1408 3202 Manifestatorii
1433 3160 1611 3203 autem
1637 3163 1763 3203 sunt
1791 3165 2002 3212 omnes,
2030 3151 2192 3204 etiam
2220 3147 2318 3216 ipsi
2349 3152 2390 3210 ιζ’.

754 3238 952 3306 angeli,
980 3241 1091 3291 sive
1123 3241 1256 3292 ordo
1290 3251 1630 3308 postremus;
1658 3242 2054 3309 progrediendo
2081 3243 2222 3294 enim
2254 3244 2319 3294 de

757 3331 888 3399 ipsis
921 3331 1130 3400 angelis
1175 3332 1304 3385 solis
1348 3333 1606 3400 loquitur,
1655 3335 1814 3386 modo
1854 3341 2030 3385 autem
2060 3338 2223 3386 etiam
2252 3333 2319 3386 de

757 3424 929 3476 tribus
958 3423 1262 3477 ordinibus.
1292 3423 1618 3492 lntcrpretes
1651 3427 1832 3493 itaque.
1864 3435 1988 3478 sunt
2015 3441 2201 3478 eorum
2228 3427 2318 3494 qui

756 3516 1106 3580 prmceduut;
1141 3517 1495 3570 manil'cstant
1526 3518 1667 3570 enim
1692 3532 1787 3584 per
1816 3516 1950 3570 alios
1988 3516 2318 3570 voluntatem

761 3609 872 3670 llei,
910 3623 1028 3676 qua!
1059 3609 1186 3674 ipsis
1218 3625 1246 3659 δ
1275 3608 1545 3676 prioribus
1578 3619 1695 3660 erat
1725 3607 2094 3674 manifestata,
2150 3619 2206 3662 et
2238 3609 2320 3660 liis

760 3706 951 3754 iterum
978 3717 1071 3768 per
1093 3701 1248 3752 alios.
1279 3700 1356 3753 Ac
1397 3700 1555 3768 primi
1597 3700 1811 3766 quidem
1843 3700 2160 3753 internuntii
2193 3711 2323 3753 Sunt

760 3790 985 3841 motoris
1013 3791 1092 3841 sui
1131 3790 1255 3851 Dei;
1299 3799 1586 3856 scipienti-s
1619 3788 1730 3858 99
1775 3804 1900 3842 vero
1953 3805 2089 3856 quos
2116 3802 2168 3842 et
2195 3792 2319 3844 reli-

757 3896 890 3948 quos
920 3892 1073 3933 vocat
1100 3883 1335 3949 (scilicet
1362 3882 1494 3934 ordo
1518 3883 1808 3948 secundus)
1845 3884 2170 3949 interpretes
2199 3893 2325 3938 sunt

758 3990 946 4026 omnm
982 3975 1070 4041 qui
1099 3990 1160 4025 ex
1195 3974 1304 4026 Deo
1337 3983 1464 4024 moli
1496 3987 1642 4026 sunt.
1671 3975 1844 4027 llabes
1882 3976 2066 4035 itaque
2102 3986 2208 4029 tres
2237 3993 2324 4027 nr-

759 4069 912 4118 dincs
941 4065 1237 4117 uelestiuin
1283 4065 1562 4116 virtutum.
1599 4063 1826 4118 Tantum
1855 4077 2032 4117 autem
2061 4081 2204 4118 cura:
2227 4068 2326 4119 fuit

761 4164 899 4210 nono
934 4161 1064 4217 Deo,
1097 4157 1556 4225 superessentiali,
1602 4157 1842 4224 inquam,
1874 4158 2226 4210 concinnitati
2273 4168 2326 4209 et

759 4249 934 4300 ordini
971 4249 1264 4316 {principes
1296 4250 1436 4300 euini
1461 4264 1588 4301 suos
1616 4246 2003 4300 Lai-edactnonii
2035 4253 2328 4301 concinna-

763 4351 906 4389 tores
937 4338 1296 4403 appellabant,
1334 4347 1586 4402 tanquam
1639 4336 1902 4402 quidlibet
1939 4336 2327 4387 concinuanles

763 4450 822 4480 ai-
871 4430 1212 4494 ordinantes)
1267 4444 1638 4480 universorum
1687 4429 1868 4494 itaque
1913 4427 2182 4495 Dco,(qui
2219 4443 2324 4479 non

2499 3148 2526 3216 ᾗ
2564 3145 2626 3198 ll.
2681 3145 3091 3215 Ἐκφαντορικοὶ
3134 3143 3191 3195 δὲ
3239 3143 3438 3205 πάντες
3482 3143 3588 3196 εἰσὶ
3633 3147 3727 3197 καὶ
3777 3144 3917 3197 αὐτοὶ
3945 3147 3999 3198 οι

2419 3245 2656 3314 ἄγγελοι,
2685 3248 2849 3316 ἤγουν
2873 3247 2906 3314 ἡ
2930 3245 3130 3313 ἐσχάτη
3153 3243 3321 3307 τάξις
3351 3241 3698 3315 παρακατιὼν
3722 3243 3826 3313 γὰρ
3849 3243 3998 3310 λέγει

2421 3339 2545 3407 περὶ
2579 3337 2758 3388 αὐτῶν
2796 3337 2967 3405 μόνων
3001 3336 3107 3386 τὼν
3154 3332 3420 3401 ἀγγέλων,
3470 3336 3564 3385 νῦν
3613 3333 3667 3383 δὲ
3723 3334 3847 3403 περὶ
3882 3334 3998 3387 τῶν

2421 3428 2592 3498 τριῶν
2627 3445 2759 3496 φησι
2792 3427 3013 3490 τάξεων.
3058 3425 3466 3494 Ἑκφαντορικοὶ
3488 3423 3614 3490 γοῦν
3641 3422 3746 3474 τῶν
3779 3425 3878 3489 πρὸ
3899 3428 4001 3477 αὐ-

2420 3520 2557 3571 τῶν·
2595 3520 2906 3586 ἐκφαίνουσι
2933 3519 3040 3588 γὰρ
3062 3516 3122 3569 τὸ
3154 3515 3242 3568 διὰ
3271 3516 3379 3567 τῶν
3404 3515 3508 3586 πρὸ
3537 3515 3740 3567 τούτων
3763 3516 4003 3583 ἐκφανὲν

2424 3611 2585 3664 πάλιν
2619 3611 2846 3672 ἐκείνοις
2879 3610 2942 3661 δι’
2971 3611 3164 3674 ἄλλων,
3201 3611 3291 3661 καὶ
3316 3610 3523 3670 τούτοις
3549 3607 3614 3659 δι’
3649 3606 3840 3668 ἄλλων,
3871 3606 4006 3675 βού-

2423 3701 2570 3771 λημα
2596 3701 2689 3753 τοῦ
2724 3701 2878 3753 Θεοῦ.
2911 3701 3020 3754 Καὶ
3054 3702 3102 3753 οἱ
3139 3701 3235 3771 μὲν
3262 3699 3466 3770 πρῶτοι
3499 3701 3564 3768 τῇ
3597 3697 3765 3762 τάξει,
3800 3699 4007 3766 ἐκφαν-

2423 3811 2629 3864 τορικοι
2679 3796 2760 3844 τοῦ
2814 3792 3087 3858 κινοῦντος
3117 3792 3345 3853 τούτους
3375 3789 3538 3842 Θεοῦ·
3575 3791 3624 3841 οἱ
3656 3789 3711 3840 δέ
3752 3789 3861 3858 μετ’
3893 3788 4006 3840 αὐ-

2423 3883 2568 3944 τοὺς,
2599 3884 2688 3943 οὒς
2715 3883 2859 3949 λέγει
2898 3883 2989 3934 καὶ
3028 3883 3247 3943 λοιποὺς
3285 3881 3483 3951 (ἡγουν
3505 3881 3536 3949 ἡ
3560 3879 3785 3948 δευτέρα
3814 3877 4009 3948 τάξις)

2423 3975 2624 4026 τούτων
2669 3975 2731 4044 δὴ
2777 3973 2884 4025 τῶν
2917 3976 2980 4024 ὲκ
3016 3972 3149 4024 Θεοῦ
3189 3971 3556 4041 κεκινημένων
3603 3971 4008 4039 ἐκφαντορικοί.

2429 4067 2612 4134 Ἔχεις
2643 4063 2928 4134 τοιγαροῦν
2966 4063 3064 4125 τὰς
3097 4065 3245 4132 τρεῖς
3266 4060 3446 4125 τάξεις
3477 4061 3584 4113 τῶν
3610 4062 3866 4132 οὐρανίων
3903 4061 4008 4113 δυ-

2427 4159 2660 4226 νάμεων.
2697 4154 2960 4208 Τοσοῦτον
3007 4153 3062 4203 δὲ
3110 4151 3343 4220 ἐμέλησε
3390 4149 3467 4220 τῷ
3515 4149 3703 4219 ἀγαθῷ
3747 4147 3878 4216 Θεῷ,
3937 4153 4009 4220 τῇ

2429 4249 2734 4318 ὑπερουσίῳ
2767 4246 2908 4312 λέγω
2938 4243 3169 4312 ἁρμονία⁸
3202 4243 3293 4293 καὶ
3324 4241 3472 4306 τάξει
3508 4240 3814 4311 (ἁρμοστὰς
3851 4240 3967 4310 γὰρ
3989 4279 4006 4303 ,

2429 4337 2551 4397 τοὺς
2586 4336 2847 4402 ἄρχοντας
2879 4334 2926 4382 οἱ
2957 4330 3364 4398 Λακεδαιμόνιοι
3398 4328 3598 4396 ἔλεγον,
3631 4329 3705 4391 ὡς
3739 4326 4012 4398 ἁρμόζον-

2430 4443 2523 4486 τας
2579 4428 2667 4476 καὶ
2713 4426 3000 4482 τάττοντας
3048 4420 3316 4488 ἐκαστον)’
3371 4419 3448 4488 τῷ
3493 4418 3623 4484 γοῦν
3662 4420 3753 4470 ἐπὶ
3790 4419 4010 4472 πάντων

765 4522 984 4587 simplex
1019 4521 1372 4572 concinnatur
1403 4531 1507 4580 est,
1564 4521 1655 4572 sed
1706 4521 1936 4586 ipsainet
1983 4519 2315 4572 concinnitas

2431 4516 2567 4584 Θεῷ,
2620 4515 2719 4584 (τῷ
2769 4514 2841 4584 μὴ
2887 4513 3072 4574 ἁπλῶς
3117 4514 3382 4581 ἁρμοστῇ,
3427 4509 3560 4564 ἀλλὰ
3603 4513 3667 4580 τῇ
3703 4511 4009 4580 ὑπερουσίῳ

763 4614 1256 4680 supereseeutialis)
1316 4624 1460 4664 tanta
1519 4627 1648 4664 cura
1695 4611 1793 4662 fuit
1828 4610 2112 4678 cujuslibet
2154 4625 2324 4662 sacra:

764 4711 1064 4760 cutlestiuni
1097 4704 1473 4763 ordinationis,
1526 4712 1580 4752 ut
1637 4701 1957 4752 etordinent
1994 4700 2226 4752 habeant
2273 4711 2328 4751 et

767 4801 1163 4854 additi-timent,
1194 4806 1248 4845 nt
1269 4811 1360 4862 per
1393 4795 1600 4861 priores
1626 4792 1950 4858 posteriores
1971 4793 2322 4843 adducantur:

767 4892 1022 4958 quoniam
1062 4891 1348 4953 unicuique
1376 4887 1690 4938 liicrat‘cliiat:
1745 4897 1852 4936 tres
1897 4898 2080 4935 sacros
2111 4883 2328 4934 ordines

769 4984 1072 5034 constituit.
1110 4980 1278 5032 liabet
1309 4981 1449 5029 enini
1483 4980 1650 5044 prima
1692 4977 1932 5035 thronos,
1970 4972 2248 5026 cherubim
2278 4982 2332 5025 et

769 5075 1062 5140 seizipliim,
1098 5085 1150 5124 ct
1189 5080 1480 5136 sequentes
1512 5069 1625 5119 alue
1671 5067 1920 5119 similiter
1953 5066 2244 5121 exsistunt,
2276 5070 2332 5111 et

771 5167 1179 5226 di~tingountur
1238 5163 1286 5210 in
1340 5162 1542 5227 primas
1590 5169 1640 5209 et
1690 5157 1895 5208 medias
1940 5165 1994 5206 et
2037 5165 2336 5221 postremas

771 5261 1013 5300 Vtiliitcs.
1042 5251 1116 5299 Ad
1146 5251 1255 5300 lucc
1279 5268 1289 5295 ι
1310 5252 1582 5308 onsidera,
1614 5245 1952 5297 niinutioreiu
1976 5260 2094 5296 esse
2123 5244 2334 5294 illarum

794 5343 1253 5396 'vistt'iiintmnean;
1325 5356 1579 5404 quoniam
1635 5339 1828 5388 iterqu
1901 5349 2334 5400 unamquamque

774 5434 1118 5497 ,δίκαιαι-ατ
1165 5432 1574 5495 dispositionem
1627 5427 1849 5477 ηιμ-κίκι)
1898 5427 2331 5476 ilislributmaeni

773 5527 1092 5589 appellant;
1125 5525 1235 5572 sive
1270 5534 1710 5586 ttiitttiiqtti_-iiiqiie
1761 5519 2004 5568 ordinent
2051 5516 2335 5580 cujuslibet

775 5620 896 5667 trini
932 5618 1139 5669 oidinis
1189 5617 1373 5666 iisuem
1418 5613 1783 5678 congruenti»
1808 5611 2195 5674 ordininusqne
2230 5609 2336 5658 dis-

776 5720 936 5760 iiamt
1008 5707 1113 5759 ‘lm:
1165 5721 1340 5759 autem
1392 5715 1610 5756 \dilliU:
1654 5704 1866 5764 asc-iit,
1913 5703 2327 5752 titlt‘MltSfiititO'

2432 4607 2788 4675 αὐθαρμονία)
2851 4602 3100 4654 τοσοῦτον
3156 4602 3385 4671 ἐμέλησε
3431 4601 3529 4670 τῆς
3582 4602 3728 4670 ἱερᾶς
3775 4601 4008 4654 ἑκάστου

2431 4699 2538 4749 τῶν
2580 4698 2840 4767 οὐρανίων
2875 4694 3182 4762 εὐκοσμίας,
3219 4692 3395 4752 καθὼς
3430 4691 3611 4759 ἔχουσι
3643 4690 3866 4751 τάξεως,
3912 4692 4010 4741 καὶ

2434 4786 2736 4853 ἀναγωγῆς,
2782 4783 2958 4842 καθὼς
3006 4781 3289 4846 ἀνάγονται
3336 4778 3422 4830 διὰ
3463 4777 3570 4828 τῶν
3619 4779 3897 4848 προτέρων
3943 4781 4012 4830 τὰ

2436 4877 2661 4946 ῦστερα·
2695 4877 2777 4926 ὅτι
2812 4876 2902 4925 καὶ
2940 4875 3036 4942 μιᾷ
3059 4873 3258 4939 ἑκάστῃ
3297 4870 3544 4939 ἱεραρχίᾳ
3578 4873 3722 4940 τρεῖς
3749 4868 3896 4938 ἱεράς
3922 4872 4011 4922 τά·

2436 4970 2543 5033 ξεις
2585 4966 2752 5017 ἔθετο.
2794 4967 2943 5034 Ἔχει
2991 4964 3096 5033 γὰρ
3199 4962 3384 5032 πρώτη
3439 4961 3676 5031 θρόνους,
3723 4962 4008 5031 χερουσιμ,

2436 5064 2522 5111 καὶ
2559 5063 2827 5129 σεραφίμο
2875 5059 2965 5108 καὶ
3007 5056 3239 5124 καθεξῆς
3282 5057 3336 5106 αἱ
3375 5053 3526 5105 ἄλλαι
3559 5052 3728 5113 οὕτως
3755 5054 3877 5113 είσὶ,
3918 5055 4011 5104 καὶ

2435 5151 2760 5220 διαιροῦνται
2807 5152 2885 5211 εἰς
2936 5149 3156 5219 πρώτας
3207 5150 3299 5201 καὶ
3349 5154 3517 5216 μέσας
3563 5146 3653 5198 καὶ
3697 5147 4009 5206 τελευταίας

2437 5244 2708 5310 δυνάμεις.
2750 5242 2856 5292 Καὶ
2880 5241 2956 5291 ἐτι
2990 5241 3094 5291 νόει
3127 5238 3448 5306 λεπτοτέραν
3468 5239 3563 5305 τὴν
3585 5235 3877 5304 εὐκοσμίαν
3912 5237 4011 5287 αῦ-

2439 5335 2566 5395 τὼν,
2602 5335 2682 5384 ὅτι
2731 5333 2887 5385 πάλιν
2947 5333 3069 5400 μίαν
3119 5333 3352 5400 ἑκάστην
3399 5328 3579 5390 ίδικῶς
3628 5328 4007 5395 διακόσμησιν,

2442 5427 2883 5494 καταχρηστικῶς
2906 5419 3022 5474 εἷπε
3045 5423 3104 5473 τὸ
3128 5423 3499 5490 διακόσμησιν,
3527 5421 3687 5488 ἤγουν
3704 5419 3760 5469 ἐν
3779 5419 4007 5469 ’ἑκαστον

2439 5521 2622 5586 τάγμα
2648 5519 2744 5585 τῆς
2773 5519 2897 5585 μιᾶς
2921 5515 3195 5588 τριαδικῆς
3218 5512 3437 5576 τάξεως,
3472 5514 3591 5571 ταῖς
3623 5511 3808 5569 αὐταῖς
3830 5507 4007 5577 διεχώ-

2444 5627 2591 5677 ρισεν
2621 5610 2902 5677 ἁρμονίαις
2931 5611 3019 5658 καὶ
3053 5605 3386 5672 εὐκοσμίαις.
3419 5602 3585 5652 Τοῦτο
3618 5601 3672 5651 δὲ
3707 5601 3849 5666 λέγει
3883 5602 3911 5651 ὁ
3947 5600 4003 5650 ἆ-

2443 5717 2573 5763 ·ςιος.
2622 5700 2904 5768 >.αμ6ανων
2959 5702 3049 5767 τὴν
3091 5694 3357 5759 ἀπόδειξιν
3399 5695 3458 5744 ἐκ
3500 5692 3592 5758 τῆς
3641 5690 3731 5742 τοῦ
3785 5692 4005 5744 ’Πσαῖου
