4176 6308
185 364 284 419 281

692 369 780 426 DE
814 372 1140 430 CUELESTI
1176 377 1622 445 lllEﬂARCHlA,
1657 381 1816 438 CAP.
1858 385 1921 440 Χ.
1958 415 2028 426 -—-
2060 385 2408 446 PARAPHR.
2447 391 2921 453 PACHYMERE.

3329 404 3434 465 9.8?

185 479 550 581 προφητείας·
580 485 628 536 οἱ
668 485 776 556 γὰρ
809 486 1074 542 θειότατοι
1115 495 1355 563 σεραφὶμ
1405 496 1588 566 ἕτερος
1633 499 1751 568 πρὸς

1874 514 1994 553 nem
2025 505 2318 558 mutuando
2347 520 2410 558 ex
2441 508 2719 575 prophetia
2747 510 2896 564 Isaia:
2918 528 2931 574 ;
2957 516 3211 581 quoniam
3245 517 3318 570 ibi
3350 521 3428 572 di-

183 569 273 622 τὸν
321 573 504 642 ἕτερον
539 579 731 647 κράζει
763 580 863 651 τὴν
895 582 1310 639 ἀκατάπαυστον
1357 589 1569 660 ἐκείνην
1603 591 1759 661 ὑμνο-

186 663 385 732 λογίαν,
419 669 706 740 δηλοῦντος
739 675 986 729 ἐντεῦθεν
1018 679 1110 732 τοῦ
1144 680 1322 748 λόγου,
1349 683 1429 736 ὅτι
1462 685 1553 735 καὶ
1578 685 1758 739 αὐτῶν

186 756 291 810 τῶν
337 758 660 829 θεολογικῶν
715 767 964 833 γνώσεων
998 773 1045 823 οἱ
1080 773 1284 843 πρῶτοι
1326 778 1438 838 τοῖς
1486 776 1758 850 δευτέροις

187 855 540 920 μεταδιδόασι.
595 858 918 935 Θεολογικὴν
971 865 1034 936 δὴ
1086 867 1284 933 γνῶσιν
1332 869 1420 921 τὸν
1475 873 1757 940 τρισάγιον

185 943 350 1016 ὕμνον
384 948 528 1017 λέγει
550 968 562 980 ·
602 955 691 1005 καὶ
716 954 823 1025 γὰρ
843 956 941 1018 τὰς
956 962 1102 1028 τρεῖς
1124 961 1282 1026 ἁγίας
1298 961 1653 1024 ’Υποστάσεις
1677 964 1758 1026 είς

188 1037 313 1106 μίαν
347 1043 641 1113 κυριότητα
670 1045 762 1097 καὶ
778 1048 1017 1118 Θεότητα
1040 1050 1341 1113 συνιούσας,
1365 1053 1602 1106 κάκεῖνοι
1625 1053 1760 1122 ἔμα-

183 1127 293 1193 θον,
323 1131 414 1182 καὶ
439 1134 599 1202 ἡμεῖς
621 1134 686 1186 δι’
720 1135 940 1190 ἐκείνων
977 1139 1334 1210 μανθάνομεν.

253 1315 280 1386 §
323 1315 406 1369 ΙΙΙ.
452 1320 570 1372 Ἔτι
621 1324 939 1394 προστίθησι
990 1328 1082 1380 καὶ
1119 1329 1444 1402 λεπτοτέραν
1486 1333 1758 1399 ἀπόδειξιν

179 1405 280 1476 τῆς
313 1409 575 1463 εὐτάκτου
611 1413 702 1466 ἐπὶ
735 1417 869 1468 πᾶσι
902 1421 1303 1485 καταστάσεως,
1331 1422 1422 1474 καί
1449 1440 1632 1492 φησιν,
1669 1426 1754 1476 ὅτι

183 1499 273 1551 καὶ
317 1501 438 1553 καθ’
469 1503 630 1556 αὑτὸν
665 1506 892 1571 ἕκαστος
922 1511 1170 1580 οὐράνιός
1202 1531 1260 1565 τε
1295 1517 1386 1566 καὶ
1423 1515 1760 1584 ἀνθρώπινος

179 1589 303 1652 νοῦς
327 1591 500 1656 ξδικὰς
524 1594 636 1664 ἔχει
664 1597 882 1668 πρώτας
914 1603 1004 1653 καὶ
1035 1603 1200 1672 μέσας
1226 1603 1319 1656 καὶ
1346 1604 1657 1668 τελευταίας
1680 1607 1762 1665 δυ-

179 1680 375 1750 νάμεις
401 1685 538 1756 πρὸς
569 1685 668 1750 τὰς
694 1690 986 1760 εἰρημένας
1020 1694 1304 1761 ἁναγωγὰς
1333 1696 1425 1746 καὶ
1449 1697 1756 1764 ὲκφάνσεις’

180 1773 286 1825 νόει
321 1776 378 1828 δὲ
411 1777 509 1847 τὴν
543 1778 803 1850 κάθαρσιν
872 1782 962 1835 τὸν
996 1785 1292 1854 φωτισμὸν,
1327 1785 1425 1855 τὴν
1452 1786 1756 1839 τελείωσινο

1870 592 2135 646 vinissimi
2163 596 2437 664 seraphim
2468 599 2608 652 alter
2636 600 2701 652 ad
2730 602 2959 658 alterum
2992 604 3230 660 clamant
3253 609 3433 660 inces-

1864 683 2089 738 sabilcm
2120 686 2262 739 illam
2288 689 2711 761 hymnologiam,
2750 692 3029 764 Scriptura
3057 697 3184 751 hinc
3215 697 3435 751 demon-

1864 787 2088 843 straute,
2147 781 2352 848 primos
2382 787 2738 852 sequentibus
2783 789 3114 856 theologicas
3153 793 3297 860 ipsas
3337 807 3432 845 no-

1865 869 2039 924 tiones
2068 874 2496 930 communicare.
2530 878 2914 949 Theologicam
2938 891 3113 936 autem
3147 883 3430 936 notionem

1864 972 2019 1016 vocat
2052 963 2308 1033 hymnum
2336 966 2505 1034 illum,
2535 969 2586 1022 in
2614 985 2720 1038 quo
2751 982 2832 1025 ter
2861 971 3097 1026 Sanctus
3120 973 3434 1041 pronuntia-

1865 1058 2006 1104 tur:
2057 1053 2256 1108 etenim
2305 1065 2414 1111 tres
2465 1070 2683 1113 sanctas
2735 1061 3062 1131 llypostases
3114 1067 3168 1116 in
3216 1065 3429 1117 unicam

1864 1142 2284 1198 dominationem
2314 1164 2376 1202 ac
2404 1149 2669 1205 Deilatem
2702 1164 2960 1209 coeuntes
2979 1155 3076 1228 ipsi
3097 1155 3425 1220 didicerunt,

1857 1243 1916 1286 et
1945 1250 2041 1288 nos
2066 1251 2161 1304 per
2190 1237 2307 1291 illos
2339 1241 2623 1296 discimus.

1936 1330 1961 1400 §
1996 1329 2078 1382 ΙΙΙ.
2115 1330 2192 1383 Ad
2213 1331 2324 1385 hac
2350 1334 2496 1386 addit
2523 1337 2688 1389 etiam
2718 1338 3054 1394 subtiliorem
3094 1340 3433 1395 demonstra-

1866 1422 2064 1474 tionem
2115 1423 2254 1477 bene
2300 1425 2563 1480 ordinatie
2607 1428 2660 1481 in
2707 1430 2960 1483 omnibus
3005 1432 3430 1498 constitutionis,

1864 1513 2068 1581 aitque,
2118 1515 2418 1583 quamlibet
2457 1532 2552 1586 per
2595 1533 2654 1572 se
2697 1521 2974 1575 caelestem
3028 1537 3092 1576 ac
3141 1523 3433 1578 hmnanam

1864 1614 2099 1658 mentem
2152 1606 2454 1674 peculiares
2518 1607 2717 1663 habere
2771 1611 2973 1678 primas
3011 1624 3066 1665 et
3108 1614 3316 1667 medias
3366 1630 3429 1667 ac

1864 1703 2168 1760 postremas
2194 1697 2443 1764 virtutes,
2478 1698 2529 1751 in
2570 1701 2764 1754 ordine
2795 1704 2861 1753 ad
2889 1703 3063 1756 dictas
3083 1705 3432 1759 adductiones

1864 1794 1926 1831 ac
1952 1780 2416 1837 manifestationes
2451 1803 2465 1838 :
2503 1786 2746 1856 intellige
2793 1791 3180 1858 expiationem,
3232 1792 3423 1847 illumi-

175 1866 320 1919 οὕτω
365 1868 474 1939 γὰρ
518 1870 610 1922 καὶ
659 1872 931 1940 ἀναλόγως
967 1877 1022 1926 αἱ
1065 1876 1359 1946 ὲλλάμψεις
1403 1879 1744 1946 ἐκφαίνονται

1876 1874 2147 1926 nationem
2182 1888 2245 1926 ac
2275 1874 2695 1943 perfectionem;
2722 1879 2800 1932 sic
2831 1882 2975 1934 enim
3009 1884 3171 1936 etiam
3206 1899 3425 1950 propor—

176 1959 298 2012 καθ’
332 1961 398 2023 ἃς
433 1961 657 2026 ἕκαστος
697 1966 755 2016 ὲν
790 1967 1047 2038 μετουσίᾳ
1074 1967 1280 2036 γίνεται
1329 1969 1468 2022 κατὰ
1512 1971 1572 2023 τὸ
1603 1971 1752 2042 αὑτῷ

178 2053 402 2122 θεμιτὸν
425 2057 517 2108 καὶ
550 2056 786 2124 ἐφικτόν.
828 2059 990 2111 Ὅσον
1028 2059 1135 2131 γὰρ
1169 2061 1356 2132 ἀνήκει
1395 2066 1460 2133 τῇ
1492 2063 1598 2132 ἰδία
1625 2063 1752 2116 ἐκά-

176 2162 303 2198 στου
332 2146 502 2212 τάξει,
531 2148 686 2200 τόσον
711 2149 805 2200 καὶ
838 2151 1134 2218 ἐφικνεῖται
1167 2153 1262 2222 τῆς
1288 2154 1623 2224 καθάρσεως,
1656 2154 1750 2207 τοῦ

173 2238 485 2304 φωτισμοῦ,
524 2240 615 2292 καὶ
645 2241 743 2310 τῆς
769 2240 1113 2307 τελειώσεως,
1149 2245 1311 2296 αὑτοῦ
1335 2246 1396 2316 δὴ
1422 2247 1514 2299 τοῦ
1549 2246 1750 2315 ἀγαθοῦ

171 2329 334 2382 Θεοῦ.
361 2331 507 2394 Τέως
525 2330 579 2384 δέ
606 2332 720 2384 ἐστι
745 2336 835 2385 καὶ
860 2337 890 2403 ἡ
919 2333 1178 2404 κάθαρσις
1203 2337 1633 2409 ὑπεραγνοτὰτη,
1660 2341 1752 2392 καὶ

170 2422 235 2473 τὸ
292 2422 409 2489 φῶς
449 2423 820 2494 ὑπερπλῆρες,
873 2426 964 2476 καὶ
1021 2426 1330 2496 προτέλειας
1374 2431 1406 2499 ἠ
1456 2431 1748 2494 τελείωσις.

183 2513 341 2564 Ἐπεὶ
371 2513 428 2565 δὲ
470 2516 526 2566 αἱ
561 2515 762 2566 εὐθεῖαι
817 2515 1107 2585 man
1151 2517 1382 2590 ἄπειροι,
1441 2521 1578 2573 κατὰ
1627 2523 1752 2593 μίαν

171 2604 412 2674 ἑκάστην
469 2605 730 2677 ἐλλαμψιν
782 2607 1008 2668 ἕκαστος
1056 2610 1304 2678 οὐράνιος
1356 2613 1480 2676 νοῦς
1538 2615 1752 2684 πρῶτον

171 2697 514 2767 καθαίρεται,
542 2696 658 2751 εἶτα
685 2706 1005 2771 φωτίζεται,
1023 2707 1209 2761 ἔπειτα
1229 2707 1550 2759 τελειοῦται.
1587 2704 1752 2759 Οὐδὲν

170 2788 283 2860 γὰρ
315 2791 559 2855 ἀπεικὸς,
585 2794 632 2844 εί
658 2795 685 2845 6
707 2797 846 2848 κατά
877 2815 928 2848 τι
955 2799 1175 2862 τέλειος,
1204 2801 1319 2851 κατ’
1355 2799 1478 2852 ἄλλο
1501 2799 1754 2869 καθαίρε-

168 2900 292 2935 ται·
332 2884 423 2934 καὶ
461 2885 508 2934 εἰ
547 2885 576 2935 6
613 2887 756 2939 κατά
780 2904 830 2939 τι
870 2892 1296 2961 πεφωτισμένος,
1335 2894 1452 2945 κατ’
1487 2893 1617 2946 αὐτὸ
1654 2894 1752 2962 μὲν

167 2975 495 3040 τελειοῦται,
533 2977 652 3028 κατ’
685 2978 812 3030 ἄλλο
845 2980 901 3031 δὲ
937 2983 1095 3034 πάλιν
1121 2983 1410 3052 καθαρθεὶς
1435 2985 1741 3052 φωτίζεται·

167 3064 322 3117 οὐδὲν
349 3066 457 3136 γὰρ
492 3067 830 3136 αὐτοτελὲςῆ
868 3071 1162 3140 ἀπροσδεὲς
1195 3071 1543 3139 τελειότητος,
1595 3072 1641 3122 εί
1678 3070 1751 3141 μὴ

166 3158 232 3210 τὸ
263 3159 434 3221 ὅντως
464 3161 765 3224 αὐτοτελὲς,
800 3162 861 3213 τὸ
895 3163 1060 3224 ὅντως
1093 3163 1421 3234 προτέλειον.
1458 3163 1566 3216 Καὶ
1611 3163 1752 3215 οὕτω

173 3251 275 3320 μὲν
308 3253 336 3303 ὁ
368 3251 614 3322 οὐράνιος
637 3252 758 3313 νοῦς
789 3254 960 3316 ίδικὰς
987 3255 1096 3324 ἔχει
1123 3256 1222 3318 τὰς
1254 3260 1401 3325 τρεῖς
1424 3255 1624 3317 ταύτας
1655 3256 1749 3308 τά-

169 3347 285 3409 ξεις
310 3359 368 3394 τε
397 3344 488 3395 καὶ
519 3343 790 3413 δυνάμεις.
829 3345 951 3406 Πῶς
977 3345 1034 3398 δὲ
1074 3345 1167 3397 καὶ
1198 3348 1226 3398 6
1258 3345 1590 3416 ἀνθρώπειος
1629 3346 1753 3409 νοῦς

167 3433 374 3494 ταύτας
409 3433 538 3501 ἔχει,
568 3432 704 3503 πλὴν
732 3436 822 3486 καὶ
857 3435 1014 3496 αὐτὸς
1049 3436 1128 3495 εἰς
1159 3435 1255 3504 τὴν
1283 3434 1420 3486 κατὰ
1442 3435 1572 3486 Θεὸν
1599 3436 1752 3504 κίνη-

173 3540 295 3587 σιν;
332 3522 452 3574 οὐδὲ
491 3521 599 3592 γὰρ
636 3523 762 3592 περὶ
799 3522 906 3574 τῶν
945 3522 1224 3592 κοσμικῶν
1258 3525 1521 3595 κινήσεων
1549 3526 1575 3574 ὁ
1599 3523 1753 3592 λόγος

171 3619 322 3670 ἐστὶν
355 3620 506 3688 ἡμῖν.
540 3619 676 3687 Ἤδη
699 3618 945 3688 λέγομεν,
965 3619 1070 3679 πᾶς
1095 3617 1218 3680 νοῦς
1245 3618 1356 3688 ἔχει
1390 3620 1594 3682 οὐσίαν,
1631 3620 1750 3672 καθ’

167 3711 238 3778 ῆν
264 3709 481 3778 πρῶτόν
508 3711 652 3761 ἐστιν
672 3725 684 3736 ·
723 3703 842 3762 εἷτα
874 3710 970 3760 καὶ
1003 3710 1253 3780 δύναμιν,
1281 3711 1400 3763 καθ’
1425 3712 1487 3780 ἣν
1512 3712 1746 3783 διαρκεῖ·

168 3801 487 3854 τελευταίαν
525 3801 583 3855 δὲ
603 3800 904 3872 ἐνέργειαν,
941 3802 1130 3872 καθ’ἥν
1175 3803 1244 3856 τὰ
1287 3805 1458 3856 οἰκεῖα
1498 3805 1752 3875 πράττων

173 3896 390 3948 εὐσεϐεῖ
411 3915 422 3923 ·
457 3894 625 3946 ταῦτα
652 3894 745 3946 καὶ
783 3895 840 3944 ἐν
875 3893 952 3964 τῷ
986 3894 1111 3964 ἑξῆς
1149 3894 1424 3964 κεφαλαίῳ
1448 3894 1748 3965 σαφηνίζει.

177 3987 388 4050 ’Ἄλλως
424 4004 480 4038 τε
507 3987 560 4040 δὲ
596 3986 782 4039 οὐδένα
806 3986 914 4039 τῶν
949 3987 1249 4057 ἀνθρώπων
1285 3988 1440 4055 ἴσμεν
1462 3989 1582 4040 οὔτε
1617 4006 1750 4058 προ-

173 4086 374 4155 φήτην,
401 4081 524 4135 οὔτε
545 4083 770 4146 δίκαιον,
810 4085 882 4153 μὴ
904 4082 1159 4153 δεηθέντα
1185 4084 1279 4152 τῆς
1313 4082 1516 4143 οἰκείας
1544 4081 1754 4151 προφά-

175 4190 314 4236 σεως
333 4176 412 4235 εἰς
433 4175 492 4226 τὸ
529 4173 821 4245 πλησιάσαι
855 4174 993 4243 Θεῷ.
1025 4175 1163 4244 Ὅρα
1195 4174 1301 4241 γὰρ
1323 4173 1373 4224 τί
1400 4191 1561 4242 φησιν
1600 4177 1627 4224 6
1651 4174 1752 4235 ἕως

171 4264 361 4335 τρίτου
387 4265 615 4336 οὐρανοῦ
651 4266 893 4335 φθάσας’
943 4265 1277 4325 ’Υπωπιάζω
1311 4285 1428 4334 μου
1465 4265 1528 4317 τὸ
1560 4265 1748 4332 σῶμα,

173 4360 272 4411 καὶ
327 4358 712 4428 δουλαγωγῶ,
741 4358 953 4428 μήπως
1000 4360 1213 4424 ἄλλοις
1260 4358 1541 4426 κηρύξας,
1571 4355 1751 4421 αὐτὸς

172 4449 456 4516 ἀδόκιμος
491 4449 760 4518 γένωμαι.
798 4451 904 4502 Καὶ
927 4450 1098 4503 ταῦτα
1130 4453 1264 4503 εἰσιν
1300 4454 1330 4521 ἡ
1377 4451 1567 4520 πρώτη
1600 4450 1752 4515 τάξις

173 4542 268 4593 καὶ
311 4541 479 4610 μέση·
519 4542 545 4591 6
579 4541 685 4610 γὰρ
721 4541 1076 4611 ὑπωπιασμὸς
1109 4543 1206 4612 τῆς
1241 4543 1436 4612 σαρκὸς
1472 4540 1680 4610 πρώτη,
1715 4543 1747 4610 ἡ

1858 1964 2007 2017 tione
2030 1976 2288 2032 apparent
2318 1965 2734 2033 illustratioues,
2777 1974 3073 2024 secundum
3100 1988 3238 2040 quas
3267 1973 3429 2043 quili-

1857 2055 1966 2121 bet,
1991 2057 2168 2124 quoad
2204 2055 2276 2108 illi
2312 2055 2394 2110 fas
2421 2073 2484 2111 ac
2516 2059 2774 2126 possibile
2804 2073 2908 2124 est,
2935 2064 3200 2133 particeps
3229 2066 3285 2118 lit
3309 2066 3423 2119 Dei.

1857 2142 2126 2210 Quantum
2184 2145 2325 2198 enim
2378 2149 2601 2214 proprio
2659 2150 2854 2217 cuique
2911 2153 3088 2205 ordini
3141 2155 3425 2222 competit,

1859 2237 2191 2290 tantumdem
2218 2237 2383 2292 etiam
2413 2238 2481 2291 de
2516 2239 2794 2308 ipsiusmet
2821 2243 2944 2296 boni
2979 2243 3068 2297 Dci
3093 2246 3421 2312 expiatione,

1858 2329 2274 2392 illuminationc,
2321 2346 2384 2384 ac
2417 2333 2746 2400 perfectione
2772 2337 3144 2402 consequitur.
3193 2337 3286 2390 Est
3324 2338 3425 2390 ita-

1858 2435 1964 2487 que
2001 2419 2091 2473 Dei
2125 2436 2338 2489 qnoque
2368 2424 2612 2490 expiatio
2647 2425 2763 2493 plus
2789 2444 2951 2497 quam
2981 2430 3289 2494 purissima,
3346 2430 3421 2480 lu-

1858 2527 2087 2581 menqne
2116 2528 2278 2582 supra
2310 2530 2471 2581 quam
2505 2517 2742 2585 plenum,
2775 2518 3150 2588 perl'ectioque
3191 2536 3422 2590 praepet-

1856 2605 2021 2662 lecta.
2047 2606 2178 2660 Cum
2207 2621 2384 2662 autem
2414 2619 2576 2662 rectae
2620 2611 3011 2666 illustrationes
3047 2611 3270 2666 inlinita:
3295 2613 3420 2679 sint,

1857 2701 2153 2754 secundum
2184 2702 2340 2770 100
2365 2717 2802 2772 unamquamque
2832 2704 3242 2758 illustratiouem
3272 2719 3420 2776 quie-

1857 2793 1987 2848 libet
2035 2809 2186 2847 meus
2216 2794 2452 2849 caelestis
2491 2796 2722 2863 primum
2759 2796 3027 2865 expiatur,
3073 2796 3263 2850 deinde
3301 2797 3423 2850 illii-

1856 2894 2083 2948 stratur,
2111 2899 2174 2938 ac
2205 2895 2388 2953 postea
2419 2883 2712 2954 perﬁcitur.
2741 2883 2882 2938 Nihil
2908 2885 3051 2939 enim
3076 2885 3290 2938 absurdi
3319 2896 3419 2948 est,

1856 2976 1899 3030 si
1937 2976 1982 3028 is
2023 2975 2114 3044 qui
2158 2976 2457 3029 secundum
2505 2975 2634 3044 quid
2675 2974 2948 3043 perfectus
2987 2985 3090 3038 est,
3125 2975 3420 3028 secundum

1856 3067 2004 3120 aliud
2059 3053 2351 3136 expiatur;
2399 3067 2537 3120 etsi
2585 3068 2882 3124 secundum
2931 3065 3057 3134 qttid
3101 3065 3419 3130 illustratus,

1860 3158 2159 3211 secundum
2199 3157 2338 3209 idem
2365 3157 2582 3224 quidem
2616 3159 2916 3225 perlicitnr,
2949 3158 3244 3210 secundum
3277 3158 3420 3209 aliud

1858 3263 1986 3302 vero
2040 3248 2234 3302 iterum
2283 3248 2528 3314 expiatus
2576 3249 2936 3315 tlluminatur;
2998 3251 3295 3304 nihilenim
3329 3268 3423 3320 per

1853 3355 1922 3394 se
1975 3340 2289 3408 perfectum,
2347 3341 2428 3393 vel
2474 3341 2616 3409 quod
2659 3358 2762 3395 non
2808 3343 3040 3411 indigeat
3092 3343 3423 3412 perfectione

1854 3432 1956 3484 nisi
1983 3433 2123 3499 quod
2149 3447 2242 3498 per
2272 3448 2330 3484 :e
2357 3447 2481 3485 vere
2509 3432 2830 3500 perfectum,
2862 3449 2985 3487 vere
3009 3435 3418 3503 pracperfectum

1853 3532 1957 3579 est.
2007 3524 2184 3592 Atque
2228 3525 2297 3576 ita
2333 3527 2549 3591 quidem
2605 3541 2757 3578 mens
2800 3528 3036 3582 cmlcstis
3068 3530 3421 3596 particulares

1854 3617 1954 3670 bos
1985 3629 2093 3670 tres
2121 3619 2338 3670 ordines
2378 3619 2542 3670 habet
2571 3629 2730 3686 atque
2757 3621 3004 3674 virtutes.
3049 3622 3115 3673 At
3155 3624 3422 3690 quomodo

1852 3707 2016 3760 etiam
2067 3723 2218 3760 mens
2264 3708 2493 3760 humana
2538 3709 2603 3760 iis
2648 3707 2867 3776 praedita
2910 3718 3015 3774 est,
3047 3724 3165 3761 cum
3195 3709 3423 3762 exsistat

1854 3811 2069 3866 quoque
2096 3799 2393 3850 secundum
2429 3808 2631 3850 motum
2660 3797 2792 3850 Dei?
2818 3815 2990 3866 neque
3014 3799 3156 3851 enim
3179 3800 3244 3852 de
3267 3814 3424 3852 mun-

1854 3889 2010 3942 danis
2066 3888 2298 3941 motibus
2355 3889 2510 3940 nobis
2569 3901 2746 3941 sermo
2796 3899 2898 3942 est.
2953 3887 3109 3941 Modo
3167 3890 3420 3952 dicimus,

1852 3996 2069 4035 Omnem
2099 3990 2333 4033 mentem
2361 3981 2563 4033 habere
2588 3979 2901 4042 essentiam,
2932 3982 3230 4034 secundum
3258 3998 3419 4050 quam

1854 4079 2091 4145 primum
2151 4087 2266 4140 est;
2320 4078 2513 4132 deinde
2559 4080 2725 4130 etiam
2784 4079 3058 4143 virtutem,
3126 4083 3420 4134 secundum

1852 4186 2014 4238 quant
2065 4181 2256 4238 potens
2305 4180 2407 4232 est,
2464 4180 2794 4239 postremum
2853 4186 2983 4225 vero
3028 4173 3412 4239 operationem,

1853 4263 2150 4316 secundum
2178 4277 2359 4328 quam,
2400 4277 2461 4314 ea
2505 4277 2623 4330 quae
2645 4261 2744 4314 sibi
2779 4265 2993 4330 propria
3025 4272 3151 4316 sunt
3190 4263 3415 4332 agendo,

1853 4355 1938 4423 pia
1969 4363 2081 4418 est;
2114 4355 2226 4407 hare
2261 4355 2424 4407 etiam
2458 4355 2509 4407 in
2543 4357 2787 4423 sequenti
2821 4357 2997 4424 Capite
3022 4357 3278 4409 declarat.
3314 4357 3421 4409 Ca3-

1856 4458 2029 4500 ternm
2065 4449 2332 4500 neminem
2367 4447 2606 4512 omnino,
2653 4464 2826 4517 neque
2873 4450 3211 4518 prophetam,
3248 4464 3420 4517 neque

1847 4539 2052 4606 justum
2095 4539 2492 4607 cognoscimus,
2547 4539 2638 4608 qui
2671 4556 2774 4592 non
2806 4555 2942 4608 Opus
2973 4542 3168 4594 habeat
3202 4542 3415 4609 propria

172 4631 229 4683 δὲ
261 4630 596 4697 δουλαγω-(ία
619 4631 716 4698 τῆς
738 4631 1016 4700 ἐμπαθοῦς
1045 4630 1297 4701 ὀρέξεως,
1332 4631 1576 4699 δευτέρα,
1602 4630 1663 4681 τὸ
1693 4630 1748 4682 δὲ

1856 4632 2237 4697 cooperatione
2263 4640 2425 4698 atque
2455 4631 2726 4696 oratione,
2763 4642 2821 4684 ut
2862 4634 3254 4700 appropiuquct
3287 4634 3416 4686 Deo.

172 4721 415 4790 δόκιμον,
437 4722 739 4773 τελευταῖον
770 4723 861 4773 καὶ
885 4720 1102 4774 τέλειον.
1137 4724 1206 4774 ’Ἦ
1230 4724 1309 4774 ὅτι
1334 4724 1396 4774 ἐκ
1421 4723 1527 4774 τῶν
1550 4723 1750 4775 ἁπλου-

175 4812 384 4882 στέρων
421 4813 690 4882 μυήσεων,
720 4813 853 4882 ὅπερ
896 4813 1160 4879 γάλακτος
1208 4815 1463 4883 ποτισμὸν
1496 4814 1750 4866 ἐκάλεσεν

172 4906 200 4955 6
238 4904 577 4966 ’Δπόστολος,
621 4909 745 4976 περὶ
776 4908 844 4959 τὰ
881 4909 1038 4976 μέσα,
1077 4908 1169 4958 καὶ
1210 4909 1274 4958 ὲκ
1301 4909 1497 4960 τούτων
1527 4909 1662 4978 πρὸς
1685 4907 1752 4959 τὰ

179 4995 420 5063 μείζονα,
447 4996 612 5065 ἡγουν
654 5000 750 5067 τὴν
783 4999 890 5050 τῶν
926 4999 1146 5051 τελείων
1181 5000 1384 5070 τροφὴν
1417 4999 1750 5069 ἀναγόμεθα,

171 5088 199 5139 ὃ
234 5090 329 5140 καὶ
353 5091 409 5140 ἐν
427 5089 774 5156 Εὑαγγελέοις
797 5095 823 5143 6
848 5092 1048 5162 Κύριος
1071 5093 1237 5162 δηλοῖ,
1268 5093 1438 5158 λέγων
1465 5093 1599 5162 πρὸς
1623 5093 1750 5154 τοὺς

174 5179 363 5244 ἁγίους
390 5179 736 5241 ἀποστόλους.
769 5183 972 5234 Πολλὰ
993 5182 1022 5234 ἕ
1027 5200 1108 5247 χω
1128 5181 1326 5248 λέγειν
1342 5182 1502 5249 ἡμῖν,
1521 5183 1656 5233 ἀλλ’
1677 5183 1748 5234 οὐ

173 5269 439 5321 δύνασθε
469 5269 790 5333 βαστάζειν
823 5271 970 5337 ἄρτι.
1011 5274 1070 5324 Εἰ
1096 5273 1150 5324 δὲ
1182 5272 1373 5335 θέλεις,
1402 5275 1501 5343 ὅρα
1536 5274 1626 5324 καὶ
1651 5274 1748 5342 τὴν

175 5359 490 5430 παραδοχὴν
522 5361 616 5412 τοῦ
646 5363 908 5428 παναγίου
938 5363 1249 5433 Πνεῦματος
1282 5365 1338 5414 ὲν
1368 5367 1480 5425 τοῖς
1513 5365 1743 5415 ἀποστό-

175 5453 314 5515 λοις·
354 5453 506 5522 ἐδόθη
540 5454 647 5523 γὰρ
671 5455 843 5515 τοῦτο,
880 5456 1093 5524 πρῶτον
1131 5460 1226 5524 μὲν
1259 5457 1336 5517 εἰς
1373 5460 1590 5527 σημεῖα,
1631 5457 1748 5509 δεύ-

176 5563 333 5616 τερον
379 5546 434 5598 δὲ
480 5546 546 5599 δι’
592 5548 978 5618 ὲμφυσήσεως,
1033 5549 1126 5600 καὶ
1170 5549 1346 5617 τρίτον
1393 5549 1448 5601 ἐν
1500 5550 1751 5620 πυρίναις

180 5637 472 5706 γλώσσαις,
505 5639 809 5707 οὑσιωδῶς,
844 5641 918 5703 ὡς
952 5641 1016 5694 ἂν
1051 5644 1192 5695 εἴποι
1226 5659 1325 5706 τις,
1365 5642 1501 5696 κατὰ
1531 5645 1621 5696 τὸν
1657 5644 1751 5714 μὲ-

256 5835 271 5858 ι
308 5818 319 5869 l
355 5822 478 5871 Lor.
532 5833 608 5881 ix,
662 5817 745 5869 27.

1852 4725 2094 4776 Adverte
2125 4723 2266 4776 enim
2310 4723 2440 4791 qttid
2491 4724 2632 4776 dicat
2677 4724 2721 4776 is
2748 4725 2837 4791 qui
2880 4727 2943 4777 ad
2996 4727 3207 4777 tertium
3249 4743 3424 4793 usque

1855 4817 2053 4869 cmlum
2079 4827 2443 4882 pervenerat:
2473 4814 2684 4878 Castigo
2719 4831 2906 4878 corpus
2933 4832 3123 4880 meum,
3158 4827 3203 4867 el
3227 4819 3279 4869 in
3308 4834 3400 4869 ser-

1854 4910 2066 4959 vitutem
2095 4906 2306 4972 redigo;
2336 4922 2396 4957 ne
2432 4906 2565 4972 [orre
2591 4921 2706 4956 cum
2730 4905 2851 4956 aliis
2874 4907 3281 4974 pra’dicaverim,
3312 4911 3416 4974 ipse

1859 5001 2106 5059 reprobus
2134 4998 2326 5066 (fit-iur
2360 5010 2406 5049 ι.
2439 4998 2614 5065 Atque
2648 4996 2731 5049 hic
2765 5009 2847 5051 est
2876 4999 3080 5066 primus
3128 5008 3182 5050 et
3210 5001 3414 5053 medius

1858 5092 1991 5144 ordo
2027 5105 2040 5142 :
2087 5107 2208 5142 nam
2255 5093 2538 5158 castigatio
2565 5091 2743 5144 carnis
2782 5091 2985 5158 primus
3009 5098 3109 5151 est,
3141 5092 3413 5145 secundus

1857 5199 1985 5238 vero
2021 5184 2268 5237 subactio
2297 5184 2572 5237 cll‘reuata:
2603 5184 2937 5251 cupiditatis,
2992 5185 3231 5252 probitas
3285 5201 3410 5238 vero

1855 5285 2163 5343 postremus
2193 5285 2355 5342 atque
2385 5274 2678 5341 perlectus.
2715 5273 2806 5326 Vel
2839 5274 3001 5325 etiam
3028 5274 3115 5338 qui
3143 5289 3170 5325 a
3206 5274 3411 5340 simpli-

1854 5368 2095 5422 cioribus
2141 5367 2421 5427 doctrinis,
2472 5380 2606 5433 quas
2639 5364 2791 5416 lactis
2823 5366 3093 5434 potionem
3122 5365 3408 5432 Apostolus

1857 5459 2087 5521 vocavit,
2119 5459 2183 5511 ad
2214 5459 2439 5521 medias,
2467 5469 2519 5508 ct
2545 5472 2610 5509 ex
2638 5457 2741 5521 his,
2777 5457 2840 5510 ad
2875 5459 3106 5524 majores
3139 5473 3251 5511 Sive
3284 5473 3403 5524 per-

1857 5553 2120 5604 fectorum
2146 5549 2324 5602 cibum
2354 5549 2702 5614 adducimur;
2733 5549 2875 5618 quod
2901 5550 3062 5602 etiam
3087 5550 3137 5601 in
3165 5550 3405 5616 Evange-

1854 5645 1940 5701 liis
1966 5644 2227 5699 Dominus
2251 5642 2520 5712 signiﬁcat
2544 5641 2610 5697 ad
2641 5654 2858 5697 sanCtos
2885 5643 3152 5705 apostolos
3183 5643 3404 5698 dicens:
