4202 6300
646 376 795 465 ἐδδ

1877 414 1931 470 S.
1974 414 2274 470 DIONYSII
2309 414 2774 472 AREOI’AGITIE

3840 422 3952 475 ειη

693 525 865 580 Multa
905 527 1076 581 Italica.
1118 527 1260 582 vobis
1312 527 1507 593 dicere,
1551 529 1642 582 sed
1675 545 1779 583 non
1802 531 2023 596 potatis
2047 541 2260 597 portare
2290 565 2302 595 λ

2376 552 2473 602 γαν
2498 533 2756 601 Θεολόγον
2788 531 3105 602 Γρηγὸριον.
3137 533 3304 586 Τοῦτο
3331 533 3387 585 δὲ
3411 533 3442 603 ἡ
3467 532 3760 598 τελείωσις.
3790 536 3951 588 Ἐστι

692 621 846 673 modo
868 627 919 669 1.
937 619 1177 676 Observa
1197 636 1434 691 quoque.
1451 621 1495 677 si
1522 622 2076 692 placet,sacrosancti
2101 620 2259 693 Spiri-

698 718 782 762 tus
815 709 870 762 in
896 709 1156 775 apostolis
1183 713 1581 779 susceptionem
1604 730 1620 778 ;
1647 714 1813 767 'dutns
1835 715 1978 767 enim
2010 713 2111 768 fuit
2147 717 2263 783 pri-

696 815 839 853 mum
872 813 1092 872 prapter
1121 805 1298 873 signa,
1322 805 1517 858 deinde
1541 819 1671 859 vero
1698 821 1795 874 per
1827 806 2262 871 insinuationem,

698 906 763 946 ac
785 897 941 946 tertia
974 895 1091 954 vice
1117 895 1170 950 in
1203 896 1403 963 linguis
1433 899 1602 965 igneis
1627 901 2082 962 substantialiter,
2106 912 2160 954 ut
2194 903 2266 956 ita

694 985 816 1053 quis
848 986 1014 1053 dicat,
1046 989 1344 1043 secundum
1379 1005 1636 1059 tnagnum
1665 990 1998 1062 Theologum
2053 991 2264 1064 Grego-

696 1077 858 1132 rium.
906 1077 1032 1133 Haec
1080 1088 1259 1140 autem
1307 1091 1392 1136 est
1435 1082 1718 1151 perfectio.
1755 1083 1942 1140 Liceat
1974 1085 2026 1138 id
2052 1098 2266 1153 quoque

696 1169 854 1223 aliter
892 1172 1265 1238 considerare,
1293 1189 1359 1227 ac
1393 1176 1625 1242 primum
1655 1179 1870 1243 qutdem
1909 1176 2150 1230 ordinem
2181 1176 2265 1229 di-

695 1275 842 1321 cere,
877 1263 944 1314 ad
995 1263 1044 1316 id
1102 1263 1245 1330 quod
1303 1265 1554 1332 superius
1585 1274 1690 1331 est,
1721 1266 2125 1332 extensionem;
2158 1280 2270 1319 me-

695 1356 843 1410 dium
876 1373 1027 1422 vero,
1056 1360 1130 1423 ad
1161 1361 1300 1414 idem
1332 1359 1746 1414 conversionem
1785 1371 1949 1430 atque
1988 1360 2269 1415 collectio-

695 1461 848 1511 nem;
883 1458 1215 1518 postremum
1245 1465 1372 1505 vero
1402 1467 1544 1516 eum,
1574 1451 1662 1520 qui
1688 1451 1831 1520 quod
1854 1452 2136 1506 demissius
2163 1462 2269 1516 est,

691 1538 874 1606 erigit.
911 1537 1024 1595 Nisi
1047 1543 1189 1597 enim
1221 1543 1343 1610 quis
1365 1544 1594 1598 amando
1625 1545 1690 1596 ad
1715 1543 1898 1597 divina
1919 1544 2266 1606 extendatur,

694 1644 804 1683 non
845 1631 913 1686 ad
963 1632 1054 1687 illa
1101 1645 1452 1690 convertetur
1489 1650 1554 1690 ac
1595 1635 1901 1704 colligetur,
1933 1647 2098 1704 atque
2133 1637 2268 1689 adeo

694 1721 857 1775 etiam
878 1738 982 1777 non
1016 1725 1166 1794 101
1193 1726 1509 1780 adducetur.
1539 1724 1672 1779 Nam
1699 1726 1801 1779 nisi
1830 1741 1924 1780 cor
1944 1725 2263 1780 calefactum

2370 624 2431 676 δὲ
2465 624 2559 677 καὶ
2590 624 2791 695 ἑτέρως
2827 622 2983 674 τοῦτο
3010 622 3213 690 νοῆσαι,
3250 623 3344 675 καὶ
3371 619 3591 693 πρώτην
3627 623 3726 693 μὲν
3749 625 3952 687 εἰπεῖν,

2370 717 2473 786 τὴν
2507 714 2642 785 πρὸς
2667 713 2729 767 τὸ
2763 714 3152 784 ὑπερκείμενον
3200 714 3458 767 ἀνάτασιν
3538 714 3731 785 μέσην,
3752 713 3827 775 δὲ,
3850 715 3954 786 τὴν

2373 811 2506 880 περὶ
2539 807 2668 860 αὐτὸ
2704 808 2940 878 στροφὴν
2969 806 3059 857 καὶ
3094 804 3383 867 συνέλιξιν·
3411 805 3720 858 τελευταίαν
3740 804 3813 868 δὲ,
3848 804 3955 875 τὴν

2371 904 2435 954 τὸ
2468 901 2849 971 ὑποδεέστερον
2878 902 3198 968 ἀνάγουσαν.
3232 903 3293 954 Et
3326 901 3396 971 μὴ
3424 900 3532 971 γὰρ
3555 901 3841 968 ἀγαπήσας
3862 915 3954 961 τις

2373 995 2664 1066 ἀναταοείη
2701 995 2833 1064 πρὸς
2865 992 2932 1044 τὰ
2966 994 3079 1045 θεῖα
3102 1032 3114 1054 ,
3163 993 3261 1046 οὐκ
3296 994 3360 1046 ἂν
3394 994 3520 1063 περὶ
3570 994 3745 1045 ἐκεῖνα
3781 1007 3954 1060 στρα-

2379 1087 2500 1156 φείη
2536 1087 2629 1138 καὶ
2664 1084 3025 1154 συνελιχύείη·
3080 1086 3124 1135 εἰ
3159 1084 3213 1135 δὲ
3263 1083 3335 1154 μὴ
3371 1083 3546 1147 τοῦτο,
3587 1084 3685 1134 οὐκ
3722 1081 3786 1134 ἂν
3820 1082 3955 1133 ἀνα-

2376 1177 2552 1247 χοείη.
2581 1177 2643 1228 Ei
2681 1176 2753 1246 μὴ
2792 1175 2899 1245 γὰρ
2938 1176 2970 1244 ή
3004 1173 3197 1245 καρδία
3232 1173 3554 1256 οερμανοείη
3598 1175 3662 1224 ὲκ
3695 1164 3796 1240 τῆς
3827 1187 3954 1222 συν-

2375 1267 2535 1336 εχοῦς
2570 1268 2698 1338 περὶ
2727 1266 2788 1319 τὸ
2815 1265 3176 1334 ἀγαπώμενον
3207 1264 3431 1336 μελέτης
3459 1264 3550 1316 καὶ
3586 1262 3821 1332 στροφῆς
3857 1262 3957 1313 καὶ

2378 1359 2618 1422 ἑλίξεως,
2653 1359 2752 1410 οὐκ
2786 1358 2849 1410 ἂν
2882 1358 3171 1428 ὲγκαυθείη
3205 1358 3265 1409 τὸ
3291 1357 3389 1426 τῆς
3421 1351 3710 1423 ἀναγωγῆς
3741 1353 3834 1405 καὶ
3863 1369 3960 1405 τε-

2379 1449 2645 1512 λειώσεως
2674 1448 2806 1520 πῦρ,
2839 1448 2977 1501 κατά
3003 1448 3090 1507 τὸ,
3143 1445 3498 1515 Ἐθερμὰνθη
3531 1447 3568 1513 ἡ
3603 1444 3813 1512 καρδία
3831 1461 3959 1514 μου

2377 1543 2551 1608 ἐντός
2576 1558 2716 1609 μου,
2758 1540 2854 1592 καὶ
2886 1539 2955 1592 ἐν
2985 1538 3060 1606 τῇ
3094 1538 3315 1607 μελέτῃ
3354 1555 3472 1606 μου
3521 1536 3959 1605 ἐγκαυθήσεται

2375 1635 2529 1701 πῦρ*
2605 1633 2762 1685 τοῦτο
2820 1632 3054 1702 ἁρμόσαι
3121 1630 3187 1683 ἂν
3249 1629 3342 1682 καὶ
3393 1626 3485 1680 ἐπὶ
3539 1626 3632 1680 τοῦ
3699 1627 3956 1697 οὐρανίου

2373 1741 2514 1786 νοος.

695 1813 861 1867 fuerit
890 1829 955 1869 ex
987 1819 1204 1872 assidua
1241 1817 1382 1872 circa
1411 1832 1523 1873 rem
1548 1819 1810 1875 dilectam
1857 1819 2211 1874 meditatione
2262 1827 2316 1872 et
2351 1816 2708 1871 conversione
2767 1815 3210 1884 collectioneque,
3281 1830 3387 1868 non
3430 1813 3759 1868 accendetur
3817 1811 3957 1882 ignis

695 1904 1020 1962 elevationis
1052 1924 1117 1963 ac
1157 1908 1522 1978 perfectionis,
1555 1911 1709 1980 juxta
1743 1911 1874 1965 illud
1913 1927 1928 1965 :
1973 1910 2404 1978 Calefactumest
2442 1925 2533 1962 cor
2578 1924 2751 1962 meum
2787 1911 2929 1962 intra
2980 1925 3080 1973 me,
3141 1917 3190 1963 et
3233 1910 3285 1962 in
3329 1904 3662 1960 meditatione
3710 1920 3825 1957 mea
3859 1919 3958 1957 ea:-

695 1998 928 2051 anlescct
962 2000 1096 2068 ignis
1126 2009 1148 2036 ³
1183 2013 1200 2054 :
1229 2003 1373 2070 quod
1431 2004 1596 2056 tuenti
1643 2016 1857 2071 quoque
1892 2003 2098 2056 caelesti
2133 2001 2446 2071 quadrabit.

727 2144 3908 2173 -----------------------ὴι-----ι

1173 2309 1552 2400 CAPUT
1615 2312 1795 2399 Χῐ.

704 2443 811 2498 Cur
840 2461 1015 2496 omnes
1040 2450 1268 2499 παίειιεε
1331 2456 1533 2498 natura:
1562 2446 1826 2499 communi
1862 2448 2070 2500 nomine
2108 2445 2262 2500 uirtu-

1130 2525 1204 2568 tes
1244 2514 1473 2568 rte/estet
1499 2516 1851 2583 appellantur.

2753 2304 3393 2388 ΚΕΦΑΛΑΙΟΝ
3434 2301 3593 2388 ΙΑ’.

2381 2439 2484 2494 Διὰ
2530 2440 2586 2492 τι
2628 2437 2817 2492 πᾶσαι
2859 2441 2916 2492 al
2963 2437 3228 2505 οὐράνιαι
3270 2440 3504 2502 οὐσίαι,
3556 2442 3704 2492 κατά
3747 2435 3958 2491 κοινοῦ

2699 2509 2976 2578 δύναμεις
2997 2507 3264 2574 οὐράνιαι
3292 2510 3635 2563 καλοῦνται.

2002 2644 2332 2701 SYNOPSIS
2372 2643 2661 2700 CAPlTlS.

700 2831 736 2882 l.
770 2831 930 2895 Docet,
956 2828 1167 2880 caelestes
1189 2843 1352 2895 mea
1371 2829 1574 2895 spiritus
1606 2844 1699 2880 non
1723 2829 1894 2880 eadm
1916 2828 2098 2895 ratione
2121 2826 2335 2895 virtutes,
2357 2841 2452 2892 qua
2473 2822 2666 2892 angelos
2686 2825 2862 2895 vocari.
2883 2827 2950 2895 _ll.
2976 2829 3161 2895 Nomen
3193 2824 3556 2895 hocconmzune
3592 2820 3820 2895 virtutum
3865 2839 3962 2895 non

765 2890 1068 2956 introducere
1089 2888 1413 2956 («inlusionem
1431 2891 1660 2956 ordinum
1677 2906 1734 2940 ac
1755 2891 2123 2956 proprietatum,
2148 2890 2231 2941 sed
2267 2888 2392 2956 sicut
2414 2888 2576 2940 omnes
2599 2888 2822 2946 essentia,
2846 2888 3020 2939 virtute
3041 2894 3084 2938 et
3107 2888 3385 2952 operatione
3425 2891 3658 2946 constant,
3707 2888 3775 2932 ita
3813 2889 3963 2936 mch

759 2951 956 3015 quidem
975 2951 1222 3014 attentius,
1246 2952 1391 3004 modo
1412 2966 1524 3004 vero
1548 2951 1814 3005 virtutes‘et
1836 2951 2057 3017 enea-gius
2084 2953 2370 3017 nwtcupnn'.

2256 3103 2366 3177 §l.

781 3249 876 3307 [iis
926 3249 1000 3301 ita
1052 3245 1315 3312 definitis,
1374 3246 1504 3301 illud
1555 3247 2002 3304 consideratione
2033 3247 2275 3316 dignum,

705 3356 801 3395 cur
856 3353 1048 3395 omnes
1104 3339 1270 3392 simul
1321 3338 1598 3408 angelicas
1671 3341 1976 3406 essentias,
2042 3341 2276 3392 virtutes

702 3435 954 3488 cwlestes
999 3432 1269 3502 appellare
1319 3432 1654 3488 soleamus‘.
1689 3430 1873 3502 Neque
1927 3433 2094 3498 enim,
2134 3442 2189 3483 ut
2220 3431 2273 3484 iu

706 3526 918 3594 angelis
941 3525 1124 3580 dicere
1153 3539 1466 3593 possumus,
1491 3534 1804 3578 sanctarum
1835 3524 1981 3578 illam
2012 3526 2270 3578 virtutum

706 3623 1057 3678 novissimam
1085 3635 1205 3676 esse
1233 3619 1666 3677 distributionem
1703 3637 1718 3676 :
1750 3628 1911 3688 atque
1933 3619 2272 3690 superiorum

704 3715 921 3785 quidem
961 3714 1319 3768 essentiarum
1368 3712 1775 3781 dispositiones,
1805 3721 2054 3766 sanctam
2097 3724 2150 3768 et
2177 3715 2274 3767 de-

704 3823 890 3860 corant
949 3807 1368 3860 novissimarum
1440 3805 1857 3860 illustratiouem
1919 3807 2271 3875 participare,

702 3914 860 3953 secus
885 3914 1048 3967 quam
1079 3898 1280 3952 ultima:
1311 3897 1629 3965 primarum.
1665 3897 1744 3953 0b
1769 3913 1998 3967 eamque
2030 3913 2270 3962 causam,

705 3993 964 4048 «alestes
996 3991 1215 4062 quidem
1262 3991 1492 4044 virtutes
1535 4004 1747 4054 omnes,
1799 3991 2011 4058 divinos
2047 3992 2273 4057 spiritus

703 4082 985 4151 appellari,
1015 4081 1290 4149 scraphim
1323 4091 1505 4134 autem
1533 4090 1587 4134 et
1620 4082 1847 4136 thronos
1889 4090 2053 4151 atque
2098 4082 2276 4137 domi-

705 4175 961 4228 nationes
991 4173 1143 4228 nullo
1176 4175 1363 4239 modo;
1399 4174 1706 4229 novissimae
1731 4175 1996 4242 siquidem
2028 4176 2277 4248 superio-

708 4283 829 4320 rum
855 4268 1221 4336 proprietates
1255 4267 1395 4321 haud
1431 4267 1727 4320 uuiversim
1758 4269 2103 4337 participant.
2162 4267 2278 4321 An-

704 4359 805 4425 ga-li
838 4359 1044 4428 itaque,
1073 4367 1127 4412 et
1158 4367 1284 4412 ante
1311 4359 1538 4427 angelos
1575 4357 1886 4425 archangeli
1921 4369 1974 4412 et
2003 4360 2278 4428 principa-

707 4459 793 4500 tus
841 4462 905 4500 ac
961 4458 1280 4517 potestates,
1331 4463 1454 4500 cum
1495 4459 1617 4517 post
1650 4450 1876 4501 virtutes
1918 4464 1947 4499 ιι
2007 4449 2274 4518 theologia

707 4539 1060 4604 collocentur,
1100 4538 1416 4606 frequenter
1465 4555 1493 4591 ιι
1528 4539 1680 4592 nobis
1719 4555 1821 4591 una
1863 4555 1985 4592 cum
2026 4540 2145 4594 aliis
2175 4557 2274 4594 un-

708 4630 842 4684 turis
870 4632 1096 4697 sanctis,
1125 4630 1372 4685 coalestes
1405 4630 1607 4700 passim
1641 4629 1880 4684 Virtutes
1912 4630 2272 4699 appellantur.

2454 3244 2668 3299 Τούτων
2701 3244 2757 3297 δὲ
2790 3244 3176 3315 διωρισμένων,
3212 3247 3387 3302 ἐκεῖνο
3417 3249 3566 3316 ἄξιον
3596 3252 3865 3321 ἐννοῆσαι,
3890 3253 3964 3308 δι’

2380 3338 2448 3408 ἢν
2479 3337 2654 3393 αἰτίαν
2683 3338 2900 3401 ἁπάσας
2938 3337 3072 3407 ὁμοῦ
3101 3337 3200 3400 τὰς
3237 3340 3534 3409 ἀγγελικάς
3573 3343 3758 3407 οὐσίας
3795 3345 3964 3399 δυνά-

2383 3447 2505 3499 μεις
2537 3429 2788 3500 οὐρανίας
2821 3428 3004 3482 καλεῖν
3037 3429 3324 3499 εἰώθαμεν.
3353 3419 3426 3484 Οὐ
3461 3433 3568 3504 γὰρ
3589 3433 3735 3488 ἔστιν
3758 3437 3962 3500 εἰπεῖν,

2377 3520 2452 3583 ὡς
2485 3521 2575 3574 ἐπὶ
2606 3521 2714 3572 τῶν
2746 3521 3009 3589 ἀγγέλων,
3057 3523 3139 3574 ὅτι
3190 3523 3379 3575 πασῶν
3429 3526 3574 3578 ἐστιν
3607 3527 3808 3599 ἐσχάτη
3843 3529 3968 3582 δια-

2382 3611 2666 3681 κόσμησις,
2699 3612 2731 3682 ἡ
2766 3611 2872 3663 τῶν
2905 3612 3071 3679 ἁγίων
3104 3613 3403 3684 δυνάμεων,
3445 3616 3538 3669 καὶ
3570 3617 3668 3685 τῆς
3703 3618 3802 3688 μὲν
3849 3619 3964 3673 τῶν

2380 3702 2624 3769 ἐσχάτων
2659 3700 3024 3771 ἀγιοπρεποῦς
3057 3701 3375 3772 ὲλλάμψεως
3397 3743 3411 3765 ,
3465 3707 3520 3758 αἱ
3553 3706 3660 3759 τῶν
3694 3709 3962 3778 ὑπερκει..

2383 3793 2557 3860 μένων
2607 3791 2801 3844 οὐσιῶν
2841 3792 3227 3863 διακοσμήσεις
3267 3796 3614 3865 μετέχουσιν,
3665 3801 3719 3851 αί
3768 3800 3963 3853 τελευ-

2376 3887 2525 3937 ταῖαι
2564 3884 2619 3936 δὲ
2662 3882 2770 3935 τῶν
2811 3881 3040 3953 πρώτων
3086 3884 3361 3954 οὐδαμῶς·
3407 3887 3500 3939 καὶ
3544 3889 3734 3942 τούτου
3773 3892 3963 3962 χάριν,

2376 3976 2623 4046 οὐράνιαι
2661 3974 2757 4044 μὲν
2789 3974 3061 4044 δυνάμεις,
3098 3974 3335 4039 ἅπαντες
3366 3979 3413 4029 οί
3448 3977 3580 4031 θεῖοι
3613 3979 3728 4042 νόες
3755 3981 3964 4051 ὀνομά-

2376 4066 2578 4130 ζονται,
2612 4066 2853 4135 σεραιρῖμ
2885 4065 2960 4129 δὲ,
2997 4067 3092 4119 καὶ
3133 4065 3332 4136 Θρόνοι,
3369 4068 3462 4120 καὶ
3497 4071 3835 4141 κυριότητες,
3870 4074 3965 4125 οὐ-

2375 4155 2561 4225 δαμῶς
2580 4173 2592 4186 ·
2630 4155 2920 4225 ἀμὲΘεκτοι
2954 4155 3060 4226 γάρ
3087 4158 3142 4208 αἱ
3170 4157 3472 4212 τελευταῖαι
3501 4160 3608 4212 τῶν
3639 4162 3964 4232 ὐπερτάτων

2377 4249 2515 4300 εἰσὶν
2547 4246 2742 4299 ὅλικῶν
2778 4247 3073 4316 ἐδιοτήτων.
3114 4251 3176 4300 Oi
3202 4248 3311 4320 γάρ
3338 4249 3554 4317 ἄγγελοι
3584 4253 3675 4304 καὶ
3710 4254 3818 4322 πρὸ
3850 4254 3966 4308 τῶν

2377 4336 2618 4405 ἀγγέλων
2646 4337 2971 4406 άρχάγγελοι
2998 4377 3012 4400 ,
3049 4339 3143 4390 καὶ
3168 4339 3358 4408 ἀρχαὶ,
3413 4341 3505 4393 καὶ
3549 4341 3784 4406 ἐξουσίαι
3821 4344 3966 4414 μετά

2377 4431 2472 4491 τὰς
2515 4428 2779 4497 Δυνάμεις
2813 4428 2914 4480 ὐπὸ
2952 4428 3051 4497 τῆς
3094 4429 3365 4499 θεολογίας
3413 4433 3762 4502 ταττόμενοι,
3815 4435 3963 4488 κατά

2383 4519 2558 4571 κοινοῦ
2587 4517 2842 4580 πολλάκις
2875 4519 2964 4588 ὐφ’
3008 4520 3162 4590 ἡμῶν
3209 4521 3340 4590 ὁμοῦ
3387 4525 3508 4584 ταῖς
3552 4522 3738 4587 ἄλλαις
3776 4523 3964 4592 ἁγίαις

2384 4611 2597 4672 οὐσίαις
2621 4647 2635 4672 ,
2679 4608 2922 4681 οὐράνιαι
2954 4609 3209 4679 δυνάμεις
3241 4610 3656 4665 ἀποκαλοῦνται.

2236 4791 2377 4864 ﬁll.

779 4934 1157 4990 Verumtamen
1196 4949 1477 5004 negamus,
1512 4950 1629 5001 nos,
1673 4949 1797 4989 cum
1845 4932 2120 4988 communi
2160 4948 2270 4988 ca:-

2445 4932 2626 5003 Φαμὲν
2646 4933 2726 4997 δὲ,
2753 4934 2832 4985 ὅτι
2866 4934 3058 4997 κοινῶς
3109 4935 3200 4988 ἐπὶ
3233 4936 3431 5000 πάσαις
3451 4939 3492 4969 ⁸¹
3529 4940 3858 5010 κεχρημένοι
3887 4947 3960 5016 τῇ

708 5025 922 5080 lestium
959 5030 1218 5081 virtutum
1248 5029 1465 5081 nomine
1499 5028 1551 5081 in
1585 5027 1842 5080 omnibus
1871 5027 2092 5086 utimur,
2137 5039 2273 5078 eou-

708 5117 973 5172 fnsionetn
998 5117 1159 5172 ullam
1183 5120 1444 5186 cujusque
1463 5117 1667 5172 ordinis
1692 5117 2080 5186 proprietatum
2104 5116 2273 5170 intro-

709 5211 947 5274 ducere;
972 5213 1068 5264 sed
1104 5213 1360 5280 quoniam
1399 5212 1452 5264 in
1480 5212 1582 5264 tria
1613 5225 1805 5263 omnes
1831 5209 2025 5263 divina:
2065 5219 2274 5263 mentes

709 5301 918 5354 cmlesli
956 5303 1166 5356 ratione
1190 5317 1286 5355 sua
1310 5303 1497 5357 divisa:
1525 5310 1674 5365 sunt,
1707 5301 1757 5354 in
1799 5301 2092 5355 essentiam
2133 5298 2278 5354 vide-

710 5387 859 5454 licet,
885 5399 940 5444 et
965 5390 1018 5444 in
1043 5391 1318 5454 virtutem,
1337 5402 1390 5445 ct
1419 5393 1471 5443 in
1498 5391 1892 5458 operationem,
1918 5405 2040 5444 cum
2058 5405 2269 5454 omnes,

712 5487 805 5532 aut
835 5478 1046 5548 aliquas
1070 5496 1279 5544 earum,
1309 5481 1781 5536 imliscrimiuatim
1811 5481 2058 5535 cmlestes
2083 5495 2272 5534 esseu-

817 5606 846 5646 1
872 5596 1027 5654 Jnart.
1055 5613 1165 5664 ινι,
1203 5598 1286 5651 ii.
1367 5605 1389 5633 ⁸
1429 5595 1571 5650 PSaI.
1609 5610 1837 5658 xxxvttt,
1867 5593 1922 5648 4.

2375 5027 2482 5079 τῶν
2517 5027 2779 5098 οὐρανίων
2805 5029 3088 5097 ἐπωνυμία
3111 5027 3411 5097 δυνάμεων,
3443 5030 3501 5081 οὐ
3545 5030 3807 5100 σύγχυσίν
3834 5050 3962 5087 τινα

2375 5115 2482 5167 τῶν
2549 5116 2783 5185 ἑκάστης
2839 5113 3246 5186 διακοσμήσεως
3304 5117 3576 5187 ίδιοτήτων
3629 5121 3958 5192 εἰσάγομενο

2376 5206 2489 5259 ἀλλ’
2525 5207 2709 5275 ἐπειδὴ
2737 5208 2816 5268 είς
2847 5206 2973 5274 τρία
3000 5205 3284 5276 διῄρηνται
3311 5207 3388 5277 τῷ
3414 5208 3535 5261 κατ’
3562 5209 3759 5273 αὐτοὺς
3785 5213 3963 5282 ὑπερ-

2376 5299 2584 5366 κοσμίῳ
2612 5297 2753 5366 λόγῳ
2779 5297 2977 5359 πάντες
3018 5298 3148 5349 θεῖοι
3181 5299 3298 5361 νόες
3318 5339 3331 5360 ,
3368 5301 3447 5359 είς
3484 5301 3692 5365 οὐσίαν,
3732 5303 3829 5354 καὶ
3861 5303 3954 5356 δύο

2377 5407 2557 5459 ναμιν,
2596 5391 2686 5441 καὶ
2721 5389 3015 5458 ἐνέργειαν,
3053 5390 3179 5442 ὅταν
3205 5390 3450 5453 ἅπαντας
3470 5433 3484 5456 ,
3527 5392 3559 5461 ἢ
3589 5393 3742 5456 τινάς
3775 5396 3958 5447 αὐτῶν

2376 5482 2810 5551 ἀπαρατηρήτως
2837 5481 3088 5552 οὐρανίας
3111 5482 3314 5547 οὐσίας,
3348 5481 3382 5552 ἢ
3411 5483 3665 5553 οὐρανίας
3697 5483 3958 5556 δυνάμεις

2035 5606 2059 5634 ο
2095 5591 2238 5646 Psal.
2270 5608 2424 5654 χχιιι,
2457 5607 2638 5655 Lxxtx,
2691 5607 2780 5648 cn.

2008 5751 2234 5807 VARLE
2275 5749 2669 5806 LECTIONES.

796 5872 835 5904 ⁸¹
874 5873 990 5926 Alia
1037 5872 1193 5927 lectio
1242 5882 1457 5928 vzotalut‘
1497 5873 1547 5930 itt
1590 5873 1683 5928 Ch.
1721 5873 1811 5926 ἐπὶ
1848 5872 1998 5924 πᾶσι.
