4202 6300
299 386 404 454 εεξι

795 398 882 454 DE
914 397 1240 456 C(EIESTI
1276 399 1718 473 iiiERARCIiiA,
1754 406 1904 464 CAP.
1942 407 2032 464 XI.
2068 439 2137 448 -—-
2171 407 2521 466 PARAPIIR.
2559 410 3032 468 PACiiYMER/E.

3450 413 3556 468 290

301 519 480 589 ιερεύς
515 516 742 570 δὺναται
782 521 954 570 ποιεῖν
991 519 1086 572 ὅλα
1122 521 1273 592 παρὰ
1313 520 1381 573 τά
1428 521 1535 574 τῶν
1571 520 1887 574 ὑποδεεστὲ-
1917 528 1960 584 Α

1917 523 2112 584 Αοίιίιι
2167 525 2444 581 caelestem
2501 525 2751 580 ordinem
2810 528 3077 581 imitatur.
3107 526 3240 581 Nam
3300 530 3553 581 sacerdos

298 626 428 681 ρων,
464 610 630 680 ἤγουν
652 608 914 662 διακόνων
947 612 1040 663 καὶ
1069 612 1178 664 τῶν
1209 611 1353 682 ἑξῆς·
1390 616 1418 665 ό
1450 613 1504 665 δὲ
1536 613 1778 674 διάκονος
1817 612 1886 665 τά

296 700 405 753 τῶν
451 700 640 772 ἱερέων
675 701 776 753 οὐκ
825 701 1216 770 ἐπιτέτραπται
1266 706 1454 755 ποιεῖν.
1496 704 1587 774 Μὴ
1634 703 1764 772 γοῦν
1799 703 1885 756 διὰ

297 789 454 841 τοῦτο
486 789 694 860 οἰηθείη
721 806 825 852 τις,
861 791 1081 854 ἁπάσας
1112 790 1212 853 τὰς
1247 791 1544 860 άγγελικάς
1576 793 1764 846 οὐσίας
1790 793 1884 844 δυ-

296 879 488 948 νάμεις
512 877 785 946 λέγεσθαι,
828 878 909 930 ὅτι
933 879 1071 947 τάχα
1105 883 1158 932 αἱ
1197 881 1457 951 δυνάμεις
1487 883 1675 952 τάγμα
1696 883 1882 934 τελευ-

294 971 440 1024 ταῖόν
466 973 632 1023 ἐστιν·
669 973 717 1024 oi
741 970 848 1041 γὰρ
866 971 1106 1040 ἄγγελοι,
1125 974 1217 1025 καὶ
1238 973 1342 1044 πρὸ
1366 974 1571 1026 τούτων
1592 977 1639 1027 οὶ
1670 975 1884 1045 ἀρχάγ-

293 1071 462 1138 γελοι,
498 1071 591 1123 καὶ
624 1072 678 1124 αἱ
702 1071 886 1142 ἀρχαὶ,
904 1072 994 1123 καὶ
1018 1071 1098 1124 ἔτι
1132 1072 1239 1125 άπὸ
1261 1074 1358 1144 τῆς
1377 1074 1631 1144 δευτέρας
1662 1075 1884 1145 τριάδος

294 1164 350 1214 αἱ
386 1161 619 1227 ἐξουσίαι
645 1203 660 1226 ,
701 1163 837 1232 μετὰ
883 1164 982 1226 τὰς
1009 1152 1273 1234 δυνάμεις
1311 1166 1415 1218 ὑπὸ
1463 1168 1561 1237 τῆς
1604 1167 1883 1234 θεολογίαζ

294 1254 600 1306 τάττονταιο
629 1254 740 1308 ἀλλ’
772 1255 922 1325 ὅμως
955 1256 1149 1318 κοινῶς
1179 1259 1272 1310 καὶ
1303 1257 1475 1310 ταῦτα
1511 1258 1578 1311 τά
1619 1259 1875 1312 ὑποκάτω

294 1345 552 1414 τάγματα
573 1346 828 1416 δυνάμεις
857 1345 1173 1400 καλοῦνται.

371 1526 400 1599 §
434 1529 502 1580 Π.
536 1528 781 1598 Λέγομεν
804 1527 1000 1592 τοίνυν,
1023 1528 1126 1592 δτι,
1153 1528 1348 1592 κοινῶς
1372 1529 1465 1582 ἐπὶ
1500 1532 1630 1584 πᾶσι
1666 1548 1880 1602 κεχρη-

302 1619 450 1688 μένοι
488 1620 565 1691 τῷ
609 1620 706 1692 τῆς
750 1620 1031 1691 δυνάμεως
1065 1621 1326 1692 ὀνόματι,
1369 1623 1429 1675 οὐ
1467 1623 1727 1694 σύγχυσίν
1758 1640 1876 1676 τινα

299 1713 526 1768 ἑκάστου
552 1712 841 1782 εἰσάγομεν
867 1713 1168 1783 τάγματος,
1189 1714 1265 1777 ὡς
1285 1715 1415 1786 φέρε
1450 1717 1646 1778 εἰπεῖν,
1667 1716 1760 1768 νῦν
1781 1717 1878 1786 μὲν

298 1799 548 1869 λέγεσθαι
579 1799 722 1864 ίδίως
751 1799 850 1864 τάς
889 1802 946 1853 ὲν
981 1804 1046 1872 τῇ
1080 1801 1308 1874 δευτέρα
1338 1805 1516 1874 τριάδι
1563 1805 1704 1858 κατὰ
1728 1803 1878 1868 τάξιν

1987 621 2167 681 potest
2196 611 2378 668 facere
2405 629 2739 684 quacunque
2766 617 2985 671 ordines
3012 615 3321 680 inferiores,
3348 616 3554 669 scilicet

1985 704 2199 758 diaconi
2241 713 2298 758 et
2327 715 2614 775 sequentes
2644 746 2659 771 ,
2713 722 2899 760 verum
2948 723 3049 761 nou
3107 708 3426 776 permissum
3471 716 3556 760 est

1986 794 2218 847 diacono
2247 797 2589 849 sacerdotum
2622 795 2802 850 munia
2856 811 3141 866 peragere.
3198 797 3314 851 Non
3368 795 3550 864 itaque

1986 883 2189 937 idcirco
2217 885 2342 952 quis
2365 885 2679 949 existimet,
2730 902 2922 942 omnes
2969 889 3239 957 angelicas
3281 888 3553 943 essentias

1983 973 2216 1028 virtutes
2249 976 2533 1044 appellari,
2574 979 2716 1048 quod
2761 980 2903 1034 forte
2946 979 3172 1033 virtutes
3213 980 3388 1033 ultimi
3435 978 3544 1033 sint

1983 1064 2230 1122 ordinis:
2265 1081 2391 1120 nam
2438 1067 2659 1136 angeli,
2702 1077 2758 1124 et
2811 1077 2936 1123 ante
2988 1068 3088 1123 bus
3138 1071 3446 1140 archangeli
3491 1081 3550 1124 et

1985 1158 2362 1227 principatus,
2420 1169 2585 1224 atque
2641 1162 2861 1231 insuper
2912 1164 2963 1217 in
3018 1165 3260 1218 secundo
3314 1167 3550 1220 ternario

1983 1259 2302 1317 potestates,
2336 1261 2455 1321 post
2481 1253 2710 1306 virtutes
2758 1269 2788 1307 a
2840 1256 3109 1326 theologia
3162 1257 3546 1328 collocantur;

1984 1344 2311 1397 attamen-in
2341 1347 2617 1400 communi
2655 1345 2818 1400 etiam
2871 1347 2926 1401 hi
2973 1350 3194 1405 ordines
3240 1349 3545 1418 inferiores.

1986 1448 2005 1483 ι
2020 1431 2213 1488 irtutes
2241 1435 2606 1504 appellantur.

2055 1521 2168 1592 §ll.
2212 1524 2448 1578 Dicimus
2471 1525 2657 1594 itaque
2694 1541 2792 1580 nos
2817 1565 2831 1590 ,
2864 1541 2983 1580 cum
3022 1533 3288 1586 communi
3330 1533 3549 1588 virtutis

1983 1613 2199 1666 nomine
2256 1613 2310 1667 in
2363 1615 2618 1669 omnibus
2679 1617 2925 1681 utimur,
2983 1619 3186 1673 nullam
3271 1626 3546 1680 confusio-

1983 1717 2108 1756 nem
2159 1702 2370 1758 ordiuis
2436 1703 2758 1773 cujusquam
2842 1709 3226 1776 introducere,
3282 1724 3346 1768 ut
3394 1705 3544 1774 verbi

1982 1793 2194 1861 gratia,
2249 1795 2408 1849 modo
2485 1797 2702 1865 quidem
2777 1800 2994 1868 proprie
3066 1801 3296 1859 virtutes
3361 1811 3546 1876 appel-

299 1866 718 1958 δευτερευούσας
748 1866 1045 1960 δυνάμειςξ
1065 1889 1159 1944 νῦν
1283 1866 1502 1947 διπαντα
1542 1893 1612 1946 τὰ
1652 1866 1876 1966 οὐράνια
1910 1866 1951 1920 Β

1910 1866 1951 1920 Β
1981 1883 2152 1936 lemus
2202 1882 2358 1953 105
2418 1899 2512 1940 eas
2537 1901 2657 1954 quae
2689 1887 2741 1941 in
2774 1866 3012 1945 secundo
3059 1893 3254 1946 ordine
3299 1866 3547 1953 secunda

299 1979 569 2049 τάγματα·
609 1979 722 2032 ἀλλ’
746 1980 1032 2052 ὁμώνυμόν
1059 1983 1203 2034 ἐστιν
1228 1983 1394 2054 ὖνομα
1420 1986 1474 2036 αί
1497 1984 1769 2056 δυνάμεις·
1787 1986 1877 2039 λέ-

300 2087 457 2137 γεται
502 2069 611 2142 γάρ
662 2070 804 2125 οὕτω
849 2073 943 2125 καὶ
985 2072 1046 2125 τὸ
1096 2074 1260 2127 ίδικὸν
1309 2077 1512 2147 τάγμα,
1559 2079 1648 2130 καὶ
1683 2080 1875 2144 κοινῶς

302 2160 478 2212 πάντα
509 2161 578 2213 τὰ
609 2161 880 2231 τάγματα,
913 2161 989 2226 ὡς
1020 2163 1246 2234 δύναμιν
1273 2164 1463 2234 ἔχοντά
1485 2181 1622 2218 τινα.
1663 2167 1877 2239 Ἐπειδὴ

299 2258 480 2311 τοίνυν
513 2260 592 2322 εἰς
617 2258 744 2330 τρία
771 2258 1057 2329 διῄρηνται
1090 2259 1169 2330 τῷ
1195 2262 1315 2312 κατ’
1344 2262 1543 2324 αὐτοὺς
1569 2261 1755 2333 ὑψηλῷ
1786 2261 1874 2314 λό-

301 2365 383 2421 γῳ
408 2349 497 2418 (τά
521 2350 630 2422 γάρ
664 2350 845 2422 ὑψηλὰ
867 2351 1108 2422 ὑψηλῶς,
1146 2351 1329 2404 καὶτὰ
1350 2353 1692 2424 ὑπερκόσμια
1709 2354 1878 2425 ὑπερ-

301 2441 542 2512 κοσμίως
586 2442 855 2510 ὀφείλουσι
896 2441 1233 2515 λέγεσθαι),
1269 2442 1558 2515 διῄρηνται
1601 2443 1778 2496 τοίνυν
1827 2446 1876 2497 οἱ

302 2530 430 2585 θεῖοι
463 2531 582 2595 νόες
614 2533 692 2596 είς
723 2533 929 2597 οὐσίαν,
959 2534 1039 2596 είς
1070 2532 1315 2603 δύναμιν,
1346 2532 1437 2585 καὶ
1473 2533 1771 2604 ἐνέργειαν,
1799 2533 1876 2597 ὡς

302 2622 360 2674 ὲν
386 2622 762 2693 ὑποδείγματι,
796 2623 1118 2693 οὐσίαν,μὲν
1150 2619 1286 2676 εἶναι
1321 2623 1419 2693 τὴν
1454 2622 1547 2675 τοῦ
1583 2624 1750 2695 πυρὸς
1772 2624 1874 2692 φύ-

305 2729 408 2776 σιν,
433 2712 660 2783 δὺναμιν
681 2714 739 2767 δὲ
770 2714 974 2785 ταύτης
1000 2713 1061 2766 τὸ
1097 2714 1419 2784 φωτιστικὸν
1446 2716 1538 2766 καὶ
1563 2715 1622 2769 τὸ
1654 2732 1876 2768 καυστι-

302 2806 416 2874 κδν,
443 2809 718 2881 ἐνέργειαν
743 2809 799 2863 δὲ
829 2810 890 2862 τὸ
922 2809 1021 2879 τῆς
1063 2809 1342 2880 δυνάμεως
1374 2808 1737 2880 ἀποτέλεσμα,
1766 2803 1875 2862 οἷον

301 2901 363 2953 τὸ
396 2900 650 2969 φωτίζειν
696 2903 790 2954 καὶ
832 2901 894 2953 τὸ
938 2901 1135 2954 καίειν.
1183 2901 1396 2971 Ἐπειδὴ
1428 2900 1601 2954 ταῦτα
1651 2903 1744 2954 καὶ
1777 2918 1876 2954 κα-

302 2989 518 3043 λοῦνται
554 2990 810 3053 πολλάκις
854 2989 949 3042 καὶ
986 2991 1050 3042 έκ
1084 2991 1183 3060 τῆς
1227 2991 1444 3056 οὐσίας,
1498 2991 1586 3043 ὅτε
1633 2989 1875 3059 λέγονται

305 3083 472 3152 νόεςῆ
498 3082 798 3151 πνεύματα’
846 3081 1133 3134 καλοῦνται
1175 3082 1266 3134 καὶ
1304 3081 1409 3134 ἀπὸ
1444 3082 1542 3152 τῆς
1575 3083 1873 3152 ἐνεργείας,

1979 1982 2127 2038 sunt,
2153 1977 2315 2031 modo
2342 1991 2472 2032 vero
2514 1993 2702 2034 omnes
2744 1981 2964 2037 ordines
3011 1984 3306 2041 ewlestes:
3357 2003 3545 2044 verum

1980 2068 2081 2121 hoc
2112 2085 2310 2124 nomen
2357 2071 2577 2125 virtutis
2603 2081 2687 2127 est
2713 2076 3049 2143 mquivocum
3075 2093 3090 2142 ;
3122 2093 3245 2133 nam
3279 2087 3385 2134 tam
3411 2084 3544 2135 ordo

1978 2157 2228 2229 proprius
2257 2174 2424 2230 quam
2463 2161 2518 2214 in
2555 2164 2835 2216 communi
2866 2178 3056 2220 omnes
3082 2167 3301 2224 ordines
3334 2170 3405 2224 ita
3440 2187 3538 2224 no-

1979 2250 2275 2316 minantur,
2302 2259 2489 2321 utpote
2511 2251 2690 2320 aiiqua
2716 2255 2922 2308 virtute
2946 2256 3176 2324 pra'diti.
3201 2258 3332 2314 Cum
3363 2263 3543 2331 itaque

1976 2355 2076 2410 pro
2107 2341 2326 2396 sublimi
2358 2360 2454 2398 sua
2489 2346 2702 2400 ratione
2750 2347 2804 2401 in
2863 2348 2967 2402 tria
3016 2348 3349 2418 dividantur,
3381 2351 3540 2423 (nam

1975 2433 2228 2487 sublimia
2277 2435 2588 2490 sublimiter
2617 2449 2670 2492 et
2714 2440 3156 2507 supermundalia
3211 2458 3541 2512 supramun-

1975 2525 2191 2580 dialiter
2219 2526 2478 2595 distingui
2509 2528 2742 2600 debent)
2774 2513 3089 2585 dividuntur
3114 2572 3130 2596 ,
3161 2533 3381 2602 inquam
3405 2574 3423 2599 ,
3454 2535 3540 2588 di-

1974 2623 2115 2675 vina:
2140 2632 2353 2676 mentes
2415 2623 2470 2676 in
2523 2625 2838 2689 essentiam,
2869 2626 2922 2679 in
2953 2626 3318 2693 virtutem,'et
3346 2644 3539 2697 opera-

1976 2714 2213 2779 tionem;
2251 2714 2324 2768 ita
2363 2723 2442 2776 ut,
2473 2715 2702 2785 exempli
2735 2718 2930 2786 gratia,
2963 2721 3197 2774 essentia
3222 2721 3438 2789 quidem
3470 2723 3542 2777 sit

1977 2817 2170 2861 natura
2196 2807 2362 2877 ignis,
2395 2808 2566 2862 virtus
2592 2823 2722 2863 vero
2758 2811 2840 2864 vis
2866 2799 3209 2865 illuminaudi
3241 2823 3298 2885 et
3327 2816 3538 2880 urendi,

1974 2898 2220 2966 operatio
2248 2900 2484 2967 denique
2517 2901 2734 2954 virtutis
2765 2902 3248 2972 complementum,
3277 2904 3434 2974 quale
3455 2916 3538 2958 est

1976 2989 2283 3045 illuminare
2310 3000 2365 3045 et
2395 3006 2574 3046 urere.
2601 2991 2737 3047 Cum
2769 2993 2951 3062 itaque
2980 3009 3351 3061 saepenumero
3375 3000 3539 3052 etiam

1977 3083 2043 3136 ab
2067 3082 2304 3137 essentia
2339 3097 2532 3137 nomen
2565 3084 2860 3153 accipiant,
2890 3094 2946 3138 ut
2968 3087 3186 3154 quando
3221 3101 3429 3144 mentes
3457 3093 3538 3146 vel

302 3176 390 3229 ὅτε
423 3174 644 3243 ἄγγελοι
685 3175 953 3242 λέγονταιο
989 3175 1089 3227 οὐκ
1122 3174 1424 3237 ἀπεικότως
1456 3174 1742 3266 καλοῦνται
1781 3175 1875 3266 καλ.
1901 3209 1943 3266 C

1901 3209 1943 3266 C
1978 3175 2204 3243 spiritus
2233 3182 2499 3235 vocatur;
2532 3175 2858 3242 quandoque
2895 3177 3058 3229 etiam
3110 3179 3178 3231 ab
3224 3182 3539 3249 operatione

303 3265 410 3320 ἀπὸ
441 3266 540 3335 τῆς
562 3265 844 3335 δυνάμεως
873 3264 1151 3334 δυνάμεις.
1190 3264 1318 3315 Ὅτε
1349 3262 1526 3316 τοίνυν
1567 3261 1808 3325 ἅπαντας
1839 3261 1872 3333 ἢ

301 3356 453 3418 τινάς
487 3355 683 3419 αὐτῶν,
710 3355 832 3425 δίχα
861 3355 1005 3417 τινὸς
1036 3354 1486 3426 παρατηρήσεως,
1510 3352 1765 3423 οὐρανίας
1786 3353 1877 3404 οὐ·

305 3447 424 3511 σίας
465 3447 498 3519 ἢ
526 3447 781 3517 οὐρανίας
819 3447 1075 3517 δυνάμεις
1107 3443 1485 3514 άποκαλοῦμεν
1505 3482 1518 3506 ,
1557 3444 1761 3512 οἰητέον
1784 3444 1876 3513 έμ-

303 3539 517 3609 φαίνειν
551 3539 646 3590 καὶ
666 3536 995 3591 ὲκδεικνὺειν
1029 3538 1176 3608 ἡμᾶς
1207 3536 1404 3598 αὐτοὺς
1435 3536 1560 3598 τοὺς
1583 3535 1712 3606 περὶ
1741 3528 1815 3587 ῶν
1847 3535 1875 3587 ό

303 3629 478 3698 λόγος,
512 3630 653 3683 κατά
678 3646 796 3682 τινα
825 3629 1088 3699 περισσὴν
1115 3627 1334 3698 φράσιν·
1376 3627 1495 3679 ἀντὶ
1527 3625 1634 3696 γάρ
1666 3623 1758 3677 τοῦ
1800 3626 1876 3678 εί-

305 3727 424 3776 πεῖν
456 3723 738 3791 ἀγγέλους,
772 3722 1000 3792 λέγομεν
1030 3719 1284 3791 οὐρανίας
1315 3717 1520 3780 οὐσίας,
1556 3717 1587 3787 ἢ
1621 3717 1877 3786 οὐρανίας

298 3817 578 3886 δυνάμεις,
618 3817 682 3867 ὲκ
713 3815 810 3884 τῆς
850 3813 1036 3883 κοινῆς
1073 3811 1252 3865 αὐτῶν
1288 3809 1494 3873 οὐσίας,
1533 3809 1564 3880 ἢ
1603 3811 1695 3861 καὶ
1717 3809 1876 3862 δυνά-

304 3924 471 3978 μεως,
497 3907 594 3976 τῆς
619 3905 740 3957 καθ’
763 3904 990 3956 ἕκαστον
1019 3901 1421 3972 ἐμφαινομένης
1452 3900 1649 3952 αὐτῶν.
1674 3900 1747 3952 Οὐ
1771 3899 1876 3970 μὴν

297 4000 358 4053 δὲ
383 3997 613 4070 οίητέον,
651 3996 988 4067 προσάπτειν
1017 3994 1163 4064 ἡμᾶς
1192 3995 1310 4055 ταῖς
1346 3990 1877 4062 ὑποὸεϐηκυίαιςού-

301 4090 450 4154 σίαις
491 4089 590 4160 τὴν
626 4087 860 4157 ἰδιότητα
899 4085 1008 4138 τῶν
1040 4085 1219 4148 καλῶς
1248 4083 1675 4155 διακεκριμένων
1709 4083 1876 4150 ἁγίων

297 4183 584 4253 δυνάμεων
631 4179 724 4251 (αἶ
759 4180 822 4250 δὴ
859 4179 1010 4246 ἅγιαι
1057 4176 1311 4246 δυνάμεις
1343 4174 1732 4247 ὐπερκείμεναί
1769 4174 1874 4226 είσι

297 4275 438 4347 πρὸς
466 4272 537 4326 τά
574 4270 879 4342 ὑφειμένα).
922 4269 1092 4323 Τοῦτο
1127 4268 1235 4340 γὰρ
1280 4269 1401 4338 ἐμοὶ
1455 4267 1629 4334 λόγος,
1671 4266 1760 4318 ἵνα
1798 4263 1872 4336 μὴ

295 4364 506 4436 οίηθείη
532 4363 615 4425 τίς
650 4379 704 4413 τι
738 4358 997 4424 τοιοῦτον,
1032 4359 1114 4411 δτι
1147 4356 1532 4428 προσάπτομεν
1567 4356 1688 4416 ταῖς
1720 4354 1873 4422 ὑφει-

301 4457 493 4532 μέναις
515 4454 583 4508 τά
615 4452 1002 4525 ὑπερκείμενα.
1026 4452 1133 4504 Καὶ
1156 4450 1352 4520 λύομεν
1368 4447 1610 4501 ἐντεῦθεν
1634 4447 1732 4518 τὴν
1749 4445 1874 4515 περὶ

1978 3267 2349 3333 nominentur,
2381 3277 2438 3320 ut
2465 3283 2585 3320 cum
2614 3265 2790 3335 angeli
2840 3279 3260 3335 nuncupantur:
3303 3286 3406 3324 non
3441 3273 3541 3325 im-

1979 3357 2176 3412 merito
2199 3359 2365 3412 etiam
2398 3374 2428 3412 a
2454 3359 2655 3413 virtute
2681 3359 2909 3412 virtutes
2935 3361 3290 3428 appellantur.
3316 3362 3540 3429 Quando

1977 3452 2146 3523 igitur
2175 3466 2369 3506 omnes
2399 3451 2485 3505 vel
2514 3452 2723 3520 aliquas
2751 3464 2940 3504 earum
2977 3453 3096 3506 sine
3127 3453 3236 3506 ulla
3276 3455 3538 3512 observa-

1979 3544 2125 3599 tione
2151 3543 2404 3600 ctelestes
2425 3544 2690 3598 essentias
2720 3542 2804 3596 vel
2834 3543 3088 3597 caelestes
3120 3545 3354 3599 virtutes
3375 3553 3544 3619 αρρρι.

1977 3632 2186 3700 lamus,
2221 3632 2640 3686 existimandum
2689 3640 2807 3695 est,
2837 3647 2934 3686 nos
2977 3632 3100 3687 illos
3147 3633 3428 3689 insinuare
3473 3650 3538 3690 ac

1977 3725 2354 3779 demonstrare
2376 3724 2442 3777 de
2469 3724 2665 3792 quibus
2695 3723 2848 3777 nobis
2881 3738 3061 3778 sermo
3084 3736 3205 3792 est,
3237 3728 3538 3780 secundum

1977 3814 2215 3883 plirasim
2258 3813 2498 3883 aliquam
2546 3813 2910 3868 abundantem
2940 3825 2957 3865 :
2993 3829 3091 3882 pro
3118 3831 3184 3870 eo
3216 3818 3356 3871 enim
3394 3819 3537 3886 quod

1975 3905 2280 3959 diceremus
2312 3904 2556 3974 angelos,
2591 3904 2825 3960 dicimus
2847 3905 3099 3960 caelestes
3129 3909 3421 3973 essentias,
3455 3911 3536 3964 vel

1977 4000 2227 4054 caelestes
2257 3999 2593 4061 virtutes,ex
2623 3999 2893 4055 communi
2924 3999 3137 4053 illorum
3172 4006 3428 4067 essentia,
3453 4007 3533 4059 vel

1974 4091 2138 4144 etiam
2187 4090 2391 4144 virtute
2413 4104 2534 4159 qua:
2567 4091 2619 4143 in
2650 4089 2878 4160 singulis
2922 4089 3150 4145 relucet.
3181 4091 3534 4162 Nequaquam

1976 4167 2156 4236 autem
2189 4181 2615 4237 existimandum
2648 4189 2750 4246 est,
2781 4194 2878 4234 nos
2906 4179 3006 4235 rite
3033 4182 3369 4251 digestarum
3400 4199 3530 4261 san,-

1975 4282 2183 4327 ctarum
2216 4274 2476 4326 virtutum
2505 4273 2894 4342 proprietatem
2917 4272 3263 4329 inferioribus
3284 4278 3536 4335 essentiis

1975 4363 2279 4416 attribuere
2305 4362 2682 4434 (superposita:
2709 4362 2896 4430 utique
2926 4371 3053 4416 sunt
3086 4367 3394 4432 superiores
3421 4367 3530 4420 vir—

1978 4462 2119 4509 tutes
2147 4453 2558 4523 inferioribus).
2586 4451 2700 4506 Hoc
2728 4455 2872 4506 enim
2915 4453 3036 4507 dico
3060 4494 3076 4520 ,
3113 4470 3181 4509 ne
3232 4458 3353 4525 quis
3403 4458 3533 4529 quid

295 4547 415 4614 τοῦ,
450 4548 565 4608 πῶς
597 4545 790 4608 κοινῶς
820 4543 889 4598 τὰ
917 4543 1141 4615 οὐράνια
1159 4543 1410 4613 τάγματα
1432 4541 1674 4608 λέγονται
1706 4541 1870 4626 ἄγγεξ-
1900 4568 1948 4626 D

1900 4568 1948 4626 ο
1976 4545 2154 4600 simile
2175 4545 2470 4610 existimet,
2499 4545 2652 4613 quasi
2683 4543 3029 4601 inferioribus
3059 4550 3367 4615 superiores
3393 4565 3533 4604 coae—

294 4637 414 4698 λοι,
458 4632 819 4688 διδασκαλίαν.
862 4632 997 4702 Περὶ
1047 4631 1103 4684 δὲ
1148 4630 1258 4683 τῶν
1305 4628 1713 4701 ὑπερκειμένων
1775 4625 1866 4678 καὶ

1975 4652 2225 4707 quemus.
2273 4637 2451 4705 Atque
2503 4635 2629 4690 hinc
2675 4635 2935 4690 solvimus
2976 4637 3118 4690 illam
3175 4640 3530 4706 quaestionem

296 4726 472 4790 αὑτάς
500 4725 599 4788 τὰς
623 4725 899 4795 δυνάμεις,
933 4723 1106 4788 οὐδείς
1145 4741 1234 4794 μοι
1272 4722 1448 4790 λόγος,
1488 4722 1535 4772 εί
1571 4719 1666 4771 καὶ
1695 4716 1867 4769 ταῦτα

292 4816 554 4885 δυνάμεις
595 4812 903 4867 καλοῦνται·
952 4811 1089 4865 αὐτὰ
1128 4811 1236 4883 γὰρ
1267 4812 1342 4874 ὡς
1389 4809 1755 4881 ὑπερκείμενα
1799 4806 1868 4860 τά

292 4904 566 4976 προσόντα
598 4905 710 4966 τοῖς
744 4902 1053 4971 ὑφειμένοις
1075 4901 1268 4964 ὁλικῶς
1302 4900 1502 4970 ἔχουσι,
1535 4898 1604 4950 τά
1625 4899 1682 4951 δὲ
1717 4900 1869 4966 ὑφει-

294 4993 441 5065 μένα
463 4993 530 5046 τὰ
560 4993 668 5046 τῶν
701 4993 1110 5064 ὑπερκειμένων
1141 4993 1239 5062 οὐχ
1260 4990 1451 5055 ὑλικῶς
1476 4991 1707 5059 ἔχουσιν,
1734 4987 1868 5040 ἀλλὰ

295 5085 561 5157 μερικῶς.
581 5086 740 5138 Ὅθεν
763 5085 862 5137 οὐκ
884 5083 1259 5154 άνατρέπομεν
1272 5083 1371 5154 τὴν
1386 5083 1660 5153 ἡμετέραν
1685 5085 1866 5134 ὁπωσ-

289 5177 395 5233 οὖν
424 5177 787 5231 διδασκαλίανο
825 5176 966 5228 κατὰ
1001 5175 1108 5246 γὰρ
1151 5177 1240 5227 τὸν
1275 5175 1532 5238 πολλάκις
1557 5177 1686 5246 ἡμῖν
1727 5175 1865 5227 άπο-

290 5267 519 5324 δοθέντα
549 5269 703 5335 λόγον
730 5267 857 5337 περὶ
888 5265 1085 5328 αὐτῶν,
1121 5268 1175 5317 αἱ
1196 5265 1292 5335 μὲν
1321 5264 1746 5336 ὑπερὸεϐηκυῖαι
1765 5264 1864 5328 τὰς

287 5359 410 5417 τῶν
441 5359 744 5430 ὑφειμένων
762 5359 973 5428 ἔχουσιν
1002 5357 1286 5426 ίδιότητας,
1317 5357 1450 5410 ἀλλὰ
1474 5357 1766 5428 περισσῶς,
1790 5359 1865 5419 ὡς

288 5452 396 5507 καὶ
424 5450 582 5504 πλέον
607 5466 658 5502 τι
685 5448 921 5519 ἔχουσαι·
950 5449 1004 5500 αἱ
1028 5448 1084 5500 δὲ
1104 5448 1410 5500 τελευταῖαι
1430 5449 1528 5511 τὰς
1560 5447 1668 5500 τῶν
1696 5449 1866 5519 ὑπερ-

288 5551 600 5622 ϐεϐηκυιῶν
622 5548 878 5618 ὁλότητας
909 5548 1174 5619 οὐδαμῶς,
1213 5549 1452 5620 μερικῶς
1486 5550 1543 5602 δὲ
1575 5551 1654 5614 είς
1698 5551 1866 5614 αὑτὰς

285 5647 353 5700 αἱ
379 5642 751 5715 πρωτοφανεῖς
781 5638 1075 5708 ὲλλάμψεις
1095 5639 1183 5692 διὰ
1201 5639 1309 5692 τῶν
1345 5639 1572 5711 πρώτων
1588 5641 1863 5710 ἀναλόγως

284 5738 404 5799 τοῖς
437 5735 816 5806 ὑποκειμένοις
836 5732 1337 5804 διαπορθμεὺονται.
1365 5736 1522 5787 Δοκεῖ
1542 5734 1598 5787 δέ
1625 5753 1742 5798 πως
1776 5737 1862 5788 ὲν·-

287 5826 463 5881 ταῦθα
484 5827 682 5893 λέγειν,
718 5827 797 5879 ὅτι
832 5829 950 5879 κατ’
985 5827 1137 5893 ἀξίαν
1170 5829 1222 5879 αἱ
1258 5826 1541 5893 ἀγγελικαὶ
1566 5827 1863 5898 διακοσμή-

1970 4731 2084 4782 sive
2120 4728 2455 4792 doctrinam,
2489 4727 2761 4795 quomodo
2804 4728 3054 4781 cwlestes
3106 4728 3325 4785 ordines
3375 4733 3531 4800 vulgo

1971 4819 2148 4890 angeli
2179 4819 2536 4888 appellentur.
2562 4818 2636 4872 De
2671 4818 3045 4888 superioribus
3066 4829 3267 4882 autem,
3291 4824 3531 4891 adeoque

1970 4916 2036 4969 de
2068 4913 2197 4982 ipsis
2228 4912 2546 4978 virtutibus,
2582 4910 2760 4964 nullus
2791 4913 2920 4965 mihi
2952 4926 3134 4967 sermo
3161 4922 3244 4967 est
3266 4955 3280 4978 ,
3316 4917 3526 4968 tametsi

1971 5005 2052 5059 hae
2084 5018 2301 5074 quoque
2339 5004 2568 5057 virtutes
2614 5013 3036 5070 nuncupentur:
3086 5005 3213 5072 ipsa:
3259 5005 3526 5074 siquidem

1974 5095 2228 5162 tanquam
2256 5094 2563 5162 superiores
2613 5106 2679 5144 ea
2730 5106 2850 5160 qua:
2900 5100 3028 5145 sunt
3078 5093 3130 5145 in
3180 5091 3527 5149 inferioribus

1971 5185 2270 5238 universim
2316 5184 2556 5250 habent,
2607 5200 2795 5238 verum
2851 5183 3136 5241 inferiores
3187 5200 3522 5254 nequaquam

1973 5274 2294 5337 uuiversim,
2320 5273 2411 5327 sed
2442 5284 2647 5326 tantum
2679 5289 2746 5327 ex
2778 5282 2930 5342 parte
2962 5275 3165 5329 habent
3191 5290 3252 5330 ea
3285 5292 3404 5344 quin
3432 5292 3524 5330 su-

1969 5367 2238 5437 periorum
2285 5376 2431 5422 sunt.
2469 5366 2621 5421 Unde
2655 5382 2758 5420 non
2791 5368 3087 5422 evertimus
3118 5369 3257 5423 hanc
3288 5381 3525 5424 nostram

1968 5460 2400 5528 qualemcunque
2471 5458 2822 5523 doctrinam;
2891 5474 3014 5512 nam
3055 5461 3206 5529 juxta
3265 5461 3524 5514 rationem

1969 5566 2132 5620 quam
2167 5565 2309 5619 saepe
2342 5550 2408 5603 de
2439 5549 2523 5602 his
2547 5549 2825 5614 dedimus,
2855 5551 3165 5620 superiores
3195 5552 3408 5620 quidem
3441 5553 3525 5605 in-

1970 5643 2228 5696 feriorum
2275 5641 2638 5710 proprietates
2665 5640 2891 5708 habent,
2910 5655 3093 5694 verum
3122 5643 3444 5709 eminenter,
3466 5651 3523 5695 ut

1966 5733 2129 5787 etiam
2161 5730 2290 5800 quid
2322 5732 2560 5800 amplius
2591 5733 2865 5788 habeant:
2913 5743 3201 5802 postrema:
3224 5743 3401 5789 autem
3428 5750 3523 5789 su-

1967 5827 2240 5895 periorum
2284 5824 2524 5880 totaliter
2579 5840 2923 5895 nequaquam
2965 5828 3250 5893 obtinent,
3289 5830 3380 5881 sed
3429 5842 3528 5895 per
