4202 6300
786 439 858 493 95
1936 436 1995 492 S.
2034 433 2332 494 ιιιοΝῖεη
2366 434 2837 494 AREO‘PAGITA‘I
3901 433 4008 489 296

747 549 1036 673 rinquiora
1091 554 1146 603 et
1178 548 1505 603 similiora.»
1537 547 1591 603 In
1622 549 1731 603 Deo
1758 558 1937 604 autem
1975 560 2080 605 tota
2115 551 2392 619 plenitudo
2432 552 2808 608 intellectualis
2856 550 3183 620 cognitioitis
3231 550 3542 606 continetur
3596 550 3647 603 in
3700 566 3811 604 uno
3838 594 3852 618 ,
3898 553 3979 607 soi

769 622 876 673 icet
932 621 982 672 itt
1015 620 1251 673 essentia
1304 620 1511 673 divina.
1548 636 1643 673 uer
1678 636 1841 673 quam
1874 620 2013 673 Deus
2064 623 2246 673 omnia
2294 624 2593 673 cognoscit.
2623 623 2754 673 Otia:
2789 626 3006 673 quidem
3059 622 3419 673 intelligibilis
3451 621 3730 673 plenitudo
3755 624 3808 673 in
3840 623 3973 673 intel

769 621 982 693 icetuin
1015 620 1251 673 essentia
1304 620 1643 693 dirimtpper
1678 636 1841 687 quam
1874 620 2013 675 Deus
2064 623 2246 673 omnia
2294 624 2593 693 cognoscit.
2623 623 2754 690 Qua:
2789 626 3006 693 quidem
3059 622 3419 690 intelligibilis
3451 621 3730 693 plenitudo
3755 624 3808 676 in
3840 623 4005 676 intel-

750 690 1051 757 ligibilibus
1079 691 1353 761 creaturis
1385 690 1627 761 inferiori
1673 693 1833 746 modo
1863 701 1919 745 et
1958 692 2135 744 minus
2163 690 2493 759 simpliciter
2525 690 2816 760 reperitur.
2854 693 3005 748 Unde
3035 702 3248 759 oportet
3284 708 3346 745 ea
3380 708 3500 758 quae
3532 690 3677 743 Deus
3719 694 4005 761 cognoscit

750 775 846 827 per
872 775 1065 832 unum,
1095 758 1412 832 inferiorem
1463 760 1796 815 intellectum
1837 777 2168 829 cognoscere
2197 758 2295 827 per
2324 764 2517 824 multa,
2548 758 2601 816 et
2629 780 2725 831 per
2759 776 2908 818 tanto
2937 758 3116 829 plura,
3147 774 3354 832 quanto
3388 758 3812 832 interiorluertt
3836 762 3997 815 intel-

750 832 945 903 lectus.
978 828 1068 883 Sic
1094 828 1293 903 igitur,
1328 832 1789 903 quantoangelus
1843 828 2006 886 fuerit
2034 833 2321 903 superior,
2354 842 2503 885 tanto
2529 828 3175 902 per‘panciores’species
3206 849 3385 885 rerum
3420 828 3841 903 intelligibilitnn
3879 834 4007 903 uoi-

750 901 1067 954 versitatem
1119 900 1316 967 paterit
1352 900 1808 969 apprehendere,
1841 912 2004 969 atque
2033 901 2153 955 ideo
2188 913 2403 969 Oportet
2438 904 2555 970 ejus
2586 900 2789 958 formas
2816 920 2912 960 seu
2944 905 3156 970 species
3184 919 3304 957 esse
3338 902 3782 965 universaliores,
3816 900 4008 969 utpote

751 972 839 1042 ad
870 971 1023 1038 plura
1076 985 1135 1023 se
1176 976 1551 1033 extendentes.
1588 972 1653 1025 Et
1687 972 1846 1039 hujus
1873 974 1950 1025 rei
1980 972 2197 1042 aliquod
2233 973 2284 1024 in
2320 972 2478 1025 nobis
2509 974 2814 1040 exemplum
2873 976 3073 1029 habere
3128 974 3401 1026 videmur.
3436 972 3575 1025 Sunt
3604 971 3745 1024 enim
3780 974 4004 1042 quidam

749 1040 843 1114 qui
866 1041 1179 1114 veritatem
1204 1042 1597 1114 intelligibilem
1647 1058 1845 1109 capere
1869 1058 1973 1095 non
2008 1040 2232 1114 possunt
2259 1081 2277 1114 ._
2305 1044 2406 1114 nisi
2454 1044 2533 1096 eis
2586 1045 2951 1111 particulatim
3003 1058 3098 1114 per
3128 1043 3355 1114 singula
3404 1043 3752 1114 explicetur.
3781 1040 3849 1093 Et
3899 1042 4005 1114 boc

747 1111 967 1176 quidem
1001 1126 1066 1164 ex
1099 1111 1398 1166 debilitate
1436 1112 1742 1167 intellectus
1784 1129 1970 1167 eorum
2004 1113 2220 1165 accidit.
2253 1112 2359 1165 Alii
2395 1127 2525 1166 vero
2560 1116 2650 1182 qui
2686 1126 2813 1168 sunt
2846 1112 3091 1168 fortioris
3126 1111 3465 1179 intellectus,
3498 1126 3563 1165 ex
3604 1113 3791 1181 paucis
3833 1113 4003 1165 mtdta

748 1195 946 1235 canere
980 1190 1227 1235 Dossunt.

854 1196 946 1234 ere
1052 1195 1227 1235 ssum.

818 1195 1046 1333 .pi'erug0
1067 1251 1111 1303 si
1143 1252 1322 1333 sancti
1376 1251 1615 1333 Dionysii
1648 1252 1800 1307 locus
1831 1253 1919 1332 hic
1945 1255 2192 1333 eaactius
2227 1252 2633 1333 considere_t_nr,_
2670 1264 2892 1333 tantum
2917 1256 3109 1317 docet,
3143 1254 3428 1333 inferiores
3472 1253 3692 1333 angelos
3742 1252 4003 1333 pauciora

752 1321 893 1393 scire
923 1336 1083 1393 quam
1114 1322 1469 1392 superiores;
1517 1321 1751 1392 ideoque
1800 1324 2087 1379 scientiam
2134 1339 2321 1376 eorum
2371 1324 2661 1392 appellavit
2701 1326 2985 1393 partialem
3037 1336 3285 1393 respecm
3336 1321 3579 1379 scientia:
3632 1321 4001 1393 superiorum.

750 1390 825 1444 De
864 1391 1153 1474 speciebus
1184 1390 1381 1447 autem
1408 1433 1423 1459 ,
1454 1408 1589 1462 quas
1643 1390 1959 1450 scholastici
2007 1394 2254 1446 tribuunt
2299 1390 2507 1457 angelis
2532 1435 2546 1457 ,
2580 1404 2637 1450 ut
2676 1390 3003 1465 principium
3052 1390 3164 1448 sint
3208 1397 3557 1465 cognitionis.
3594 1390 3887 1451 Dionvsius
3912 1392 4004 1445 hic

746 1475 855 1514 non
886 1473 1015 1530 agit.

816 1530 843 1602 ᾗ
866 1531 949 1605 Ill.
970 1530 1215 1595 Quinimo
1233 1533 1458 1601 reperias
1479 1534 1792 1605 theologiam
1808 1549 2011 1605 quoque
2029 1532 2152 1587 deos
2174 1533 2456 1600 appellare,
2476 1544 2581 1589 etc.
2603 1534 2692 1589 Sic
2710 1535 2909 1590 Psalm.
2936 1550 3075 1601 χειν,
3096 1535 3320 1590 dicitur:
3343 1536 3602 1600 Quoniam
3624 1533 4004 1601 Deus'magnus

750 1600 1099 1675 Dominus,“
1141 1618 1231 1654 rea:
1257 1620 1478 1672 magnus
1506 1600 1669 1675 super
1692 1600 1868 1659 omnes
1895 1600 2040 1667 deos,
2070 1605 2164 1675 ubi
2187 1607 2349 1658 etiam
2400 1605 2623 1675 angelos
2669 1606 2938 1675 intelligit.
2974 1608 3039 1659 Et
3086 1608 3307 1674 angelus
3355 1608 3675 1659 collttctator
3720 1618 3779 1657 se
3832 1600 4001 1655 Deum

746 1673 1003 1746 appellat,
1032 1678 1167 1726 lien.
1191 1688 1432 1746 _c._xxxtt
1462 1693 1476 1729 :
1509 1672 1879 1744 Nequaquam.
1909 1675 2101 1742 inquit,
2132 1672 2299 1726 Iacob
2331 1672 2682 1746 appeflabitur
2705 1672 2892 1729 nomen
2923 1690 3092 1737 tuum,
3122 1672 3213 1730 sed
3234 1675 3404 1729 Israel
3426 1692 3445 1730 .'
3467 1678 3716 1746 quoniam
3739 1677 3785 1727 si
3814 1683 4004 1725 contra

748 1738 909 1792 Deum
940 1741 1295 1864 forttsJuisti,
1324 1755 1519 1811 quanto
1552 1738 1722 1814 magis
1748 1738 1931 1798 eontra
1960 1738 2195 1797 Iiomines
2221 1738 2532 1810 praevalebis
2555 1746 2580 1796 Ρ

812 1809 1013 1864 Ibidem
1040 1830 1053 1864 ε
1140 1814 1178 1864 ti
1208 1823 1256 1864 et
1292 1824 1501 1864 sanctos
1528 1816 1618 1864 aui
1646 1817 1786 1864 anud
1819 1832 1912 1864 nos
1944 1825 2065 1864 sunt
2111 1816 2268 1864 viros.
2304 1812 2515 1864 Psalnto
2545 1832 2573 1864 L

812 1809 1013 1892 Ibidem
1040 1830 1053 1865 :
1094 1809 1178 1864 Uti
1198 1823 1256 1892 et
1292 1809 1618 1892 sano-torqui
1641 1809 1912 1892 apuduos
1944 1825 2065 1892 sunt
2111 1809 2268 1892 viros.
2302 1812 2515 1892 _Psalnto
2545 1831 2706 1892 [:XXXI
2735 1831 2750 1869 :
2787 1814 3053 1892 Egodiszi,
3083 1816 3160 1868 dii
3192 1817 3392 1892 estis_et
3419 1817 3521 1892 ﬁlii
3548 1815 3753 1892 Emeisi
3795 1827 3999 1892 antur!-

743 1878 898 1961 Quod
934 1882 1161 1950 ipsemet
1192 1883 1443 1937 Christus
1481 1878 1551 1939 de
1583 1878 1914 1948 hominibus,
1949 1885 2015 1937 ad
2048 1899 2181 2007 Ἐιιιε
2217 1883 2312 1936 Dei
2341 1898 2525 1938 sermo
2557 1886 2732 1939 fat-tus
2762 1878 2868 1952 θεῖ,
2904 1878 3533 1955 interpreteturJoanuis
3562 1903 3597 1941 χ
3632 1888 3831 1955 capite.
3858 1885 3925 1937 lat
3946 1898 4000 1935 ιιι

746 1949 928 2005 Exodo
958 1969 1075 2007 can.
1108 1968 1183 2007 vn
1211 1970 1224 2006 :
1261 1954 1331 2007 ad
1363 1953 1580 2007 Morsen
1610 1956 1875 2007 Dominus
1904 1955 2021 2007 ait:
2085 1952 2187 2005 ‘cce
2217 1955 2468 2007 constitui
2496 1969 2548 2007 ιε
2570 1956 2725 2007 deum
2751 1954 3072 2007 Pharaonis.

746 1949 928 2005 Exodo
956 1949 1075 2023 cap.
1108 1968 1183 2007 vn
1211 1970 1224 2006 :
1261 1954 1331 2008 ad
1363 1953 1580 2027 Moysen
1610 1956 1875 2010 Dominus
1904 1955 1983 2009 ait
2007 1972 2021 2009 :
2052 1949 2187 2007 Ecce
2217 1955 2468 2007 constitui
2496 1969 2548 2009 ιε
2570 1956 2725 2009 deum
2751 1949 3072 2010 Pharaonis}

1802 2326 2294 2386 PARAPHBASIS
2326 2328 2779 2385 PACHYMERJE
2816 2329 2951 2393 (l7).

810 2535 841 2604 ς
870 2534 909 2586 1.
946 2531 1164 2593 Reperit
1194 2530 1283 2585 bie
1319 2540 1541 2585 sanctus
1564 2569 1580 2594 ,
1627 2546 1656 2584 a
1688 2530 2028 2584 divinissimo
2054 2528 2309 2584 Malacltia

2498 2527 2599 2600 δι.
2631 2527 2886 2598 Εὑρίσκει
2932 2528 2960 2579 ὀ
3009 2526 3161 2593 ἅγιος
3206 2525 3353 2595 παρὰ
3396 2526 3473 2598 τῷ
3512 2527 4001 2599 θεοληπτικωτάτῳ

738 2640 956 2694 quoque
983 2634 1229 2677 nostrum
1275 2623 1585 2691 pontificem
1618 2623 1871 2691 angelum
1917 2622 2131 2675 Domini
2184 2635 2309 2676 esse

2416 2620 2694 2691 Μαλαχίᾳ,
2736 2619 2826 2671 τὸν
2867 2618 2987 2671 καθ’
3022 2620 3170 2687 ἡμᾶς
3215 2619 3471 2690 ἱεράρχην
3512 2619 3740 2688 ἄγγελον
3788 2622 3999 2692 Κυρίου

741 2728 1109 2785 nuncupatum
1137 2734 1151 2779 ;
1186 2712 1350 2779 Quia,
1383 2715 1691 2782 iuquiente.
1718 2712 1935 2782 angelus
1962 2712 2175 2767 Domini
2204 2729 2315 2765 om-

737 2816 1016 2879 nipotentis
1068 2822 1141 2865 est
1174 2822 1221 2864 ο.
1280 2810 1412 2865 Cum
1477 2812 1656 2879 itaque
1705 2810 1945 2865 ostendit
1997 2808 2312 2865 inferiorum

739 2907 959 2961 n0miae
986 2905 1296 2973 superiores
1322 2904 1515 2958 merito
1546 2904 1842 2967 nominari,
1864 2903 2311 2970 demonstrando,

731 3013 966 3069 quatiam
997 2998 1209 3051 ratione
1230 2996 1485 3053 culestes
1503 3010 1694 3049 onmes
1717 2995 1939 3049 ordines
1966 2996 2017 3048 in
2040 2997 2313 3050 communi

732 3089 917 3158 angeli
975 3098 1273 3154 vocentur;
1334 3088 1423 3142 ubi
1480 3087 1842 3157 quorumdam
1886 3088 1952 3140 de
2001 3087 2313 3142 calestibus

734 3180 1034 3234 virtutibus
1062 3181 1372 3249 opinionem
1404 3178 1588 3242 solvit,
1619 3177 1763 3246 quod
1792 3178 1960 3231 etiam
2011 3178 2309 3232 secundum

733 3273 1023 3341 quamdam
1064 3272 1227 3325 aliam
1260 3273 1598 3341 aequivocam
1636 3270 1896 3324 virtutem
1933 3284 2039 3340 qua
2083 3270 2312 3340 polleat,

732 3379 924 3419 omnes
954 3364 1175 3419 ordines
1201 3405 1217 3430 ,
1253 3372 1363 3418 tam
1392 3364 1703 3433 superiores
1725 3401 1742 3427 ,
1788 3378 1952 3432 quam
2001 3362 2310 3429 inferiores,

733 3459 959 3514 virtutes
1003 3457 1374 3528 appellentur;
1430 3458 1624 3526 quatrit
1668 3457 1757 3511 hic
1799 3457 1961 3510 etiam
1989 3496 2005 3521 ,
2038 3460 2313 3527 quomodo

734 3562 922 3607 noster
959 3552 1219 3622 pontifex,
1254 3566 1377 3605 cum
1412 3550 1555 3605 inter
1577 3550 1837 3605 caelestes
1867 3564 2060 3604 omnes
2087 3552 2311 3606 ordines

735 3654 1040 3714 postremus
1069 3645 1161 3709 sit,
1198 3641 1357 3713 109
1392 3643 1693 3709 superioris
1716 3656 1934 3711 quoque
1963 3644 2182 3698 nomine
2214 3660 2310 3700 vo-

731 3750 907 3799 cetur,
940 3747 1104 3808 atque
1130 3736 1357 3805 angelus
1386 3734 1717 3804 appelletur.
1751 3734 2029 3800 Quaeritur
2063 3736 2250 3805 itaque
2280 3752 2311 3792 a

730 3830 933 3885 sedulis
984 3828 1510 3898 contemplatoribus
1585 3841 1870 3882 sacrorum
1927 3828 2304 3896 oraculorum,

2415 2711 2833 2781 ὀνομαζόμενον,
2880 2710 2996 2761 Ὅτι
3046 2709 3299 2778 ἅγγελος
3330 2712 3551 2777 Κυρίου
3597 2712 4003 2781 παντοκράτο-

2408 2805 2518 2872 ρός
2536 2804 2686 2865 ἐστι,
2721 2802 2950 2869 λέγοντι.
2994 2802 3145 2853 Ἐπεὶ
3170 2802 3347 2854 τοίνυν
3365 2801 3644 2871 ἀπέδειξεν
3664 2804 3746 2857 ὃτι
3773 2804 4001 2871 δικαίως

2414 2896 2491 2967 τῷ
2526 2896 2634 2947 τῶν
2677 2895 3081 2967 ὑποδεεστέρων
3118 2895 3339 2968 ὀνόματι
3368 2899 3418 2952 οί
3458 2899 3844 2970 ὑπερκείμενοι
3874 2899 3997 2950 ὀνο-

2418 2987 2697 3059 μάζονται,
2726 2988 2789 3041 ἐκ
2815 3004 2875 3040 τε
2902 2987 2994 3039 τοῦ
3037 2988 3206 3055 δεῖξαι
3248 2989 3367 3054 πῶς
3413 2990 3627 3043 ἅπαντα
3667 2990 3736 3043 τὰ
3766 2990 3997 3065 οὐράνια

2415 3081 2556 3136 κατὰ
2585 3082 2761 3135 κοινοῦ
2788 3082 3003 3149 ἄγγελοι
3029 3080 3294 3150 λέγονται,
3327 3084 3391 3137 ὲκ
3415 3082 3508 3137 τοῦ
3533 3084 3689 3137 λῦσαι
3712 3086 3813 3155 τήν
3831 3101 3995 3137 τινων

2415 3184 2681 3257 ὑπόληψιν
2703 3203 2769 3238 πε
2780 3186 2829 3257 pi
2861 3186 2966 3238 τῶν
2988 3184 3255 3254 οὐρανίων
3277 3185 3578 3257 δυνάμεων,
3602 3188 3683 3241 ὅτι
3708 3187 3849 3240 κατά
3869 3204 3995 3240 τινα

2412 3278 2604 3347 ἑτέραν
2635 3276 2922 3349 ὁμώνυμον
2958 3278 3207 3351 δύναμιν,
3249 3278 3370 3331 καθ’
3400 3280 3466 3349 ἢν
3499 3278 3789 3345 δύνανται,
3830 3280 3996 3334 δυνά-

2415 3387 2536 3440 μεις
2565 3370 2740 3424 πάντα
2759 3370 2825 3423 τὰ
2853 3372 3105 3440 τάγματα
3122 3370 3495 3438 λέγονται,καὶ
3529 3370 3596 3424 τὰ
3622 3371 3996 3443 ὑπερκείμενα

2414 3459 2509 3513 καὶ
2533 3460 2603 3514 τὰ
2638 3462 3038 3531 ὑποϐεϐηκότα·
3074 3463 3225 3535 ζητεὶ
3251 3463 3487 3517 ἐνταῦθα
3522 3462 3618 3517 καὶ
3659 3463 3778 3526 πῶς
3803 3465 3830 3516 ὁ
3864 3462 3990 3516 καθ’

2411 3555 2559 3624 ἡμᾶς
2588 3554 2847 3627 ἱεράρχης
2869 3596 2883 3619 ,
2914 3554 3144 3625 ἔσχατος
3177 3555 3251 3608 ὢν
3280 3556 3387 3608 τῶν
3426 3556 3691 3628 οὐρανίων
3733 3556 3995 3609 ἁπάντων

2410 3645 2724 3714 ταγμάτων,
2751 3645 2828 3716 τῷ
2851 3645 2945 3698 τοῦ
2972 3648 3368 3717 ὑπερκειμένου
3395 3648 3615 3718 ὀνόματι
3643 3645 3992 3716 ὀνομάζεται,

2410 3738 2506 3790 καὶ
2535 3736 2775 3791 καλεῖται
2794 3737 3040 3805 ἄγγελος.
3074 3741 3327 3809 Ζητεῖται
3369 3739 3546 3792 τοίνυν
3570 3737 3727 3791 τοῦτο
3754 3742 3867 3802 τοῖς
3902 3756 3997 3808 φι-

2409 3828 2698 3901 λοθεάμοσι
2725 3828 2831 3882 τῶν
2851 3829 3012 3901 ἱερῶν
3036 3829 3249 3896 λογίων,
3274 3829 3382 3883 τῶν
3398 3829 3653 3901 περὶτῶν
3672 3829 3877 3900 νοητῶν
3902 3830 3996 3884 λε-

732 3937 855 3991 ῳιεε
888 3923 956 3977 de
987 3921 1147 3975 rebus
1177 3920 1585 3975 intellectilibus
1617 3920 2309 3991 loquuntur,quemadmo-

2409 3922 2631 3990 γόντων,
2670 3921 2856 3992 ὥσπερ
2877 3923 2933 3974 ἐν
2957 3922 3033 3994 τῷ
3070 3921 3130 3974 ιδ’
3162 3922 3440 3993 κεφαλαίῳ
3461 3922 3649 3993 νοερὰν
3667 3913 3993 3977 ἐπιστασίαν

729 4014 861 4068 dum
917 4014 970 4067 in
1018 4014 1231 4068 decimo
1267 4022 1463 4082 quarto
1504 4012 1685 4080 capite
1730 4011 2068 4082 spiritualem
2112 4013 2308 4083 prtere—

729 4115 944 4159 cturam
977 4113 1154 4168 vocat,
1177 4102 1557 4174 praefecturam
1585 4118 1765 4157 rerum
1788 4104 2173 4172 spiritualium.
2198 4104 2310 4159 Cur

729 4205 913 4249 autem
943 4194 1030 4248 hic
1056 4195 1279 4249 oracula
1312 4205 1471 4250 vocat
1504 4195 1866 4263 intelleclilia,
1902 4196 1976 4251 ibi
2006 4210 2134 4251 vero
2166 4211 2304 4265 prae-

728 4288 999 4340 tecturam
1047 4287 1576 4357 spiritalem3quis,
1620 4288 1750 4344 licet
1796 4289 2020 4343 oracula
2070 4290 2180 4343 sint
2238 4290 2307 4343 de

733 4380 896 4434 rebus
922 4380 1281 4450 spiritalibus,
1317 4396 1423 4435 non
1454 4391 1635 4436 tamen
1668 4394 1817 4436 recte
1846 4391 2109 4437 voeantur
2140 4382 2303 4451 spiri-

732 4472 857 4526 talia
891 4473 972 4528 rel
1007 4473 1263 4527 mentalia
1294 4490 1309 4538 ;
1361 4476 1619 4543 quoniam
1654 4490 1759 4529 non
1795 4484 1921 4529 sunt
1970 4476 2196 4543 spiritus
2239 4490 2305 4531 ac

730 4577 958 4632 mentes,
984 4577 1039 4621 et
1064 4568 1284 4622 oracula
1346 4579 1527 4623 mente
1580 4568 1910 4640 diriguntur.
1968 4570 2296 4639 Angelorum

729 4670 911 4713 autem
942 4662 1321 4729 praefecturam
1371 4673 1533 4717 vocat
1576 4663 1875 4732 spiritalem
1903 4703 1918 4727 ,
1967 4665 2092 4732 quia
2140 4666 2304 4718 rebus

728 4751 1068 4821 spiritalibus
1098 4751 1352 4815 intendit,
1380 4762 1435 4807 et
1469 4768 1623 4807 mens
1648 4768 1767 4822 qua:
1794 4755 2303 4824 intenditspiritalis

728 4849 834 4898 est.
864 4844 1140 4909 Quaeritur
1189 4844 1374 4915 itaque
1403 4861 1432 4898 a
1466 4844 1728 4902 studiosis
1774 4848 2117 4902 oraculorum
2166 4866 2300 4904 con-

730 4935 1162 5003 templatoribus,
1192 4938 1283 5005 qui
1311 4938 1541 4992 omnino
1577 4939 1671 4993 illo
1714 4938 1859 5008 quod
1903 4950 2127 5009 apparet
2173 4956 2303 5010 pro-

729 5023 979 5080 Γνηύίοη
1012 5028 1317 5081 rimantur:
1348 5029 1617 5099 siquidem
1648 5040 1988 5100 spectatores
2033 5040 2157 5086 sunt
2207 5033 2299 5100 qui

2411 4016 2564 4087 φησὶ,
2591 4016 2692 4086 τὴν
2716 4017 2843 4087 περὶ
2864 4005 2971 4083 τῶν
3000 4016 3204 4089 νοερῶν
3239 4015 3580 4070 ἐπιστασίαν.
3611 4015 3711 4069 Διά
3734 4018 3787 4071 τί
3810 4016 3868 4070 δὲ
3895 4017 3997 4070 ὲν-

2408 4110 2581 4163 ταῦθα
2611 4110 2775 4181 νοητὰ
2804 4110 2957 4179 λόγια
3000 4109 3181 4178 λέγει,
3219 4110 3397 4163 ἐκεῖσε
3423 4110 3498 4175 δὲ,
3527 4108 3627 4181 τὴν
3663 4110 3996 4166 ἐπιστασίαν

2406 4204 2631 4275 νοεράν;
2661 4203 2742 4255 ὅτι
2774 4205 2821 4255 εἰ
2856 4203 3103 4274 καὶπερὶ
3133 4202 3241 4254 τῶν
3275 4199 3478 4271 νοερῶν
3516 4199 3584 4252 τὰ
3624 4199 3781 4267 λόγια
3824 4200 3967 4253 εἰσιν

2408 4295 2521 4347 ἀλλ’
2551 4295 2613 4347 οὑ
2646 4293 2824 4355 καλῶς
2869 4294 3115 4365 κληθεῖεν
3143 4294 3207 4346 ἂν
3231 4291 3411 4362 νοερὰ·
3453 4292 3513 4345 οὑ
3556 4290 3664 4363 γὰρ
3691 4290 3807 4354 νόες
3854 4291 3992 4352 εἰσὶ,

2407 4389 2503 4441 καὶ
2517 4387 2594 4457 τῷ
2610 4387 2684 4457 νῷ
2698 4385 3022 4439 διοικοῦνται
3048 4386 3115 4438 τὰ
3132 4386 3305 4453 λόγια.
3334 4384 3445 4453 Τὴν
3466 4384 3521 4435 δὲ
3544 4383 3795 4451 περὶτῶν
3818 4382 3991 4449 ἀγγέ-

2405 4477 2511 4530 λων
2540 4476 2881 4538 ὲπιστασίαν,
2910 4475 3102 4545 νοεράν
3142 4492 3326 4545 φησιν,
3366 4474 3446 4525 ὅτι
3479 4473 3568 4524 καὶ
3614 4472 3739 4542 περὶ
3782 4470 3990 4541 νοερῶν

2406 4568 2619 4637 ὲφιστᾷ,
2671 4566 2764 4618 καὶ
2790 4566 2817 4617 ὁ
2860 4565 3096 4635 ὲφιστῶν
3135 4562 3279 4625 νοῦς,
3328 4562 3511 4632 νοερός
3558 4562 3693 4613 ἐστι.
3731 4560 3989 4631 Ζητεῖται

2404 4662 2582 4715 τοίνυν
2629 4663 2742 4723 τοῖς
2797 4658 3145 4729 φιλοθεάμοσι
3190 4656 3297 4708 τῶν
3338 4654 3553 4721 λογίων,
3601 4655 3713 4715 τοῖς
3760 4651 3986 4720 ζητοῦσι

2404 4756 2621 4817 πάντως
2657 4754 2751 4807 καὶ
2776 4753 2843 4805 τὰ
2869 4750 2962 4803 τοῦ
2995 4748 3312 4819 φαινομένου
3347 4744 3633 4816 βαθύτερα*
3654 4742 3843 4794 Οεαταὶ
3872 4741 3988 4813 γάρ

2403 4850 2540 4901 εἰσιν
2562 4849 2611 4898 οἱ
2644 4846 2799 4916 μόνον
2826 4844 2885 4897 τὸ
2917 4844 3302 4913 παρεμπῖπτον
3331 4838 3638 4909 βλέποντες,
3664 4832 3983 4905 φιλοθεάμο-

2404 4961 2491 5006 νες
2510 4943 2568 4994 δὲ
2604 4944 2649 4994 οἱ
2684 4938 3039 5010 ἀγαπητικῶς
3066 4938 3192 5009 περ).
3216 4937 3312 5006 τὴν
3343 4934 3467 4987 θέαν
3501 4932 3734 5002 ἔχοντες,
3763 4932 3855 4983 καὶ
3876 4946 3988 5000 μα-

2403 5033 2514 5086 Θεῖν
2541 5032 2635 5084 καὶ
2670 5028 2829 5083 πλέον
2861 5046 2913 5081 τι
2945 5027 3236 5096 ἐφιέμενοι.
3282 5024 3389 5075 Καὶ
3430 5024 3462 5093 ἡ
3504 5021 3729 5091 ζήτησις
3763 5020 3876 5090 ἥδε·
3917 5019 3988 5071 Εἰ

730 5118 860 5173 illud
895 5127 1103 5174 tantum
1131 5122 1275 5190 quod
1304 5122 1529 5177 obvium
1552 5131 1636 5177 est
1663 5123 2036 5193 speculantur,
2071 5124 2297 5179 studiosi

2409 5125 2507 5197 γὰρ
2545 5124 2823 5193 ἀμέθεκτα
2860 5120 2968 5173 τῶν
3000 5118 3316 5190 ὑπερτέρων
3348 5115 3440 5169 καὶ
3471 5112 3812 5181 ὁλικωτέρων
3854 5112 3988 5163 ίδιο-

729 5228 859 5269 vero
890 5215 1346 5284 contemplatores
1380 5227 1527 5281 sunt,
1556 5219 1647 5286 qui
1676 5233 1929 5272 amorose
1958 5220 2104 5272 circa
2138 5220 2300 5273 visio-

2409 5219 2577 5289 τήτων
2602 5215 2671 5267 τὰ
2713 5213 2997 5266 τελευταῖα
3038 5214 3163 5273 εἰσι,
3210 5209 3298 5263 διὰ
3339 5209 3390 5262 τί
3440 5205 3669 5275 ἄγγελος
3707 5204 3913 5275 Κυρίου
3952 5203 3987 5255 ὀ

729 5322 851 5361 nem
879 5307 1206 5375 adiciuntur,
1240 5309 1471 5380 ejusque
1520 5321 1576 5364 et
1618 5312 1749 5381 quid
1802 5312 2037 5381 amplius
2093 5328 2294 5382 cogno-

2409 5309 2520 5363 καθ’
2551 5310 2695 5381 ἡμᾶς
2720 5308 2980 5378 ίεράρχης
3004 5306 3240 5372 λέγεται.

728 5402 911 5457 soendi
945 5402 1219 5459 desiderio
1247 5414 1522 5460 tenentur.
1557 5406 1683 5461 llaec
1726 5421 1857 5477 ergo
1905 5407 2133 5475 quaestio
2182 5416 2266 5461 est
2296 5424 2309 5460 :
2338 5406 2395 5460 Si
2421 5421 2481 5460 ea
2515 5419 2637 5473 qua:
2663 5403 2953 5456 novissima
2987 5410 3109 5453 sunt
3171 5398 3510 5465 superiorum
3562 5395 3799 5464 integras
3840 5403 3979 5459 Pro"

729 5496 987 5566 prietates
1010 5498 1233 5553 minime
1259 5499 1553 5568 attingant,
1590 5514 1749 5567 quam
1777 5501 1847 5555 ob
1869 5514 2089 5554 causam
2116 5508 2297 5555 uoster
2325 5498 2554 5552 antistes
2590 5494 2813 5564 angelus
2850 5493 3056 5547 Domini
3085 5501 3326 5545 vocatur.

806 5689 828 5715 ε
865 5676 1089 5731 Malach.
1120 5690 1182 5740 tt,
1219 5675 1275 5731 7.

799 5878 911 5948 (l7)
943 5876 1071 5932 Vide
1086 5878 1260 5933 Scltol.
1292 5878 1348 5933 S.
1376 5878 1591 5933 Maximi
1640 5886 1766 5933 tom.
1804 5876 1870 5942 ll,
1900 5890 2017 5945 cap.
2051 5880 2138 5931 12.
