4176 6308
732 318 838 375 305

2006 319 2298 375 DIONYSII
2334 320 2789 378 AREOPAGITAS

3872 334 3973 387 δίη

739 451 920 490 autem
976 429 1185 503 Deique
1229 434 1573 501 imitatione,
1624 436 1874 505 qmelibet
1942 438 2194 505 superior
2236 452 2285 490 et

2410 442 2557 513 ἱερᾶς
2588 442 2913 510 θεογνωσίας
2936 460 2992 497 τε
3020 448 3111 499 καὶ
3138 447 3516 518 θεομιμησξας,
3544 450 3615 511 ὡς
3651 451 3714 501 δι’
3753 453 3975 505 ἐκείνων

738 539 891 597 parte
921 525 1208 594 cujuslibet
1241 526 1541 593 inferioris,
1568 530 1633 581 ad
1661 542 1824 597 quam
1849 529 1968 598 ejus
1999 530 2299 583 interventu

737 622 920 675 cliviua
953 617 1157 674 lumina
1190 620 1559 688 trajiciuntur.
1594 619 1916 689 Supremam
1948 622 2107 690 igitur
2133 620 2301 677 cale-

735 714 896 765 stinm
948 712 1428 780 iutelligentiarum
1480 712 1930 779 dispositionem,
1978 723 2297 767 caeterorum

734 804 1051 873 angelorum
1104 804 1343 857 omnium
1407 802 1694 867 esspntiaa,
1756 803 1879 871 jure
1934 806 2124 859 merito
2181 814 2301 872 post

736 897 923 959 Deum,
954 896 1132 949 omnis
1162 908 1523 949 Sacrosanctze
1560 896 1651 947 Dei
1677 895 2004 963 cognitimtis
2038 895 2297 950 imitatio-

736 988 928 1053 nisque
981 985 1303 1055 principium
1330 998 1451 1039 esse
1481 994 1707 1039 censent
1730 1024 1745 1048 ,
1786 986 1927 1053 quod
1972 999 2069 1056 per
2095 985 2213 1038 illas
2243 986 2296 1037 in

733 1094 924 1132 omnes
949 1078 1015 1131 ad
1049 1094 1144 1131 uos
1175 1093 1346 1147 usque
1388 1077 1482 1131 Dei
1517 1074 1836 1147 principalis
1874 1077 2171 1131 illustratio
2203 1078 2297 1130 de—

736 1172 974 1233 rivetur;
1010 1176 1341 1236 quapropter
1372 1183 1583 1221 sacram
1616 1183 1834 1222 omnem
1869 1168 2073 1238 Deique
2115 1169 2295 1222 imita-

736 1263 922 1315 tricem
981 1262 1252 1315 actionem
1309 1261 1374 1313 ad
1429 1259 1593 1314 Deum
1642 1259 1857 1331 quidem
1910 1270 1969 1311 ut
2017 1270 2294 1314 auctorem

736 1355 997 1417 referunt,
1033 1355 1099 1408 ad
1150 1354 1358 1422 primas
1397 1362 1578 1406 autem
1625 1368 1689 1407 ac
1730 1351 2025 1406 deiiormes
2066 1362 2290 1409 mentes.

736 1456 791 1497 ut
817 1446 1107 1515 primarios
1146 1443 1436 1498 eﬂectores
1478 1442 1783 1497 divinorum
1814 1458 2040 1511 operum
2088 1458 2150 1496 ac
2179 1458 2296 1495 ma-

731 1542 950 1605 gistros.
986 1538 1166 1591 Prima
1194 1538 1378 1607 itaque
1409 1548 1724 1591 sanctorum
1758 1537 2078 1605 angelorum
2110 1536 2296 1589 distri-

734 1631 881 1682 lmtio
943 1627 1114 1696 magis
1182 1641 1293 1695 prae
1347 1627 1572 1695 reliquis
1634 1626 1849 1696 igneam
1911 1624 2293 1694 proprietatem

731 1722 1004 1782 continet,
1061 1718 1348 1785 fusumque
1385 1716 1582 1771 divina:
1632 1717 1910 1785 sapientia:
1956 1717 2295 1769 communio-

2404 530 2482 595 είς
2516 534 2697 597 πάσας
2741 538 2833 587 καὶ
2864 538 2942 599 εἰς
2969 537 3118 606 ἡμᾶς
3150 540 3167 567 ’⁷
3196 539 3293 608 τῆς
3336 539 3629 608 θεαρχικῆς
3662 540 3976 610 ἐλλάμψεως

2400 624 2795 695 διαδιδομένης·
2849 626 2928 678 διὸ
2969 628 3060 680 καὶ
3112 631 3289 683 πᾶσαν
3330 630 3480 701 ίεράν
3514 631 3606 683 καὶ
3651 631 3977 704 θεομίμητον

2401 716 2678 787 ἐνέργειαν
2707 719 2798 771 ἐπὶ
2837 719 2967 771 Θεὸν
3018 720 3114 791 μέν
3149 722 3221 783 ὡς
3259 720 3430 774 αἴτιον
3468 721 3847 793 ἀναφέρουσιν,
3880 723 3975 774 ἐπὶ

2400 807 2457 859 δὲ
2509 809 2635 871 τοὺς
2685 806 2933 880 πρώτους
3001 812 3249 875 θεοειδεῖς
3300 813 3423 876 νόας
3464 814 3539 876 ὡς
3592 814 3974 885 πρωτουργοὺς

2400 899 2506 950 τῶν
2545 899 2702 953 θείων
2752 901 2845 955 καὶ
2884 903 3251 967 διδασκάλους.
3304 902 3512 956 Οὐκοῦν
3549 906 3583 975 ἡ
3631 904 3820 976 πρώτη
3865 905 3975 957 τῶν

2401 992 2567 1059 ἁγίων
2595 993 2840 1060 ἀγγέλων
2868 994 3225 1064 διακόσμησις
3252 994 3448 1064 μᾶλλον
3478 996 3702 1048 ἀπασῶν
3728 996 3839 1065 εχει
3875 994 3974 1063 τὴν

2399 1084 2666 1155 ἐμπόριον
2700 1086 2953 1155 ἰδιότητα,
2981 1087 3074 1139 καὶ
3098 1086 3194 1156 τὴν
3222 1087 3525 1161 κεχυμένην
3555 1086 3653 1155 τῆς
3680 1085 3975 1157 θεαρχικῆς

2402 1176 2590 1245 σοφίας
2625 1176 2934 1246 μετάδοσιν,
2980 1179 3072 1229 καὶ
3101 1178 3162 1229 τὸ
3190 1179 3488 1246 γνωστικὸν
3528 1178 3627 1247 τῆς
3663 1178 3977 1249 ύπερτάτης

2397 1266 2505 1318 τῶν
2551 1268 2710 1321 θείων
2750 1268 3066 1339 ἐλλάμψεων
3103 1271 3429 1340 ἐπιστήμης,
3478 1271 3571 1322 καὶ
3610 1269 3708 1340 τὴν
3756 1270 3975 1341 θρονίαν

2402 1361 2635 1431 ἰδιότητα
2655 1363 2754 1431 τὴν
2782 1364 3237 1434 ἀναπεπταμένην
3270 1363 3539 1432 θεοδοχίαν
3566 1362 3933 1432 ἐμφαίνουσαν
3954 1379 3971 1392 ·

2397 1451 2452 1501 αἱ
2477 1451 2532 1502 δὲ
2559 1451 2666 1503 τῶν
2693 1450 2996 1521 ὑφειμένων
3025 1451 3221 1504 οὐσιῶν
3249 1450 3634 1519 διακοσμήσεις
3668 1448 3767 1517 τῆς
3794 1449 3972 1517 ἐμπυ-

2401 1543 2533 1612 ρίου,
2560 1542 2661 1612 τῆς
2697 1543 2886 1612 σοφῆς,
2921 1543 3020 1611 τῆς
3047 1542 3370 1610 γνωπικῆς,
3399 1540 3499 1610 τῆς
3526 1539 3769 1609 θεοδὸχου
3809 1536 3972 1600 δυνά-

2400 1652 2543 1703 μεως
2587 1634 2873 1704 μετέχουσι
2928 1635 3043 1704 μὲν,
3094 1634 3399 1704 ὑφειμένως
3438 1632 3514 1695 δὲ,
3567 1631 3661 1685 καὶ⁵
3699 1631 3835 1701 πρὸς
3871 1629 3977 1692 τὰς

2398 1724 2617 1795 πρώτας
2645 1724 2870 1795 ὁρῶσαι,
2903 1725 2997 1777 καὶ
3045 1724 3110 1776 δι’
3159 1722 3336 1775 αὐτῶν
3383 1723 3458 1784 ὠς
3498 1721 3595 1774 τοῦ
3643 1721 3973 1790 θεομιμήτου

732 1828 872 1877 nem,
903 1829 966 1869 ac
991 1824 1217 1867 summa:
1251 1811 1558 1864 divinarum
1599 1808 2021 1863 illustratiunum
2048 1804 2285 1860 scientia

2396 1788 2757 1886 πρωτουργῶς
2786 1814 3101 1884 ἠξιωμένων
3135 1814 3227 1866 ἐπὶ
3252 1813 3311 1865 τὸ
3336 1812 3429 1864 τοῦ
3462 1788 3973 1877 θεοειδοῦςῖὲφικτὸν

728 1924 883 1963 usum
914 1917 1075 1976 atque
1131 1905 1403 1976 peritiam,
1445 1903 1676 1972 soliique
1727 1902 2135 1971 proprietatem,
2174 1914 2285 1969 qua

2393 1906 2742 1975 ἀναγόμεναι.
2770 1906 2881 1968 Τὰς
2921 1906 3215 1976 εἰρημένας
3251 1902 3343 1957 οὖν
3385 1904 3543 1973 ἁγίας
3578 1903 3859 1971 ἰδιότητας,
3890 1892 3974 1951 ὧν

727 2002 966 2070 patulam
997 2002 1061 2054 ad
1090 1998 1254 2054 Deum
1278 1996 1654 2067 excipiendum
1680 1997 2033 2064 capacitatem
2059 1994 2250 2049 indicat
2276 2011 2285 2047 :

2392 1999 2448 2049 ἐν
2482 1999 2738 2068 μετουσίᾳ
2766 1997 2856 2050 διὰ
2896 1998 3003 2050 τῶν
3056 1996 3287 2069 πρώτων
3331 1997 3386 2048 αἱ
3430 1995 3564 2064 μετά
3592 1993 3757 2055 αὑτὰς
3790 1992 3973 2044 οὐσίαι

728 2094 1047 2151 inferiorum
1081 2099 1262 2145 autem
1308 2088 1673 2143 essentiarum
1718 2088 2101 2157 diapositiones
2134 2086 2285 2154 huius

2392 2088 2692 2155 γεγόνασιν,
2729 2089 2918 2153 αὐταῖς
2954 2090 3187 2152 ἐκείναις
3236 2087 3371 2158 μετά
3410 2086 3538 2139 Θεὸν
3578 2086 3651 2149 ὡς
3689 2085 3969 2155 ίεράρχαις

728 2186 918 2254 igneae,
951 2182 1217 2253 sapientis
1240 2223 1253 2246 ,
1304 2180 1553 2239 scientia.
1610 2194 1672 2232 ac
1709 2178 1802 2232 Dei
1832 2178 2049 2246 capacis
2076 2177 2285 2232 virtutis

2392 2181 2751 2235 ἀνατιθέασιν.

726 2276 1019 2346 participes
1046 2273 1260 2345 quidem
1286 2282 1411 2326 sunt
1436 2281 1490 2326 et
1515 2271 1671 2339 ipsaa,
1694 2272 1788 2323 sed
1821 2270 2065 2324 inferiori
2122 2271 2315 2340 gradu,
2374 2281 2427 2326 et
2479 2288 2599 2326 cum
2646 2288 2894 2342 respectu
2951 2276 3015 2328 ad
3069 2276 3278 2343 priores
3323 2290 3417 2344 per
3454 2290 3610 2344 quas,
3660 2282 3718 2327 ut
3769 2272 3971 2326 divina

728 2367 1042 2423 imitationis
1068 2363 1547 2434 prefermatrices,
1595 2361 1662 2416 ad
1712 2361 2137 2416 deiformitatem
2192 2378 2288 2430 pro
2315 2372 2475 2429 captu
2518 2380 2616 2419 suo
2668 2376 3079 2430 promoventur.
3134 2368 3313 2422 Dictas
3369 2370 3550 2437 itaque
3608 2367 3967 2437 proprietate:

724 2470 1124 2525 sacrosanctus,
1168 2474 1397 2527 qttarum
1437 2459 1686 2511 secundae
1745 2468 1949 2510 natura:
1982 2471 2076 2525 per
2113 2456 2314 2525 primas
2358 2460 2651 2529 participes
2701 2460 2909 2515 effectae
2967 2471 3119 2524 sunt,
3169 2462 3237 2515 iis
3288 2461 3419 2529 ipsis
3446 2472 3567 2532 post
3609 2461 3797 2523 Deum,
3843 2470 3967 2513 tan-

722 2570 883 2626 quam
910 2552 1215 2624 przepositis
1248 2550 1379 2617 suis,
1411 2558 1667 2619 acceptas
1703 2548 1905 2603 ferunt.

2271 2642 2298 2714 ᾗ
2338 2643 2444 2703 ιν.

793 2752 986 2807 Aiebat
1016 2752 1195 2819 itaque
1231 2750 1320 2816 qui
1355 2749 1469 2802 haec
1521 2747 1817 2811 referebat,
1862 2746 2122 2800 visionem
2166 2745 2285 2814 qui-

2468 2757 2690 2824 Ἐλεγεν
2712 2752 2803 2809 οὖν
2835 2756 2863 2807 ό
2900 2754 3070 2809 ταῦτα
3104 2757 3300 2827 φήσας,
3336 2756 3432 2828 τὴν
3473 2757 3567 2827 μὲν
3604 2758 3787 2827 ὅρασιν
3816 2758 3961 2813 ἐκκεί-

723 2850 842 2902 dem
911 2847 1057 2900 illam
1134 2841 1431 2895 exltibitam
1482 2856 1603 2895 esse
1663 2839 1913 2909 theologo
1971 2855 1999 2893 a
2054 2839 2285 2909 quodam

2394 2864 2490 2917 νην
2537 2848 2917 2919 ὑποδειχθῆναι
2949 2848 3027 2917 τῷ
3058 2848 3291 2919 θεολόγῳ
3341 2850 3407 2902 δι’
3438 2850 3553 2912 ἐνὸς
3591 2850 3697 2902 τῶν
3742 2850 3965 2904 ἐπιστα-

722 2954 933 3002 eorum,
972 2936 1064 3007 qui
1097 2933 1256 2989 nobis
1283 2943 1544 3002 praesunt,
1576 2943 1886 2988 sanctorum
1914 2948 1978 2987 ac
2008 2932 2285 2986 beatorum

2394 2939 2627 2991 τούντων
2654 2940 2782 3009 ἡμῖν
2801 2938 2969 3007 ἁγίων
2992 2941 3084 2991 καὶ
3119 2938 3398 3010 μακαρίων
3422 2939 3683 3007 ἀγγέλων,
3709 2941 3798 2992 καὶ
3825 2939 3960 3011 πρὸς

724 3029 1076 3099 angelorum,
1127 3026 1279 3093 cuius
1326 3023 1711 3078 illutninatrice
1761 3022 2181 3077 maunducttone
2223 3020 2285 3073 ad

2396 3028 2501 3097 τῆς
2533 3029 2864 3099 φωτιστικῆς
2887 3028 3048 3081 αὐτοῦ
3079 3030 3447 3102 γειραγωγίας
3496 3032 3585 3083 ἐπὶ
3618 3032 3715 3102 τὴν
3737 3031 3962 3101 νυεράν⁸

726 3121 1025 3193 spiritalem
1088 3121 1243 3174 istam
1290 3116 1799 3187 contemplationem
1841 3114 2021 3169 fuerat
2047 3122 2287 3176 evectus,

722 3216 774 3269 in
807 3230 910 3283 qua
953 3228 1235 3283 supremas
1260 3212 1381 3266 illas
1410 3208 1679 3265 essentias
1710 3206 1888 3277 (quasi
1914 3204 1969 3260 in
2002 3205 2286 3278 symbolis,

721 3316 778 3360 ut
822 3306 901 3360 sic
952 3303 1165 3374 loquar)
1199 3302 1332 3356 vidit
1383 3301 1521 3355 infra
1560 3298 1726 3353 Deum
1770 3297 1999 3364 etjuxta
2034 3298 2199 3351 Deuu:
2233 3306 2285 3350 et

719 3400 864 3452 circa
895 3398 1061 3451 Deum
1094 3398 1407 3459 collocatas,
1440 3402 1603 3461 atque
1628 3390 1869 3446 omnium
1900 3389 2121 3457 insuper
2146 3389 2285 3458 ipsa-

723 3505 841 3542 rum
867 3485 1381 3556 superineﬂabiliter
1408 3486 1737 3541 eminentem
1762 3480 2282 3551 superprincipalem

721 3583 1010 3653 verticem,
1045 3582 1095 3634 in
1130 3581 1307 3634 medio
1335 3574 1860 3649 supereminentium
1904 3575 2161 3628 virtutum
2196 3591 2282 3628 su-

719 3672 1075 3741 perpositum.
1111 3670 1308 3723 Didicit
1334 3670 1517 3739 itaque
1537 3682 1606 3722 ex
1630 3665 1779 3721 hisce
1800 3664 2100 3720 visionibus
2132 3666 2286 3719 theo-

720 3766 894 3835 logus,
924 3764 1300 3825 Divinitatem,
1332 3761 1625 3816 secundum
1651 3774 1867 3814 omnem
1892 3768 2283 3828 supernatura-

718 3857 821 3910 lem
846 3855 1253 3917 excellentiam,
1280 3855 1400 3908 sine
1421 3852 1827 3921 comparatione
1847 3864 2104 3921 praestare
2135 3852 2278 3906 omni

716 3947 914 4002 visibill
962 3956 1017 4000 et
1078 3945 1334 3999 invisibili
1388 3945 1619 4007 virtuti,
1651 3943 2012 4011 omnibusque
2060 3943 2282 4012 insuper

714 4047 1019 4108 exemptam
1058 4051 1202 4098 esse.
1236 4046 1293 4090 ut
1319 4051 1439 4105 quae
1474 4051 1542 4090 ne
1586 4033 1776 4104 primis
1798 4035 2016 4103 quidem
2048 4034 2169 4090 istis
2194 4051 2281 4090 es-

715 4128 907 4183 sentiis
958 4128 1067 4181 ullo
1105 4128 1264 4181 modo
1303 4126 1495 4181 similis
1543 4126 1784 4179 existat:
1824 4126 1892 4178 ad
1926 4125 2074 4190 lucc,
2105 4124 2277 4194 ipsam

716 4226 955 4277 omnium
982 4237 1104 4277 esse
1133 4221 1458 4291 principium
1490 4230 1544 4275 et
1570 4235 1787 4275 causam
1822 4221 2273 4287 substantiﬁcam,

2392 3118 2609 3189 ἐκείνην
2640 3118 2870 3189 θεωρίαν
2893 3118 3237 3187 ἀνατεθῆναι,
3275 3120 3391 3173 καθ’
3413 3121 3479 3190 ἢν
3502 3120 3646 3193 ἐώρα
3667 3121 3762 3184 τὰς
3794 3123 3963 3192 ὑπερ-

2391 3212 2557 3273 τάτας
2584 3211 2770 3272 οὐσίας
2805 3211 2898 3281 (ὡς
2932 3213 2987 3263 ἐν
3012 3209 3299 3280 συμϐόλοις
3331 3212 3524 3283 εἰπεῖν)
3576 3213 3678 3265 ὑπὸ
3706 3213 3834 3266 Θεὸν
3862 3214 3962 3265 καὶ

2394 3301 2528 3372 μετά
2561 3301 2695 3354 Θεοῦ
2718 3304 2739 3334 ⁹
2765 3305 2857 3355 καὶ
2885 3305 3010 3373 περὶ
3040 3304 3169 3357 Θεὸν
3206 3304 3509 3374 ἱδρυμένας,
3542 3304 3636 3356 καὶ
3668 3303 3964 3374 τὴνάπάν-

2389 3409 2495 3445 των
2527 3395 2620 3447 καὶ
2650 3393 2829 3447 αὐτῶν
2859 3394 3251 3466 ὑπεῳρρήτως
3272 3394 3608 3466 ἐξῃρημένην
3631 3396 3962 3466 ὑπεράρχιον

2389 3484 2662 3555 ἀκρότητα
2698 3487 2755 3537 ἐν
2793 3486 2940 3556 μέσῳ
2978 3485 3087 3538 τῶν
3130 3486 3576 3558 ὑπερϐεϐηκυιῶν
3602 3488 3642 3517 ¹⁰
3674 3487 3960 3558 δυνάμεων

2389 3575 2841 3646 ὑπεριδρυμένην.
2893 3575 3223 3646 Ἐμάνθανεν
3270 3572 3362 3630 οὖν
3404 3580 3515 3640 τοῖς
3545 3580 3891 3649 όρωμένοις¹¹
3928 3583 3960 3633 ὁ

2388 3667 2649 3736 θεολόγος,
2674 3669 2755 3721 ὅτι
2780 3668 2919 3721 κατὰ
2941 3672 3117 3722 πᾶσαν
3142 3672 3459 3739 ὑπερούσιον
3483 3671 3751 3741 ὑπεροχὴν
3783 3673 3956 3741 ἀσυγ-

2387 3760 2586 3828 κρίτως
2615 3760 2999 3833 ὑπερίδρυτο¹¹
3046 3761 3105 3815 τὸ
3148 3761 3329 3826 Θεῖον,
3367 3763 3583 3833 ἀπάσης
3629 3763 3828 3834 ὁρατῆς
3860 3766 3957 3817 καὶ

2385 3852 2612 3920 ἀοράτου
2641 3852 2938 3922 δυνάμεως,
2974 3855 3067 3907 καὶ
3102 3852 3207 3923 μὴν
3234 3853 3316 3906 ὅτι
3342 3854 3557 3906 πάντων
3592 3855 3735 3906 ἐστὶν
3759 3854 3958 3926 ἐξηρη-

2388 3945 2544 4012 μένον
2572 3946 2646 4007 ὼς
2670 3946 2917 4013 καθόλου,
2958 3949 3093 4019 μηδέ
3111 3951 3234 4011 ταῖς
3262 3948 3504 4021 πρώταις
3534 3948 3643 4001 τῶν
3667 3949 3832 4002 ὄντων
3856 3950 3953 4003 οὑ-

2386 4035 2523 4096 σίαις
2556 4037 2791 4107 ἐμφερές
2816 4054 2828 4067 ·
2866 4039 3086 4108 προσέτι
3117 4041 3209 4092 καὶ
3229 4040 3289 4093 τὸ
3309 4040 3523 4093 πάντων
3557 4041 3685 4093 αὐτὸ
3717 4041 3887 4111 ἀρχὴν
3909 4044 3953 4074 ¹³

2382 4127 2475 4177 καί
2506 4128 2680 4179 αἰτίαν
2711 4129 3016 4182 οὺσιοποιὸν
3060 4126 3216 4195 εἶναι,
3244 4132 3337 4183 καὶ
3365 4131 3463 4201 τῆς
3479 4130 3585 4183 τῶν
3611 4130 3775 4182 ὄντων
3796 4132 3951 4184 ἀδια-

2382 4217 2539 4271 λύτου
2595 4220 2759 4289 μονῆς
2807 4207 3159 4274 ἀναλλοίωτον
3207 4223 3445 4295 ἵδρυσιν,
3491 4223 3579 4289 ὑφ’
3626 4218 3692 4292 ἧς
3742 4225 3833 4277 καὶ
3889 4226 3951 4277 τὸ

717 4314 1216 4384 indissolubilisque
1240 4329 1423 4368 rerum
1458 4312 1761 4368 mansionis
1800 4311 2136 4367 immutabile
2185 4314 2277 4366 lir-

2392 4305 2523 4362 εἶναι
2560 4314 2653 4363 καὶ
2701 4312 2761 4363 τὸ
2804 4308 2861 4365 εὖ
2914 4310 3084 4378 εἶναι,
3126 4314 3219 4367 καὶ
3252 4316 3439 4375 αὑταῖς
3481 4317 3600 4376 ταῖς
3646 4314 3951 4385 ὑπερόεὸη-

716 4417 1071 4472 mamentum,
1106 4421 1171 4461 ex
1218 4421 1323 4475 quo
1369 4414 1429 4461 ut
1465 4416 1672 4469 essent,
1700 4414 1754 4459 θι
1788 4406 1925 4461 bene
1959 4414 2164 4471 essent,
2187 4420 2277 4459 811-

712 4517 911 4569 premm
972 4501 1136 4554 etiam
1198 4498 1358 4570 ιιῆ1
1427 4500 1654 4553 virtutes
1716 4498 2088 4552 habuissent:
2132 4498 2277 4567 ipsas

713 4594 909 4647 deinde
968 4594 1263 4646 deilormes
1298 4591 1768 4645 sanctissimorum
1802 4590 2072 4658 serapltim
2110 4590 2279 4643 virtu-

714 4696 797 4738 tes
827 4684 1146 4747 docebatur,
1173 4698 1403 4753 quorum
1436 4698 1651 4735 sacrum
1682 4695 1873 4735 nomen
1907 4682 2033 4751 quid
2059 4681 2269 4751 igneutr

710 4779 957 4848 designat
982 4776 1140 4846 (17'),
1160 4778 1226 4829 de
1248 4792 1355 4844 quo
1379 4791 1475 4829 nos
1502 4775 1662 4845 paulo
1684 4784 1804 4844 post
1828 4774 2092 4840 dicemus,
2118 4787 2277 4841 prout

710 4870 1013 4936 poterimus
1044 4868 1417 4936 interpretari,
1450 4867 1609 4921 istius
1644 4866 1816 4936 ignea:
1847 4867 2061 4921 virtutis
2090 4867 2157 4919 ad
2189 4866 2272 4919 di-

710 4959 892 5012 vinam
926 4960 1344 5013 similitudinem
1398 4960 1681 5027 impulsus.
1730 4957 1900 5012 Porro
1942 4973 2063 5011 cum
2112 4972 2271 5011 sena-

710 5065 829 5103 rum
868 5052 1074 5104 alarum
1108 5065 1278 5105 sacrae
1304 5050 1537 5104 lictionis
1566 5050 1866 5104 absolutam
1898 5064 2272 5117 suuunamque

708 5142 761 5195 iu
792 5143 961 5198 Deum
993 5146 1044 5197 iu
1081 5144 1273 5211 primis
1303 5159 1367 5195 ac
1396 5142 1587 5198 mediis
1626 5143 2047 5210 novissimisque
2078 5144 2273 5193 menti-

2384 4403 2559 4464 κυίαις
2589 4404 2704 4456 ἐστὶ
2755 4406 3075 4475 δυνάμεσιν·
3113 4403 3228 4458 εἶτα
3268 4406 3365 4469 τὰς
3408 4407 3584 4460 αὐτῶν
3629 4406 3737 4458 τῶν
3776 4409 3949 4474 ἁγιω-

2382 4495 2555 4547 τάτων
2591 4499 2831 4566 σεραφὶμ
2870 4500 3086 4567 ἐμυεῖτο
3127 4498 3377 4560 θεοειδεῖς
3409 4498 3681 4568 δυνάμεις,
3712 4496 3811 4567 τῆς
3848 4498 3950 4567 μὲν

2384 4587 2532 4657 ἱερᾶς
2564 4587 2738 4639 αὐτῶν
2772 4590 3086 4659 ἐπωνυμίας
3125 4589 3186 4641 τὸ
3233 4589 3497 4660 ἐμπύριον
3544 4587 3908 4657 σημαινούσης
3930 4627 3947 4651 ,

2381 4679 2513 4749 περὶ
2551 4674 2611 4732 οὗ
2664 4681 2855 4750 μικρὸν
2904 4680 3129 4753 ὕστερον
3176 4684 3335 4751 ἡμεῖς
3380 4680 3648 4750 ἐροῦμεν,
3693 4680 3769 4741 ὡς
3812 4680 3947 4749 ἡμῖν

2381 4772 2599 4838 ἐφικτὸν
2625 4772 3007 4841 ὑφηγήσασθαι
3039 4774 3137 4836 τὰς
3169 4776 3261 4826 ἐπὶ
3282 4775 3342 4826 τὸ
3376 4771 3604 4834 θεοειδὲς
3634 4770 3735 4839 τῆς
3765 4770 3947 4838 ἐμπυ-

2381 4862 2495 4931 ρίου
2529 4864 2805 4933 δυνάμεως
2848 4868 3153 4933 ἁναγωγάς.
3194 4866 3304 4935 Τῆς
3340 4864 3397 4917 δὲ
3427 4863 3534 4916 τῶν
3572 4862 3785 4930 πτερῶν
3818 4858 3945 4923 ἐξα-

2379 4956 2517 5026 πλῆς
2559 4957 2937 5027 ἱεροπλαστίας
2963 4960 3059 5029 τὴν
3096 4958 3187 5009 ἐπὶ
3216 4958 3278 5009 τὸ
3308 4956 3460 5009 Θεῖον
3494 4957 3555 5008 ἐν
3590 4952 3851 5024 πρώταις»
3884 4952 3943 5002 ἓν

2382 5051 2600 5118 μέσαις,
2633 5052 2689 5101 ὲν
2718 5051 3048 5112 τελευταίαις
3085 5050 3329 5118 νοήσεσιν
3358 5047 3620 5100 ἀπόλυτον
3650 5048 3744 5099 καὶ
3775 5046 3944 5114 ὑπερ-

2377 5140 2544 5207 τάτην
2592 5142 2883 5194 ἀνάστασιν
2912 5180 2925 5201 ,
2970 5138 3104 5190 ἀλλὰ
3146 5141 3237 5191 καὶ
3284 5139 3341 5191 τὸ
3388 5138 3714 5207 ἀπειρόπουν
3762 5137 3943 5192 αὐτῶν

1992 5296 2219 5351 VARI/['3
2258 5295 2660 5351 LbC'l'IONES.

782 5440 1030 5500 ἐίςηοιι
1083 5449 1165 5489 est
1206 5440 1255 5490 in
1313 5438 1370 5490 υ.
1420 5438 1476 5489 l’.
1527 5439 1624 5491 Cit.

706 5518 908 5559 lautum
961 5509 1140 5560 habet.
1187 5514 1277 5559 καὶ
1336 5506 1470 5575 μετὰ
1524 5508 1674 5569 Θεό-θ,
1714 5510 1857 5575 quod
1892 5506 2140 5573 sequntur
2208 5507 2295 5557 Se.

706 5580 745 5605 “
774 5578 1141 5647 ὑπερίδρυται,
1177 5579 1271 5630 ω..
1356 5578 1394 5607 ³³
1435 5579 1527 5629 καὶ
1574 5579 1768 5647 ἀρχὴν,
1809 5578 1872 5628 υ.
1898 5577 1998 5630 Cb.

1701 5438 1720 5465 “
1753 5437 1850 5506 τὴν
1880 5437 2052 5507 ἱεράν,
2083 5437 2185 5488 CII.
2224 5435 2277 5485 ι),

2392 5457 2413 5484 ι.
2448 5435 2569 5490 Sar.
2622 5436 2969 5506 ἀναταθῆναι,
3010 5437 3075 5489 λι.
3112 5436 3167 5489 S.
3220 5436 3281 5490 Ρ,
3328 5436 3385 5489 D.
3426 5436 3531 5507 (Iit,
3577 5433 3701 5507 Sar.
3811 5434 3831 5463 ’

2406 5507 2445 5535 ¹⁰
2475 5507 2901 5575 ὑποϐεϐηκυιῶν,
2950 5509 3006 5563 i’.
3064 5510 3122 5560 υ.
3185 5506 3303 5561 Sar.
3407 5506 3445 5536 “
3491 5505 3823 5574 εἰρημένοις,
3872 5505 3932 5555 υ.

771 5710 901 5775 (IT)
932 5711 1129 5764 Nomen
1158 5712 1362 5764 scilicet
1402 5706 1663 5765 llebraice
1717 5726 2065 5780 expressum,
2114 5719 2313 5770 D‘EW’L’
2358 5714 2498 5779 quod
2530 5713 2817 5782 significat,
2846 5715 3106 5777 ardentes,
3159 5714 3447 5783 fulgentes;
3477 5728 3505 5765 a
3542 5712 3719 5766 radice
3762 5720 3933 5778 ιτπῢ,

702 5783 947 5844 timum,
983 5785 1263 5835 sut'cmdtl.
1304 5783 1502 5835 Uttatlu.
