4202 6300
216 471 325 528 505

1193 458 1281 511 DE
1317 454 1644 511 C(JELESTI
1679 449 2121 512 HIERARCIIM,
2156 447 2306 503 CAP.
2342 442 2474 499 Xlll.

3339 437 3444 494 306

219 586 315 639 sal.
357 583 782 654 πολυπρόσωπον
825 575 966 650 ὀρῶν
1006 581 1033 631 ὁ
1085 577 1228 647 ἱερὸς
1264 574 1541 640 θεολόγος,
1565 581 1567 583 ’
1595 573 1688 624 καὶ
1729 569 1789 621 τὸ

1893 568 1993 623 bus
2041 564 2468 627 excitationem,
2503 574 2600 613 nec
2642 574 2745 613 non
2793 556 3211 610 inmttnerabiles
3257 570 3442 610 eorum

212 681 332 740 τοις
360 678 578 746 μπτεροῖς
617 669 1123 726 ἀποδιαστῦλεσθαι
1190 666 1291 736 τὴν
1318 665 1420 718 ὑπὸ
1450 667 1575 726 τοὺς
1621 663 1785 727 πόδας

216 768 317 820 καὶ
342 768 442 838 τὴν
473 766 615 836 ὑπὲρ
647 762 719 815 τά
739 763 1004 834 πρόσωπα
1033 760 1286 830 θεωρίαν,
1318 758 1412 810 καὶ
1443 756 1541 828 τὴν
1578 757 1634 809 ὲν
1675 757 1786 816 τοῖς

220 859 408 930 μέσοις
454 859 670 928 πτεροῖς
716 855 1088 925 ἀεικινησίαν,
1128 852 1264 923 πρὸς
1299 851 1399 921 τὴν
1445 849 1641 920 νοητὴν
1677 847 1799 900 τῶν*

213 949 508 1018 ὁρωμένων
542 946 768 1016 ἀνήγετο
813 945 1032 1013 γνῶσιν,
1064 941 1456 1011 ὲκφαινομένης
1499 937 1646 1008 αὐτῷ
1685 938 1786 1008 τῆς

215 1038 332 1090 τῶν
372 1037 685 1107 ὑπερτάτων
737 1036 871 1088 νοῶν
921 1031 1227 1105 πολυπύρου
1262 1036 1355 1086 καὶ
1392 1031 1787 1100 πολυθεάμονος

214 1129 521 1198 δυνάμεως,
554 1129 643 1181 καὶ
671 1126 770 1196 τῆς
798 1127 949 1197 ἱερᾶς
982 1125 1158 1179 αὐτῶν
1191 1124 1500 1187 εὐλαϐείας,
1535 1123 1605 1192 ἣν
1637 1122 1788 1190 ἔχου-

217 1235 307 1272 σιν
342 1219 719 1290 ὑπερκοσμίως
748 1219 826 1280 είς
857 1219 956 1288 τὴν
981 1217 1092 1270 τῶν
1126 1217 1465 1288 ὑψηλοτέρων
1487 1216 1531 1247 ’⁸
1562 1217 1654 1268 καὶ
1698 1215 1790 1283 βα-

215 1309 462 1381 θυτέρων
482 1311 682 1380 αὐθάδη
711 1312 804 1364 καὶ
825 1310 1079 1382 θρασεῖαν
1109 1311 1202 1363 καὶ
1231 1309 1515 1376 ἀνέφικτον
1547 1308 1786 1378 ἔρευναν,

216 1400 316 1452 καὶ
355 1401 455 1470 τῆς
504 1403 558 1452 ὲν
608 1401 916 1472 συμμετρία
963 1399 1074 1454 τῶν
1116 1400 1457 1470 θεομίμήτων
1501 1398 1788 1469 ἐνεργειῶν

216 1491 596 1561 ἀκαταλήκτου
633 1493 724 1546 καὶ
758 1491 1055 1561 ὑψιπετοῦς
1088 1489 1452 1561 μάεικινησίας.
1497 1489 1653 1542 Ἀλλά
1695 1490 1788 1542 καὶ

214 1581 319 1651 τὴν
368 1582 658 1653 θεαρχικὴν
701 1582 915 1652 ἐκείνην
961 1583 1054 1636 καὶ
1104 1580 1461 1651 πολυτίμητον
1519 1579 1784 1650 ὑμνῳδίαν

214 1671 694 1740 ἑμυσταγωγείτο,
730 1673 822 1725 τοῦ
854 1673 1151 1736 τυποῦντος
1191 1673 1290 1743 τὴν
1335 1673 1521 1744 ὅρασιν
1554 1671 1783 1738 ἀγγέλου

216 1763 360 1817 κατὰ
407 1764 634 1834 δύναμιν
665 1765 743 1835 τῷ
774 1765 1005 1836 θεολόγῳ
1048 1765 1410 1837 μεταδιδόντος
1453 1763 1551 1834 τῆς
1581 1762 1785 1824 οἰκείας

217 1853 591 1922 ίερογνωσίας.
641 1855 944 1909 Ἐδίδασκεν
966 1852 1058 1909 οὖν
1086 1856 1246 1910 αὐτὸν
1271 1854 1553 1917 καὶτοῦτο,
1583 1854 1664 1905 ὅτι
1688 1853 1784 1905 κά.-

1891 661 2080 730 pcdes,
2109 658 2423 724 multasque
2466 654 2634 708 facies
2661 661 2878 710 sanctus
2922 651 3007 706 ille
3049 649 3327 720 theologus
3361 650 3440 702 vi-

1888 754 2064 815 deret,
2096 761 2264 819 utque
2294 750 2398 802 alis
2430 758 2539 800 tam
2573 745 2764 814 pedum
2801 759 2962 813 quam
3001 743 3256 797 facierum
3287 757 3443 811 aspe-

1887 855 2008 898 ctus
2039 850 2375 901 arcerentur,
2403 839 2616 907 alteque
2644 834 2834 890 media:
2860 844 3117 903 perpetuo
3162 846 3448 888 moveren-

1890 943 1996 996 tur,
2035 932 2105 986 ad
2154 929 2542 999 intelligibiletn
2588 941 2776 980 eorum
2806 939 2924 993 quae
2968 925 3224 978 cernebat
3267 924 3445 977 scien-

1892 1026 2017 1078 tiam
2047 1021 2439 1081 adducebatur,
2482 1017 2743 1087 explicata
2778 1015 2854 1068 illi
2885 1029 3254 1083 supremorum
3285 1013 3449 1083 spiri-

1891 1124 2038 1168 tuum
2073 1113 2366 1178 multivaga
2398 1110 2733 1180 plurimaque
2772 1107 3022 1162 cernendi
3056 1105 3327 1169 facultate,
3359 1121 3446 1159 sa-

1889 1221 2089 1275 craque
2113 1219 2301 1260 eorum
2337 1202 2643 1258 reverentia
2672 1241 2687 1265 ,
2728 1195 2887 1270 quam
2941 1197 3444 1267 nupermundialiter

1888 1300 2148 1354 exhibent
2191 1298 2242 1354 in
2291 1295 2666 1352 sublitniorum
2699 1291 3214 1362 profundiorumque
3243 1297 3444 1369 myste—

1889 1392 2093 1445 riorum
2119 1388 2372 1445 insolenti
2398 1403 2459 1444 ac
2489 1385 2779 1439 temeraria
2812 1379 3311 1453 impenetrabilique
3332 1395 3447 1448 per-

1886 1483 2245 1545 scrutatione,
2279 1495 2378 1534 nec
2413 1494 2526 1533 non
2567 1477 2770 1547 optime
2798 1476 2999 1546 digesta
3031 1474 3197 1528 Deum
3231 1471 3445 1523 imitan-

1887 1574 2018 1632 tium
2048 1575 2325 1628 actionum
2373 1569 2680 1624 incessabili
2727 1578 2782 1622 et
2827 1566 3143 1621 altivolante
3188 1572 3444 1631 perpetua

1887 1671 2146 1725 motione.
2176 1667 2316 1735 Quin
2362 1676 2417 1722 et
2452 1667 2691 1724 divinum
2735 1666 2864 1718 illud
2909 1662 3445 1735 prtestantissimutn-

1885 1777 1991 1831 que
2023 1761 2200 1817 laudis
2229 1762 2502 1818 canticum
2543 1759 2805 1821 discebat,
2845 1755 3032 1826 angelo
3061 1754 3152 1823 qui
3184 1752 3441 1820 visionem

1887 1853 2259 1920 eﬂ‘ormabat';
2296 1862 2457 1923 prout
2507 1860 2754 1923 poterat,
2800 1850 2899 1921 ipsi
2941 1847 3189 1917 tbeOIOgo
3235 1860 3441 1900 sacram

215 1942 410 2012 θαρσίς
442 1946 554 1996 ἐστι
581 1949 693 2009 τοῖς
725 1946 972 2000 ὁπωσοῦν
1005 1947 1261 2019 καθαροῖς
1295 1948 1328 2016 ἡ
1354 1947 1451 2015 τῆς
1490 1944 1784 2015 θεαρχικῆς

1886 1961 2037 1999 suam
2067 1945 2348 2000 scientiam
2383 1943 2839 1998 communicante.
2871 1939 3007 2006 Quin
3042 1947 3095 1992 et
3137 1938 3237 1991 boc
3271 1938 3440 2005 ipsum

210 2036 492 2103 διαυγείας
541 2038 896 2108 ἀγνότητος¹³
937 2040 1013 2102 ὡς
1054 2040 1272 2108 ἐφικτὸν
1322 2038 1594 2107 μετουσία.
1634 2035 1781 2108 Αὐτὴ

210 2127 270 2180 δὲ
294 2128 356 2191 ’⁸,
394 2129 529 2199 πρὸς
567 2129 734 2199 αὐτῆς
777 2131 1032 2202 θεαρχίας
1072 2131 1433 2202 ὲξῃρημέναις
1465 2130 1664 2192 αἰτίαις
1703 2131 1782 2194 εἰς

213 2219 423 2280 πάντας
444 2221 569 2283 τοὺς
596 2221 774 2290 ἱεροὺς
807 2220 930 2283 νόας
960 2222 1266 2292 ὑπερουσίῳ
1289 2223 1608 2292 κρυφιότητι
1636 2222 1783 2274 τελε-

210 2309 587 2379 τουργουμένη
616 2311 655 2341 ⁸⁷
686 2313 806 2373 ταῖς
848 2314 974 2382 περὶ
1011 2312 1177 2383 αὐτὴν
1210 2312 1285 2376 ὡς
1325 2313 1650 2384 ὑπερτάταις
1689 2312 1782 2364 δυ-

211 2400 464 2468 νάμεσιν,
496 2401 859 2472 ὲκφανεστέρα
893 2403 1010 2467 πώς
1050 2407 1164 2456 ἐστι
1205 2405 1298 2456 καὶ
1342 2404 1537 2473 μᾶλλον
1588 2406 1783 2476 έαυτὴν

210 2487 457 2557 ἐκφαίνει
482 2493 574 2544 καὶ
605 2493 900 2547 διαδίδωσιν
919 2511 932 2523 ο
972 2497 1061 2547 ἐπὶ
1087 2496 1143 2548 δὲ
1166 2495 1271 2547 τῶν
1314 2497 1579 2566 δευτέρων
1611 2496 1643 2565 ἢ
1673 2494 1783 2547 τῶν

210 2581 457 2654 ἐσχάτων
504 2587 535 2653 ἠ
546 2586 659 2654 μῶν
691 2587 888 2657 νοερῶν
911 2590 953 2620 ¹⁸
993 2590 1269 2659 δυνάμεων
1292 2629 1306 2653 ,
1355 2591 1430 2652 ὡς
1467 2591 1632 2661 αὐτῆς
1659 2591 1782 2643 έκά-

213 2689 314 2741 στη
359 2674 500 2727 κατὰ
530 2676 590 2728 τὸ
635 2677 861 2742 θεοειδὲς
900 2679 1196 2751 διέστηκεν,
1231 2681 1370 2734 οὕτω
1397 2683 1493 2752 τὴν
1522 2683 1694 2752 φανὴν
1738 2684 1780 2714 ¹⁹

209 2764 387 2833 αὐτῆς
427 2765 687 2837 ἕλλαμψιν
735 2772 951 2839 συνάγει
990 2773 1125 2844 πρὸς
1165 2773 1225 2825 τὸ
1252 2773 1351 2841 τῆς
1409 2773 1610 2836 οἰκείας
1651 2792 1774 2845 atch

209 2856 470 2927 φιότητος
511 2859 704 2912 ένιαῖον
746 2861 1040 2930 ἄγνωστον.
1097 2862 1387 2935 Ἐλλάμπει
1431 2864 1485 2915 δὲ
1518 2867 1630 2927 τοῖς
1661 2865 1762 2919 καθ

205 2941 444 2994 ἕκαστον
474 2943 741 3015 δευτέροις
765 2945 852 2998 διὰ
879 2947 984 2998 τῶν
1011 2947 1259 3020 πρώτων,
1294 2950 1405 3011 καὶ,
1433 2951 1479 3001 εἰ
1500 2949 1580 3002 δεῖ
1595 2950 1780 3002 συντό-

213 3046 334 3098 μως
377 3031 547 3083 εἰπεῖν
567 3073 579 3093 ,
614 3034 840 3103 πρώτως
878 3036 940 3087 ἐκ
970 3037 1063 3089 τοῦ
1096 3039 1326 3109 κρυφίου
1357 3039 1492 3108 πρὸς
1516 3038 1575 3092 τὸ
1601 3041 1781 3110 ἐμφα-

209 3120 302 3181 νὲς
333 3120 524 3187 ἄγεται
552 3123 638 3176 διά
657 3125 763 3177 τῶν
802 3126 1030 3198 πρώτων
1060 3130 1357 3198 δυνάμεων.
1395 3130 1565 3184 Τοῦτο
1592 3130 1723 3199 γοῦν
1751 3134 1781 3185 ό

207 3209 464 3280 θεολόγτις
503 3215 812 3270 ἐδιδάσκετο
847 3221 980 3290 πρὸς
1015 3220 1105 3273 τὸῦ
1137 3222 1593 3290 φωαγωγοῦντος
1615 3222 1777 3276 αὐτὸν

1885 2037 2159 2099 edocebat,
2193 2036 2466 2105 quomodo
2518 2033 2713 2089 divinae
2758 2029 3021 2086 claritatis
3060 2043 3124 2082 ac
3165 2026 3442 2086 munditiei

1885 2144 1983 2199 pro
2040 2128 2301 2200 cujusque
2355 2137 2517 2194 captu
2573 2124 2962 2195 participatio,
3014 2136 3232 2191 quoquo
3287 2119 3445 2172 modo

1886 2217 2098 2270 mundis
2120 2216 2283 2270 etiam
2314 2223 2457 2270 esset
2489 2213 2806 2284 expiationi.
2839 2212 2969 2278 Quae
3003 2226 3123 2265 cum
3158 2209 3441 2280 prtecipuis

1885 2307 1953 2361 de
1981 2310 2166 2363 causis
2195 2323 2222 2361 a
2258 2308 2349 2362 Dei
2379 2308 2682 2378 principatu
2715 2307 2768 2360 in
2802 2307 3014 2360 cunctis
3044 2306 3218 2359 sacris
3250 2302 3440 2358 menti-

1884 2398 1987 2455 bus
2016 2399 2460 2466 superessentiali
2512 2398 2744 2468 quodam
2791 2408 2999 2453 secreto
3040 2406 3309 2467 Operatur,
3353 2410 3443 2449 su-

1886 2491 2086 2558 premis
2123 2498 2298 2544 tamen
2349 2491 2640 2545 virtutibus
2691 2489 2908 2560 Deoque
2951 2488 3214 2559 proximis
3266 2488 3443 2541 mani-

1883 2581 2072 2635 festior
2118 2580 2517 2650 quodammodo
2561 2583 2776 2648 existit;
2831 2583 3010 2651 iisque
3061 2583 3231 2651 magis
3256 2598 3315 2638 se
3345 2598 3444 2656 ex-

1884 2672 2068 2726 planat
2119 2682 2173 2725 et
2244 2673 2530 2736 insinuat;
2565 2675 2823 2728 secundis
2879 2689 3006 2728 vero
3063 2675 3443 2729 novissimisve

1882 2764 2089 2817 nostris
2121 2763 2416 2818 virtutibus
2446 2765 2594 2819 hisce
2623 2765 2981 2834 spiritalibus,
3027 2775 3187 2833 prout
3216 2780 3448 2834 qumque

1881 2867 1909 2902 a
1941 2851 2311 2909 deiformitate
2341 2855 2455 2924 ipsa
2486 2856 2686 2920 distat,
2723 2857 2797 2910 ita
2825 2857 3027 2911 claram
3061 2856 3177 2925 ejus
3209 2858 3444 2914 illustra-

1882 2944 2081 2998 tioneut
2112 2949 2180 3000 ad
2210 2947 2409 2999 secreti
2449 2947 2532 3000 sui
2558 2949 2883 3017 singularem
2911 2949 3119 3002 confert
3150 2950 3440 3018 ignoratio-

1881 3051 2022 3089 nem.
2051 3035 2330 3090 Secuudas
2355 3051 2519 3106 porro
2538 3036 2815 3103 sigillatim
2837 3052 2933 3106 per
2957 3038 3158 3106 primas
3182 3038 3436 3100 illustrat,

1879 3136 1935 3181 ct
1965 3136 2022 3181 ut
2051 3129 2362 3182 summatim
2394 3129 2591 3192 dicam,
2619 3131 2866 3197 primitus
2894 3144 2958 3182 ex
2983 3131 3194 3184 occulto
3221 3131 3270 3183 in
3291 3145 3440 3200 aper-

1881 3229 1994 3272 tmn
2026 3217 2243 3272 ducitur
2278 3235 2376 3288 per
2411 3221 2639 3275 virtutes
2688 3222 2912 3289 primas.
2957 3219 3067 3275 Hoc
3089 3221 3253 3291 igitur
3284 3223 3436 3276 tbeo-
3465 3229 3468 3233 '

207 3301 470 3368 ἀγγέλου,
504 3305 564 3357 τὸ
605 3307 703 3377 τὴν
749 3309 1011 3380 κάθαρσιν
1039 3312 1129 3363 καὶ
1158 3312 1335 3374 πάσας
1353 3312 1451 3374 τὰς
1474 3313 1768 3384 θεαρχικάς
1792 3334 1807 3386 ς

1881 3308 2029 3379 logus
2066 3310 2132 3363 ab
2179 3311 2392 3381 angelo,
2441 3312 2532 3382 qui
2567 3311 2742 3380 ipsum
2780 3313 3123 3378 illustrabat,
3173 3311 3434 3374 discebat,

208 3393 524 3462 ἐνεργείας,
560 3397 648 3450 διὰ
686 3399 794 3452 τῶν
827 3400 1054 3470 πρώτων
1094 3403 1284 3455 οὐσιῶν
1331 3405 1770 3474 ἀηλαμπούσας,

207 3483 293 3544 εἰς
324 3484 502 3549 πάσας
530 3487 628 3550 τάς
654 3488 843 3553 λοιπάς
875 3491 1192 3546 διαδίδοσθαι
1239 3493 1378 3546 κατά
1411 3495 1507 3566 τὴν
1539 3495 1774 3565 ἑκάστης

207 3574 352 3643 πρὸς
395 3575 492 3638 τάς
525 3577 845 3648 θεουργικάς
885 3573 1170 3650 μετουσίας
1209 3584 1522 3652 ἀναλογίαν·
1565 3584 1643 3636 διὸ
1683 3585 1776 3637 καὶ

203 3666 311 3736 τὴν
350 3668 634 3737 ὲμπυρίως
665 3672 997 3743 καθαρτικὴν
1036 3674 1269 3744 ίδιότητα
1297 3680 1409 3739 τοῖς
1437 3679 1675 3748 σεραφὶμ
1699 3676 1777 3729 εἱ-

208 3757 390 3820 κότως
419 3760 556 3828 μετὰ
588 3761 717 3815 Θεὸν
753 3764 1109 3820 ἀνατέθεικεν.
1150 3768 1313 3822 Οὐδὲν
1345 3763 1438 3820 οὖν
1472 3770 1688 3831 ἄτοπον,
1727 3771 1776 3822 εί

206 3850 500 3920 καθαίρειν
539 3852 750 3920 λέγεται
782 3856 872 3909 τὸν
907 3858 1150 3927 θεολόγον
1181 3863 1209 3912 ό
1250 3861 1508 3932 σεραφίμ.
1551 3860 1636 3924 Ὠς
1669 3861 1777 3930 γάρ

204 3942 236 3992 ό
268 3940 406 4002 Θεὸς
444 3943 688 4014 καθαίρει
726 3948 932 4011 πάντας
967 3949 1046 4019 τῷ
1085 3950 1264 4019 πάσης
1294 3949 1609 4021 καθάρσεως
1641 3947 1775 4004 εἶναι

204 4033 389 4095 αίτίας
409 4034 475 4097 ³⁸,
509 4034 702 4104 μᾶλλον
733 4038 790 4089 δὲ
841 4040 1221 4111 (παραπλησίῳ
1247 4041 1356 4113 γὰρ
1379 4043 1648 4112 χρήσομαι
1675 4060 1776 4096 πα-

209 4125 581 4196 ραδείγματι),
610 4126 854 4200 καθάπερ
888 4131 915 4180 ὁ
943 4131 1061 4182 καθ’
1091 4133 1234 4201 ἡμᾶς
1267 4133 1520 4203 ίεράρχης
1547 4131 1632 4184 διὰ
1667 4132 1775 4184 τῶν

207 4215 380 4268 αὐτοῦ
427 4217 749 4288 λειτουργῶν
786 4219 818 4288 ἦ
880 4221 1066 4291 ἱερέων
1111 4221 1386 4293 καθαίρων
1429 4222 1461 4292 ἢ
1507 4222 1772 4291 φωτίζων,

205 4306 373 4370 αὐτὸς
435 4307 651 4376 λέγεται
710 4311 989 4382 καθαίρειν
1051 4313 1144 4364 καὶ
1217 4313 1469 4382 φωτίζειν
1537 4314 1644 4366 τῶν
1706 4315 1774 4366 δι’

203 4397 375 4451 αὐτοῦ
428 4399 845 4471 καθιερωμένων
900 4403 1103 4468 τάξεων
1159 4405 1244 4456 ἐπ’
1296 4403 1453 4457 αὐτὸν
1505 4406 1773 4459 ἀνατιθει-

205 4490 322 4542 σῶν
363 4489 463 4553 τὰς
502 4490 702 4553 οίκείας
763 4492 912 4562 ἱερὰς
956 4493 1253 4562 ἐνεργείας·
1327 4493 1466 4547 οὕτω
1530 4496 1623 4548 καὶ
1677 4495 1773 4566 τὴν

202 4580 417 4632 οἰκείαν
467 4582 801 4654 καθαρτικὴν
848 4584 1156 4654 ἐπιστήμην
1204 4587 1296 4637 καὶ
1336 4585 1562 4657 δύναμιν
1603 4590 1632 4641 ό
1675 4589 1774 4659 τὴν

202 4671 476 4742 κάθαρσιν
511 4673 604 4725 τοῦ
653 4673 894 4742 θεολόγου
934 4675 1298 4747 τελετουργῶν
1320 4677 1363 4709 ²¹
1392 4679 1648 4746 ἄγγελος,
1680 4681 1771 4732 ἐπὶ
1803 4670 1842 4721 θ

198 4761 338 4814 Θεὸν
366 4762 464 4832 μὲν
488 4762 562 4824 ὡς
591 4762 777 4826 αἴτιον,
808 4763 898 4816 ἐπὶ
923 4763 976 4816 δὲ
996 4763 1101 4816 τῶν
1126 4766 1363 4836 σεραφὶμ
1385 4766 1458 4828 ὼς
1487 4783 1767 4835 πρωτουρ-

200 4851 300 4918 γὸν
336 4852 629 4922 ἱεράρχην,
677 4853 1005 4923 ἀνατίθησιν·
1043 4855 1116 4917 ὡς
1149 4856 1212 4908 ἀν
1243 4873 1324 4918 τις
1353 4856 1502 4927 φαίη,
1537 4859 1652 4925 μετ’
1677 4858 1766 4909 εὑ-

199 4939 749 5012 λα6είας.ἀγγελικῆς
777 4944 871 4996 τὸν
901 4945 990 4996 ὑπ’
1018 4944 1180 4997 αὐτθῦ
1215 4945 1600 5016 καθαιρόμενον
1629 4948 1766 4999 ἐκδι-

195 5031 435 5085 δάσκων·
469 5032 588 5086 Ὀτι
613 5034 710 5103 τῆς
740 5034 819 5096 είς
843 5035 900 5086 σὲ
926 5035 1058 5105 πρὸς
1085 5036 1223 5108 ἐμοῦ·

199 5125 522 5194 καθάρσεως
569 5125 706 5196 ἀρχὴ
744 5129 844 5198 μέν
875 5130 1017 5182 ἐστιν
1061 5128 1369 5200 ἐξῃρημένη
1390 5171 1402 5194 ,
1435 5131 1527 5182 καὶ
1571 5130 1757 5192 οὐσία,

197 5219 298 5268 καὶ
333 5215 662 5287 δημιουργὸς
691 5221 783 5272 καὶ
814 5220 1001 5283 αἴτιος,
1037 5224 1064 5272 ό
1097 5223 1185 5274 καὶ
1210 5221 1305 5285 τὰς
1330 5220 1548 5290 πρώτας
1578 5221 1761 5283 οὐσίας

1873 3401 2142 3467 quomodo
2167 3417 2291 3456 cum
2323 3403 2553 3469 ipsamet
2586 3403 2862 3472 eXpiatio,
2916 3416 3028 3458 tum
3076 3415 3286 3459 cmterae
3339 3404 3434 3458 Dei

1873 3489 2198 3559 principales
2216 3493 2558 3560 Operationes
2586 3509 2793 3555 omnes,
2835 3508 2929 3561 per
2952 3496 3149 3563 primas
3171 3495 3436 3548 essentias

1871 3580 2170 3647 clucentes,
2221 3584 2272 3635 in
2319 3600 2510 3639 omnes
2561 3585 2798 3653 reliquas
2845 3585 3256 3650 distribuantur,
3284 3587 3433 3656 juxta

1873 3672 2166 3741 cujuslibet
2196 3676 2263 3729 ad
2305 3678 2529 3731 deilicas
2560 3677 3014 3748 participationes
3042 3680 3428 3747 capacitatem:

1871 3779 2206 3838 quapropter
2256 3785 2354 3839 per
2402 3771 2582 3840 ignem
2612 3772 2872 3840 expiandi
2910 3773 3293 3842 proprietatem
3320 3789 3431 3829 me-

1874 3863 1976 3914 rito
2007 3862 2143 3930 ipsis
2175 3864 2450 3932 seraphim
2502 3863 2798 3917 secundum
2850 3864 3017 3920 Deum
3065 3867 3274 3921 tribuit.
3324 3867 3429 3921 Ne-

1871 3967 2144 4021 quaquam
2176 3955 2340 4025 igitur
2371 3954 2665 4009 absurdunt
2699 3955 2786 4018 sit,
2813 3955 2856 4010 si
2882 3956 3189 4026 theologum
3214 3960 3434 4028 expiare

1873 4047 2148 4114 serapbim
2179 4047 2516 4116 perhibetur.
2545 4046 2612 4104 Ut
2643 4049 2788 4103 enim
2821 4049 2984 4113 Deus,
3010 4050 3111 4105 hoc
3143 4052 3258 4119 ipso
3288 4055 3435 4122 quod

1872 4141 2051 4195 cumis
2083 4141 2413 4212 expiationis
2443 4156 2608 4196 causa
2639 4143 2732 4209 sit,
2761 4157 2950 4198 omnes
2971 4145 3240 4213 puriﬁcat,
3274 4145 3432 4216 115

1873 4231 1956 4287 vel
1981 4235 2164 4301 patius
2190 4234 2208 4295 (
2217 4243 2275 4285 ut
2303 4235 2474 4304 magis
2501 4233 2657 4288 obvio
2682 4234 2929 4303 exemplo
2952 4236 3091 4306 utar)
3124 4238 3263 4291 sicut
3289 4241 3428 4306 apud

1873 4343 1972 4381 nos
2010 4326 2277 4396 pontifex,
2310 4329 2435 4382 dum
2468 4345 2562 4398 per
2614 4329 2902 4384 ministros
2949 4346 3077 4384 suos
3108 4348 3202 4385 seu
3245 4347 3426 4387 sacer-

1870 4422 2024 4474 dotes
2066 4420 2272 4488 expiat,
2320 4420 2684 4482 illuminatve,
2730 4423 2957 4491 ipsemet
2985 4425 3207 4494 expiare
3230 4436 3282 4480 et
3308 4427 3427 4481 illu-

1871 4515 2078 4569 minare
2125 4514 2343 4577 dicitur,
2377 4516 2520 4584 quod
2547 4516 2624 4569 illi
2678 4518 2915 4581 ordines,
2956 4533 3090 4585 quos
3117 4533 3422 4584 consecrat,

1869 4614 2247 4660 sacrosanctas
2268 4621 2402 4661 suas
2434 4608 2486 4663 in
2520 4608 2695 4675 ipsum
2739 4609 2978 4664 referant
3024 4612 3271 4665 actiones
3304 4635 3315 4665 ;
3346 4615 3425 4665 sic

1869 4699 2092 4766 angelus
2116 4712 2334 4766 quoque
2353 4698 2446 4768 qui
2477 4698 2786 4768 theologum
2841 4701 3121 4768 expiabat,
3147 4702 3421 4770 propriam

1867 4788 2132 4859 purgandi
2186 4791 2296 4843 vim
2352 4800 2515 4858 atque
2564 4789 2851 4845 scientiam
2909 4791 3018 4846 Deo
3071 4794 3311 4859 quidem,
3366 4802 3424 4845 ut

1863 4882 2096 4946 auctori,
2129 4882 2400 4950 seraphin:
2435 4897 2584 4946 vero,
2618 4891 2872 4950 tanquam
2909 4884 3220 4952 primicerio
3250 4900 3428 4938 sacro~

1862 4991 1984 5028 rum
2031 4975 2290 5037 antistiti,
2327 4974 2603 5041 attribuit;
2636 4990 2698 5030 ac
2728 4978 2776 5030 si
2806 4977 2976 5040 dicat,
3010 4991 3135 5030 cum
3174 4977 3420 5044 angelica

1243 5037 1453 5089 τελετου
1460 5053 1589 5107 ργου
1596 5037 1761 5107 μένης

1881 5065 2093 5132 [uadatn
2131 5066 2432 5119 reverentia
2462 5081 2584 5120 eum
2618 5069 2709 5135 qui
2737 5067 3069 5136 purgabatur
3096 5068 3417 5123 instituens:

1860 5157 1988 5225 Ejus
2032 5171 2153 5224 qua
2182 5159 2236 5209 in
2271 5166 2319 5209 te
2351 5171 2472 5211 meo
2509 5156 2814 5213 ministerio
2839 5157 3122 5225 perficitur
3157 5159 3420 5226 expiatio-

1865 5251 1950 5304 nis
1977 5287 1992 5312 ,
2026 5250 2355 5318 principium
2401 5249 2622 5318 quidem
2675 5251 3126 5319 praecipuum,et
3173 5252 3418 5304 essentia

1459 5424 1687 5479 VARI/1'3
1728 5425 2126 5485 LECTIONES.

265 5570 314 5656 ’ξ
334 5572 435 5656 Ῠείς
599 5572 710 5656 τῶν
739 5576 1102 5656 ὑψηλοτέρων,
1130 5582 1186 5634 D.
1269 5583 1309 5612 "
1337 5583 1766 5656 καὶαγνότητος,
1807 5589 1865 5641 D.
1893 5601 1945 5641 et
1975 5587 2107 5640 Bttd.
2136 5587 2198 5640 Υ.
2229 5586 2473 5652 διαυγέας
2521 5586 2831 5656 ἀγνότητος.
2876 5585 3154 5656 ἀγνόητος,
3189 5585 3255 5637 Μ·
3288 5601 3408 5656 90⁸·-

189 5649 362 5725 ρξιδιε
403 5649 632 5725 ορίμυτες
666 5649 781 5712 ejus
826 5650 1066 5725 lectionis
1102 5649 1595 5725 tarnen_vestigiuut
1637 5649 1716 5707 est
1745 5658 1796 5710 in
1829 5658 2186 5710 translatione
2209 5649 2380 5720 Scoti,
2415 5649 2580 5710 vertit
2598 5649 2763 5718 enim,
2798 5649 3097 5725 incognitis.
3179 5656 3220 5685 ¹⁶
3249 5654 3403 5725 αὕτη.

185 5709 296 5796 βία.
323 5708 392 5796 0..
466 5712 506 5741 ³⁷
536 5708 936 5796 τελειξιουμένη,
975 5717 1034 5772 ι).
1111 5720 1154 5749 ¹⁸
1186 5722 1221 5788 ὴ
1251 5723 1360 5796 τῶν
1401 5708 1576 5796 stipi.
1604 5725 1672 5776 Μ.
1701 5708 1890 5796 Ρζςι..
1921 5708 2010 5796 Se.
2047 5708 2232 5796 δέπὶέῇ
2260 5708 2380 5778 τῶν
2403 5708 2509 5796 πρὸ
2552 5708 2726 5796 ἡμῶν,
2753 5708 2819 5777 ἶ).
2848 5708 3053 5796 ννΪτιΒν
3074 5725 3332 5796 -ὲσχάτων

187 5779 300 5862 τῷν
326 5779 509 5862 μέσων
542 5783 761 5862 νο-ερῶνξ

191 5794 300 5830 των
327 5789 509 5848 μέσων
542 5789 761 5853 νοερῶν.
886 5789 927 5819 η
955 5806 1042 5859 γρ.
1085 5793 1323 5861 φαεινήν.

191 5851 231 5879 ⁸³
261 5851 673 5921 τελεσιουργῶν,
703 5853 800 5909 εδ.

1452 5794 1495 5824 ὀ
1520 5789 1654 5846 εἶναι
1682 5794 1848 5858 αἰτία.
1882 5798 1935 5850 υ.
1987 5795 2041 5849 S.
2073 5795 2133 5851 Ρ.
2162 5789 2294 5849 εἶναι
2323 5789 2465 5849 αἰτία
2495 5789 2779 5866 καῖ’ἁρχή,
2820 5795 2914 5848 (ιιι.
2962 5795 3020 5850 ν.
3045 5789 3188 5847 εἶναι’
3215 5789 3400 5855 αίτιοςζ
