4176 6308
133 401 242 456 309
643 400 729 455 DE
761 401 1088 458 C(ELESTI
1125 402 1583 471 IIIEIlARCIIlA,
1616 404 1767 460 CAP.
1806 404 1942 460 XIII.
1977 438 2041 448 —-
2080 403 2419 460 PAIIAPIIB.
2456 401 2914 462 PACIIYMERE.
3281 408 3385 465 illo

134 512 413 638 :i’veﬁxia
455 516 668 638 alpecies
698 532 896 572 arcana
932 519 1263 590 prophetiae,
1299 537 1403 574 non
1456 534 1678 591 possunt
1731 520 2037 588 allirtnare;
2089 520 2228 576 Deus
2278 520 2668 590 prOphetarum
2715 519 2905 587 novit,
2944 526 2998 574 et
3035 520 3231 589 quibus
3257 521 3382 577 talia

209 601 240 634 ιι
369 600 517 638 run.
560 605 579 638 ›

213 599 287 634 nu
330 599 517 638 erunt.
560 605 579 639 ›

213 599 351 707 NnIga
395 665 579 732 autem
609 671 675 710 ex
721 657 780 711 Ρ.
813 658 1064 732 Cornelio
1094 675 1365 732 congruas
1401 660 1609 731 aliquot
1641 661 1887 715 rationes
1918 660 2076 730 hujus
2119 662 2364 718 visionis.
2408 659 2610 723 Prima,
2641 671 2700 714 ut
2729 676 2824 730 per
2854 676 2972 716 eam
3005 661 3158 732 quasi
3189 675 3382 716 conse-

138 736 393 805 craretur
425 727 691 805 propheta
724 729 1108 805 etapostnlus.
1141 731 1431 805 _Secnngla_,_
1459 727 1514 783 ut
1547 748 1576 784 a
1615 731 1933 805 caelestibus
1983 727 2266 805 spiritibus
2297 734 2554 805 disceret,
2586 727 2856 805 quoujodo
2885 727 3070 786 divina
3105 733 3382 786 tractanda

138 795 276 847 sint.
326 795 1045 868 Tertia_._utAanimaretur
1075 816 1103 852 a
1138 802 1248 855 Den
1280 803 1345 855 ad
1380 795 1548 854 libere
1602 802 1939 868 argncndam
1993 795 2292 856 caecitatem
2336 795 2665 855 Iudaeorum.
2710 800 2948 866 Quarta,
3001 812 3056 855 ut
3101 805 3384 856 doceretur

143 867 492 940 mysterium
521 865 626 919 SS.
674 866 998 932 Trinitatis,
1047 879 1100 924 et
1142 872 1298 925 nobis
1344 872 1485 924 idem
1530 865 1904 925 adumbraret.
1945 871 2106 926 Plura
2145 873 2266 928 vide
2307 874 2446 940 apud
2497 869 2553 923 P.
2605 865 2949 936 Cornelium,
2976 872 3066 939 qui
3111 877 3178 926 ad
3221 881 3386 940 caput

138 944 361 1058 satum
393 933 548 991 Isaia:
579 939 718 991 hanc
755 941 1022 995 visionem
1074 941 1192 997 fuse
1229 940 1507 1011 explicat,
1553 952 1607 996 et
1650 940 1818 994 simul
1862 940 1950 994 illa
1997 955 2118 1010 qme
2168 933 2422 1012 superius
2451 942 2518 996 ad
2552 952 2714 1010 caput
2743 933 2950 996 sextum
2995 933 3050 997 et
3096 933 3380 1011 septimum

158 1021 171 1054 I
237 1020 477 1061 avmms.

240 1021 477 1061 arturus.

1193 1213 1674 1270 PARAPHRASIS
1710 1211 2149 1268 PACHYMERAQ
2188 1213 2320 1284 (ιε).

216 1367 244 1436 ς
291 1366 334 1421 Ι.
374 1369 510 1439 Φέρε
549 1370 641 1421 καὶ
692 1370 883 1440 ἑτέραν
928 1368 1165 1440 ἀπορίαν
1198 1369 1558 1440 ζητήσωμεν,
1607 1365 1721 1420 ἐπεὶ

1755 1373 1802 1430 Α
1907 1366 1934 1438 §
1975 1366 2017 1420 I.
2061 1366 2297 1437 Agedum
2345 1368 2509 1421 etiam
2555 1367 2714 1421 aliam
2765 1368 3116 1437 quaestionem
3167 1368 3389 1436 indage-

141 1463 522 1530 ἐναντιοφανὲς
569 1458 707 1514 εἶναι
758 1463 903 1516 δοκεί
953 1466 1066 1526 τοῖς
1112 1462 1405 1534 λεχθεῖσιν·
1457 1464 1560 1534 ἔφη
1615 1463 1723 1534 γὰρ

141 1555 247 1625 πρὸ
295 1553 524 1616 τούτων,
571 1553 651 1606 ὅτι
699 1553 770 1606 τὰ
809 1553 1090 1627 κατώτερα
1123 1556 1225 1608 ὑπὸ
1252 1556 1361 1610 τῶν
1393 1557 1721 1627 ὑπερκειμὲ-

142 1665 268 1709 νων,
300 1647 361 1699 οὐ
395 1649 502 1717 μὴν
528 1647 634 1699 τῶν
660 1647 920 1701 ἀνωτάτω
945 1647 1223 1717 μυοῦνται.
1253 1648 1394 1719 Ὅρα
1422 1648 1499 1710 δὲ,
1529 1648 1608 1699 ὅτι
1632 1649 1723 1700 καὶ

139 1741 262 1788 τότε
292 1735 534 1807 ἐζητήθη
550 1737 742 1801 ταῦτα,
767 1738 858 1791 καὶ
891 1739 1162 1810 διαφόρως
1187 1739 1440 1811 ἐπελύθη.
1472 1741 1722 1810 Ζητεῖται

141 1828 271 1900 γὰρ,
303 1828 451 1891 τίνος
476 1828 642 1882 ἕνεκα
684 1830 822 1900 πρὸς
859 1831 950 1883 τὸν
984 1832 1209 1884 Ἡσαΐαν
1244 1833 1272 1884 6
1311 1831 1550 1902 σεραφὶμ
1589 1832 1724 1885 ἀπο-

145 1919 458 1984 στέλλεται,
513 1921 605 1973 καὶ
649 1921 747 1974 ούκ
794 1923 857 1973 ἐκ
893 1921 1001 1973 τῶν
1059 1922 1356 1975 κατωτάτω
1399 1921 1719 1991 ταγμάτων,

142 2010 264 2064 ἐπεὶ
292 2011 579 2081 ἐλέγομεν,
615 2011 892 2074 εὐτάκτως
937 2013 969 2082 ή
1021 2012 1219 2082 μύησις
1240 2012 1446 2080 γίνεται
1486 2009 1574 2063 διὰ
1613 2009 1723 2062 τῶν

144 2101 379 2172 πρώτων
427 2105 506 2165 εἰς
541 2102 609 2155 τὰ
646 2103 906 2175 δεύτερα·
953 2103 1042 2156 διὰ
1071 2106 1123 2157 τί
1168 2103 1300 2174 γοῦν
1344 2103 1593 2175 καθαίρει
1631 2103 1723 2157 τὸν

143 2194 429 2264 ὑποφήτην
457 2197 486 2247 6
516 2196 633 2257 ταῖς
667 2195 925 2248 ἀνωτάτω
961 2194 1175 2259 τάξεσιν
1199 2196 1544 2266 ἐναρίθμιος;

215 2286 243 2358 §
289 2287 350 2340 Il.
395 2286 552 2344 Τινὲς
587 2287 685 2356 μὲν
723 2283 816 2339 οὖν
864 2304 1058 2355 φασιν,
1100 2288 1182 2340 ὃτι
1220 2288 1312 2340 καὶ
1351 2289 1379 2340 ὁ
1428 2288 1723 2360 κατωτέρω

142 2375 373 2444 ἅγγελος
422 2377 727 2447 ὁμωνύμως
761 2378 1000 2448 σεραφὶμ
1035 2377 1374 2447 ὀνομάζεται,
1420 2380 1538 2431 κατ’
1565 2379 1722 2432 αὐτὸν

142 2466 231 2517 τὸν
269 2465 373 2528 τῆς
405 2466 687 2529 κοινωνίας
714 2466 890 2534 λόγον,
925 2467 982 2519 ὃν
1013 2469 1106 2520 καὶ
1148 2468 1409 2539 πρότερον
1442 2469 1720 2539 ἐλέγομεν,

143 2558 222 2610 ὃτι
259 2558 547 2628 μετέχουσι
581 2561 674 2614 καί
707 2560 775 2617 τὰ
802 2561 948 2615 κάτω
987 2561 1097 2614 τῶν
1129 2561 1601 2634 ὑπερϐεϐηκότων,
1630 2564 1723 2617 καὶ

144 2649 210 2702 τὰ
242 2651 660 2722 ὑπερϐεϐηκότα
701 2654 809 2706 τῶν
845 2655 1024 2707 κάτω·
1063 2657 1113 2707 εί
1151 2656 1245 2707 καί
1277 2654 1448 2707 ταῦτα
1485 2654 1584 2724 μὲν
1615 2653 1724 2706 ὀλι-

1831 1475 1980 1521 mus,
2013 1459 2270 1527 quoniam
2307 1460 2519 1513 videtur
2561 1475 2683 1514 esse
2717 1461 2874 1515 dictis
2916 1460 3220 1515 contraria:
3249 1461 3387 1514 dixit

1825 1549 1967 1605 enim
1996 1561 2181 1616 antea,
2214 1550 2502 1605 inferiores
2531 1567 2558 1604 a
2591 1553 3045 1621 prtecedentibus,
3077 1567 3180 1606 nou
3206 1563 3385 1608 autem

1828 1655 1855 1692 a
1889 1647 2156 1709 supremis
2186 1641 2391 1697 doceri.
2424 1643 2664 1699 Observa
2708 1655 2910 1710 autem,
2943 1653 3000 1698 ut
3033 1654 3087 1699 et
3121 1645 3234 1699 haec
3262 1653 3387 1700 tunc

1826 1733 2074 1800 quaesita,
2102 1742 2155 1787 et
2183 1731 2549 1790 diversimode
2573 1735 2747 1789 soluta
2771 1735 2899 1789 sint.
2926 1732 3198 1801 Quaeritur
3221 1734 3383 1800 enim,

1824 1838 1922 1876 cur
1951 1825 2016 1876 ad
2041 1820 2234 1876 Isaiam
2266 1825 2536 1894 seraphim
2569 1827 2841 1890 mittatur,
2867 1837 2921 1881 et
2959 1842 3063 1881 non
3091 1826 3387 1895 aliQuisex

1826 1917 2110 1971 ordinibus
2154 1917 2531 1980 inferioribus,
2577 1919 3015 1989 quandoquidem
3063 1919 3383 1980 dixerimus,

1824 2010 2074 2064 ordinate
2101 2009 2411 2064 doctrinam
2458 2011 2595 2064 tradi
2640 2025 2736 2079 per
2763 2011 2966 2080 primos
2994 2011 3340 2065 inferioribus
3366 2029 3382 2065 :

1824 2116 1994 2169 (piare
2020 2117 2149 2171 ergo
2182 2101 2506 2170 prophetam
2557 2102 2738 2170 expiat
2785 2102 2830 2156 is
2877 2101 2968 2171 qui
3002 2101 3267 2172 supremis
3295 2117 3385 2156 or-

1825 2192 2038 2248 dinibus
2071 2193 2506 2248 annumeratur?

1896 2285 1923 2356 ᾗ
1958 2285 2018 2340 Il.
2058 2287 2239 2356 Aliqui
2287 2286 2472 2355 itaque
2507 2285 2717 2350 dicunt,
2774 2286 3089 2341 inferiorem
3134 2285 3384 2356 angelum

1825 2380 2055 2433 univoce
2102 2379 2377 2448 seraphim
2425 2380 2734 2444 nominari,
2787 2381 3086 2434 secundum
3137 2382 3384 2434 eamdem

1824 2471 2344 2524 communicationis
2375 2469 2635 2524 rationem
2666 2485 2826 2538 quam
2878 2480 3040 2524 antea
3090 2471 3388 2541 assignavi-

1826 2576 1948 2615 mus
1971 2599 1989 2627 ,
2021 2562 2178 2632 117
2211 2562 2354 2631 quod
2385 2561 2641 2615 nimirum
2691 2559 2978 2616 inferiores
3019 2577 3082 2616 ea
3126 2576 3246 2630 quae
3293 2576 3386 2615 su-

1825 2654 2094 2723 periorum
2146 2666 2273 2708 sunt
2310 2653 2678 2723 participent,
2730 2653 2807 2707 uti
2855 2663 2908 2706 et
2960 2653 3268 2722 superiores
3321 2668 3384 2704 ea

145 2743 253 2806 κῶς
277 2785 291 2807 ,
329 2744 400 2796 τὰ
431 2745 487 2798 δὲ
520 2747 670 2798 κάτω
714 2746 822 2798 τῶν
877 2748 1330 2819 ὑπερϐεϐηκότων
1379 2747 1616 2819 μερικῶς
1661 2765 1718 2800 τε

1752 2777 1792 2830 Β
1823 2762 1942 2815 quae
1972 2756 2097 2801 sunt
2140 2746 2490 2811 inferiorum;
2527 2747 2651 2801 licet
2676 2747 2729 2801 hi
2759 2747 2972 2816 quidem
3011 2745 3275 2809 totaliter,
3306 2746 3382 2798 illi

147 2837 235 2886 καὶ
267 2837 672 2908 ἀμυδροτέρως.
708 2839 805 2890 Διὰ
830 2838 988 2891 τοῦτο
1011 2840 1106 2910 οὐχ
1134 2840 1228 2892 ἕνα
1259 2838 1366 2892 τῶν
1402 2840 1720 2908 πρωτίστων

149 2928 390 2999 σεραφὶμ
425 2929 681 2999 ὀνομάζει
719 2930 778 2982 τὸ
823 2929 1000 2998 λόγιον
1040 2933 1132 2985 ἐπὶ
1175 2934 1273 3005 τὴν
1321 2933 1585 3004 κάθαρσιν
1627 2933 1721 2986 τοῦ

150 3022 424 3090 προφήτου
460 3019 806 3090 ἐληλυθέναι,
841 3021 966 3074 τινὰ
1002 3022 1058 3075 δὲ
1101 3023 1207 3075 τῶν
1249 3025 1575 3078 κατωτάτων
1619 3026 1720 3092 ἀγο

147 3111 334 3177 γέλων,
372 3111 465 3163 καὶ
498 3114 610 3173 τοῖς
634 3111 942 3182 ἀνθρώποις
979 3114 1375 3184 ἐφεστηκότων,
1404 3116 1480 3178 ὡς
1514 3116 1723 3187 ἱερουρ-

147 3205 240 3272 γὸν
269 3203 373 3274 τῆς
405 3204 721 3276 καθάρσεως
744 3246 758 3268 ,
797 3208 1036 3276 σεραφὶμ
1068 3207 1370 3278 ὁμωνύμως
1419 3209 1717 3280 κληθῆναι·’

149 3300 391 3368 σεραφὶμ
417 3297 525 3369 γὰρ
558 3298 940 3368 ἐμπρηστὴςῆ
988 3299 1297 3369 θερμαίνων
1339 3301 1718 3371 ἑρμηνεύεται.

160 3387 309 3443 Ἐπεὶ
321 3386 414 3442 οὖν
432 3389 536 3443 ἔδει
555 3390 816 3461 πρότερον
839 3390 946 3442 ἀπὸ
962 3390 1069 3443 τῶν
1087 3392 1369 3464 ἁμαρτιῶν
1385 3392 1722 3464 καθαρθῆναι

149 3483 236 3533 τὸν
282 3483 566 3553 προφήτην
586 3523 600 3545 ,
638 3483 728 3535 καὶ
760 3478 876 3535 εἶτα
904 3483 1173 3559 μυηθῆναι
1202 3483 1270 3537 τὰ
1302 3485 1436 3549 θεῖα,
1472 3484 1672 3555 ἐκλήθη
1694 3489 1722 3538 6

153 3574 426 3646 καθαίρων
461 3575 552 3627 καὶ
577 3571 946 3644 ἀναζωπυρῶν
972 3575 1198 3642 ἄγγελος
1231 3575 1318 3628 διὰ
1345 3577 1442 3647 τὴν
1469 3576 1721 3648 τοιαύτην

153 3667 432 3735 ἐνέργειαν
468 3665 723 3736 σεραφίμ.
783 3664 870 3726 Ὠς
908 3664 1034 3731 γοῦν
1067 3665 1385 3736 ἐμπρηστὴς
1416 3665 1512 3728 τὰς
1546 3667 1722 3736 ἀμαρ-

151 3757 264 3820 τίας
284 3757 622 3811 κατέκαυσεν
641 3773 652 3784 ·
677 3756 750 3818 ὡς
771 3755 827 3808 δέ
850 3755 1153 3826 θερμαίνων
1178 3757 1275 3827 τὴν
1303 3757 1436 3828 πρὸς
1455 3757 1552 3828 τὴν
1573 3757 1721 3809 θείαν

155 3849 395 3920 ὑπακοήν
429 3852 725 3921 ἐνήργησεν
758 3848 1194 3920 ἀναζωπύρησιν
1239 3848 1390 3903 Ἰδοὺ
1430 3849 1539 3917 γὰρ
1576 3850 1717 3916 ἐγὼ,

158 3943 332 4011 φησίν.
366 3941 524 3994 ὐθεν
549 3943 640 3994 καὶ
658 3941 765 3994 ἀπὸ
789 3940 884 4011 τῆς
918 3941 1191 4012 ἐνεργείας
1221 3941 1420 4012 ἐκλήθη
1445 3942 1473 3992 6
1497 3942 1722 4008 ἄγγελος

160 4036 413 4106 σεραφὶμ,
441 4036 533 4088 καὶ
562 4034 660 4086 οὑκ
691 4029 758 4104 ἦν
796 4030 876 4097 εἷς
907 4033 1015 4086 τῶν
1051 4032 1188 4105 πρὸς
1225 4033 1314 4086 τὸν
1339 4032 1467 4086 Θεὸν
1500 4037 1592 4086 καὶ
1623 4032 1722 4103 τῆς

160 4128 374 4198 πρώτης
413 4125 636 4191 τάξεως.

229 4317 256 4387 ᾗ
294 4317 386 4369 ιιι.
433 4316 655 4385 Ἕτερος
685 4314 742 4376 δέ
776 4331 860 4377 τις
889 4313 1086 4366 δέδωκε
1119 4312 1270 4365 λύσιν
1319 4312 1418 4382 τῆς
1467 4312 1720 4381 τοιαύτης

163 4409 385 4477 ἀπορίας
409 4407 470 4459 ού
498 4407 701 4478 σφόδρα
733 4406 951 4459 ἄτοπον.
986 4405 1155 4458 Τοῦτο
1179 4406 1235 4458 δὲ
1265 4407 1325 4458 ού
1353 4406 1567 4467 πάντως
1589 4404 1724 4474 πρὸς

166 4501 444 4571 σύγκρισιν
467 4500 561 4552 τοῦ
600 4499 818 4569 μετρίου
843 4497 1082 4568 εἴρηκεν.
1118 4498 1282 4567 ήγουν
1315 4497 1472 4567 τυχὸν
1528 4497 1726 4550 ἄτοπον

169 4594 280 4661 μὲν,
316 4592 428 4646 ἀλλ’
450 4592 510 4644 οὑ
547 4590 768 4660 σφόδρα,
805 4587 941 4641 ἀλλὰ
975 4588 1209 4658 μετρίως
1243 4587 1459 4640 ἄτοπον.
1497 4589 1570 4639 Οὐ
1605 4587 1726 4639 τοῦ-

164 4701 239 4749 το,
264 4684 396 4737 ἀλλὰ
428 4683 551 4737 οὔτε
588 4684 808 4745 ἄτοπον,
842 4680 963 4734 οὔτε
997 4680 1220 4750 σφόδρα,
1257 4681 1396 4733 κατὰ
1449 4681 1634 4749 σχῆμα
1665 4680 1726 4731 τὸ

170 4779 268 4832 ἀπὸ
283 4778 461 4832 κοινοῦ
482 4795 495 4808 ·
528 4777 708 4839 καθὼς
743 4777 838 4829 καὶ
854 4778 880 4828 6
908 4775 1078 4846 μέγας
1101 4774 1394 4845 Γρηγόριος
1417 4775 1445 4825 6
1468 4772 1726 4840 Θεολόγος

168 4869 220 4922 ἐν
248 4887 350 4922 τινι
374 4871 484 4922 τῶν
519 4867 681 4921 αὑτοῦ
715 4868 888 4936 λόγων
920 4865 1178 4926 διδάσκει,
1218 4866 1291 4928 ὡς
1313 4863 1406 4917 τοῦ
1428 4881 1440 4893 ⁸
1484 4883 1502 4914 ι
1531 4862 1604 4915 Οὐ
1639 4860 1726 4913 διὰ

168 4961 259 5023 τὰς
288 4960 630 5021 δικαιοσύνας
663 4959 816 5029 ἡμῶν
838 4957 902 5019 ἃς
935 4958 1265 5026 ἐποιήσαμεν
1286 4973 1299 4986 ο
1321 4956 1381 5007 οὑ
1405 4954 1512 5026 γὰρ
1544 4953 1726 5020 ἐποιή-

172 5067 350 5122 σαμεν.
376 5071 394 5104 ι
424 5051 534 5103 Καὶ
563 5050 747 5102 πάλιν·
774 5050 894 5101 Οὐκ
921 5047 989 5099 ἐκ
1007 5045 1223 5115 μέτρου
1249 5044 1494 5098 δίδωσιν
1517 5046 1548 5096 ὀ
1583 5040 1725 5105 Θεὸς

173 5143 231 5194 τὸ
276 5142 529 5212 πνεῦμα,
555 5139 735 5202 καθὼς
769 5136 920 5208 παρὰ
969 5137 1046 5206 τῷ
1094 5135 1462 5205 Εὐαγγελιστῇ
1502 5133 1724 5202 Ἰωάννῃ

173 5232 402 5304 εὓρηται.
439 5229 577 5286 Εἷπε
609 5229 786 5282 τοίνυν
821 5230 1027 5290 ἐκεῖνος
1055 5226 1346 5295 ἀπολογίαν
1379 5225 1616 5292 εὔλογον,
1646 5225 1726 5276 ὅτι

1830 2854 1961 2894 vero
1989 2848 2194 2892 tantum
2220 2853 2283 2892 ex
2309 2848 2462 2906 parte
2485 2849 2540 2891 et
2565 2837 2862 2892 remissiori
2895 2838 3086 2906 gradu.
3119 2837 3384 2902 Quocirca

1826 2946 1934 2984 non
1968 2929 2102 2982 dicit
2147 2928 2451 2995 oraculum,
2492 2928 2788 2997 primorum
2825 2926 3060 2994 aliquem
3111 2923 3382 2992 seraphitn

1824 3021 1889 3075 ad
1921 3020 2246 3090 prophetam
2269 3020 2595 3090 expiandum
2642 3019 2948 3079 advenisse.
2978 3017 3072 3070 sed
3099 3016 3382 3086 quemdam

1827 3126 1893 3165 ex
1949 3109 2304 3164 inferioribus
2352 3110 2559 3180 angelis
2617 3108 2707 3177 qui
2769 3107 3081 3162 hominibus
3128 3114 3383 3173 praesunt,

1827 3213 2083 3271 tanquam
2127 3203 2461 3270 expiationis
2491 3201 2903 3258 administrnm,
2931 3198 3117 3250 eodem
3151 3212 3273 3250 cum
3302 3210 3387 3250 se-

1825 3294 2036 3363 raphim
2083 3295 2305 3348 nomine
2344 3301 2632 3347 vocatum:
2668 3289 2941 3358 seraphim
2969 3291 3111 3342 enim
3143 3288 3386 3341 incensor

1827 3385 1907 3441 vel
1939 3386 2227 3456 calefactor
2277 3387 2684 3453 interpretatur.
2735 3385 2866 3438 Cum
2920 3384 3104 3451 itaque
3153 3380 3384 3449 primum

1824 3489 2100 3550 Oporteret
2131 3495 2158 3530 a
2197 3478 2435 3547 peccatis
2464 3477 2782 3548 prophetam
2818 3474 3064 3543 expiari,
3096 3487 3158 3526 ac
3192 3471 3386 3524 deinde

1824 3572 2007 3624 divina
2047 3570 2296 3631 edoceri,
2343 3570 2388 3623 is
2424 3569 2683 3638 angelus,
2717 3566 2809 3636 qui
2853 3580 2976 3619 eum
3026 3561 3276 3630 expiabat
3321 3577 3384 3616 ac

1826 3661 2185 3715 resuscitabat
2208 3699 2222 3725 ,
2255 3668 2475 3729 propter
2508 3658 2810 3713 istiusmodi
2841 3657 3208 3724 operationem
3238 3668 3387 3707 sera.

1826 3753 1974 3821 phim
2009 3751 2329 3807 vocabatur.
2359 3750 2642 3819 Tanquam
2675 3749 2928 3802 incensor
2959 3747 3140 3815 itaque
3165 3754 3383 3814 peccata

1825 3842 2200 3904 comburebat,
2249 3850 2505 3910 tanquam
2539 3838 2831 3892 calefactor
2884 3852 3011 3889 vero
3043 3837 3109 3889 ad
3145 3835 3384 3887 divinam

1824 3936 2191 3990 obedientiam
2226 3936 2398 4003 ipsum
2427 3933 2719 3986 excitabat.
2751 3928 2887 3983 Ecce
2933 3930 3070 3982 enim
3115 3943 3194 3980 me
3221 3924 3267 3990 ἒ,
3304 3928 3384 3979 iu-

1826 4031 1965 4098 quit.
1993 4029 2173 4096 Quare
2197 4028 2356 4081 etiam
2391 4027 2456 4079 ah
2501 4026 2604 4079 isto
2656 4034 2778 4077 actu
2837 4022 3068 4091 angelus
3106 4021 3382 4088 seraphin:

1752 4111 1792 4166 (ἶ
1829 4132 2055 4177 vocatus
2090 4130 2192 4182 est,
2246 4135 2368 4174 cum
2417 4135 2522 4172 non
2573 4130 2718 4172 esset
2766 4133 2907 4172 unus
2955 4130 3022 4170 ex
3078 4115 3252 4184 primo
3282 4115 3384 4168 isto

1828 4217 2041 4279 ordine,
2073 4225 2128 4268 et
2155 4215 2243 4282 qui
2275 4213 2418 4267 circa
2452 4212 2616 4265 Deum
2644 4221 2791 4266 sunt.

1903 4307 1929 4378 §
1972 4306 2054 4360 III.
2092 4305 2317 4372 Quidam
2365 4293 2501 4355 alius
2551 4301 2677 4356 item
2707 4317 2810 4355 non
2839 4299 3128 4352 admodum
3181 4297 3378 4350 incou-

1825 4415 2015 4470 gruam
2073 4400 2227 4465 hujus
2262 4393 2579 4464 qutcslionis
2607 4392 2928 4447 solutionem
2960 4388 3209 4444 tradidit.
3245 4387 3379 4442 Illud

1826 4502 2006 4546 autem
2041 4507 2146 4544 non
2176 4489 2395 4544 omnino
2447 4488 2512 4540 ad
2541 4486 3003 4556 comparationem
3041 4483 3381 4536 mediocrita-

1829 4587 1897 4639 tis
1926 4583 2125 4644 retulit,
2158 4596 2222 4634 ac
2255 4580 2298 4632 si
2349 4580 2489 4632 forte
2522 4577 2817 4631 absurdum
2864 4577 3105 4644 quidem,
3140 4575 3232 4628 sed
3269 4591 3378 4627 non

1827 4675 2000 4741 valde,
2034 4684 2089 4727 at
2115 4672 2464 4728 mediocriter
2488 4669 2778 4723 absurdum
2813 4676 2976 4721 esset.
3008 4665 3122 4721 Non
3148 4667 3256 4720 ita:
3285 4667 3377 4720 sed

1827 4782 2000 4836 neque
2053 4766 2370 4827 absurdum,
2420 4775 2594 4829 neque
2642 4759 2798 4813 valde
2850 4759 3165 4822 absurdum,
3222 4756 3375 4824 juxta

1825 4872 2168 4913 communem
2204 4855 2455 4924 loquendi
2493 4854 2746 4916 formant,
2775 4848 3232 4919 quemadmodum
3265 4863 3378 4900 rna-

1826 4963 1964 5017 gnus
1999 4948 2090 5001 ille
2123 4941 2731 5014 GregoriusTheologus
2765 4942 2817 4993 in
2847 4939 3081 5006 quodam
3129 4953 3378 4991 sermone

1826 5056 1923 5094 suo
1948 5040 2127 5102 docet,
2148 5046 2204 5090 ut
2228 5037 2280 5088 in
2304 5035 2395 5087 illo
2425 5049 2440 5087 :
2470 5032 2614 5086 «Non
2649 5032 2938 5086 secundum
2961 5027 3375 5096 justiﬁcationes

1827 5139 2062 5194 nostras,
2092 5142 2227 5196 quas
2265 5126 2492 5179 fecimus
2526 5139 2658 5187 nos;
2690 5137 2863 5190 neque
2890 5123 3032 5175 etum
3061 5119 3316 5178 fecimus;
3350 5138 3371 5171 ι

1826 5232 1878 5276 et
1905 5221 2100 5273 iterum
2130 5235 2143 5271 :
2176 5216 2297 5270 Non
2341 5218 2408 5269 ad
2453 5229 2750 5268 mensuram
2775 5215 2860 5263 dat
2887 5211 3027 5264 Deus
3050 5211 3288 5276 spiritum
3309 5217 3371 5270 ",

173 5299 532 5383 abaductam;
563 5316 650 5390 ἦν,
695 5318 786 5370 τὸν
836 5318 934 5386 μὲν
979 5318 1260 5387 προφήτην
1294 5315 1591 5386 ἀναχθῆναι
1639 5313 1721 5366 διά

1756 5309 1801 5366 υ
1827 5313 1966 5366 sicut
2007 5311 2058 5363 in
2094 5308 2426 5378 evangelista
2459 5305 2667 5360 Joanne
2704 5304 2989 5370 reperitur.
3023 5299 3371 5352 Protulitita-

174 5429 302 5476 τινος
346 5413 451 5466 τῶν
507 5407 822 5479 ἐφεστώτων
875 5407 1031 5478 ήμῶν
1080 5406 1340 5474 ἀγγέλων·
1402 5406 1537 5467 τέως
1598 5403 1654 5456 δὲ
1697 5405 1724 5454 6

176 5506 399 5570 τοιοῦτος
428 5504 658 5572 ἄγγελος
689 5507 717 5558 6
749 5501 1045 5562 διαπλάσας
1087 5500 1184 5569 τὴν
1217 5497 1469 5568 τοιαύτην
1502 5497 1688 5567 ὅρασιν
1707 5510 1728 5524 ·

176 5599 233 5650 ού
283 5600 387 5670 γὰρ
417 5595 600 5668 γυμνὰ
632 5595 930 5666 πράγματα
983 5593 1078 5646 καὶ
1129 5590 1314 5653 οὐσίας
1358 5591 1406 5640 0i
1454 5587 1724 5658 προφῆται

245 5738 262 5780 ι
295 5743 390 5798 Isa.
425 5761 498 5798 vt.
578 5752 616 5780 πί
640 5743 797 5795 Jom.
827 5753 909 5801 nt.
943 5739 1029 5794 56.

245 5856 352 5925 ιιε)
395 5855 527 5914 Vide
550 5854 710 5914 Schol
762 5855 818 5910 S.
849 5851 1098 5920 Maximi,
1123 5861 1251 5907 tom.
1289 5849 1352 5915 Ii,
1381 5865 1495 5920 cap.
1540 5847 1623 5911 15,

1825 5414 1929 5469 que
1983 5401 2268 5452 honestam
2303 5393 2744 5464 praecautionem,
2778 5389 2917 5457 quod
2970 5400 3074 5439 non
3125 5384 3373 5438 absimile

1827 5500 1990 5553 esset,
2027 5490 2342 5558 prophetam
2386 5484 2680 5537 adductum
2716 5495 2836 5534 esse
2869 5492 2963 5546 per
2989 5476 3222 5543 aliquem
3273 5489 3373 5526 no-

1828 5585 1908 5638 bis
1947 5581 2355 5651 przepositorum
2389 5576 2728 5646 angelorum.
2775 5571 2871 5628 IIic
2923 5579 3102 5624 autem
3154 5569 3377 5638 angelus
