  <div class='ocr_page' id='page_1' title='image "/cluster/home/n/w/nwhite01/storage/ocr_20150623/3/pst.000003853313/165.png"; bbox 0 0 4176 6308; ppageno 0'>
   <div class='ocr_carea' id='block_1_1' title="bbox 765 321 859 374">
    <p class='ocr_par' dir='ltr' id='par_1_1' title="bbox 765 321 859 374">
     <span class='ocr_line' id='line_1_1' title="bbox 765 321 859 374; baseline 0 0"><span class='ocrx_word' id='word_1_1' title='bbox 765 321 859 374; x_wconf 69' lang='grc' dir='ltr'>διι</span> 
     </span>
    </p>
   </div>
   <div class='ocr_carea' id='block_1_2' title="bbox 1940 325 2836 383">
    <p class='ocr_par' dir='ltr' id='par_1_2' title="bbox 1940 325 2836 383">
     <span class='ocr_line' id='line_1_2' title="bbox 1940 325 2836 383; baseline 0.007 -7"><span class='ocrx_word' id='word_1_2' title='bbox 1940 325 1998 378; x_wconf 79' lang='lat' dir='ltr'><strong>S.</strong></span> <span class='ocrx_word' id='word_1_3' title='bbox 2037 326 2335 381; x_wconf 73' lang='lat' dir='ltr'><strong>DlONYSll</strong></span> <span class='ocrx_word' id='word_1_4' title='bbox 2370 327 2836 383; x_wconf 62' lang='lat' dir='ltr'><strong>AREOPAGITA‘.</strong></span> 
     </span>
    </p>
   </div>
   <div class='ocr_carea' id='block_1_3' title="bbox 3921 339 4024 394">
    <p class='ocr_par' dir='ltr' id='par_1_3' title="bbox 3921 339 4024 394">
     <span class='ocr_line' id='line_1_3' title="bbox 3921 339 4024 394; baseline -0.029 -1"><span class='ocrx_word' id='word_1_5' title='bbox 3921 339 4024 394; x_wconf 65' lang='lat' dir='ltr'><strong>Si!</strong></span> 
     </span>
    </p>
   </div>
   <div class='ocr_carea' id='block_1_4' title="bbox 767 434 2335 522">
    <p class='ocr_par' dir='ltr' id='par_1_4' title="bbox 767 434 2335 501">
     <span class='ocr_line' id='line_1_4' title="bbox 767 434 2335 501; baseline 0.007 -19"><span class='ocrx_word' id='word_1_6' title='bbox 767 435 1053 488; x_wconf 67' lang='lat' dir='ltr'><strong>o-tiiuxcrat</strong></span> <span class='ocrx_word' id='word_1_7' title='bbox 1081 434 1348 501; x_wconf 78' lang='lat' dir='ltr'><strong>ejusmodi</strong></span> <span class='ocrx_word' id='word_1_8' title='bbox 1375 438 1640 493; x_wconf 77' lang='lat' dir='ltr'><strong>visionem</strong></span> <span class='ocrx_word' id='word_1_9' title='bbox 1675 461 1685 491; x_wconf 84' lang='lat'>;</span> <span class='ocrx_word' id='word_1_10' title='bbox 1719 451 1824 489; x_wconf 90' lang='lat' dir='ltr'><strong>non</strong></span> <span class='ocrx_word' id='word_1_11' title='bbox 1870 440 2016 491; x_wconf 90' lang='lat' dir='ltr'><strong>enim</strong></span> <span class='ocrx_word' id='word_1_12' title='bbox 2047 441 2222 494; x_wconf 84' lang='lat' dir='ltr'><strong>nudas</strong></span> <span class='ocrx_word' id='word_1_13' title='bbox 2254 457 2335 496; x_wconf 81' lang='lat' dir='ltr'><strong>res</strong></span> 
     </span>
    </p>
   </div>
   <div class='ocr_carea' id='block_1_5' title="bbox 2437 434 4018 522">
    <p class='ocr_par' dir='ltr' id='par_1_5' title="bbox 2451 441 4018 522">
     <span class='ocr_line' id='line_1_5' title="bbox 2451 441 4018 522; baseline 0.008 -29"><span class='ocrx_word' id='word_1_14' title='bbox 2451 441 2655 511; x_wconf 80' lang='grc' dir='ltr'>ἐώρων,</span> <span class='ocrx_word' id='word_1_15' title='bbox 2686 444 2798 495; x_wconf 78' lang='grc' dir='ltr'>ἀλλ’</span> <span class='ocrx_word' id='word_1_16' title='bbox 2822 443 3116 513; x_wconf 83' lang='grc' dir='ltr'>αἰνίγματα</span> <span class='ocrx_word' id='word_1_17' title='bbox 3152 444 3242 498; x_wconf 74' lang='grc' dir='ltr'><strong>καὶ</strong></span> <span class='ocrx_word' id='word_1_18' title='bbox 3278 445 3520 516; x_wconf 61' lang='grc' dir='ltr'>σύμϐολα</span> <span class='ocrx_word' id='word_1_19' title='bbox 3553 449 3705 518; x_wconf 71' lang='grc' dir='ltr'>παρὰ</span> <span class='ocrx_word' id='word_1_20' title='bbox 3732 452 3841 504; x_wconf 89' lang='grc' dir='ltr'><strong>τῶν</strong></span> <span class='ocrx_word' id='word_1_21' title='bbox 3861 456 4018 522; x_wconf 72' lang='grc' dir='ltr'>ἀγγέη</span> 
     </span>
    </p>
   </div>
   <div class='ocr_carea' id='block_1_6' title="bbox 768 530 2345 601">
    <p class='ocr_par' dir='ltr' id='par_1_6' title="bbox 768 530 2345 601">
     <span class='ocr_line' id='line_1_6' title="bbox 768 530 2345 601; baseline 0.004 -23"><span class='ocrx_word' id='word_1_22' title='bbox 768 538 815 578; x_wconf 89' lang='lat' dir='ltr'><strong>et</strong></span> <span class='ocrx_word' id='word_1_23' title='bbox 848 531 1117 583; x_wconf 78' lang='lat' dir='ltr'><strong>essentias</strong></span> <span class='ocrx_word' id='word_1_24' title='bbox 1144 531 1423 598; x_wconf 77' lang='lat' dir='ltr'><strong>prophetae</strong></span> <span class='ocrx_word' id='word_1_25' title='bbox 1455 531 1732 591; x_wconf 83' lang='lat' dir='ltr'><strong>videbant,</strong></span> <span class='ocrx_word' id='word_1_26' title='bbox 1759 530 1852 583; x_wconf 71' lang='lat' dir='ltr'><strong>sed</strong></span> <span class='ocrx_word' id='word_1_27' title='bbox 1881 532 2169 597; x_wconf 67' lang='lat' dir='ltr'><strong>aenigmata</strong></span> <span class='ocrx_word' id='word_1_28' title='bbox 2201 547 2345 601; x_wconf 78' lang='lat' dir='ltr'><strong>sym-</strong></span> 
     </span>
    </p>
   </div>
   <div class='ocr_carea' id='block_1_7' title="bbox 772 619 2341 689">
    <p class='ocr_par' dir='ltr' id='par_1_7' title="bbox 772 619 2341 689">
     <span class='ocr_line' id='line_1_7' title="bbox 772 619 2341 689; baseline 0.003 -21"><span class='ocrx_word' id='word_1_29' title='bbox 772 619 1002 687; x_wconf 84' lang='lat' dir='ltr'><strong>bolaque</strong></span> <span class='ocrx_word' id='word_1_30' title='bbox 1043 620 1109 672; x_wconf 89' lang='lat' dir='ltr'><strong>ab</strong></span> <span class='ocrx_word' id='word_1_31' title='bbox 1139 621 1349 688; x_wconf 79' lang='lat' dir='ltr'><strong>angelis</strong></span> <span class='ocrx_word' id='word_1_32' title='bbox 1383 620 1581 674; x_wconf 82' lang='lat' dir='ltr'><strong>elllcta.</strong></span> <span class='ocrx_word' id='word_1_33' title='bbox 1614 619 1716 674; x_wconf 89' lang='lat' dir='ltr'><strong>lste</strong></span> <span class='ocrx_word' id='word_1_34' title='bbox 1764 621 1931 689; x_wconf 88' lang='lat' dir='ltr'><strong>igitur</strong></span> <span class='ocrx_word' id='word_1_35' title='bbox 1984 620 2209 689; x_wconf 79' lang='lat' dir='ltr'><strong>angelus</strong></span> <span class='ocrx_word' id='word_1_36' title='bbox 2253 623 2341 688; x_wconf 88' lang='lat' dir='ltr'><strong>qui</strong></span> 
     </span>
    </p>
   </div>
   <div class='ocr_carea' id='block_1_8' title="bbox 771 708 2342 781">
    <p class='ocr_par' dir='ltr' id='par_1_8' title="bbox 771 708 2342 781">
     <span class='ocr_line' id='line_1_8' title="bbox 771 708 2342 781; baseline 0.003 -19"><span class='ocrx_word' id='word_1_37' title='bbox 771 712 1078 781; x_wconf 81' lang='lat' dir='ltr'><strong>theologum</strong></span> <span class='ocrx_word' id='word_1_38' title='bbox 1116 713 1423 777; x_wconf 85' lang='lat' dir='ltr'><strong>erudiebat,</strong></span> <span class='ocrx_word' id='word_1_39' title='bbox 1477 713 1700 767; x_wconf 69' lang='lat' dir='ltr'><strong>adduxit</strong></span> <span class='ocrx_word' id='word_1_40' title='bbox 1747 714 1892 767; x_wconf 85' lang='lat' dir='ltr'><strong>hunc</strong></span> <span class='ocrx_word' id='word_1_41' title='bbox 1937 714 2003 766; x_wconf 91' lang='lat' dir='ltr'><strong>ad</strong></span> <span class='ocrx_word' id='word_1_42' title='bbox 2064 708 2252 774; x_wconf 87' lang='lat' dir='ltr'><strong>Deum,</strong></span> <span class='ocrx_word' id='word_1_43' title='bbox 2290 726 2342 766; x_wconf 90' lang='lat' dir='ltr'><strong>et</strong></span> 
     </span>
    </p>
   </div>
   <div class='ocr_carea' id='block_1_9' title="bbox 756 780 2345 875">
    <p class='ocr_par' dir='ltr' id='par_1_9' title="bbox 756 780 2345 875">
     <span class='ocr_line' id='line_1_9' title="bbox 756 780 2345 875; baseline 0.003 -17"><span class='ocrx_word' id='word_1_44' title='bbox 756 780 831 858; x_wconf 59' lang='lat' dir='ltr'><strong>bad</strong></span> <span class='ocrx_word' id='word_1_45' title='bbox 869 807 1098 872; x_wconf 79' lang='lat' dir='ltr'><strong>primam</strong></span> <span class='ocrx_word' id='word_1_46' title='bbox 1121 822 1239 874; x_wconf 76' lang='lat' dir='ltr'><strong>qua:</strong></span> <span class='ocrx_word' id='word_1_47' title='bbox 1263 819 1387 875; x_wconf 87' lang='lat' dir='ltr'><strong>post</strong></span> <span class='ocrx_word' id='word_1_48' title='bbox 1418 808 1585 861; x_wconf 87' lang='lat' dir='ltr'><strong>Deum</strong></span> <span class='ocrx_word' id='word_1_49' title='bbox 1604 819 1687 862; x_wconf 76' lang='grc' dir='ltr'><strong>εει</strong></span> <span class='ocrx_word' id='word_1_50' title='bbox 1712 809 2108 873; x_wconf 80' lang='lat' dir='ltr'><strong>bierarcltiam.</strong></span> <span class='ocrx_word' id='word_1_51' title='bbox 2136 809 2345 863; x_wconf 75' lang='lat' dir='ltr'><strong>scilicet</strong></span> 
     </span>
    </p>
   </div>
   <div class='ocr_carea' id='block_1_10' title="bbox 766 897 2337 970">
    <p class='ocr_par' dir='ltr' id='par_1_10' title="bbox 766 897 2337 970">
     <span class='ocr_line' id='line_1_10' title="bbox 766 897 2337 970; baseline 0.001 -22"><span class='ocrx_word' id='word_1_52' title='bbox 766 897 1042 964; x_wconf 74' lang='lat' dir='ltr'><strong>sernpbim</strong></span> <span class='ocrx_word' id='word_1_53' title='bbox 1076 915 1087 948; x_wconf 94' lang='lat'>:</span> <span class='ocrx_word' id='word_1_54' title='bbox 1122 899 1193 951; x_wconf 87' lang='lat' dir='ltr'><strong>ita</strong></span> <span class='ocrx_word' id='word_1_55' title='bbox 1227 908 1285 950; x_wconf 86' lang='lat' dir='ltr'><strong>ut</strong></span> <span class='ocrx_word' id='word_1_56' title='bbox 1321 901 1523 953; x_wconf 89' lang='lat' dir='ltr'><strong>iterum</strong></span> <span class='ocrx_word' id='word_1_57' title='bbox 1548 900 1805 954; x_wconf 90' lang='lat' dir='ltr'><strong>adductio</strong></span> <span class='ocrx_word' id='word_1_58' title='bbox 1839 903 1985 955; x_wconf 80' lang='lat' dir='ltr'><strong>esset</strong></span> <span class='ocrx_word' id='word_1_59' title='bbox 2017 902 2195 970; x_wconf 79' lang='lat' dir='ltr'><strong>angeli</strong></span> <span class='ocrx_word' id='word_1_60' title='bbox 2237 904 2337 952; x_wconf 88' lang='lat' dir='ltr'><strong>ad-</strong></span> 
     </span>
    </p>
   </div>
   <div class='ocr_carea' id='block_1_11' title="bbox 767 989 2340 1047">
    <p class='ocr_par' dir='ltr' id='par_1_11' title="bbox 767 989 2340 1047">
     <span class='ocr_line' id='line_1_11' title="bbox 767 989 2340 1047; baseline 0.006 -11"><span class='ocrx_word' id='word_1_61' title='bbox 767 989 1038 1041; x_wconf 86' lang='lat' dir='ltr'><strong>ducentis.</strong></span> <span class='ocrx_word' id='word_1_62' title='bbox 1085 991 1147 1042; x_wconf 80' lang='lat' dir='ltr'><strong>Et</strong></span> <span class='ocrx_word' id='word_1_63' title='bbox 1185 992 1260 1042; x_wconf 89' lang='lat' dir='ltr'><strong>ait</strong></span> <span class='ocrx_word' id='word_1_64' title='bbox 1296 1004 1522 1045; x_wconf 80' lang='lat' dir='ltr'><strong>sanctus</strong></span> <span class='ocrx_word' id='word_1_65' title='bbox 1554 994 1713 1046; x_wconf 90' lang='lat' dir='ltr'><strong>istam</strong></span> <span class='ocrx_word' id='word_1_66' title='bbox 1756 993 2004 1047; x_wconf 79' lang='lat' dir='ltr'><strong>fortassis</strong></span> <span class='ocrx_word' id='word_1_67' title='bbox 2035 995 2340 1046; x_wconf 87' lang='lat' dir='ltr'><strong>orationem</strong></span> 
     </span>
    </p>
   </div>
   <div class='ocr_carea' id='block_1_12' title="bbox 767 1082 2344 1144">
    <p class='ocr_par' dir='ltr' id='par_1_12' title="bbox 767 1082 2344 1144">
     <span class='ocr_line' id='line_1_12' title="bbox 767 1082 2344 1144; baseline 0.006 -18"><span class='ocrx_word' id='word_1_68' title='bbox 767 1092 894 1128; x_wconf 74' lang='lat' dir='ltr'><strong>esse</strong></span> <span class='ocrx_word' id='word_1_69' title='bbox 927 1093 1135 1131; x_wconf 82' lang='lat' dir='ltr'><strong>verum.</strong></span> <span class='ocrx_word' id='word_1_70' title='bbox 1180 1082 1464 1144; x_wconf 83' lang='lat' dir='ltr'><strong>Quomodo</strong></span> <span class='ocrx_word' id='word_1_71' title='bbox 1499 1090 1676 1135; x_wconf 89' lang='lat' dir='ltr'><strong>autem</strong></span> <span class='ocrx_word' id='word_1_72' title='bbox 1713 1097 1838 1135; x_wconf 86' lang='lat' dir='ltr'><strong>vera</strong></span> <span class='ocrx_word' id='word_1_73' title='bbox 1870 1084 1963 1143; x_wconf 82' lang='lat' dir='ltr'><strong>sit.</strong></span> <span class='ocrx_word' id='word_1_74' title='bbox 2000 1083 2344 1136; x_wconf 88' lang='lat' dir='ltr'><strong>demonstrat</strong></span> 
     </span>
    </p>
   </div>
   <div class='ocr_carea' id='block_1_13' title="bbox 766 1168 2338 1242">
    <p class='ocr_par' dir='ltr' id='par_1_13' title="bbox 766 1168 2338 1242">
     <span class='ocr_line' id='line_1_13' title="bbox 766 1168 2338 1242; baseline 0.005 -25"><span class='ocrx_word' id='word_1_75' title='bbox 766 1168 1091 1234; x_wconf 75' lang='lat' dir='ltr'><strong>explicando</strong></span> <span class='ocrx_word' id='word_1_76' title='bbox 1133 1185 1195 1224; x_wconf 90' lang='lat' dir='ltr'><strong>ea</strong></span> <span class='ocrx_word' id='word_1_77' title='bbox 1248 1186 1367 1239; x_wconf 81' lang='lat' dir='ltr'><strong>quae</strong></span> <span class='ocrx_word' id='word_1_78' title='bbox 1401 1172 1559 1226; x_wconf 75' lang='lat' dir='ltr'><strong>dixit.</strong></span> <span class='ocrx_word' id='word_1_79' title='bbox 1617 1171 1904 1227; x_wconf 75' lang='lat' dir='ltr'><strong>Referebat</strong></span> <span class='ocrx_word' id='word_1_80' title='bbox 1939 1174 2111 1239; x_wconf 85' lang='lat' dir='ltr'><strong>enim,</strong></span> <span class='ocrx_word' id='word_1_81' title='bbox 2141 1174 2338 1242; x_wconf 83' lang='lat' dir='ltr'><strong>inquit,</strong></span> 
     </span>
    </p>
   </div>
   <div class='ocr_carea' id='block_1_14' title="bbox 770 1259 2340 1334">
    <p class='ocr_par' dir='ltr' id='par_1_14' title="bbox 770 1259 2340 1334">
     <span class='ocr_line' id='line_1_14' title="bbox 770 1259 2340 1334; baseline 0.004 -25"><span class='ocrx_word' id='word_1_82' title='bbox 770 1259 877 1323; x_wconf 81' lang='lat' dir='ltr'><strong>ille,</strong></span> <span class='ocrx_word' id='word_1_83' title='bbox 907 1263 1182 1327; x_wconf 88' lang='lat' dir='ltr'><strong>quomodo</strong></span> <span class='ocrx_word' id='word_1_84' title='bbox 1226 1263 1408 1315; x_wconf 86' lang='lat' dir='ltr'><strong>divina</strong></span> <span class='ocrx_word' id='word_1_85' title='bbox 1457 1263 1535 1316; x_wconf 82' lang='lat' dir='ltr'><strong>vis</strong></span> <span class='ocrx_word' id='word_1_86' title='bbox 1565 1264 1629 1316; x_wconf 89' lang='lat' dir='ltr'><strong>ad</strong></span> <span class='ocrx_word' id='word_1_87' title='bbox 1678 1267 1856 1318; x_wconf 86' lang='lat' dir='ltr'><strong>omnia</strong></span> <span class='ocrx_word' id='word_1_88' title='bbox 1901 1265 2258 1334; x_wconf 81' lang='lat' dir='ltr'><strong>pertingeret,</strong></span> <span class='ocrx_word' id='word_1_89' title='bbox 2288 1275 2340 1316; x_wconf 89' lang='lat' dir='ltr'><strong>et</strong></span> 
     </span>
    </p>
   </div>
   <div class='ocr_carea' id='block_1_15' title="bbox 765 1351 2343 1424">
    <p class='ocr_par' dir='ltr' id='par_1_15' title="bbox 765 1351 2343 1424">
     <span class='ocr_line' id='line_1_15' title="bbox 765 1351 2343 1424; baseline 0.004 -24"><span class='ocrx_word' id='word_1_90' title='bbox 765 1351 830 1402; x_wconf 83' lang='lat' dir='ltr'><strong>ad</strong></span> <span class='ocrx_word' id='word_1_91' title='bbox 866 1353 1047 1405; x_wconf 82' lang='lat' dir='ltr'><strong>omnia</strong></span> <span class='ocrx_word' id='word_1_92' title='bbox 1081 1353 1534 1422; x_wconf 83' lang='lat' dir='ltr'><strong>incomprehense</strong></span> <span class='ocrx_word' id='word_1_93' title='bbox 1565 1369 1626 1409; x_wconf 87' lang='lat' dir='ltr'><strong>ac</strong></span> <span class='ocrx_word' id='word_1_94' title='bbox 1661 1356 1781 1409; x_wconf 87' lang='lat' dir='ltr'><strong>sine</strong></span> <span class='ocrx_word' id='word_1_95' title='bbox 1812 1356 2064 1409; x_wconf 90' lang='lat' dir='ltr'><strong>mistione</strong></span> <span class='ocrx_word' id='word_1_96' title='bbox 2089 1371 2343 1424; x_wconf 81' lang='lat' dir='ltr'><strong>permea—</strong></span> 
     </span>
    </p>
   </div>
   <div class='ocr_carea' id='block_1_16' title="bbox 768 1445 2340 1517">
    <p class='ocr_par' dir='ltr' id='par_1_16' title="bbox 768 1445 2340 1517">
     <span class='ocr_line' id='line_1_16' title="bbox 768 1445 2340 1517; baseline 0.006 -23"><span class='ocrx_word' id='word_1_97' title='bbox 768 1453 887 1495; x_wconf 84' lang='lat' dir='ltr'><strong>ret:</strong></span> <span class='ocrx_word' id='word_1_98' title='bbox 924 1459 1028 1496; x_wconf 86' lang='lat' dir='ltr'><strong>non</strong></span> <span class='ocrx_word' id='word_1_99' title='bbox 1083 1445 1227 1499; x_wconf 88' lang='lat' dir='ltr'><strong>enim</strong></span> <span class='ocrx_word' id='word_1_100' title='bbox 1282 1446 1354 1498; x_wconf 91' lang='lat' dir='ltr'><strong>ita</strong></span> <span class='ocrx_word' id='word_1_101' title='bbox 1413 1447 1725 1500; x_wconf 85' lang='lat' dir='ltr'><strong>continetur</strong></span> <span class='ocrx_word' id='word_1_102' title='bbox 1759 1448 1826 1500; x_wconf 81' lang='lat' dir='ltr'><strong>ab</strong></span> <span class='ocrx_word' id='word_1_103' title='bbox 1862 1448 2063 1517; x_wconf 84' lang='lat' dir='ltr'><strong>aliquo,</strong></span> <span class='ocrx_word' id='word_1_104' title='bbox 2102 1457 2162 1501; x_wconf 91' lang='lat' dir='ltr'><strong>ut</strong></span> <span class='ocrx_word' id='word_1_105' title='bbox 2214 1450 2340 1503; x_wconf 81' lang='lat' dir='ltr'><strong>alibi</strong></span> 
     </span>
    </p>
   </div>
   <div class='ocr_carea' id='block_1_17' title="bbox 767 1535 2340 1606">
    <p class='ocr_par' dir='ltr' id='par_1_17' title="bbox 767 1535 2340 1606">
     <span class='ocr_line' id='line_1_17' title="bbox 767 1535 2340 1606; baseline 0.005 -22"><span class='ocrx_word' id='word_1_106' title='bbox 767 1549 869 1585; x_wconf 87' lang='lat' dir='ltr'><strong>non</strong></span> <span class='ocrx_word' id='word_1_107' title='bbox 901 1535 1146 1601; x_wconf 85' lang='lat' dir='ltr'><strong>prodeat.</strong></span> <span class='ocrx_word' id='word_1_108' title='bbox 1214 1536 1379 1606; x_wconf 78' lang='lat'><strong>118</strong></span> <span class='ocrx_word' id='word_1_109' title='bbox 1398 1537 1463 1590; x_wconf 87' lang='lat' dir='ltr'><strong>Et</strong></span> <span class='ocrx_word' id='word_1_110' title='bbox 1498 1538 1717 1600; x_wconf 80' lang='lat' dir='ltr'><strong>iterum,</strong></span> <span class='ocrx_word' id='word_1_111' title='bbox 1745 1540 2002 1594; x_wconf 90' lang='lat' dir='ltr'><strong>omnibus</strong></span> <span class='ocrx_word' id='word_1_112' title='bbox 2048 1551 2127 1594; x_wconf 89' lang='lat' dir='ltr'><strong>est</strong></span> <span class='ocrx_word' id='word_1_113' title='bbox 2154 1541 2340 1594; x_wconf 87' lang='lat' dir='ltr'><strong>occul-</strong></span> 
     </span>
    </p>
   </div>
   <div class='ocr_carea' id='block_1_18' title="bbox 768 1624 2340 1697">
    <p class='ocr_par' dir='ltr' id='par_1_18' title="bbox 768 1624 2340 1697">
     <span class='ocr_line' id='line_1_18' title="bbox 768 1624 2340 1697; baseline 0.007 -23"><span class='ocrx_word' id='word_1_114' title='bbox 768 1634 852 1676; x_wconf 83' lang='lat' dir='ltr'><strong>tus</strong></span> <span class='ocrx_word' id='word_1_115' title='bbox 881 1625 944 1676; x_wconf 87' lang='lat' dir='ltr'><strong>ob</strong></span> <span class='ocrx_word' id='word_1_116' title='bbox 981 1624 1115 1678; x_wconf 90' lang='lat' dir='ltr'><strong>duas</strong></span> <span class='ocrx_word' id='word_1_117' title='bbox 1148 1627 1244 1682; x_wconf 87' lang='lat' dir='ltr'><strong>bas</strong></span> <span class='ocrx_word' id='word_1_118' title='bbox 1279 1643 1495 1690; x_wconf 81' lang='lat' dir='ltr'><strong>causas,</strong></span> <span class='ocrx_word' id='word_1_119' title='bbox 1527 1629 1667 1697; x_wconf 90' lang='lat' dir='ltr'><strong>quod</strong></span> <span class='ocrx_word' id='word_1_120' title='bbox 1701 1630 1958 1684; x_wconf 85' lang='lat' dir='ltr'><strong>nimirum</strong></span> <span class='ocrx_word' id='word_1_121' title='bbox 1989 1634 2055 1684; x_wconf 87' lang='lat' dir='ltr'><strong>ab</strong></span> <span class='ocrx_word' id='word_1_122' title='bbox 2085 1632 2340 1686; x_wconf 90' lang='lat' dir='ltr'><strong>omnibus</strong></span> 
     </span>
    </p>
   </div>
   <div class='ocr_carea' id='block_1_19' title="bbox 764 1716 2338 1791">
    <p class='ocr_par' dir='ltr' id='par_1_19' title="bbox 764 1716 2338 1791">
     <span class='ocr_line' id='line_1_19' title="bbox 764 1716 2338 1791; baseline 0.006 -25"><span class='ocrx_word' id='word_1_123' title='bbox 764 1716 1305 1781; x_wconf 75' lang='lat' dir='ltr'><strong>Superessentialiter</strong></span> <span class='ocrx_word' id='word_1_124' title='bbox 1332 1731 1616 1786; x_wconf 79' lang='lat' dir='ltr'><strong>exemptus</strong></span> <span class='ocrx_word' id='word_1_125' title='bbox 1637 1719 1730 1783; x_wconf 87' lang='lat' dir='ltr'><strong>sit,</strong></span> <span class='ocrx_word' id='word_1_126' title='bbox 1755 1732 1810 1773; x_wconf 89' lang='lat' dir='ltr'><strong>et</strong></span> <span class='ocrx_word' id='word_1_127' title='bbox 1831 1720 2110 1775; x_wconf 79' lang='lat' dir='ltr'><strong>dissimilis</strong></span> <span class='ocrx_word' id='word_1_128' title='bbox 2134 1722 2338 1791; x_wconf 85' lang='lat' dir='ltr'><strong>(simile</strong></span> 
     </span>
    </p>
   </div>
   <div class='ocr_carea' id='block_1_20' title="bbox 762 1810 2338 1880">
    <p class='ocr_par' dir='ltr' id='par_1_20' title="bbox 762 1810 2338 1880">
     <span class='ocr_line' id='line_1_20' title="bbox 762 1810 2338 1880; baseline 0.006 -23"><span class='ocrx_word' id='word_1_129' title='bbox 762 1815 942 1861; x_wconf 80' lang='lat' dir='ltr'><strong>autem</strong></span> <span class='ocrx_word' id='word_1_130' title='bbox 980 1824 1010 1860; x_wconf 88' lang='lat' dir='ltr'><strong>a</strong></span> <span class='ocrx_word' id='word_1_131' title='bbox 1037 1810 1202 1864; x_wconf 81' lang='lat' dir='ltr'><strong>simili</strong></span> <span class='ocrx_word' id='word_1_132' title='bbox 1257 1813 1668 1880; x_wconf 75' lang='lat' dir='ltr'><strong>cognoscitur);</strong></span> <span class='ocrx_word' id='word_1_133' title='bbox 1721 1823 1774 1866; x_wconf 89' lang='lat' dir='ltr'><strong>et</strong></span> <span class='ocrx_word' id='word_1_134' title='bbox 1831 1813 2011 1865; x_wconf 85' lang='lat' dir='ltr'><strong>oeulte</strong></span> <span class='ocrx_word' id='word_1_135' title='bbox 2046 1814 2338 1880; x_wconf 81' lang='lat' dir='ltr'><strong>providen-</strong></span> 
     </span>
    </p>
   </div>
   <div class='ocr_carea' id='block_1_21' title="bbox 765 1900 2333 1974">
    <p class='ocr_par' dir='ltr' id='par_1_21' title="bbox 765 1900 2333 1974">
     <span class='ocr_line' id='line_1_21' title="bbox 765 1900 2333 1974; baseline 0.004 -24"><span class='ocrx_word' id='word_1_136' title='bbox 765 1900 868 1951; x_wconf 86' lang='lat' dir='ltr'><strong>tias</strong></span> <span class='ocrx_word' id='word_1_137' title='bbox 912 1915 1038 1953; x_wconf 84' lang='lat' dir='ltr'><strong>suas</strong></span> <span class='ocrx_word' id='word_1_138' title='bbox 1091 1901 1432 1956; x_wconf 84' lang='lat' dir='ltr'><strong>transfundat</strong></span> <span class='ocrx_word' id='word_1_139' title='bbox 1484 1904 1629 1974; x_wconf 88' lang='lat' dir='ltr'><strong>(quis</strong></span> <span class='ocrx_word' id='word_1_140' title='bbox 1687 1905 1833 1960; x_wconf 86' lang='lat' dir='ltr'><strong>enim</strong></span> <span class='ocrx_word' id='word_1_141' title='bbox 1910 1904 2058 1958; x_wconf 89' lang='lat' dir='ltr'><strong>novit</strong></span> <span class='ocrx_word' id='word_1_142' title='bbox 2115 1920 2333 1959; x_wconf 88' lang='lat' dir='ltr'><strong>sensum</strong></span> 
     </span>
    </p>
   </div>
   <div class='ocr_carea' id='block_1_22' title="bbox 767 1991 2338 2063">
    <p class='ocr_par' dir='ltr' id='par_1_22' title="bbox 767 1991 2338 2063">
     <span class='ocr_line' id='line_1_22' title="bbox 767 1991 2338 2063; baseline 0.005 -21"><span class='ocrx_word' id='word_1_143' title='bbox 767 1991 976 2043; x_wconf 81' lang='lat' dir='ltr'><strong>Domini</strong></span> <span class='ocrx_word' id='word_1_144' title='bbox 1000 1993 1079 2061; x_wconf 75' lang='lat'><strong>?);</strong></span> <span class='ocrx_word' id='word_1_145' title='bbox 1112 2005 1170 2046; x_wconf 89' lang='lat' dir='ltr'><strong>ut</strong></span> <span class='ocrx_word' id='word_1_146' title='bbox 1215 1995 1412 2048; x_wconf 72' lang='lat' dir='ltr'><strong>iuet-ito</strong></span> <span class='ocrx_word' id='word_1_147' title='bbox 1441 2009 1656 2063; x_wconf 78' lang='lat' dir='ltr'><strong>semper</strong></span> <span class='ocrx_word' id='word_1_148' title='bbox 1690 1996 2000 2063; x_wconf 82' lang='lat' dir='ltr'><strong>vigilemus,</strong></span> <span class='ocrx_word' id='word_1_149' title='bbox 2032 1997 2338 2051; x_wconf 76' lang='lat' dir='ltr'><strong>neseieutes</strong></span> 
     </span>
    </p>
   </div>
   <div class='ocr_carea' id='block_1_23' title="bbox 765 2086 2338 2156">
    <p class='ocr_par' dir='ltr' id='par_1_23' title="bbox 765 2086 2338 2156">
     <span class='ocr_line' id='line_1_23' title="bbox 765 2086 2338 2156; baseline 0.004 -20"><span class='ocrx_word' id='word_1_150' title='bbox 765 2086 1004 2139; x_wconf 82' lang='lat' dir='ltr'><strong>rationes</strong></span> <span class='ocrx_word' id='word_1_151' title='bbox 1036 2088 1172 2154; x_wconf 71' lang='lat' dir='ltr'><strong>ejus.</strong></span> <span class='ocrx_word' id='word_1_152' title='bbox 1204 2096 1258 2140; x_wconf 93' lang='lat' dir='ltr'><strong>et</strong></span> <span class='ocrx_word' id='word_1_153' title='bbox 1313 2089 1498 2138; x_wconf 86' lang='lat' dir='ltr'><strong>horam</strong></span> <span class='ocrx_word' id='word_1_154' title='bbox 1549 2103 1657 2155; x_wconf 84' lang='lat' dir='ltr'><strong>qua</strong></span> <span class='ocrx_word' id='word_1_155' title='bbox 1707 2103 1792 2140; x_wconf 86' lang='lat' dir='ltr'><strong>res</strong></span> <span class='ocrx_word' id='word_1_156' title='bbox 1840 2088 2102 2156; x_wconf 65' lang='lat' dir='ltr'><strong>qualibet</strong></span> <span class='ocrx_word' id='word_1_157' title='bbox 2132 2090 2338 2142; x_wconf 90' lang='lat' dir='ltr'><strong>utiliter</strong></span> 
     </span>
    </p>
   </div>
   <div class='ocr_carea' id='block_1_24' title="bbox 765 2170 2332 2244">
    <p class='ocr_par' dir='ltr' id='par_1_24' title="bbox 765 2170 2332 2244">
     <span class='ocr_line' id='line_1_24' title="bbox 765 2170 2332 2244; baseline 0.004 -23"><span class='ocrx_word' id='word_1_158' title='bbox 765 2170 1098 2238; x_wconf 59' lang='lat' dir='ltr'><strong>(imponetur.</strong></span> <span class='ocrx_word' id='word_1_159' title='bbox 1132 2172 1279 2225; x_wconf 83' lang='lat' dir='ltr'><strong>Hauc</strong></span> <span class='ocrx_word' id='word_1_160' title='bbox 1311 2173 1491 2240; x_wconf 83' lang='lat' dir='ltr'><strong>itaque</strong></span> <span class='ocrx_word' id='word_1_161' title='bbox 1521 2175 1940 2228; x_wconf 89' lang='lat' dir='ltr'><strong>illustrationem</strong></span> <span class='ocrx_word' id='word_1_162' title='bbox 1971 2170 2133 2230; x_wconf 83' lang='lat' dir='ltr'><strong>etiam</strong></span> <span class='ocrx_word' id='word_1_163' title='bbox 2171 2175 2332 2244; x_wconf 86' lang='lat' dir='ltr'><strong>spiri-</strong></span> 
     </span>
    </p>
   </div>
   <div class='ocr_carea' id='block_1_25' title="bbox 766 2261 2335 2338">
    <p class='ocr_par' dir='ltr' id='par_1_25' title="bbox 766 2261 2335 2338">
     <span class='ocr_line' id='line_1_25' title="bbox 766 2261 2335 2338; baseline 0.007 -28"><span class='ocrx_word' id='word_1_164' title='bbox 766 2261 960 2315; x_wconf 80' lang='lat' dir='ltr'><strong>talibus</strong></span> <span class='ocrx_word' id='word_1_165' title='bbox 1007 2265 1260 2317; x_wconf 86' lang='lat' dir='ltr'><strong>essentiis</strong></span> <span class='ocrx_word' id='word_1_166' title='bbox 1308 2266 1650 2328; x_wconf 82' lang='lat' dir='ltr'><strong>transmittit,</strong></span> <span class='ocrx_word' id='word_1_167' title='bbox 1701 2282 1886 2321; x_wconf 84' lang='lat' dir='ltr'><strong>verum</strong></span> <span class='ocrx_word' id='word_1_168' title='bbox 1931 2278 2028 2337; x_wconf 89' lang='lat' dir='ltr'><strong>pro</strong></span> <span class='ocrx_word' id='word_1_169' title='bbox 2076 2269 2335 2338; x_wconf 85' lang='lat' dir='ltr'><strong>cujusque</strong></span> 
     </span>
    </p>
   </div>
   <div class='ocr_carea' id='block_1_26' title="bbox 763 2353 2327 2427">
    <p class='ocr_par' dir='ltr' id='par_1_26' title="bbox 763 2353 2327 2427">
     <span class='ocr_line' id='line_1_26' title="bbox 763 2353 2327 2427; baseline 0.004 -24"><span class='ocrx_word' id='word_1_170' title='bbox 763 2362 944 2418; x_wconf 84' lang='lat' dir='ltr'><strong>captu,</strong></span> <span class='ocrx_word' id='word_1_171' title='bbox 970 2364 1022 2405; x_wconf 89' lang='lat' dir='ltr'><strong>et</strong></span> <span class='ocrx_word' id='word_1_172' title='bbox 1051 2353 1204 2421; x_wconf 79' lang='lat' dir='ltr'><strong>juxta</strong></span> <span class='ocrx_word' id='word_1_173' title='bbox 1243 2370 1548 2408; x_wconf 82' lang='lat' dir='ltr'><strong>mensuram</strong></span> <span class='ocrx_word' id='word_1_174' title='bbox 1583 2356 1801 2410; x_wconf 78' lang='lat' dir='ltr'><strong>vit-tutis</strong></span> <span class='ocrx_word' id='word_1_175' title='bbox 1835 2373 2023 2411; x_wconf 89' lang='lat' dir='ltr'><strong>eorum</strong></span> <span class='ocrx_word' id='word_1_176' title='bbox 2065 2360 2155 2427; x_wconf 90' lang='lat' dir='ltr'><strong>qui</strong></span> <span class='ocrx_word' id='word_1_177' title='bbox 2183 2359 2327 2410; x_wconf 83' lang='lat' dir='ltr'><strong>illaut</strong></span> 
     </span>
    </p>
   </div>
   <div class='ocr_carea' id='block_1_27' title="bbox 763 2443 2332 2515">
    <p class='ocr_par' dir='ltr' id='par_1_27' title="bbox 763 2443 2332 2515">
     <span class='ocr_line' id='line_1_27' title="bbox 763 2443 2332 2515; baseline 0.004 -19"><span class='ocrx_word' id='word_1_178' title='bbox 763 2443 1054 2510; x_wconf 86' lang='lat' dir='ltr'><strong>recipiunt,</strong></span> <span class='ocrx_word' id='word_1_179' title='bbox 1079 2445 1309 2512; x_wconf 90' lang='lat' dir='ltr'><strong>primum</strong></span> <span class='ocrx_word' id='word_1_180' title='bbox 1347 2458 1540 2514; x_wconf 85' lang='lat' dir='ltr'><strong>nempe</strong></span> <span class='ocrx_word' id='word_1_181' title='bbox 1569 2447 1779 2514; x_wconf 77' lang='lat' dir='ltr'><strong>primis,</strong></span> <span class='ocrx_word' id='word_1_182' title='bbox 1809 2457 1864 2500; x_wconf 93' lang='lat' dir='ltr'><strong>et</strong></span> <span class='ocrx_word' id='word_1_183' title='bbox 1896 2463 1995 2515; x_wconf 89' lang='lat' dir='ltr'><strong>per</strong></span> <span class='ocrx_word' id='word_1_184' title='bbox 2041 2449 2158 2503; x_wconf 91' lang='lat' dir='ltr'><strong>illos</strong></span> <span class='ocrx_word' id='word_1_185' title='bbox 2191 2449 2332 2503; x_wconf 89' lang='lat' dir='ltr'><strong>infe-</strong></span> 
     </span>
    </p>
   </div>
   <div class='ocr_carea' id='block_1_28' title="bbox 765 2533 2334 2602">
    <p class='ocr_par' dir='ltr' id='par_1_28' title="bbox 765 2533 2334 2602">
     <span class='ocr_line' id='line_1_28' title="bbox 765 2533 2334 2602; baseline 0.003 -18"><span class='ocrx_word' id='word_1_186' title='bbox 765 2533 1031 2588; x_wconf 88' lang='lat' dir='ltr'><strong>rioribus:</strong></span> <span class='ocrx_word' id='word_1_187' title='bbox 1083 2535 1154 2586; x_wconf 91' lang='lat' dir='ltr'><strong>uti</strong></span> <span class='ocrx_word' id='word_1_188' title='bbox 1208 2537 1368 2588; x_wconf 90' lang='lat' dir='ltr'><strong>etiam</strong></span> <span class='ocrx_word' id='word_1_189' title='bbox 1428 2535 1646 2602; x_wconf 91' lang='lat' dir='ltr'><strong>proprio</strong></span> <span class='ocrx_word' id='word_1_190' title='bbox 1701 2550 1764 2588; x_wconf 88' lang='lat' dir='ltr'><strong>ac</strong></span> <span class='ocrx_word' id='word_1_191' title='bbox 1813 2535 2059 2588; x_wconf 84' lang='lat' dir='ltr'><strong>sensibili</strong></span> <span class='ocrx_word' id='word_1_192' title='bbox 2086 2537 2334 2602; x_wconf 81' lang='lat' dir='ltr'><strong>exemplo</strong></span> 
     </span>
    </p>
   </div>
   <div class='ocr_carea' id='block_1_29' title="bbox 762 2625 2332 2696">
    <p class='ocr_par' dir='ltr' id='par_1_29' title="bbox 762 2625 2332 2696">
     <span class='ocr_line' id='line_1_29' title="bbox 762 2625 2332 2696; baseline 0.004 -20"><span class='ocrx_word' id='word_1_193' title='bbox 762 2626 1020 2688; x_wconf 81' lang='lat' dir='ltr'><strong>declarat,</strong></span> <span class='ocrx_word' id='word_1_194' title='bbox 1052 2627 1193 2694; x_wconf 90' lang='lat' dir='ltr'><strong>quod</strong></span> <span class='ocrx_word' id='word_1_195' title='bbox 1226 2629 1290 2681; x_wconf 89' lang='lat' dir='ltr'><strong>iis</strong></span> <span class='ocrx_word' id='word_1_196' title='bbox 1321 2625 1537 2695; x_wconf 84' lang='lat' dir='ltr'><strong>quidem</strong></span> <span class='ocrx_word' id='word_1_197' title='bbox 1594 2643 1712 2696; x_wconf 77' lang='lat' dir='ltr'><strong>qua:</strong></span> <span class='ocrx_word' id='word_1_198' title='bbox 1764 2626 2023 2682; x_wconf 84' lang='lat' dir='ltr'><strong>dicuntur</strong></span> <span class='ocrx_word' id='word_1_199' title='bbox 2053 2644 2158 2682; x_wconf 90' lang='lat' dir='ltr'><strong>non</strong></span> <span class='ocrx_word' id='word_1_200' title='bbox 2197 2631 2332 2682; x_wconf 83' lang='lat' dir='ltr'><strong>satis</strong></span> 
     </span>
    </p>
   </div>
   <div class='ocr_carea' id='block_1_30' title="bbox 761 2716 2330 2785">
    <p class='ocr_par' dir='ltr' id='par_1_30' title="bbox 761 2716 2330 2785">
     <span class='ocr_line' id='line_1_30' title="bbox 761 2716 2330 2785; baseline 0.001 -16"><span class='ocrx_word' id='word_1_201' title='bbox 761 2717 1033 2781; x_wconf 75' lang='lat' dir='ltr'><strong>congruit,</strong></span> <span class='ocrx_word' id='word_1_202' title='bbox 1064 2717 1216 2770; x_wconf 88' lang='lat' dir='ltr'><strong>nobis</strong></span> <span class='ocrx_word' id='word_1_203' title='bbox 1269 2729 1445 2772; x_wconf 88' lang='lat' dir='ltr'><strong>tamen</strong></span> <span class='ocrx_word' id='word_1_204' title='bbox 1504 2727 1688 2772; x_wconf 87' lang='lat' dir='ltr'><strong>notum</strong></span> <span class='ocrx_word' id='word_1_205' title='bbox 1735 2728 1835 2770; x_wconf 82' lang='lat' dir='ltr'><strong>est.</strong></span> <span class='ocrx_word' id='word_1_206' title='bbox 1881 2716 2132 2785; x_wconf 82' lang='lat' dir='ltr'><strong>Propone</strong></span> <span class='ocrx_word' id='word_1_207' title='bbox 2187 2721 2330 2773; x_wconf 91' lang='lat' dir='ltr'><strong>enim</strong></span> 
     </span>
    </p>
   </div>
   <div class='ocr_carea' id='block_1_31' title="bbox 763 2810 2330 2879">
    <p class='ocr_par' dir='ltr' id='par_1_31' title="bbox 763 2810 2330 2879">
     <span class='ocr_line' id='line_1_31' title="bbox 763 2810 2330 2879; baseline 0.001 -17"><span class='ocrx_word' id='word_1_208' title='bbox 763 2810 977 2863; x_wconf 82' lang='lat' dir='ltr'><strong>radium</strong></span> <span class='ocrx_word' id='word_1_209' title='bbox 1030 2810 1296 2874; x_wconf 86' lang='lat' dir='ltr'><strong>solarem;</strong></span> <span class='ocrx_word' id='word_1_210' title='bbox 1349 2810 1434 2864; x_wconf 86' lang='lat' dir='ltr'><strong>hic</strong></span> <span class='ocrx_word' id='word_1_211' title='bbox 1493 2810 1764 2879; x_wconf 84' lang='lat' dir='ltr'><strong>trajicitur</strong></span> <span class='ocrx_word' id='word_1_212' title='bbox 1799 2810 1854 2863; x_wconf 92' lang='lat' dir='ltr'><strong>in</strong></span> <span class='ocrx_word' id='word_1_213' title='bbox 1889 2811 2131 2878; x_wconf 86' lang='lat' dir='ltr'><strong>primam</strong></span> <span class='ocrx_word' id='word_1_214' title='bbox 2159 2820 2330 2864; x_wconf 86' lang='lat' dir='ltr'><strong>mate-</strong></span> 
     </span>
    </p>
   </div>
   <div class='ocr_carea' id='block_1_32' title="bbox 767 2899 2331 2969">
    <p class='ocr_par' dir='ltr' id='par_1_32' title="bbox 767 2899 2331 2969">
     <span class='ocr_line' id='line_1_32' title="bbox 767 2899 2331 2969; baseline 0.002 -17"><span class='ocrx_word' id='word_1_215' title='bbox 767 2899 900 2952; x_wconf 84' lang='lat' dir='ltr'><strong>riam</strong></span> <span class='ocrx_word' id='word_1_216' title='bbox 929 2899 1370 2967; x_wconf 83' lang='lat' dir='ltr'><strong>perlucidiorem,</strong></span> <span class='ocrx_word' id='word_1_217' title='bbox 1406 2902 1626 2963; x_wconf 87' lang='lat' dir='ltr'><strong>vitrum,</strong></span> <span class='ocrx_word' id='word_1_218' title='bbox 1659 2901 1808 2956; x_wconf 87' lang='lat' dir='ltr'><strong>verbi</strong></span> <span class='ocrx_word' id='word_1_219' title='bbox 1831 2901 2036 2969; x_wconf 85' lang='lat' dir='ltr'><strong>gratia,</strong></span> <span class='ocrx_word' id='word_1_220' title='bbox 2067 2917 2162 2968; x_wconf 87' lang='lat' dir='ltr'><strong>per</strong></span> <span class='ocrx_word' id='word_1_221' title='bbox 2190 2905 2331 2968; x_wconf 77' lang='lat' dir='ltr'><strong>quod</strong></span> 
     </span>
    </p>
   </div>
   <div class='ocr_carea' id='block_1_33' title="bbox 761 2990 2328 3061">
    <p class='ocr_par' dir='ltr' id='par_1_33' title="bbox 761 2990 2328 3061">
     <span class='ocr_line' id='line_1_33' title="bbox 761 2990 2328 3061; baseline -0.001 -16"><span class='ocrx_word' id='word_1_222' title='bbox 761 2991 964 3046; x_wconf 84' lang='lat' dir='ltr'><strong>clarius</strong></span> <span class='ocrx_word' id='word_1_223' title='bbox 997 2990 1236 3061; x_wconf 82' lang='lat' dir='ltr'><strong>affulget.</strong></span> <span class='ocrx_word' id='word_1_224' title='bbox 1285 2995 1566 3060; x_wconf 84' lang='lat' dir='ltr'><strong>Quomodo</strong></span> <span class='ocrx_word' id='word_1_225' title='bbox 1598 2992 1843 3046; x_wconf 82' lang='lat' dir='ltr'><strong>clarius?</strong></span> <span class='ocrx_word' id='word_1_226' title='bbox 1867 2991 2032 3046; x_wconf 84' lang='lat' dir='ltr'><strong>Nobis</strong></span> <span class='ocrx_word' id='word_1_227' title='bbox 2062 2992 2328 3056; x_wconf 86' lang='lat' dir='ltr'><strong>videlicet,</strong></span> 
     </span>
    </p>
   </div>
   <div class='ocr_carea' id='block_1_34' title="bbox 2369 1785 2410 1838">
    <p class='ocr_par' dir='ltr' id='par_1_34' title="bbox 2369 1785 2410 1838">
     <span class='ocr_line' id='line_1_34' title="bbox 2369 1785 2410 1838; baseline 0 0"><span class='ocrx_word' id='word_1_228' title='bbox 2369 1785 2410 1838; x_wconf 85' lang='grc' dir='ltr'>Β</span> 
     </span>
    </p>
   </div>
   <div class='ocr_carea' id='block_1_35' title="bbox 2448 531 4018 604">
    <p class='ocr_par' dir='ltr' id='par_1_35' title="bbox 2448 531 4018 604">
     <span class='ocr_line' id='line_1_35' title="bbox 2448 531 4018 604; baseline 0.008 -22"><span class='ocrx_word' id='word_1_229' title='bbox 2448 533 2557 584; x_wconf 89' lang='grc' dir='ltr'><strong>λων</strong></span> <span class='ocrx_word' id='word_1_230' title='bbox 2583 531 3030 602; x_wconf 83' lang='grc' dir='ltr'>διαπλαττόμενα.</span> <span class='ocrx_word' id='word_1_231' title='bbox 3081 535 3136 585; x_wconf 87' lang='lat' dir='ltr'><strong>&#39;U</strong></span> <span class='ocrx_word' id='word_1_232' title='bbox 3170 534 3396 602; x_wconf 82' lang='grc' dir='ltr'>ἄγγελος</span> <span class='ocrx_word' id='word_1_233' title='bbox 3427 537 3603 590; x_wconf 84' lang='grc' dir='ltr'>τοίνυν</span> <span class='ocrx_word' id='word_1_234' title='bbox 3636 541 3844 604; x_wconf 82' lang='grc' dir='ltr'>ἐκεῖνος</span> <span class='ocrx_word' id='word_1_235' title='bbox 3876 547 3902 596; x_wconf 80' lang='grc' dir='ltr'><strong>ό</strong></span> <span class='ocrx_word' id='word_1_236' title='bbox 3929 547 4018 595; x_wconf 73' lang='grc' dir='ltr'><strong>τὸν</strong></span> 
     </span>
    </p>
   </div>
   <div class='ocr_carea' id='block_1_36' title="bbox 2449 631 4021 712">
    <p class='ocr_par' dir='ltr' id='par_1_36' title="bbox 2449 631 4021 712">
     <span class='ocr_line' id='line_1_36' title="bbox 2449 631 4021 712; baseline 0.008 -30"><span class='ocrx_word' id='word_1_237' title='bbox 2449 631 2697 700; x_wconf 79' lang='grc' dir='ltr'><strong>θεολόγον</strong></span> <span class='ocrx_word' id='word_1_238' title='bbox 2747 631 2896 702; x_wconf 89' lang='grc' dir='ltr'>μυῶν</span> <span class='ocrx_word' id='word_1_239' title='bbox 2931 634 3095 702; x_wconf 82' lang='grc' dir='ltr'>ἀνῆγε</span> <span class='ocrx_word' id='word_1_240' title='bbox 3133 634 3321 687; x_wconf 81' lang='grc' dir='ltr'>τοῦτον</span> <span class='ocrx_word' id='word_1_241' title='bbox 3354 637 3445 688; x_wconf 75' lang='grc' dir='ltr'><strong>ἐπὶ</strong></span> <span class='ocrx_word' id='word_1_242' title='bbox 3475 637 3626 702; x_wconf 66' lang='grc' dir='ltr'>θεὸν,</span> <span class='ocrx_word' id='word_1_243' title='bbox 3663 643 3754 692; x_wconf 79' lang='grc' dir='ltr'><strong>καὶ</strong></span> <span class='ocrx_word' id='word_1_244' title='bbox 3788 643 3878 694; x_wconf 77' lang='grc' dir='ltr'><strong>ἐπὶ</strong></span> <span class='ocrx_word' id='word_1_245' title='bbox 3924 645 4021 712; x_wconf 73' lang='grc' dir='ltr'><strong>τὴν</strong></span> 
     </span>
    </p>
   </div>
   <div class='ocr_carea' id='block_1_37' title="bbox 2452 725 4021 799">
    <p class='ocr_par' dir='ltr' id='par_1_37' title="bbox 2452 725 4021 799">
     <span class='ocr_line' id='line_1_37' title="bbox 2452 725 4021 799; baseline 0.006 -23"><span class='ocrx_word' id='word_1_246' title='bbox 2452 725 2683 797; x_wconf 76' lang='grc' dir='ltr'>πρώτην</span> <span class='ocrx_word' id='word_1_247' title='bbox 2729 725 3010 796; x_wconf 77' lang='grc' dir='ltr'>ἱεραρχίαν</span> <span class='ocrx_word' id='word_1_248' title='bbox 3049 727 3147 796; x_wconf 77' lang='grc' dir='ltr'>τὴν</span> <span class='ocrx_word' id='word_1_249' title='bbox 3186 729 3322 795; x_wconf 81' lang='grc' dir='ltr'>μετὰ</span> <span class='ocrx_word' id='word_1_250' title='bbox 3359 728 3510 792; x_wconf 76' lang='grc' dir='ltr'>Θεὸν,</span> <span class='ocrx_word' id='word_1_251' title='bbox 3541 730 3776 799; x_wconf 82' lang='grc' dir='ltr'>δηλονότι</span> <span class='ocrx_word' id='word_1_252' title='bbox 3819 733 3886 785; x_wconf 76' lang='grc' dir='ltr'>τὰ</span> <span class='ocrx_word' id='word_1_253' title='bbox 3935 752 4021 786; x_wconf 82' lang='grc' dir='ltr'>σε·</span> 
     </span>
    </p>
   </div>
   <div class='ocr_carea' id='block_1_38' title="bbox 2449 817 4019 897">
    <p class='ocr_par' dir='ltr' id='par_1_38' title="bbox 2449 817 4019 897">
     <span class='ocr_line' id='line_1_38' title="bbox 2449 817 4019 897; baseline 0.006 -30"><span class='ocrx_word' id='word_1_254' title='bbox 2449 818 2658 890; x_wconf 84' lang='grc' dir='ltr'>ραφίμ·</span> <span class='ocrx_word' id='word_1_255' title='bbox 2708 817 2844 870; x_wconf 88' lang='grc' dir='ltr'>ῶστε</span> <span class='ocrx_word' id='word_1_256' title='bbox 2899 819 3059 871; x_wconf 82' lang='grc' dir='ltr'>πάλιν</span> <span class='ocrx_word' id='word_1_257' title='bbox 3106 821 3138 888; x_wconf 79' lang='grc' dir='ltr'>ἡ</span> <span class='ocrx_word' id='word_1_258' title='bbox 3187 820 3374 888; x_wconf 85' lang='grc' dir='ltr'>όδηγία</span> <span class='ocrx_word' id='word_1_259' title='bbox 3409 822 3558 893; x_wconf 80' lang='grc' dir='ltr'><strong>παρά</strong></span> <span class='ocrx_word' id='word_1_260' title='bbox 3582 823 3691 875; x_wconf 84' lang='grc' dir='ltr'>τοῦ-</span> <span class='ocrx_word' id='word_1_261' title='bbox 3719 826 3946 892; x_wconf 82' lang='grc' dir='ltr'>ἀγγέλου</span> 
     </span>
    </p>
   </div>
   <div class='ocr_carea' id='block_1_39' title="bbox 2446 907 4020 983">
    <p class='ocr_par' dir='ltr' id='par_1_39' title="bbox 2446 907 4020 983">
     <span class='ocr_line' id='line_1_39' title="bbox 2446 907 4020 983; baseline 0.005 -24"><span class='ocrx_word' id='word_1_262' title='bbox 2446 907 2537 959; x_wconf 78' lang='grc' dir='ltr'><strong>τοῦ</strong></span> <span class='ocrx_word' id='word_1_263' title='bbox 2595 907 2903 974; x_wconf 74' lang='grc' dir='ltr'>ἀνάγοντος.</span> <span class='ocrx_word' id='word_1_264' title='bbox 2955 909 3060 960; x_wconf 78' lang='grc' dir='ltr'>Καὶ</span> <span class='ocrx_word' id='word_1_265' title='bbox 3113 908 3257 974; x_wconf 80' lang='grc' dir='ltr'>λέγει</span> <span class='ocrx_word' id='word_1_266' title='bbox 3311 912 3339 962; x_wconf 90' lang='grc' dir='ltr'><strong>ό</strong></span> <span class='ocrx_word' id='word_1_267' title='bbox 3390 911 3568 978; x_wconf 74' lang='grc' dir='ltr'>ἅγιος·</span> <span class='ocrx_word' id='word_1_268' title='bbox 3616 907 3839 983; x_wconf 79' lang='grc' dir='ltr'>Μήποτέ</span> <span class='ocrx_word' id='word_1_269' title='bbox 3874 917 4020 967; x_wconf 80' lang='grc' dir='ltr'>ἐστιν</span> 
     </span>
    </p>
   </div>
   <div class='ocr_carea' id='block_1_40' title="bbox 2446 995 4020 1074">
    <p class='ocr_par' dir='ltr' id='par_1_40' title="bbox 2446 995 4020 1074">
     <span class='ocr_line' id='line_1_40' title="bbox 2446 995 4020 1074; baseline 0.004 -22"><span class='ocrx_word' id='word_1_270' title='bbox 2446 999 2649 1070; x_wconf 82' lang='grc' dir='ltr'>ἀληθὴς</span> <span class='ocrx_word' id='word_1_271' title='bbox 2692 995 2844 1061; x_wconf 73' lang='grc' dir='ltr'>οὗτος</span> <span class='ocrx_word' id='word_1_272' title='bbox 2881 1002 2908 1052; x_wconf 87' lang='grc' dir='ltr'>ὁ</span> <span class='ocrx_word' id='word_1_273' title='bbox 2946 1001 3120 1066; x_wconf 91' lang='grc' dir='ltr'>λόγος.</span> <span class='ocrx_word' id='word_1_274' title='bbox 3165 1002 3288 1064; x_wconf 88' lang='grc' dir='ltr'>Πῶς</span> <span class='ocrx_word' id='word_1_275' title='bbox 3326 1002 3386 1054; x_wconf 82' lang='grc' dir='ltr'><strong>δὲ</strong></span> <span class='ocrx_word' id='word_1_276' title='bbox 3416 1003 3638 1074; x_wconf 79' lang='grc' dir='ltr'>ἀληθὴς,</span> <span class='ocrx_word' id='word_1_277' title='bbox 3676 1007 4020 1059; x_wconf 78' lang='grc' dir='ltr'>ἀποδείκνυσι</span> 
     </span>
    </p>
   </div>
   <div class='ocr_carea' id='block_1_41' title="bbox 2443 1090 4022 1169">
    <p class='ocr_par' dir='ltr' id='par_1_41' title="bbox 2443 1090 4022 1169">
     <span class='ocr_line' id='line_1_41' title="bbox 2443 1090 4022 1169; baseline 0.006 -27"><span class='ocrx_word' id='word_1_278' title='bbox 2443 1090 2599 1143; x_wconf 75' lang='grc' dir='ltr'>τοῦτο</span> <span class='ocrx_word' id='word_1_279' title='bbox 2637 1091 2744 1144; x_wconf 83' lang='grc' dir='ltr'><strong>ἀπὸ</strong></span> <span class='ocrx_word' id='word_1_280' title='bbox 2769 1093 2868 1160; x_wconf 83' lang='grc' dir='ltr'><strong>τῆς</strong></span> <span class='ocrx_word' id='word_1_281' title='bbox 2905 1093 2997 1145; x_wconf 80' lang='grc' dir='ltr'>τοῦ</span> <span class='ocrx_word' id='word_1_282' title='bbox 3046 1094 3290 1157; x_wconf 80' lang='grc' dir='ltr'>εἰπόντος</span> <span class='ocrx_word' id='word_1_283' title='bbox 3322 1094 3645 1166; x_wconf 79' lang='grc' dir='ltr'>ἐξηγήσεως.</span> <span class='ocrx_word' id='word_1_284' title='bbox 3681 1100 3868 1165; x_wconf 83' lang='grc' dir='ltr'>Ἔλεγε</span> <span class='ocrx_word' id='word_1_285' title='bbox 3910 1099 4022 1169; x_wconf 79' lang='grc' dir='ltr'>γὰρ</span> 
     </span>
    </p>
   </div>
   <div class='ocr_carea' id='block_1_42' title="bbox 2446 1183 4020 1263">
    <p class='ocr_par' dir='ltr' id='par_1_42' title="bbox 2446 1183 4020 1263">
     <span class='ocr_line' id='line_1_42' title="bbox 2446 1183 4020 1263; baseline 0.008 -30"><span class='ocrx_word' id='word_1_286' title='bbox 2446 1183 2670 1246; x_wconf 84' lang='grc' dir='ltr'>ἐκεῖνος,</span> <span class='ocrx_word' id='word_1_287' title='bbox 2702 1184 2885 1252; x_wconf 77' lang='grc' dir='ltr'>φησὶν,</span> <span class='ocrx_word' id='word_1_288' title='bbox 2924 1185 3000 1247; x_wconf 81' lang='grc' dir='ltr'>ὡς</span> <span class='ocrx_word' id='word_1_289' title='bbox 3033 1187 3064 1255; x_wconf 85' lang='grc' dir='ltr'>ἡ</span> <span class='ocrx_word' id='word_1_290' title='bbox 3102 1184 3222 1237; x_wconf 84' lang='grc' dir='ltr'>Θεία</span> <span class='ocrx_word' id='word_1_291' title='bbox 3240 1185 3466 1256; x_wconf 86' lang='grc' dir='ltr'>δύναμις</span> <span class='ocrx_word' id='word_1_292' title='bbox 3493 1189 3582 1239; x_wconf 73' lang='grc' dir='ltr'><strong>ἐπὶ</strong></span> <span class='ocrx_word' id='word_1_293' title='bbox 3627 1189 3799 1242; x_wconf 82' lang='grc' dir='ltr'>πάντα</span> <span class='ocrx_word' id='word_1_294' title='bbox 3830 1195 4020 1263; x_wconf 77' lang='grc' dir='ltr'>χωρεῖ,</span> 
     </span>
    </p>
   </div>
   <div class='ocr_carea' id='block_1_43' title="bbox 2447 1276 4019 1351">
    <p class='ocr_par' dir='ltr' id='par_1_43' title="bbox 2447 1276 4019 1351">
     <span class='ocr_line' id='line_1_43' title="bbox 2447 1276 4019 1351; baseline 0.005 -23"><span class='ocrx_word' id='word_1_295' title='bbox 2447 1277 2539 1328; x_wconf 70' lang='grc' dir='ltr'><strong>καὶ</strong></span> <span class='ocrx_word' id='word_1_296' title='bbox 2563 1276 2649 1328; x_wconf 86' lang='grc' dir='ltr'><strong>διά</strong></span> <span class='ocrx_word' id='word_1_297' title='bbox 2684 1276 2904 1328; x_wconf 86' lang='grc' dir='ltr'>πάντων</span> <span class='ocrx_word' id='word_1_298' title='bbox 2940 1277 3117 1347; x_wconf 79' lang='grc' dir='ltr'>διήκει</span> <span class='ocrx_word' id='word_1_299' title='bbox 3145 1278 3386 1347; x_wconf 86' lang='grc' dir='ltr'>ἀσχέτως</span> <span class='ocrx_word' id='word_1_300' title='bbox 3409 1279 3496 1331; x_wconf 70' lang='grc' dir='ltr'><strong>καὶ</strong></span> <span class='ocrx_word' id='word_1_301' title='bbox 3520 1281 3839 1351; x_wconf 80' lang='grc' dir='ltr'>ἀκρατήτως</span> <span class='ocrx_word' id='word_1_302' title='bbox 3858 1302 3870 1314; x_wconf 71' lang='grc' dir='ltr'><strong><em>ο</em></strong></span> <span class='ocrx_word' id='word_1_303' title='bbox 3895 1284 4019 1336; x_wconf 77' lang='grc' dir='ltr'>οὐδὲ</span> 
     </span>
    </p>
   </div>
   <div class='ocr_carea' id='block_1_44' title="bbox 2445 1366 4022 1441">
    <p class='ocr_par' dir='ltr' id='par_1_44' title="bbox 2445 1366 4022 1441">
     <span class='ocr_line' id='line_1_44' title="bbox 2445 1366 4022 1441; baseline 0.005 -24"><span class='ocrx_word' id='word_1_304' title='bbox 2445 1366 2554 1436; x_wconf 86' lang='grc' dir='ltr'>γὰρ</span> <span class='ocrx_word' id='word_1_305' title='bbox 2593 1366 2883 1436; x_wconf 82' lang='grc' dir='ltr'>κατέχεταί</span> <span class='ocrx_word' id='word_1_306' title='bbox 2929 1384 3055 1431; x_wconf 83' lang='grc' dir='ltr'>τινι,</span> <span class='ocrx_word' id='word_1_307' title='bbox 3102 1368 3177 1430; x_wconf 84' lang='grc' dir='ltr'>ὡς</span> <span class='ocrx_word' id='word_1_308' title='bbox 3223 1370 3295 1441; x_wconf 83' lang='grc' dir='ltr'>μὴ</span> <span class='ocrx_word' id='word_1_309' title='bbox 3331 1370 3561 1440; x_wconf 77' lang='grc' dir='ltr'>ἑτέρωσε</span> <span class='ocrx_word' id='word_1_310' title='bbox 3600 1372 3870 1441; x_wconf 66' lang='grc' dir='ltr'>φοιτῆσαι.</span> <span class='ocrx_word' id='word_1_311' title='bbox 3905 1375 4022 1427; x_wconf 72' lang='grc' dir='ltr'><strong>Καὶ</strong></span> 
     </span>
    </p>
   </div>
   <div class='ocr_carea' id='block_1_45' title="bbox 2444 1458 4019 1530">
    <p class='ocr_par' dir='ltr' id='par_1_45' title="bbox 2444 1458 4019 1530">
     <span class='ocr_line' id='line_1_45' title="bbox 2444 1458 4019 1530; baseline 0.006 -20"><span class='ocrx_word' id='word_1_312' title='bbox 2444 1458 2626 1520; x_wconf 86' lang='grc' dir='ltr'>πάλιν,</span> <span class='ocrx_word' id='word_1_313' title='bbox 2661 1459 2824 1511; x_wconf 79' lang='grc' dir='ltr'>πᾶσίν</span> <span class='ocrx_word' id='word_1_314' title='bbox 2858 1461 3004 1512; x_wconf 87' lang='grc' dir='ltr'>ἐστιν</span> <span class='ocrx_word' id='word_1_315' title='bbox 3045 1461 3258 1530; x_wconf 82' lang='grc' dir='ltr'>ἀφανὴς</span> <span class='ocrx_word' id='word_1_316' title='bbox 3299 1461 3385 1513; x_wconf 84' lang='grc' dir='ltr'>διὰ</span> <span class='ocrx_word' id='word_1_317' title='bbox 3412 1461 3503 1513; x_wconf 79' lang='grc' dir='ltr'><strong>δύο</strong></span> <span class='ocrx_word' id='word_1_318' title='bbox 3534 1462 3684 1526; x_wconf 74' lang='grc' dir='ltr'>τινὰς</span> <span class='ocrx_word' id='word_1_319' title='bbox 3715 1465 3905 1527; x_wconf 85' lang='grc' dir='ltr'>αἰτίας,</span> <span class='ocrx_word' id='word_1_320' title='bbox 3935 1468 4019 1519; x_wconf 79' lang='grc' dir='ltr'><strong>ὅτι</strong></span> 
     </span>
    </p>
   </div>
   <div class='ocr_carea' id='block_1_46' title="bbox 2442 1549 4016 1623">
    <p class='ocr_par' dir='ltr' id='par_1_46' title="bbox 2442 1549 4016 1623">
     <span class='ocr_line' id='line_1_46' title="bbox 2442 1549 4016 1623; baseline 0.004 -24"><span class='ocrx_word' id='word_1_321' title='bbox 2442 1566 2499 1600; x_wconf 90' lang='grc' dir='ltr'><strong>τε</strong></span> <span class='ocrx_word' id='word_1_322' title='bbox 2535 1549 2869 1618; x_wconf 82' lang='grc' dir='ltr'>ὑπερουσίως</span> <span class='ocrx_word' id='word_1_323' title='bbox 2909 1549 3164 1622; x_wconf 68' lang='grc' dir='ltr'>ἐξῄρηται</span> <span class='ocrx_word' id='word_1_324' title='bbox 3198 1551 3432 1613; x_wconf 75' lang='grc' dir='ltr'>πάντων,</span> <span class='ocrx_word' id='word_1_325' title='bbox 3465 1553 3560 1604; x_wconf 74' lang='grc' dir='ltr'><strong>καὶ</strong></span> <span class='ocrx_word' id='word_1_326' title='bbox 3593 1554 3838 1623; x_wconf 81' lang='grc' dir='ltr'>ἀνόμοιός</span> <span class='ocrx_word' id='word_1_327' title='bbox 3876 1557 4016 1619; x_wconf 84' lang='grc' dir='ltr'>ἐστι,</span> 
     </span>
    </p>
   </div>
   <div class='ocr_carea' id='block_1_47' title="bbox 2446 1631 4020 1716">
    <p class='ocr_par' dir='ltr' id='par_1_47' title="bbox 2446 1631 4020 1716">
     <span class='ocr_line' id='line_1_47' title="bbox 2446 1631 4020 1716; baseline 0.004 -25"><span class='ocrx_word' id='word_1_328' title='bbox 2446 1639 2523 1708; x_wconf 85' lang='grc' dir='ltr'>(τὸ</span> <span class='ocrx_word' id='word_1_329' title='bbox 2556 1641 2738 1708; x_wconf 83' lang='grc' dir='ltr'>ὅμοιον</span> <span class='ocrx_word' id='word_1_330' title='bbox 2771 1641 2828 1692; x_wconf 79' lang='grc' dir='ltr'>δὲ</span> <span class='ocrx_word' id='word_1_331' title='bbox 2849 1640 2927 1708; x_wconf 85' lang='grc' dir='ltr'>τῷ</span> <span class='ocrx_word' id='word_1_332' title='bbox 2960 1642 3128 1712; x_wconf 83' lang='grc' dir='ltr'>ὁμοίῳ</span> <span class='ocrx_word' id='word_1_333' title='bbox 3161 1631 3636 1715; x_wconf 55' lang='grc' dir='ltr'>γινώσκεται-μαι</span> <span class='ocrx_word' id='word_1_334' title='bbox 3661 1646 3738 1696; x_wconf 82' lang='grc' dir='ltr'><strong>ὅτι</strong></span> <span class='ocrx_word' id='word_1_335' title='bbox 3775 1648 4020 1716; x_wconf 71' lang='grc' dir='ltr'>κρυφίως</span> 
     </span>
    </p>
   </div>
   <div class='ocr_carea' id='block_1_48' title="bbox 2442 1732 4018 1806">
    <p class='ocr_par' dir='ltr' id='par_1_48' title="bbox 2442 1732 4018 1806">
     <span class='ocr_line' id='line_1_48' title="bbox 2442 1732 4018 1806; baseline 0.003 -23"><span class='ocrx_word' id='word_1_336' title='bbox 2442 1732 2739 1802; x_wconf 82' lang='grc' dir='ltr'>διαπέμπει</span> <span class='ocrx_word' id='word_1_337' title='bbox 2781 1733 2879 1796; x_wconf 83' lang='grc' dir='ltr'><strong>τάς</strong></span> <span class='ocrx_word' id='word_1_338' title='bbox 2920 1735 3176 1802; x_wconf 80' lang='grc' dir='ltr'>προνοίας</span> <span class='ocrx_word' id='word_1_339' title='bbox 3211 1735 3400 1804; x_wconf 74' lang='grc' dir='ltr'>αὐτῆς,</span> <span class='ocrx_word' id='word_1_340' title='bbox 3430 1735 3530 1803; x_wconf 89' lang='grc' dir='ltr'>(τίς</span> <span class='ocrx_word' id='word_1_341' title='bbox 3562 1737 3667 1806; x_wconf 82' lang='grc' dir='ltr'>γὰρ</span> <span class='ocrx_word' id='word_1_342' title='bbox 3719 1736 3852 1802; x_wconf 81' lang='grc' dir='ltr'>ἔγνω</span> <span class='ocrx_word' id='word_1_343' title='bbox 3888 1738 4018 1790; x_wconf 81' lang='grc' dir='ltr'>νοῦν</span> 
     </span>
    </p>
   </div>
   <div class='ocr_carea' id='block_1_49' title="bbox 2442 1822 4018 1898">
    <p class='ocr_par' dir='ltr' id='par_1_49' title="bbox 2442 1822 4018 1898">
     <span class='ocr_line' id='line_1_49' title="bbox 2442 1822 4018 1898; baseline 0.005 -24"><span class='ocrx_word' id='word_1_344' title='bbox 2442 1824 2645 1893; x_wconf 79' lang='grc' dir='ltr'>Κυρίου</span> <span class='ocrx_word' id='word_1_345' title='bbox 2674 1824 2710 1893; x_wconf 91' lang='grc'>;)</span> <span class='ocrx_word' id='word_1_346' title='bbox 2746 1824 2834 1876; x_wconf 87' lang='grc' dir='ltr'><strong>ἴνα</strong></span> <span class='ocrx_word' id='word_1_347' title='bbox 2871 1822 2999 1887; x_wconf 72' lang='grc' dir='ltr'>ἴσως</span> <span class='ocrx_word' id='word_1_348' title='bbox 3026 1827 3253 1878; x_wconf 76' lang='grc' dir='ltr'>πάντοτε</span> <span class='ocrx_word' id='word_1_349' title='bbox 3283 1827 3661 1898; x_wconf 80' lang='grc' dir='ltr'><strong>γρηγορῶμεν,</strong></span> <span class='ocrx_word' id='word_1_350' title='bbox 3696 1830 3792 1882; x_wconf 70' lang='grc' dir='ltr'><strong>οὐκ</strong></span> <span class='ocrx_word' id='word_1_351' title='bbox 3817 1826 4018 1892; x_wconf 76' lang='grc' dir='ltr'>εἰδότες</span> 
     </span>
    </p>
   </div>
   <div class='ocr_carea' id='block_1_50' title="bbox 2439 1915 4006 1992">
    <p class='ocr_par' dir='ltr' id='par_1_50' title="bbox 2439 1915 4006 1992">
     <span class='ocr_line' id='line_1_50' title="bbox 2439 1915 4006 1992; baseline 0.005 -27"><span class='ocrx_word' id='word_1_352' title='bbox 2439 1917 2562 1977; x_wconf 73' lang='grc' dir='ltr'>τοὺς</span> <span class='ocrx_word' id='word_1_353' title='bbox 2589 1915 2780 1984; x_wconf 80' lang='grc' dir='ltr'>λόγους</span> <span class='ocrx_word' id='word_1_354' title='bbox 2802 1915 2990 1986; x_wconf 80' lang='grc' dir='ltr'>αὐτῆς,</span> <span class='ocrx_word' id='word_1_355' title='bbox 3027 1919 3120 1970; x_wconf 68' lang='grc' dir='ltr'><strong>καὶ</strong></span> <span class='ocrx_word' id='word_1_356' title='bbox 3152 1919 3250 1987; x_wconf 81' lang='grc' dir='ltr'>τὴν</span> <span class='ocrx_word' id='word_1_357' title='bbox 3283 1917 3428 1988; x_wconf 83' lang='grc' dir='ltr'>ὤραν</span> <span class='ocrx_word' id='word_1_358' title='bbox 3456 1918 3576 1970; x_wconf 78' lang='grc' dir='ltr'>καθ’</span> <span class='ocrx_word' id='word_1_359' title='bbox 3603 1919 3665 1988; x_wconf 80' lang='grc' dir='ltr'>ἣν</span> <span class='ocrx_word' id='word_1_360' title='bbox 3695 1921 4006 1992; x_wconf 70' lang='grc' dir='ltr'>συμφερόν-</span> 
     </span>
    </p>
   </div>
   <div class='ocr_carea' id='block_1_51' title="bbox 2437 2001 4016 2082">
    <p class='ocr_par' dir='ltr' id='par_1_51' title="bbox 2437 2001 4016 2082">
     <span class='ocr_line' id='line_1_51' title="bbox 2437 2001 4016 2082; baseline 0.006 -24"><span class='ocrx_word' id='word_1_361' title='bbox 2437 2024 2543 2070; x_wconf 86' lang='grc' dir='ltr'><strong>τως</strong></span> <span class='ocrx_word' id='word_1_362' title='bbox 2579 2008 2807 2062; x_wconf 78' lang='grc' dir='ltr'>ἒκαστον</span> <span class='ocrx_word' id='word_1_363' title='bbox 2834 2009 3254 2080; x_wconf 79' lang='grc' dir='ltr'>διοικηθήσεται.</span> <span class='ocrx_word' id='word_1_364' title='bbox 3289 2011 3502 2080; x_wconf 76' lang='grc' dir='ltr'>Ταύτην</span> <span class='ocrx_word' id='word_1_365' title='bbox 3536 2001 3626 2064; x_wconf 75' lang='grc' dir='ltr'><strong>οὖν</strong></span> <span class='ocrx_word' id='word_1_366' title='bbox 3657 2014 3752 2082; x_wconf 87' lang='grc' dir='ltr'><strong>τὴν</strong></span> <span class='ocrx_word' id='word_1_367' title='bbox 3778 2015 4016 2081; x_wconf 75' lang='grc' dir='ltr'>φωτοδο-</span> 
     </span>
    </p>
   </div>
   <div class='ocr_carea' id='block_1_52' title="bbox 2441 2100 4015 2175">
    <p class='ocr_par' dir='ltr' id='par_1_52' title="bbox 2441 2100 4015 2175">
     <span class='ocr_line' id='line_1_52' title="bbox 2441 2100 4015 2175; baseline 0.004 -23"><span class='ocrx_word' id='word_1_368' title='bbox 2441 2100 2559 2162; x_wconf 87' lang='grc' dir='ltr'>σίαν</span> <span class='ocrx_word' id='word_1_369' title='bbox 2588 2101 2680 2153; x_wconf 75' lang='grc' dir='ltr'><strong>καὶ</strong></span> <span class='ocrx_word' id='word_1_370' title='bbox 2706 2103 2828 2164; x_wconf 83' lang='grc' dir='ltr'>ταῖς</span> <span class='ocrx_word' id='word_1_371' title='bbox 2867 2105 3079 2171; x_wconf 85' lang='grc' dir='ltr'>νοεραῖς</span> <span class='ocrx_word' id='word_1_372' title='bbox 3113 2104 3324 2166; x_wconf 79' lang='grc' dir='ltr'>οὐσίαις</span> <span class='ocrx_word' id='word_1_373' title='bbox 3358 2104 3674 2173; x_wconf 83' lang='grc' dir='ltr'>διαπέμπει,</span> <span class='ocrx_word' id='word_1_374' title='bbox 3710 2104 3842 2175; x_wconf 70' lang='grc' dir='ltr'>πλὴν</span> <span class='ocrx_word' id='word_1_375' title='bbox 3876 2107 4015 2159; x_wconf 77' lang='grc' dir='ltr'>ἀνα-</span> 
     </span>
    </p>
   </div>
   <div class='ocr_carea' id='block_1_53' title="bbox 2437 2191 4017 2265">
    <p class='ocr_par' dir='ltr' id='par_1_53' title="bbox 2437 2191 4017 2265">
     <span class='ocr_line' id='line_1_53' title="bbox 2437 2191 4017 2265; baseline 0.005 -23"><span class='ocrx_word' id='word_1_376' title='bbox 2437 2191 2605 2259; x_wconf 87' lang='grc' dir='ltr'>λόγως</span> <span class='ocrx_word' id='word_1_377' title='bbox 2640 2194 2731 2244; x_wconf 72' lang='grc' dir='ltr'><strong>καὶ</strong></span> <span class='ocrx_word' id='word_1_378' title='bbox 2772 2193 2912 2245; x_wconf 90' lang='grc' dir='ltr'><strong>κατά</strong></span> <span class='ocrx_word' id='word_1_379' title='bbox 2944 2194 3002 2245; x_wconf 84' lang='grc' dir='ltr'><strong>τὸ</strong></span> <span class='ocrx_word' id='word_1_380' title='bbox 3045 2193 3238 2264; x_wconf 83' lang='grc' dir='ltr'>μέτρον</span> <span class='ocrx_word' id='word_1_381' title='bbox 3267 2195 3365 2262; x_wconf 78' lang='grc' dir='ltr'>τῆς</span> <span class='ocrx_word' id='word_1_382' title='bbox 3397 2196 3502 2247; x_wconf 87' lang='grc' dir='ltr'><strong>τῶν</strong></span> <span class='ocrx_word' id='word_1_383' title='bbox 3527 2195 3821 2265; x_wconf 83' lang='grc' dir='ltr'>δεχομένων</span> <span class='ocrx_word' id='word_1_384' title='bbox 3853 2196 4017 2251; x_wconf 79' lang='grc' dir='ltr'>δυνά-</span> 
     </span>
    </p>
   </div>
   <div class='ocr_carea' id='block_1_54' title="bbox 2440 2285 4018 2356">
    <p class='ocr_par' dir='ltr' id='par_1_54' title="bbox 2440 2285 4018 2356">
     <span class='ocr_line' id='line_1_54' title="bbox 2440 2285 4018 2356; baseline 0.001 -20"><span class='ocrx_word' id='word_1_385' title='bbox 2440 2303 2602 2355; x_wconf 88' lang='grc' dir='ltr'>μεως,</span> <span class='ocrx_word' id='word_1_386' title='bbox 2642 2285 2857 2356; x_wconf 89' lang='grc' dir='ltr'>πρῶτον</span> <span class='ocrx_word' id='word_1_387' title='bbox 2893 2289 3011 2348; x_wconf 83' lang='grc' dir='ltr'>ταῖς</span> <span class='ocrx_word' id='word_1_388' title='bbox 3055 2286 3409 2355; x_wconf 82' lang='grc' dir='ltr'>πρωτίσταις,</span> <span class='ocrx_word' id='word_1_389' title='bbox 3439 2286 3530 2337; x_wconf 75' lang='grc' dir='ltr'><strong>καὶ</strong></span> <span class='ocrx_word' id='word_1_390' title='bbox 3559 2285 3623 2336; x_wconf 77' lang='grc' dir='ltr'>δι’</span> <span class='ocrx_word' id='word_1_391' title='bbox 3645 2285 3856 2337; x_wconf 82' lang='grc' dir='ltr'>ἐκείνων</span> <span class='ocrx_word' id='word_1_392' title='bbox 3885 2287 4018 2348; x_wconf 75' lang='grc' dir='ltr'>ταῖς</span> 
     </span>
    </p>
   </div>
   <div class='ocr_carea' id='block_1_55' title="bbox 2437 2372 4014 2446">
    <p class='ocr_par' dir='ltr' id='par_1_55' title="bbox 2437 2372 4014 2446">
     <span class='ocr_line' id='line_1_55' title="bbox 2437 2372 4014 2446; baseline 0 -20"><span class='ocrx_word' id='word_1_393' title='bbox 2437 2374 2891 2446; x_wconf 75' lang='grc' dir='ltr'>ὑποϐεϐηκυίαις·</span> <span class='ocrx_word' id='word_1_394' title='bbox 2941 2375 2968 2426; x_wconf 85' lang='grc' dir='ltr'><strong><em>ὃ</em></strong></span> <span class='ocrx_word' id='word_1_395' title='bbox 3013 2374 3076 2445; x_wconf 84' lang='grc' dir='ltr'><strong>δὴ</strong></span> <span class='ocrx_word' id='word_1_396' title='bbox 3125 2375 3218 2426; x_wconf 69' lang='grc' dir='ltr'><strong>καὶ</strong></span> <span class='ocrx_word' id='word_1_397' title='bbox 3264 2374 3330 2426; x_wconf 87' lang='grc' dir='ltr'>δι’</span> <span class='ocrx_word' id='word_1_398' title='bbox 3367 2374 3565 2426; x_wconf 82' lang='grc' dir='ltr'>οἰκείου</span> <span class='ocrx_word' id='word_1_399' title='bbox 3615 2375 3704 2426; x_wconf 77' lang='grc' dir='ltr'><strong>καὶ</strong></span> <span class='ocrx_word' id='word_1_400' title='bbox 3754 2372 4014 2441; x_wconf 73' lang='grc' dir='ltr'>αἰσθητοῦ</span> 
     </span>
    </p>
   </div>
   <div class='ocr_carea' id='block_1_56' title="bbox 2437 2464 4015 2537">
    <p class='ocr_par' dir='ltr' id='par_1_56' title="bbox 2437 2464 4015 2537">
     <span class='ocr_line' id='line_1_56' title="bbox 2437 2464 4015 2537; baseline -0.001 -19"><span class='ocrx_word' id='word_1_401' title='bbox 2437 2465 2871 2537; x_wconf 79' lang='grc' dir='ltr'>παραδείγματος</span> <span class='ocrx_word' id='word_1_402' title='bbox 2926 2464 3231 2535; x_wconf 63' lang='grc' dir='ltr'>σαφηνίζει,</span> <span class='ocrx_word' id='word_1_403' title='bbox 3289 2465 3614 2528; x_wconf 86' lang='grc' dir='ltr'>ἀποδέοντος</span> <span class='ocrx_word' id='word_1_404' title='bbox 3675 2465 3769 2535; x_wconf 83' lang='grc' dir='ltr'><strong>μὲν</strong></span> 
     </span>
    </p>
   </div>
   <div class='ocr_carea' id='block_1_57' title="bbox 2436 2553 4014 2629">
    <p class='ocr_par' dir='ltr' id='par_1_57' title="bbox 2436 2553 4014 2629">
     <span class='ocr_line' id='line_1_57' title="bbox 2436 2553 4014 2629; baseline -0.003 -19"><span class='ocrx_word' id='word_1_405' title='bbox 2436 2559 2571 2629; x_wconf 75' lang='grc' dir='ltr'>πρὸς</span> <span class='ocrx_word' id='word_1_406' title='bbox 2603 2559 2672 2611; x_wconf 81' lang='grc' dir='ltr'><strong>τά</strong></span> <span class='ocrx_word' id='word_1_407' title='bbox 2707 2559 2991 2628; x_wconf 90' lang='grc' dir='ltr'>λεγόμενα,</span> <span class='ocrx_word' id='word_1_408' title='bbox 3019 2559 3158 2620; x_wconf 86' lang='grc' dir='ltr'>τέως</span> <span class='ocrx_word' id='word_1_409' title='bbox 3183 2557 3236 2608; x_wconf 84' lang='grc' dir='ltr'><strong>δὲ</strong></span> <span class='ocrx_word' id='word_1_410' title='bbox 3277 2557 3551 2627; x_wconf 81' lang='grc' dir='ltr'>γνωρίμου</span> <span class='ocrx_word' id='word_1_411' title='bbox 3582 2558 3728 2626; x_wconf 82' lang='grc' dir='ltr'>ἡμῖν.</span> <span class='ocrx_word' id='word_1_412' title='bbox 3776 2553 4014 2607; x_wconf 76' lang='grc' dir='ltr'>’Υπόθου</span> 
     </span>
    </p>
   </div>
   <div class='ocr_carea' id='block_1_58' title="bbox 2434 2646 4014 2722">
    <p class='ocr_par' dir='ltr' id='par_1_58' title="bbox 2434 2646 4014 2722">
     <span class='ocr_line' id='line_1_58' title="bbox 2434 2646 4014 2722; baseline -0.003 -19"><span class='ocrx_word' id='word_1_413' title='bbox 2434 2651 2541 2722; x_wconf 78' lang='grc' dir='ltr'>γὰρ</span> <span class='ocrx_word' id='word_1_414' title='bbox 2592 2651 2824 2722; x_wconf 80' lang='grc' dir='ltr'>ἡλιακὴν</span> <span class='ocrx_word' id='word_1_415' title='bbox 2885 2653 3112 2703; x_wconf 83' lang='grc' dir='ltr'>ἀκτῖνα·</span> <span class='ocrx_word' id='word_1_416' title='bbox 3147 2649 3283 2718; x_wconf 72' lang='grc' dir='ltr'>αὕτη</span> <span class='ocrx_word' id='word_1_417' title='bbox 3331 2649 3616 2702; x_wconf 71' lang='grc' dir='ltr'>διαδίδοται</span> <span class='ocrx_word' id='word_1_418' title='bbox 3674 2650 3751 2711; x_wconf 82' lang='grc' dir='ltr'><strong>είς</strong></span> <span class='ocrx_word' id='word_1_419' title='bbox 3784 2646 4014 2718; x_wconf 76' lang='grc' dir='ltr'>πρώτην</span> 
     </span>
    </p>
   </div>
   <div class='ocr_carea' id='block_1_59' title="bbox 2437 2734 4014 2812">
    <p class='ocr_par' dir='ltr' id='par_1_59' title="bbox 2437 2734 4014 2812">
     <span class='ocr_line' id='line_1_59' title="bbox 2437 2734 4014 2812; baseline -0.001 -19"><span class='ocrx_word' id='word_1_420' title='bbox 2437 2741 2565 2810; x_wconf 74' lang='grc' dir='ltr'>ὓλην</span> <span class='ocrx_word' id='word_1_421' title='bbox 2612 2741 2991 2812; x_wconf 86' lang='grc' dir='ltr'>διειδεστέραν,</span> <span class='ocrx_word' id='word_1_422' title='bbox 3052 2741 3202 2793; x_wconf 74' lang='grc' dir='ltr'>ὕελον</span> <span class='ocrx_word' id='word_1_423' title='bbox 3251 2742 3430 2809; x_wconf 82' lang='grc' dir='ltr'>τυχὸν,</span> <span class='ocrx_word' id='word_1_424' title='bbox 3484 2738 3547 2792; x_wconf 85' lang='grc' dir='ltr'>δι’</span> <span class='ocrx_word' id='word_1_425' title='bbox 3589 2734 3788 2800; x_wconf 65' lang='grc' dir='ltr'>οὗτινος</span> <span class='ocrx_word' id='word_1_426' title='bbox 3848 2738 4014 2792; x_wconf 79' lang='grc' dir='ltr'>ὑέλου</span> 
     </span>
    </p>
   </div>
   <div class='ocr_carea' id='block_1_60' title="bbox 2435 2827 4019 2901">
    <p class='ocr_par' dir='ltr' id='par_1_60' title="bbox 2435 2827 4019 2901">
     <span class='ocr_line' id='line_1_60' title="bbox 2435 2827 4019 2901; baseline -0.003 -17"><span class='ocrx_word' id='word_1_427' title='bbox 2435 2832 2742 2901; x_wconf 78' lang='grc' dir='ltr'>ἀναλάμπει</span> <span class='ocrx_word' id='word_1_428' title='bbox 2780 2831 3203 2900; x_wconf 79' lang='grc' dir='ltr'>ἐμφανέστερον.</span> <span class='ocrx_word' id='word_1_429' title='bbox 3233 2827 3357 2891; x_wconf 85' lang='grc' dir='ltr'>Πῶς</span> <span class='ocrx_word' id='word_1_430' title='bbox 3411 2829 3841 2898; x_wconf 66' lang='grc' dir='ltr'>ὲμφανέστερον;</span> <span class='ocrx_word' id='word_1_431' title='bbox 3870 2828 4019 2896; x_wconf 66' lang='grc' dir='ltr'>ἡμῖν</span> 
     </span>
    </p>
   </div>
   <div class='ocr_carea' id='block_1_61' title="bbox 2435 2918 4014 2992">
    <p class='ocr_par' dir='ltr' id='par_1_61' title="bbox 2435 2918 4014 2992">
     <span class='ocr_line' id='line_1_61' title="bbox 2435 2918 4014 2992; baseline -0.002 -18"><span class='ocrx_word' id='word_1_432' title='bbox 2435 2923 2694 2992; x_wconf 83' lang='grc' dir='ltr'>δηλονότι,</span> <span class='ocrx_word' id='word_1_433' title='bbox 2726 2925 2787 2975; x_wconf 73' lang='grc' dir='ltr'>οὐ</span> <span class='ocrx_word' id='word_1_434' title='bbox 2825 2923 3192 2992; x_wconf 83' lang='grc' dir='ltr'>συγκριτικῶς</span> <span class='ocrx_word' id='word_1_435' title='bbox 3225 2921 3359 2991; x_wconf 78' lang='grc' dir='ltr'>πρὸς</span> <span class='ocrx_word' id='word_1_436' title='bbox 3396 2922 3496 2991; x_wconf 80' lang='grc' dir='ltr'><strong>τὴν</strong></span> <span class='ocrx_word' id='word_1_437' title='bbox 3524 2919 3785 2990; x_wconf 84' lang='grc' dir='ltr'>προτέραν</span> <span class='ocrx_word' id='word_1_438' title='bbox 3810 2918 4014 2988; x_wconf 78' lang='grc' dir='ltr'>ἐλλαμ-</span> 
     </span>
    </p>
   </div>
   <div class='ocr_carea' id='block_1_62' title="bbox 2435 3009 4017 3086">
    <p class='ocr_par' dir='ltr' id='par_1_62' title="bbox 2435 3009 4017 3086">
     <span class='ocr_line' id='line_1_62' title="bbox 2435 3009 4017 3086; baseline -0.005 -18"><span class='ocrx_word' id='word_1_439' title='bbox 2435 3016 2546 3085; x_wconf 73' lang='grc' dir='ltr'>ψιν,</span> <span class='ocrx_word' id='word_1_440' title='bbox 2586 3016 2896 3086; x_wconf 83' lang='grc' dir='ltr'>συμμέτρου</span> <span class='ocrx_word' id='word_1_441' title='bbox 2931 3014 3131 3083; x_wconf 83' lang='grc' dir='ltr'>δηλαδὴ</span> <span class='ocrx_word' id='word_1_442' title='bbox 3161 3009 3459 3082; x_wconf 65' lang='grc' dir='ltr'>γενομέκης</span> <span class='ocrx_word' id='word_1_443' title='bbox 3491 3011 3591 3080; x_wconf 76' lang='grc' dir='ltr'>τῆς</span> <span class='ocrx_word' id='word_1_444' title='bbox 3635 3010 3804 3078; x_wconf 57' lang='grc' dir='ltr'>ὅψεως</span> <span class='ocrx_word' id='word_1_445' title='bbox 3829 3009 3906 3070; x_wconf 77' lang='grc' dir='ltr'><strong>είς</strong></span> <span class='ocrx_word' id='word_1_446' title='bbox 3946 3009 4017 3061; x_wconf 65' lang='grc' dir='ltr'>τὲ</span> 
     </span>
    </p>
   </div>
   <div class='ocr_carea' id='block_1_63' title="bbox 763 3085 2335 3177">
    <p class='ocr_par' dir='ltr' id='par_1_63' title="bbox 763 3085 2326 3154">
     <span class='ocr_line' id='line_1_63' title="bbox 763 3085 2326 3154; baseline 0 -18"><span class='ocrx_word' id='word_1_447' title='bbox 763 3085 984 3140; x_wconf 89' lang='lat' dir='ltr'><strong>ntiuiute</strong></span> <span class='ocrx_word' id='word_1_448' title='bbox 1020 3085 1161 3140; x_wconf 84' lang='lat' dir='ltr'><strong>facta</strong></span> <span class='ocrx_word' id='word_1_449' title='bbox 1197 3087 1605 3154; x_wconf 85' lang='lat' dir='ltr'><strong>comparatione</strong></span> <span class='ocrx_word' id='word_1_450' title='bbox 1637 3101 1761 3139; x_wconf 90' lang='lat' dir='ltr'><strong>cum</strong></span> <span class='ocrx_word' id='word_1_451' title='bbox 1807 3086 1973 3153; x_wconf 89' lang='lat' dir='ltr'><strong>priori</strong></span> <span class='ocrx_word' id='word_1_452' title='bbox 2007 3086 2326 3139; x_wconf 79' lang='lat' dir='ltr'><strong>illustratio-</strong></span> 
     </span>
    </p>
   </div>
   <div class='ocr_carea' id='block_1_64' title="bbox 2437 3085 4012 3177">
    <p class='ocr_par' dir='ltr' id='par_1_64' title="bbox 2437 3101 4012 3177">
     <span class='ocr_line' id='line_1_64' title="bbox 2437 3101 4012 3177; baseline -0.004 -17"><span class='ocrx_word' id='word_1_453' title='bbox 2437 3109 2495 3160; x_wconf 81' lang='grc' dir='ltr'><strong>τὸ</strong></span> <span class='ocrx_word' id='word_1_454' title='bbox 2522 3107 2635 3177; x_wconf 78' lang='grc' dir='ltr'><strong>φῶς</strong></span> <span class='ocrx_word' id='word_1_455' title='bbox 2666 3106 3095 3177; x_wconf 76' lang='grc' dir='ltr'>παραδέξασθαι·</span> <span class='ocrx_word' id='word_1_456' title='bbox 3133 3106 3194 3156; x_wconf 85' lang='grc' dir='ltr'><strong>τὸ</strong></span> <span class='ocrx_word' id='word_1_457' title='bbox 3227 3105 3334 3174; x_wconf 74' lang='grc' dir='ltr'><strong>γὰρ</strong></span> <span class='ocrx_word' id='word_1_458' title='bbox 3377 3102 3507 3155; x_wconf 74' lang='grc' dir='ltr'>πολὺ</span> <span class='ocrx_word' id='word_1_459' title='bbox 3535 3102 3650 3172; x_wconf 78' lang='grc' dir='ltr'><strong>φῶς</strong></span> <span class='ocrx_word' id='word_1_460' title='bbox 3679 3101 3867 3171; x_wconf 76' lang='grc' dir='ltr'>μᾶλλον</span> <span class='ocrx_word' id='word_1_461' title='bbox 3903 3101 4012 3164; x_wconf 69' lang='grc' dir='ltr'>τὰς</span> 
     </span>
    </p>
   </div>
   <div class='ocr_carea' id='block_1_65' title="bbox 763 3175 2332 3248">
    <p class='ocr_par' dir='ltr' id='par_1_65' title="bbox 763 3175 2332 3248">
     <span class='ocr_line' id='line_1_65' title="bbox 763 3175 2332 3248; baseline -0.001 -16"><span class='ocrx_word' id='word_1_462' title='bbox 763 3193 851 3239; x_wconf 77' lang='lat' dir='ltr'><strong>ne.</strong></span> <span class='ocrx_word' id='word_1_463' title='bbox 890 3178 984 3232; x_wconf 82' lang='lat' dir='ltr'><strong>sed</strong></span> <span class='ocrx_word' id='word_1_464' title='bbox 1019 3193 1138 3230; x_wconf 90' lang='lat' dir='ltr'><strong>cum</strong></span> <span class='ocrx_word' id='word_1_465' title='bbox 1175 3178 1524 3248; x_wconf 86' lang='lat' dir='ltr'><strong>proportione</strong></span> <span class='ocrx_word' id='word_1_466' title='bbox 1551 3179 1702 3232; x_wconf 78' lang='lat' dir='ltr'><strong>visus</strong></span> <span class='ocrx_word' id='word_1_467' title='bbox 1734 3175 1802 3230; x_wconf 87' lang='lat' dir='ltr'><strong>ad</strong></span> <span class='ocrx_word' id='word_1_468' title='bbox 1850 3177 2029 3230; x_wconf 90' lang='lat' dir='ltr'><strong>lumen</strong></span> <span class='ocrx_word' id='word_1_469' title='bbox 2062 3179 2332 3246; x_wconf 82' lang='lat' dir='ltr'><strong>recipien-</strong></span> 
     </span>
    </p>
   </div>
   <div class='ocr_carea' id='block_1_66' title="bbox 767 3265 2334 3338">
    <p class='ocr_par' dir='ltr' id='par_1_66' title="bbox 767 3265 2334 3338">
     <span class='ocr_line' id='line_1_66' title="bbox 767 3265 2334 3338; baseline 0.003 -19"><span class='ocrx_word' id='word_1_470' title='bbox 767 3270 892 3322; x_wconf 90' lang='lat' dir='ltr'><strong>dum</strong></span> <span class='ocrx_word' id='word_1_471' title='bbox 924 3284 939 3320; x_wconf 90' lang='lat'><strong>:</strong></span> <span class='ocrx_word' id='word_1_472' title='bbox 968 3270 1239 3338; x_wconf 89' lang='lat' dir='ltr'><strong>siquidem</strong></span> <span class='ocrx_word' id='word_1_473' title='bbox 1291 3265 1381 3322; x_wconf 83' lang='lat' dir='ltr'><strong>lux</strong></span> <span class='ocrx_word' id='word_1_474' title='bbox 1412 3270 1627 3338; x_wconf 85' lang='lat' dir='ltr'><strong>copiosa</strong></span> <span class='ocrx_word' id='word_1_475' title='bbox 1655 3271 1827 3323; x_wconf 86' lang='lat' dir='ltr'><strong>visum</strong></span> <span class='ocrx_word' id='word_1_476' title='bbox 1853 3273 2028 3338; x_wconf 85' lang='lat' dir='ltr'><strong>potius</strong></span> <span class='ocrx_word' id='word_1_477' title='bbox 2059 3272 2334 3335; x_wconf 75' lang='lat' dir='ltr'><strong>obtundit,</strong></span> 
     </span>
    </p>
   </div>
   <div class='ocr_carea' id='block_1_67' title="bbox 761 3360 2334 3430">
    <p class='ocr_par' dir='ltr' id='par_1_67' title="bbox 761 3360 2334 3430">
     <span class='ocr_line' id='line_1_67' title="bbox 761 3360 2334 3430; baseline 0.002 -16"><span class='ocrx_word' id='word_1_478' title='bbox 761 3361 804 3414; x_wconf 81' lang='lat' dir='ltr'><strong>si</strong></span> <span class='ocrx_word' id='word_1_479' title='bbox 860 3378 963 3415; x_wconf 89' lang='lat' dir='ltr'><strong>non</strong></span> <span class='ocrx_word' id='word_1_480' title='bbox 999 3362 1065 3416; x_wconf 86' lang='lat' dir='ltr'><strong>sit</strong></span> <span class='ocrx_word' id='word_1_481' title='bbox 1107 3376 1418 3415; x_wconf 83' lang='lat' dir='ltr'><strong>commcnsa</strong></span> <span class='ocrx_word' id='word_1_482' title='bbox 1451 3360 1623 3415; x_wconf 84' lang='lat' dir='ltr'><strong>oculis</strong></span> <span class='ocrx_word' id='word_1_483' title='bbox 1670 3375 1729 3415; x_wconf 83' lang='lat' dir='ltr'><strong>se</strong></span> <span class='ocrx_word' id='word_1_484' title='bbox 1759 3360 2179 3430; x_wconf 82' lang='lat' dir='ltr'><strong>excipiettlibus.</strong></span> <span class='ocrx_word' id='word_1_485' title='bbox 2217 3366 2334 3418; x_wconf 82' lang='lat' dir='ltr'><strong>Dis-</strong></span> 
     </span>
    </p>
   </div>
   <div class='ocr_carea' id='block_1_68' title="bbox 764 3452 2334 3525">
    <p class='ocr_par' dir='ltr' id='par_1_68' title="bbox 764 3452 2334 3525">
     <span class='ocr_line' id='line_1_68' title="bbox 764 3452 2334 3525; baseline 0.003 -19"><span class='ocrx_word' id='word_1_486' title='bbox 764 3454 1018 3507; x_wconf 88' lang='lat' dir='ltr'><strong>tribuitur</strong></span> <span class='ocrx_word' id='word_1_487' title='bbox 1069 3454 1232 3507; x_wconf 82' lang='lat' dir='ltr'><strong>etiam</strong></span> <span class='ocrx_word' id='word_1_488' title='bbox 1289 3454 1534 3507; x_wconf 75' lang='lat' dir='ltr'><strong>materiis</strong></span> <span class='ocrx_word' id='word_1_489' title='bbox 1588 3452 1973 3520; x_wconf 80' lang='lat' dir='ltr'><strong>crassioribus,</strong></span> <span class='ocrx_word' id='word_1_490' title='bbox 2009 3458 2064 3509; x_wconf 86' lang='lat' dir='ltr'><strong>et</strong></span> <span class='ocrx_word' id='word_1_491' title='bbox 2111 3472 2334 3525; x_wconf 86' lang='lat' dir='ltr'><strong>propter</strong></span> 
     </span>
    </p>
   </div>
   <div class='ocr_carea' id='block_1_69' title="bbox 763 3546 2331 3615">
    <p class='ocr_par' dir='ltr' id='par_1_69' title="bbox 763 3546 2331 3615">
     <span class='ocr_line' id='line_1_69' title="bbox 763 3546 2331 3615; baseline 0.003 -18"><span class='ocrx_word' id='word_1_492' title='bbox 763 3546 1199 3615; x_wconf 84' lang='lat' dir='ltr'><strong>iueptitudinetn,</strong></span> <span class='ocrx_word' id='word_1_493' title='bbox 1233 3558 1395 3614; x_wconf 88' lang='lat' dir='ltr'><strong>quam</strong></span> <span class='ocrx_word' id='word_1_494' title='bbox 1435 3546 1636 3600; x_wconf 86' lang='lat' dir='ltr'><strong>habent</strong></span> <span class='ocrx_word' id='word_1_495' title='bbox 1663 3548 1729 3600; x_wconf 87' lang='lat' dir='ltr'><strong>ad</strong></span> <span class='ocrx_word' id='word_1_496' title='bbox 1767 3547 2184 3603; x_wconf 87' lang='lat' dir='ltr'><strong>illustrationem</strong></span> <span class='ocrx_word' id='word_1_497' title='bbox 2215 3560 2331 3602; x_wconf 83' lang='lat' dir='ltr'><strong>Ira-</strong></span> 
     </span>
    </p>
   </div>
   <div class='ocr_carea' id='block_1_70' title="bbox 758 3636 2332 3706">
    <p class='ocr_par' dir='ltr' id='par_1_70' title="bbox 758 3636 2332 3706">
     <span class='ocr_line' id='line_1_70' title="bbox 758 3636 2332 3706; baseline 0.003 -18"><span class='ocrx_word' id='word_1_498' title='bbox 758 3636 1074 3703; x_wconf 81' lang='lat' dir='ltr'><strong>jicieudam,</strong></span> <span class='ocrx_word' id='word_1_499' title='bbox 1109 3647 1161 3689; x_wconf 88' lang='lat' dir='ltr'><strong>et</strong></span> <span class='ocrx_word' id='word_1_500' title='bbox 1193 3638 1420 3690; x_wconf 86' lang='lat' dir='ltr'><strong>obscura</strong></span> <span class='ocrx_word' id='word_1_501' title='bbox 1450 3636 1531 3700; x_wconf 83' lang='lat' dir='ltr'><strong>fit,</strong></span> <span class='ocrx_word' id='word_1_502' title='bbox 1565 3653 1738 3706; x_wconf 85' lang='lat' dir='ltr'><strong>eoque</strong></span> <span class='ocrx_word' id='word_1_503' title='bbox 1789 3640 1991 3690; x_wconf 89' lang='lat' dir='ltr'><strong>sensim</strong></span> <span class='ocrx_word' id='word_1_504' title='bbox 2047 3643 2332 3693; x_wconf 74' lang='lat' dir='ltr'><strong>contrahi-</strong></span> 
     </span>
    </p>
   </div>
   <div class='ocr_carea' id='block_1_71' title="bbox 761 3730 2329 3801">
    <p class='ocr_par' dir='ltr' id='par_1_71' title="bbox 761 3730 2329 3801">
     <span class='ocr_line' id='line_1_71' title="bbox 761 3730 2329 3801; baseline 0.001 -18"><span class='ocrx_word' id='word_1_505' title='bbox 761 3741 871 3792; x_wconf 88' lang='lat' dir='ltr'><strong>tur,</strong></span> <span class='ocrx_word' id='word_1_506' title='bbox 906 3738 961 3782; x_wconf 92' lang='lat' dir='ltr'><strong>ut</strong></span> <span class='ocrx_word' id='word_1_507' title='bbox 991 3731 1241 3784; x_wconf 89' lang='lat' dir='ltr'><strong>distribui</strong></span> <span class='ocrx_word' id='word_1_508' title='bbox 1295 3730 1416 3784; x_wconf 86' lang='lat' dir='ltr'><strong>aliis</strong></span> <span class='ocrx_word' id='word_1_509' title='bbox 1473 3746 1577 3785; x_wconf 89' lang='lat' dir='ltr'><strong>non</strong></span> <span class='ocrx_word' id='word_1_510' title='bbox 1637 3733 1832 3800; x_wconf 90' lang='lat' dir='ltr'><strong>possit.</strong></span> <span class='ocrx_word' id='word_1_511' title='bbox 1860 3731 2059 3801; x_wconf 83' lang='lat' dir='ltr'><strong>Accipe</strong></span> <span class='ocrx_word' id='word_1_512' title='bbox 2091 3745 2144 3786; x_wconf 87' lang='lat' dir='ltr'><strong>et</strong></span> <span class='ocrx_word' id='word_1_513' title='bbox 2171 3740 2329 3785; x_wconf 81' lang='lat' dir='ltr'><strong>attain</strong></span> 
     </span>
    </p>
   </div>
   <div class='ocr_carea' id='block_1_72' title="bbox 762 3821 2333 3896">
    <p class='ocr_par' dir='ltr' id='par_1_72' title="bbox 762 3821 2333 3896">
     <span class='ocr_line' id='line_1_72' title="bbox 762 3821 2333 3896; baseline 0.001 -19"><span class='ocrx_word' id='word_1_514' title='bbox 762 3825 831 3877; x_wconf 86' lang='lat' dir='ltr'><strong>ab</strong></span> <span class='ocrx_word' id='word_1_515' title='bbox 887 3826 1009 3893; x_wconf 88' lang='lat' dir='ltr'><strong>igne</strong></span> <span class='ocrx_word' id='word_1_516' title='bbox 1063 3825 1606 3894; x_wconf 84' lang='lat' dir='ltr'><strong>comemplationetu.</strong></span> <span class='ocrx_word' id='word_1_517' title='bbox 1652 3827 1815 3880; x_wconf 81' lang='lat' dir='ltr'><strong>Calor</strong></span> <span class='ocrx_word' id='word_1_518' title='bbox 1871 3821 2010 3896; x_wconf 78' lang='lat' dir='ltr'><strong>ignis</strong></span> <span class='ocrx_word' id='word_1_519' title='bbox 2056 3828 2227 3896; x_wconf 85' lang='lat' dir='ltr'><strong>magis</strong></span> <span class='ocrx_word' id='word_1_520' title='bbox 2274 3843 2333 3879; x_wconf 77' lang='lat' dir='ltr'><strong>se</strong></span> 
     </span>
    </p>
   </div>
   <div class='ocr_carea' id='block_1_73' title="bbox 763 3912 2330 3986">
    <p class='ocr_par' dir='ltr' id='par_1_73' title="bbox 763 3912 2330 3986">
     <span class='ocr_line' id='line_1_73' title="bbox 763 3912 2330 3986; baseline 0.003 -21"><span class='ocrx_word' id='word_1_521' title='bbox 763 3912 1017 3970; x_wconf 76' lang='lat' dir='ltr'><strong>diffundit</strong></span> <span class='ocrx_word' id='word_1_522' title='bbox 1041 3918 1093 3969; x_wconf 92' lang='lat' dir='ltr'><strong>in</strong></span> <span class='ocrx_word' id='word_1_523' title='bbox 1126 3932 1185 3970; x_wconf 87' lang='lat' dir='ltr'><strong>ea</strong></span> <span class='ocrx_word' id='word_1_524' title='bbox 1223 3913 1539 3986; x_wconf 45' lang='lat' dir='ltr'><strong>quae&#39;ipsius</strong></span> <span class='ocrx_word' id='word_1_525' title='bbox 1575 3927 1699 3970; x_wconf 80' lang='lat' dir='ltr'><strong>sunt</strong></span> <span class='ocrx_word' id='word_1_526' title='bbox 1723 3918 2027 3985; x_wconf 85' lang='lat' dir='ltr'><strong>capaciora,</strong></span> <span class='ocrx_word' id='word_1_527' title='bbox 2061 3928 2114 3971; x_wconf 90' lang='lat' dir='ltr'><strong>et</strong></span> <span class='ocrx_word' id='word_1_528' title='bbox 2139 3917 2203 3972; x_wconf 90' lang='lat' dir='ltr'><strong>ad</strong></span> <span class='ocrx_word' id='word_1_529' title='bbox 2237 3935 2330 3972; x_wconf 81' lang='lat' dir='ltr'><strong>ca-</strong></span> 
     </span>
    </p>
   </div>
   <div class='ocr_carea' id='block_1_74' title="bbox 766 4010 2326 4072">
    <p class='ocr_par' dir='ltr' id='par_1_74' title="bbox 766 4010 2326 4072">
     <span class='ocr_line' id='line_1_74' title="bbox 766 4010 2326 4072; baseline 0.002 -11"><span class='ocrx_word' id='word_1_530' title='bbox 766 4011 930 4062; x_wconf 84' lang='lat' dir='ltr'><strong>lorem</strong></span> <span class='ocrx_word' id='word_1_531' title='bbox 973 4010 1127 4064; x_wconf 80' lang='lat' dir='ltr'><strong>facile</strong></span> <span class='ocrx_word' id='word_1_532' title='bbox 1164 4012 1383 4072; x_wconf 87' lang='lat' dir='ltr'><strong>cedunt,</strong></span> <span class='ocrx_word' id='word_1_533' title='bbox 1411 4020 1464 4063; x_wconf 82' lang='lat' dir='ltr'><strong>et</strong></span> <span class='ocrx_word' id='word_1_534' title='bbox 1491 4011 1838 4062; x_wconf 86' lang='lat' dir='ltr'><strong>adducuntur</strong></span> <span class='ocrx_word' id='word_1_535' title='bbox 1869 4026 1878 4058; x_wconf 92' lang='lat'>:</span> <span class='ocrx_word' id='word_1_536' title='bbox 1918 4027 2104 4065; x_wconf 87' lang='lat' dir='ltr'><strong>verum</strong></span> <span class='ocrx_word' id='word_1_537' title='bbox 2136 4013 2187 4064; x_wconf 91' lang='lat' dir='ltr'><strong>in</strong></span> <span class='ocrx_word' id='word_1_538' title='bbox 2231 4024 2326 4064; x_wconf 84' lang='lat' dir='ltr'><strong>tta-</strong></span> 
     </span>
    </p>
   </div>
   <div class='ocr_carea' id='block_1_75' title="bbox 768 4102 2327 4169">
    <p class='ocr_par' dir='ltr' id='par_1_75' title="bbox 768 4102 2327 4169">
     <span class='ocr_line' id='line_1_75' title="bbox 768 4102 2327 4169; baseline 0.004 -19"><span class='ocrx_word' id='word_1_539' title='bbox 768 4105 904 4155; x_wconf 82' lang='lat' dir='ltr'><strong>turis</strong></span> <span class='ocrx_word' id='word_1_540' title='bbox 959 4102 1029 4154; x_wconf 89' lang='lat' dir='ltr'><strong>illi</strong></span> <span class='ocrx_word' id='word_1_541' title='bbox 1091 4103 1505 4168; x_wconf 83' lang='lat' dir='ltr'><strong>reluctantibus,</strong></span> <span class='ocrx_word' id='word_1_542' title='bbox 1539 4114 1594 4156; x_wconf 86' lang='grc' dir='ltr'><strong>ιιι</strong></span> <span class='ocrx_word' id='word_1_543' title='bbox 1620 4106 1948 4169; x_wconf 81' lang='lat' dir='ltr'><strong>adamantis,</strong></span> <span class='ocrx_word' id='word_1_544' title='bbox 1989 4104 2071 4155; x_wconf 85' lang='lat' dir='ltr'><strong>vel</strong></span> <span class='ocrx_word' id='word_1_545' title='bbox 2103 4115 2327 4157; x_wconf 84' lang='lat' dir='ltr'><strong>contra-</strong></span> 
     </span>
    </p>
   </div>
   <div class='ocr_carea' id='block_1_76' title="bbox 767 4193 2331 4265">
    <p class='ocr_par' dir='ltr' id='par_1_76' title="bbox 767 4193 2331 4265">
     <span class='ocr_line' id='line_1_76' title="bbox 767 4193 2331 4265; baseline 0.003 -21"><span class='ocrx_word' id='word_1_546' title='bbox 767 4198 886 4255; x_wconf 62' lang='grc' dir='ltr'><strong>γῆς,</strong></span> <span class='ocrx_word' id='word_1_547' title='bbox 937 4207 994 4249; x_wconf 81' lang='grc' dir='ltr'><strong>ιιι</strong></span> <span class='ocrx_word' id='word_1_548' title='bbox 1043 4213 1220 4265; x_wconf 62' lang='lat' dir='ltr'><strong>aqum,</strong></span> <span class='ocrx_word' id='word_1_549' title='bbox 1253 4197 1333 4251; x_wconf 86' lang='lat' dir='ltr'><strong>vel</strong></span> <span class='ocrx_word' id='word_1_550' title='bbox 1383 4197 1594 4252; x_wconf 90' lang='lat' dir='ltr'><strong>nullum</strong></span> <span class='ocrx_word' id='word_1_551' title='bbox 1647 4211 1738 4251; x_wconf 88' lang='lat' dir='ltr'><strong>aut</strong></span> <span class='ocrx_word' id='word_1_552' title='bbox 1794 4197 1934 4253; x_wconf 75' lang='lat' dir='ltr'><strong>exile</strong></span> <span class='ocrx_word' id='word_1_553' title='bbox 1991 4193 2331 4253; x_wconf 83' lang='lat' dir='ltr'><strong>ellicacitatis</strong></span> 
     </span>
    </p>
   </div>
   <div class='ocr_carea' id='block_1_77' title="bbox 764 4289 2328 4360">
    <p class='ocr_par' dir='ltr' id='par_1_77' title="bbox 764 4289 2328 4360">
     <span class='ocr_line' id='line_1_77' title="bbox 764 4289 2328 4360; baseline 0.001 -18"><span class='ocrx_word' id='word_1_554' title='bbox 764 4289 881 4357; x_wconf 74' lang='lat' dir='ltr'><strong>t-jus</strong></span> <span class='ocrx_word' id='word_1_555' title='bbox 914 4289 1084 4355; x_wconf 69' lang='lat' dir='ltr'><strong>igneae</strong></span> <span class='ocrx_word' id='word_1_556' title='bbox 1110 4289 1393 4360; x_wconf 74' lang='lat' dir='ltr'><strong>vestigium</strong></span> <span class='ocrx_word' id='word_1_557' title='bbox 1443 4301 1665 4360; x_wconf 87' lang='lat' dir='ltr'><strong>apparet</strong></span> <span class='ocrx_word' id='word_1_558' title='bbox 1692 4305 1707 4343; x_wconf 91' lang='lat'>:</span> <span class='ocrx_word' id='word_1_559' title='bbox 1740 4291 1991 4358; x_wconf 83' lang='lat' dir='ltr'><strong>quodque</strong></span> <span class='ocrx_word' id='word_1_560' title='bbox 2024 4290 2125 4345; x_wconf 82' lang='lat' dir='ltr'><strong>hoc</strong></span> <span class='ocrx_word' id='word_1_561' title='bbox 2154 4290 2328 4359; x_wconf 80' lang='lat' dir='ltr'><strong>majus</strong></span> 
     </span>
    </p>
   </div>
   <div class='ocr_carea' id='block_1_78' title="bbox 762 4379 2326 4451">
    <p class='ocr_par' dir='ltr' id='par_1_78' title="bbox 762 4379 2326 4451">
     <span class='ocr_line' id='line_1_78' title="bbox 762 4379 2326 4451; baseline 0.003 -21"><span class='ocrx_word' id='word_1_562' title='bbox 762 4389 865 4443; x_wconf 88' lang='lat' dir='ltr'><strong>est,</strong></span> <span class='ocrx_word' id='word_1_563' title='bbox 894 4381 958 4432; x_wconf 89' lang='lat' dir='ltr'><strong>ad</strong></span> <span class='ocrx_word' id='word_1_564' title='bbox 981 4395 1040 4433; x_wconf 86' lang='lat' dir='ltr'><strong>ea</strong></span> <span class='ocrx_word' id='word_1_565' title='bbox 1063 4395 1181 4449; x_wconf 63' lang='lat' dir='ltr'><strong>quae</strong></span> <span class='ocrx_word' id='word_1_566' title='bbox 1209 4398 1310 4434; x_wconf 89' lang='lat' dir='ltr'><strong>non</strong></span> <span class='ocrx_word' id='word_1_567' title='bbox 1334 4392 1459 4435; x_wconf 85' lang='lat' dir='ltr'><strong>sunt</strong></span> <span class='ocrx_word' id='word_1_568' title='bbox 1478 4392 1728 4451; x_wconf 81' lang='lat' dir='ltr'><strong>cOguata,</strong></span> <span class='ocrx_word' id='word_1_569' title='bbox 1746 4379 1897 4435; x_wconf 82' lang='lat' dir='ltr'><strong>verbi</strong></span> <span class='ocrx_word' id='word_1_570' title='bbox 1915 4383 2114 4448; x_wconf 80' lang='lat' dir='ltr'><strong>gratia,</strong></span> <span class='ocrx_word' id='word_1_571' title='bbox 2132 4398 2326 4451; x_wconf 85' lang='lat' dir='ltr'><strong>aquam</strong></span> 
     </span>
    </p>
   </div>
   <div class='ocr_carea' id='block_1_79' title="bbox 2435 3192 4018 3270">
    <p class='ocr_par' dir='ltr' id='par_1_79' title="bbox 2435 3192 4018 3270">
     <span class='ocr_line' id='line_1_79' title="bbox 2435 3192 4018 3270; baseline -0.006 -17"><span class='ocrx_word' id='word_1_572' title='bbox 2435 3202 2584 3270; x_wconf 67' lang='grc' dir='ltr'>ὄψεις</span> <span class='ocrx_word' id='word_1_573' title='bbox 2618 3202 2875 3270; x_wconf 85' lang='grc' dir='ltr'>ἀμαυροῖ,</span> <span class='ocrx_word' id='word_1_574' title='bbox 2921 3200 2967 3249; x_wconf 90' lang='grc' dir='ltr'>εἰ</span> <span class='ocrx_word' id='word_1_575' title='bbox 3008 3197 3157 3267; x_wconf 83' lang='grc' dir='ltr'>τύχοι</span> <span class='ocrx_word' id='word_1_576' title='bbox 3200 3197 3548 3265; x_wconf 80' lang='grc' dir='ltr'>ἀσύμμετρον</span> <span class='ocrx_word' id='word_1_577' title='bbox 3581 3194 3639 3246; x_wconf 78' lang='grc' dir='ltr'>ὃν</span> <span class='ocrx_word' id='word_1_578' title='bbox 3669 3192 3779 3254; x_wconf 86' lang='grc' dir='ltr'>τοῖς</span> <span class='ocrx_word' id='word_1_579' title='bbox 3813 3193 4018 3245; x_wconf 72' lang='grc' dir='ltr'>ὑποδε-</span> 
     </span>
    </p>
   </div>
   <div class='ocr_carea' id='block_1_80' title="bbox 2435 3287 4015 3364">
    <p class='ocr_par' dir='ltr' id='par_1_80' title="bbox 2435 3287 4015 3364">
     <span class='ocr_line' id='line_1_80' title="bbox 2435 3287 4015 3364; baseline -0.005 -18"><span class='ocrx_word' id='word_1_580' title='bbox 2435 3294 2681 3364; x_wconf 79' lang='grc' dir='ltr'>χομένοις</span> <span class='ocrx_word' id='word_1_581' title='bbox 2716 3293 2846 3344; x_wconf 81' lang='grc' dir='ltr'>αὐτὸ</span> <span class='ocrx_word' id='word_1_582' title='bbox 2887 3287 3199 3360; x_wconf 78' lang='grc' dir='ltr'>ὀφθαλμοῖς.</span> <span class='ocrx_word' id='word_1_583' title='bbox 3231 3287 3527 3340; x_wconf 79' lang='grc' dir='ltr'>Διαδίδοται</span> <span class='ocrx_word' id='word_1_584' title='bbox 3556 3287 3647 3339; x_wconf 71' lang='grc' dir='ltr'><strong>καὶ</strong></span> <span class='ocrx_word' id='word_1_585' title='bbox 3685 3288 3798 3346; x_wconf 77' lang='grc' dir='ltr'>ταῖς</span> <span class='ocrx_word' id='word_1_586' title='bbox 3837 3302 4015 3353; x_wconf 78' lang='grc' dir='ltr'>παχυ-</span> 
     </span>
    </p>
   </div>
   <div class='ocr_carea' id='block_1_81' title="bbox 2434 3377 4010 3455">
    <p class='ocr_par' dir='ltr' id='par_1_81' title="bbox 2434 3377 4010 3455">
     <span class='ocr_line' id='line_1_81' title="bbox 2434 3377 4010 3455; baseline -0.004 -18"><span class='ocrx_word' id='word_1_587' title='bbox 2434 3385 2620 3455; x_wconf 88' lang='grc' dir='ltr'>τέραις</span> <span class='ocrx_word' id='word_1_588' title='bbox 2654 3381 2831 3446; x_wconf 75' lang='grc' dir='ltr'>ὕλαις,</span> <span class='ocrx_word' id='word_1_589' title='bbox 2872 3382 2964 3434; x_wconf 74' lang='grc' dir='ltr'><strong>καὶ</strong></span> <span class='ocrx_word' id='word_1_590' title='bbox 2996 3378 3081 3433; x_wconf 76' lang='grc' dir='ltr'>8ιά</span> <span class='ocrx_word' id='word_1_591' title='bbox 3113 3380 3211 3450; x_wconf 76' lang='grc' dir='ltr'><strong>τὴν</strong></span> <span class='ocrx_word' id='word_1_592' title='bbox 3253 3379 3477 3431; x_wconf 78' lang='grc' dir='ltr'>ἐκείνων</span> <span class='ocrx_word' id='word_1_593' title='bbox 3508 3377 4010 3448; x_wconf 72' lang='grc' dir='ltr'>ἀνεπιτηδειότητα,</span> 
     </span>
    </p>
   </div>
   <div class='ocr_carea' id='block_1_82' title="bbox 2435 3468 4009 3545">
    <p class='ocr_par' dir='ltr' id='par_1_82' title="bbox 2435 3468 4009 3545">
     <span class='ocr_line' id='line_1_82' title="bbox 2435 3468 4009 3545; baseline -0.006 -18"><span class='ocrx_word' id='word_1_594' title='bbox 2435 3478 2500 3545; x_wconf 81' lang='grc' dir='ltr'>ἢν</span> <span class='ocrx_word' id='word_1_595' title='bbox 2532 3474 2710 3544; x_wconf 83' lang='grc' dir='ltr'>ἔχουσι</span> <span class='ocrx_word' id='word_1_596' title='bbox 2739 3473 2874 3544; x_wconf 83' lang='grc' dir='ltr'>πρὸς</span> <span class='ocrx_word' id='word_1_597' title='bbox 2907 3473 3005 3542; x_wconf 80' lang='grc' dir='ltr'>τὴν</span> <span class='ocrx_word' id='word_1_598' title='bbox 3039 3472 3138 3540; x_wconf 81' lang='grc' dir='ltr'>τῆς</span> <span class='ocrx_word' id='word_1_599' title='bbox 3180 3472 3518 3540; x_wconf 76' lang='grc' dir='ltr'>φωτοχυσίας</span> <span class='ocrx_word' id='word_1_600' title='bbox 3561 3468 4009 3540; x_wconf 80' lang='grc' dir='ltr'>διαπόρθμευσιν,</span> 
     </span>
    </p>
   </div>
   <div class='ocr_carea' id='block_1_83' title="bbox 2437 3559 4010 3636">
    <p class='ocr_par' dir='ltr' id='par_1_83' title="bbox 2437 3559 4010 3636">
     <span class='ocr_line' id='line_1_83' title="bbox 2437 3559 4010 3636; baseline -0.004 -16"><span class='ocrx_word' id='word_1_601' title='bbox 2437 3569 2528 3620; x_wconf 73' lang='grc' dir='ltr'><strong>καὶ</strong></span> <span class='ocrx_word' id='word_1_602' title='bbox 2551 3565 2766 3636; x_wconf 80' lang='grc' dir='ltr'>ἀμυδρὰ</span> <span class='ocrx_word' id='word_1_603' title='bbox 2791 3565 3018 3633; x_wconf 81' lang='grc' dir='ltr'>γίνεται,</span> <span class='ocrx_word' id='word_1_604' title='bbox 3037 3563 3130 3616; x_wconf 69' lang='grc' dir='ltr'>καὶ</span> <span class='ocrx_word' id='word_1_605' title='bbox 3153 3563 3294 3615; x_wconf 82' lang='grc' dir='ltr'>κατὰ</span> <span class='ocrx_word' id='word_1_606' title='bbox 3325 3562 3515 3633; x_wconf 83' lang='grc' dir='ltr'>μικρὸν</span> <span class='ocrx_word' id='word_1_607' title='bbox 3543 3561 3677 3632; x_wconf 76' lang='grc' dir='ltr'>πρὸς</span> <span class='ocrx_word' id='word_1_608' title='bbox 3699 3559 3827 3613; x_wconf 76' lang='grc' dir='ltr'>ἄλλα</span> <span class='ocrx_word' id='word_1_609' title='bbox 3851 3559 4010 3613; x_wconf 77' lang='grc' dir='ltr'>ἀδιά-</span> 
     </span>
    </p>
   </div>
   <div class='ocr_carea' id='block_1_84' title="bbox 2435 3654 4007 3729">
    <p class='ocr_par' dir='ltr' id='par_1_84' title="bbox 2435 3654 4007 3729">
     <span class='ocr_line' id='line_1_84' title="bbox 2435 3654 4007 3729; baseline -0.005 -15"><span class='ocrx_word' id='word_1_610' title='bbox 2435 3663 2582 3722; x_wconf 84' lang='grc' dir='ltr'>δοτος</span> <span class='ocrx_word' id='word_1_611' title='bbox 2608 3662 2837 3728; x_wconf 88' lang='grc' dir='ltr'>γίνεται.</span> <span class='ocrx_word' id='word_1_612' title='bbox 2864 3654 3006 3712; x_wconf 73' lang='grc' dir='ltr'><strong>Λάϐε</strong></span> <span class='ocrx_word' id='word_1_613' title='bbox 3048 3676 3134 3729; x_wconf 87' lang='grc' dir='ltr'>μοι.</span> <span class='ocrx_word' id='word_1_614' title='bbox 3169 3659 3261 3711; x_wconf 74' lang='grc' dir='ltr'><strong>καὶ</strong></span> <span class='ocrx_word' id='word_1_615' title='bbox 3299 3658 3488 3728; x_wconf 81' lang='grc' dir='ltr'>ἑτέραν</span> <span class='ocrx_word' id='word_1_616' title='bbox 3538 3654 3766 3726; x_wconf 78' lang='grc' dir='ltr'>θεωρίαν</span> <span class='ocrx_word' id='word_1_617' title='bbox 3803 3657 3860 3706; x_wconf 77' lang='grc' dir='ltr'><strong>ἐκ</strong></span> <span class='ocrx_word' id='word_1_618' title='bbox 3909 3655 4007 3707; x_wconf 76' lang='grc' dir='ltr'>τοῦ</span> 
     </span>
    </p>
   </div>
   <div class='ocr_carea' id='block_1_85' title="bbox 2435 3745 4009 3822">
    <p class='ocr_par' dir='ltr' id='par_1_85' title="bbox 2435 3745 4009 3822">
     <span class='ocr_line' id='line_1_85' title="bbox 2435 3745 4009 3822; baseline -0.005 -18"><span class='ocrx_word' id='word_1_619' title='bbox 2435 3752 2624 3822; x_wconf 82' lang='grc' dir='ltr'>πυρός·</span> <span class='ocrx_word' id='word_1_620' title='bbox 2661 3751 2721 3803; x_wconf 85' lang='grc' dir='ltr'>Ἡ</span> <span class='ocrx_word' id='word_1_621' title='bbox 2753 3749 2848 3802; x_wconf 81' lang='grc' dir='ltr'>τοῦ</span> <span class='ocrx_word' id='word_1_622' title='bbox 2879 3749 3048 3820; x_wconf 80' lang='grc' dir='ltr'>πυρὸς</span> <span class='ocrx_word' id='word_1_623' title='bbox 3086 3748 3351 3819; x_wconf 84' lang='grc' dir='ltr'>θερμότης</span> <span class='ocrx_word' id='word_1_624' title='bbox 3387 3747 3581 3817; x_wconf 79' lang='grc' dir='ltr'>μᾶλλον</span> <span class='ocrx_word' id='word_1_625' title='bbox 3609 3745 3891 3798; x_wconf 84' lang='grc' dir='ltr'>διαδίδοται</span> <span class='ocrx_word' id='word_1_626' title='bbox 3927 3746 4009 3806; x_wconf 71' lang='grc' dir='ltr'><strong>είς</strong></span> 
     </span>
    </p>
   </div>
   <div class='ocr_carea' id='block_1_86' title="bbox 2432 3837 4009 3918">
    <p class='ocr_par' dir='ltr' id='par_1_86' title="bbox 2432 3837 4009 3918">
     <span class='ocr_line' id='line_1_86' title="bbox 2432 3837 4009 3918; baseline -0.003 -24"><span class='ocrx_word' id='word_1_627' title='bbox 2432 3843 2504 3895; x_wconf 79' lang='grc' dir='ltr'><strong>τὰ</strong></span> <span class='ocrx_word' id='word_1_628' title='bbox 2534 3842 2919 3914; x_wconf 83' lang='grc' dir='ltr'>δεκτικώτερα,</span> <span class='ocrx_word' id='word_1_629' title='bbox 2960 3843 3053 3895; x_wconf 71' lang='grc' dir='ltr'><strong>καὶ</strong></span> <span class='ocrx_word' id='word_1_630' title='bbox 3097 3841 3233 3910; x_wconf 81' lang='grc' dir='ltr'>πρὸς</span> <span class='ocrx_word' id='word_1_631' title='bbox 3278 3841 3374 3911; x_wconf 77' lang='grc' dir='ltr'>τὴν</span> <span class='ocrx_word' id='word_1_632' title='bbox 3409 3840 3615 3918; x_wconf 84' lang='grc' dir='ltr'>Θέρμην</span> <span class='ocrx_word' id='word_1_633' title='bbox 3661 3837 3875 3890; x_wconf 74' lang='grc' dir='ltr'>εΰεικτα</span> <span class='ocrx_word' id='word_1_634' title='bbox 3911 3839 4009 3890; x_wconf 70' lang='grc' dir='ltr'>καὶ</span> 
     </span>
    </p>
   </div>
   <div class='ocr_carea' id='block_1_87' title="bbox 2436 3930 4008 4004">
    <p class='ocr_par' dir='ltr' id='par_1_87' title="bbox 2436 3930 4008 4004">
     <span class='ocr_line' id='line_1_87' title="bbox 2436 3930 4008 4004; baseline -0.002 -19"><span class='ocrx_word' id='word_1_635' title='bbox 2436 3933 2722 4001; x_wconf 83' lang='grc' dir='ltr'>εὺάγωγα·</span> <span class='ocrx_word' id='word_1_636' title='bbox 2769 3934 2904 4004; x_wconf 75' lang='grc' dir='ltr'>πρὸς</span> <span class='ocrx_word' id='word_1_637' title='bbox 2941 3933 2998 3986; x_wconf 81' lang='grc' dir='ltr'>δὲ</span> <span class='ocrx_word' id='word_1_638' title='bbox 3048 3933 3144 3994; x_wconf 79' lang='grc' dir='ltr'>τὰς</span> <span class='ocrx_word' id='word_1_639' title='bbox 3163 3932 3508 3993; x_wconf 82' lang='grc' dir='ltr'>-ἀντιτύπους</span> <span class='ocrx_word' id='word_1_640' title='bbox 3539 3931 3744 3992; x_wconf 80' lang='grc' dir='ltr'>οὐσίας,</span> <span class='ocrx_word' id='word_1_641' title='bbox 3780 3930 3853 3990; x_wconf 84' lang='grc' dir='ltr'>ὡς</span> <span class='ocrx_word' id='word_1_642' title='bbox 3875 3931 4008 3992; x_wconf 83' lang='grc' dir='ltr'>τοὺς</span> 
     </span>
    </p>
   </div>
   <div class='ocr_carea' id='block_1_88' title="bbox 2437 4020 4005 4095">
    <p class='ocr_par' dir='ltr' id='par_1_88' title="bbox 2437 4020 4005 4095">
     <span class='ocr_line' id='line_1_88' title="bbox 2437 4020 4005 4095; baseline -0.014 -17"><span class='ocrx_word' id='word_1_643' title='bbox 2437 4025 2767 4095; x_wconf 85' lang='grc' dir='ltr'>ἀδάμαντας,</span> <span class='ocrx_word' id='word_1_644' title='bbox 2795 4025 3117 4095; x_wconf 77' lang='grc' dir='ltr'>ἣέναντίας,</span> <span class='ocrx_word' id='word_1_645' title='bbox 3152 4025 3227 4087; x_wconf 83' lang='grc' dir='ltr'>ὡς</span> <span class='ocrx_word' id='word_1_646' title='bbox 3253 4024 3312 4075; x_wconf 85' lang='grc' dir='ltr'><strong>τὸ</strong></span> <span class='ocrx_word' id='word_1_647' title='bbox 3348 4020 3509 4093; x_wconf 72' lang='grc' dir='ltr'>ὕδωρ,</span> <span class='ocrx_word' id='word_1_648' title='bbox 3536 4022 3568 4089; x_wconf 74' lang='grc' dir='ltr'><strong>ἢ</strong></span> <span class='ocrx_word' id='word_1_649' title='bbox 3595 4021 3769 4088; x_wconf 80' lang='grc' dir='ltr'>ὀλίγον</span> <span class='ocrx_word' id='word_1_650' title='bbox 3852 4020 4005 4072; x_wconf 57' lang='grc' dir='ltr'>οὐδὲν</span> 
     </span>
    </p>
   </div>
   <div class='ocr_carea' id='block_1_89' title="bbox 2438 4111 4005 4186">
    <p class='ocr_par' dir='ltr' id='par_1_89' title="bbox 2438 4111 4005 4186">
     <span class='ocr_line' id='line_1_89' title="bbox 2438 4111 4005 4186; baseline -0.002 -21"><span class='ocrx_word' id='word_1_651' title='bbox 2438 4117 2578 4186; x_wconf 79' lang='grc' dir='ltr'>ἴχνος</span> <span class='ocrx_word' id='word_1_652' title='bbox 2627 4118 2978 4185; x_wconf 71' lang='grc' dir='ltr'>ἀναφαίνεται</span> <span class='ocrx_word' id='word_1_653' title='bbox 3033 4117 3130 4186; x_wconf 80' lang='grc' dir='ltr'>τῆς</span> <span class='ocrx_word' id='word_1_654' title='bbox 3197 4115 3522 4186; x_wconf 85' lang='grc' dir='ltr'>πυρώσεως·</span> <span class='ocrx_word' id='word_1_655' title='bbox 3557 4113 3648 4165; x_wconf 76' lang='grc' dir='ltr'>καὶ</span> <span class='ocrx_word' id='word_1_656' title='bbox 3691 4114 3751 4163; x_wconf 80' lang='grc' dir='ltr'><strong>τὸ</strong></span> <span class='ocrx_word' id='word_1_657' title='bbox 3813 4111 4005 4163; x_wconf 78' lang='grc' dir='ltr'>τούτου</span> 
     </span>
    </p>
   </div>
   <div class='ocr_carea' id='block_1_90' title="bbox 2436 4199 4004 4276">
    <p class='ocr_par' dir='ltr' id='par_1_90' title="bbox 2436 4199 4004 4276">
     <span class='ocr_line' id='line_1_90' title="bbox 2436 4199 4004 4276; baseline -0.004 -18"><span class='ocrx_word' id='word_1_658' title='bbox 2436 4207 2612 4268; x_wconf 82' lang='grc' dir='ltr'>πλέον,</span> <span class='ocrx_word' id='word_1_659' title='bbox 2648 4208 2728 4258; x_wconf 84' lang='grc' dir='ltr'>ὅτι</span> <span class='ocrx_word' id='word_1_660' title='bbox 2757 4209 2868 4268; x_wconf 82' lang='grc' dir='ltr'>τοῖς</span> <span class='ocrx_word' id='word_1_661' title='bbox 2905 4207 2976 4276; x_wconf 77' lang='grc' dir='ltr'>μὴ</span> <span class='ocrx_word' id='word_1_662' title='bbox 3005 4205 3339 4272; x_wconf 77' lang='grc' dir='ltr'>συγγενέσιν,</span> <span class='ocrx_word' id='word_1_663' title='bbox 3367 4204 3532 4273; x_wconf 71' lang='grc' dir='ltr'>ἧγουν</span> <span class='ocrx_word' id='word_1_664' title='bbox 3559 4201 3716 4270; x_wconf 73' lang='grc' dir='ltr'>τυχὸν</span> <span class='ocrx_word' id='word_1_665' title='bbox 3748 4200 3823 4270; x_wconf 70' lang='grc' dir='ltr'>τῷ</span> <span class='ocrx_word' id='word_1_666' title='bbox 3851 4199 4004 4252; x_wconf 75' lang='grc' dir='ltr'>ὕδατι</span> 
     </span>
    </p>
   </div>
   <div class='ocr_carea' id='block_1_91' title="bbox 2438 4291 4004 4369">
    <p class='ocr_par' dir='ltr' id='par_1_91' title="bbox 2438 4291 4004 4369">
     <span class='ocr_line' id='line_1_91' title="bbox 2438 4291 4004 4369; baseline 0 -22"><span class='ocrx_word' id='word_1_667' title='bbox 2438 4297 2517 4366; x_wconf 76' lang='grc' dir='ltr'><strong>(τὸ</strong></span> <span class='ocrx_word' id='word_1_668' title='bbox 2550 4298 2657 4369; x_wconf 79' lang='grc' dir='ltr'>γὰρ</span> <span class='ocrx_word' id='word_1_669' title='bbox 2690 4297 2833 4367; x_wconf 77' lang='grc' dir='ltr'>ὕδωρ</span> <span class='ocrx_word' id='word_1_670' title='bbox 2856 4296 3061 4368; x_wconf 67' lang='grc' dir='ltr'>ψυχρὸν</span> <span class='ocrx_word' id='word_1_671' title='bbox 3118 4299 3213 4349; x_wconf 70' lang='grc' dir='ltr'><strong>καὶ</strong></span> <span class='ocrx_word' id='word_1_672' title='bbox 3252 4297 3434 4366; x_wconf 78' lang='grc' dir='ltr'>ὑγρὸν,</span> <span class='ocrx_word' id='word_1_673' title='bbox 3470 4295 3528 4346; x_wconf 80' lang='grc' dir='ltr'><strong>τὸ</strong></span> <span class='ocrx_word' id='word_1_674' title='bbox 3559 4291 3613 4345; x_wconf 84' lang='grc' dir='ltr'><strong>δὲ</strong></span> <span class='ocrx_word' id='word_1_675' title='bbox 3659 4292 3769 4364; x_wconf 83' lang='grc' dir='ltr'>πῦρ</span> <span class='ocrx_word' id='word_1_676' title='bbox 3798 4293 4004 4363; x_wconf 80' lang='grc' dir='ltr'>θερμὸν</span> 
     </span>
    </p>
   </div>
   <div class='ocr_carea' id='block_1_92' title="bbox 2435 4381 4004 4458">
    <p class='ocr_par' dir='ltr' id='par_1_92' title="bbox 2435 4381 4004 4458">
     <span class='ocr_line' id='line_1_92' title="bbox 2435 4381 4004 4458; baseline -0.003 -19"><span class='ocrx_word' id='word_1_677' title='bbox 2435 4390 2527 4439; x_wconf 75' lang='grc' dir='ltr'>καὶ</span> <span class='ocrx_word' id='word_1_678' title='bbox 2577 4388 2789 4458; x_wconf 76' lang='grc' dir='ltr'>ξηρόν·)</span> <span class='ocrx_word' id='word_1_679' title='bbox 2845 4389 2910 4439; x_wconf 87' lang='grc' dir='ltr'>δι’</span> <span class='ocrx_word' id='word_1_680' title='bbox 2934 4388 3106 4440; x_wconf 77' lang='grc' dir='ltr'>ἄλλων</span> <span class='ocrx_word' id='word_1_681' title='bbox 3159 4388 3375 4449; x_wconf 72' lang='grc' dir='ltr'>οἰκείως</span> <span class='ocrx_word' id='word_1_682' title='bbox 3425 4385 3651 4454; x_wconf 82' lang='grc' dir='ltr'>ἐχόντων</span> <span class='ocrx_word' id='word_1_683' title='bbox 3711 4381 3847 4454; x_wconf 73' lang='grc' dir='ltr'>πρὸς</span> <span class='ocrx_word' id='word_1_684' title='bbox 3903 4383 4004 4452; x_wconf 71' lang='grc' dir='ltr'>τὴν</span> 
     </span>
    </p>
   </div>
   <div class='ocr_carea' id='block_1_93' title="bbox 765 4470 2335 4549">
    <p class='ocr_par' dir='ltr' id='par_1_93' title="bbox 765 4470 2329 4541">
     <span class='ocr_line' id='line_1_93' title="bbox 765 4470 2329 4541; baseline 0.002 -19"><span class='ocrx_word' id='word_1_685' title='bbox 765 4475 910 4537; x_wconf 87' lang='lat' dir='ltr'><strong>(nam</strong></span> <span class='ocrx_word' id='word_1_686' title='bbox 946 4486 1082 4540; x_wconf 88' lang='lat' dir='ltr'><strong>aqua</strong></span> <span class='ocrx_word' id='word_1_687' title='bbox 1110 4470 1316 4541; x_wconf 78' lang='lat' dir='ltr'><strong>frigida</strong></span> <span class='ocrx_word' id='word_1_688' title='bbox 1337 4483 1391 4526; x_wconf 90' lang='lat' dir='ltr'><strong>et</strong></span> <span class='ocrx_word' id='word_1_689' title='bbox 1423 4473 1641 4525; x_wconf 87' lang='lat' dir='ltr'><strong>humida</strong></span> <span class='ocrx_word' id='word_1_690' title='bbox 1678 4482 1780 4538; x_wconf 85' lang='lat' dir='ltr'><strong>est,</strong></span> <span class='ocrx_word' id='word_1_691' title='bbox 1811 4471 1951 4541; x_wconf 86' lang='lat' dir='ltr'><strong>ignis</strong></span> <span class='ocrx_word' id='word_1_692' title='bbox 1976 4486 2104 4529; x_wconf 81' lang='lat' dir='ltr'><strong>vero</strong></span> <span class='ocrx_word' id='word_1_693' title='bbox 2127 4472 2329 4525; x_wconf 86' lang='lat' dir='ltr'><strong>calidus</strong></span> 
     </span>
    </p>
   </div>
   <div class='ocr_carea' id='block_1_94' title="bbox 2437 4470 4002 4549">
    <p class='ocr_par' dir='ltr' id='par_1_94' title="bbox 2437 4470 4002 4549">
     <span class='ocr_line' id='line_1_94' title="bbox 2437 4470 4002 4549; baseline -0.004 -20"><span class='ocrx_word' id='word_1_694' title='bbox 2437 4476 2660 4549; x_wconf 83' lang='grc' dir='ltr'>θέρμην,</span> <span class='ocrx_word' id='word_1_695' title='bbox 2688 4477 2926 4546; x_wconf 87' lang='grc' dir='ltr'>δηλονότι</span> <span class='ocrx_word' id='word_1_696' title='bbox 2951 4478 3194 4545; x_wconf 83' lang='grc' dir='ltr'>ἀγγείου,</span> <span class='ocrx_word' id='word_1_697' title='bbox 3224 4474 3548 4547; x_wconf 78' lang='grc' dir='ltr'>προσϐάλλει</span> <span class='ocrx_word' id='word_1_698' title='bbox 3576 4472 3808 4543; x_wconf 86' lang='grc' dir='ltr'>πρῶτον.</span> <span class='ocrx_word' id='word_1_699' title='bbox 3841 4470 4002 4541; x_wconf 83' lang='grc' dir='ltr'>Πρῶ-</span> 
     </span>
    </p>
   </div>
   <div class='ocr_carea' id='block_1_95' title="bbox 762 4565 2330 4636">
    <p class='ocr_par' dir='ltr' id='par_1_95' title="bbox 762 4565 2330 4636">
     <span class='ocr_line' id='line_1_95' title="bbox 762 4565 2330 4636; baseline 0.001 -18"><span class='ocrx_word' id='word_1_700' title='bbox 762 4573 814 4618; x_wconf 84' lang='grc' dir='ltr'><strong>ει</strong></span> <span class='ocrx_word' id='word_1_701' title='bbox 842 4565 1061 4632; x_wconf 85' lang='lat' dir='ltr'><strong>siccus),</strong></span> <span class='ocrx_word' id='word_1_702' title='bbox 1081 4579 1176 4632; x_wconf 85' lang='lat' dir='ltr'><strong>per</strong></span> <span class='ocrx_word' id='word_1_703' title='bbox 1189 4565 1289 4617; x_wconf 84' lang='lat' dir='ltr'><strong>alia</strong></span> <span class='ocrx_word' id='word_1_704' title='bbox 1317 4566 1664 4633; x_wconf 70' lang='lat' dir='ltr'><strong>quaaillisunt</strong></span> <span class='ocrx_word' id='word_1_705' title='bbox 1690 4565 2113 4632; x_wconf 78' lang='lat' dir='ltr'><strong>coguata,verbi</strong></span> <span class='ocrx_word' id='word_1_706' title='bbox 2132 4567 2330 4636; x_wconf 85' lang='lat' dir='ltr'><strong>gratia,</strong></span> 
     </span>
    </p>
   </div>
   <div class='ocr_carea' id='block_1_96' title="bbox 763 4658 2330 4727">
    <p class='ocr_par' dir='ltr' id='par_1_96' title="bbox 763 4658 2330 4727">
     <span class='ocr_line' id='line_1_96' title="bbox 763 4658 2330 4727; baseline 0.003 -17"><span class='ocrx_word' id='word_1_707' title='bbox 763 4674 863 4727; x_wconf 88' lang='lat' dir='ltr'><strong>per</strong></span> <span class='ocrx_word' id='word_1_708' title='bbox 892 4675 984 4713; x_wconf 87' lang='lat' dir='ltr'><strong>vas</strong></span> <span class='ocrx_word' id='word_1_709' title='bbox 1015 4662 1246 4724; x_wconf 90' lang='lat' dir='ltr'><strong>primum</strong></span> <span class='ocrx_word' id='word_1_710' title='bbox 1276 4661 1509 4714; x_wconf 83' lang='lat' dir='ltr'><strong>accedit.</strong></span> <span class='ocrx_word' id='word_1_711' title='bbox 1542 4659 1784 4714; x_wconf 90' lang='lat' dir='ltr'><strong>Primum</strong></span> <span class='ocrx_word' id='word_1_712' title='bbox 1823 4674 2002 4715; x_wconf 89' lang='lat' dir='ltr'><strong>autem</strong></span> <span class='ocrx_word' id='word_1_713' title='bbox 2034 4658 2196 4725; x_wconf 82' lang='lat' dir='ltr'><strong>dixit,</strong></span> <span class='ocrx_word' id='word_1_714' title='bbox 2225 4678 2330 4715; x_wconf 90' lang='lat' dir='ltr'><strong>non</strong></span> 
     </span>
    </p>
   </div>
   <div class='ocr_carea' id='block_1_97' title="bbox 763 4748 2332 4821">
    <p class='ocr_par' dir='ltr' id='par_1_97' title="bbox 763 4748 2332 4821">
     <span class='ocr_line' id='line_1_97' title="bbox 763 4748 2332 4821; baseline 0.004 -23"><span class='ocrx_word' id='word_1_715' title='bbox 763 4748 904 4816; x_wconf 87' lang='lat' dir='ltr'><strong>quod</strong></span> <span class='ocrx_word' id='word_1_716' title='bbox 933 4750 1265 4816; x_wconf 84' lang='lat' dir='ltr'><strong>immediate,</strong></span> <span class='ocrx_word' id='word_1_717' title='bbox 1301 4752 1395 4805; x_wconf 91' lang='lat' dir='ltr'><strong>sed</strong></span> <span class='ocrx_word' id='word_1_718' title='bbox 1419 4765 1513 4820; x_wconf 88' lang='lat' dir='ltr'><strong>per</strong></span> <span class='ocrx_word' id='word_1_719' title='bbox 1535 4767 1596 4805; x_wconf 85' lang='lat' dir='ltr'><strong>ea</strong></span> <span class='ocrx_word' id='word_1_720' title='bbox 1628 4767 1748 4820; x_wconf 65' lang='lat' dir='ltr'><strong>quae</strong></span> <span class='ocrx_word' id='word_1_721' title='bbox 1797 4751 1972 4821; x_wconf 85' lang='lat' dir='ltr'><strong>prima</strong></span> <span class='ocrx_word' id='word_1_722' title='bbox 2004 4761 2130 4805; x_wconf 79' lang='lat' dir='ltr'><strong>sum</strong></span> <span class='ocrx_word' id='word_1_723' title='bbox 2176 4767 2332 4805; x_wconf 83' lang='lat' dir='ltr'><strong>acce-</strong></span> 
     </span>
    </p>
   </div>
   <div class='ocr_carea' id='block_1_98' title="bbox 764 4839 2326 4910">
    <p class='ocr_par' dir='ltr' id='par_1_98' title="bbox 764 4839 2326 4910">
     <span class='ocr_line' id='line_1_98' title="bbox 764 4839 2326 4910; baseline 0.004 -23"><span class='ocrx_word' id='word_1_724' title='bbox 764 4840 855 4890; x_wconf 81' lang='lat' dir='ltr'><strong>dat</strong></span> <span class='ocrx_word' id='word_1_725' title='bbox 886 4839 1119 4906; x_wconf 89' lang='lat' dir='ltr'><strong>primum</strong></span> <span class='ocrx_word' id='word_1_726' title='bbox 1157 4840 1220 4891; x_wconf 90' lang='lat' dir='ltr'><strong>ad</strong></span> <span class='ocrx_word' id='word_1_727' title='bbox 1266 4854 1328 4890; x_wconf 81' lang='lat' dir='ltr'><strong>ea</strong></span> <span class='ocrx_word' id='word_1_728' title='bbox 1364 4855 1483 4908; x_wconf 69' lang='lat' dir='ltr'><strong>quae</strong></span> <span class='ocrx_word' id='word_1_729' title='bbox 1521 4857 1626 4894; x_wconf 92' lang='lat' dir='ltr'><strong>non</strong></span> <span class='ocrx_word' id='word_1_730' title='bbox 1679 4851 1804 4895; x_wconf 86' lang='lat' dir='ltr'><strong>sunt</strong></span> <span class='ocrx_word' id='word_1_731' title='bbox 1844 4851 2100 4910; x_wconf 87' lang='lat' dir='ltr'><strong>cognata,</strong></span> <span class='ocrx_word' id='word_1_732' title='bbox 2147 4842 2214 4895; x_wconf 88' lang='lat' dir='ltr'><strong>ad</strong></span> <span class='ocrx_word' id='word_1_733' title='bbox 2267 4858 2326 4894; x_wconf 81' lang='lat' dir='ltr'><strong>ea</strong></span> 
     </span>
    </p>
   </div>
   <div class='ocr_carea' id='block_1_99' title="bbox 764 4928 2328 5003">
    <p class='ocr_par' dir='ltr' id='par_1_99' title="bbox 764 4928 2328 5003">
     <span class='ocr_line' id='line_1_99' title="bbox 764 4928 2328 5003; baseline 0.001 -20"><span class='ocrx_word' id='word_1_734' title='bbox 764 4931 1129 4997; x_wconf 79' lang='lat' dir='ltr'><strong>postmodum,</strong></span> <span class='ocrx_word' id='word_1_735' title='bbox 1194 4933 1343 4987; x_wconf 87' lang='lat' dir='ltr'><strong>verbi</strong></span> <span class='ocrx_word' id='word_1_736' title='bbox 1395 4933 1596 5003; x_wconf 83' lang='lat' dir='ltr'><strong>gratia,</strong></span> <span class='ocrx_word' id='word_1_737' title='bbox 1645 4928 2013 4988; x_wconf 75' lang='lat' dir='ltr'><strong>calefacienda</strong></span> <span class='ocrx_word' id='word_1_738' title='bbox 2053 4932 2328 5001; x_wconf 86' lang='lat' dir='ltr'><strong>:primum</strong></span> 
     </span>
    </p>
   </div>
   <div class='ocr_carea' id='block_1_100' title="bbox 763 5025 2330 5095">
    <p class='ocr_par' dir='ltr' id='par_1_100' title="bbox 763 5025 2330 5095">
     <span class='ocr_line' id='line_1_100' title="bbox 763 5025 2330 5095; baseline 0 -20"><span class='ocrx_word' id='word_1_739' title='bbox 763 5025 906 5078; x_wconf 83' lang='lat' dir='ltr'><strong>enim</strong></span> <span class='ocrx_word' id='word_1_740' title='bbox 967 5025 1140 5093; x_wconf 83' lang='lat' dir='ltr'><strong>ignita</strong></span> <span class='ocrx_word' id='word_1_741' title='bbox 1207 5026 1458 5079; x_wconf 87' lang='lat' dir='ltr'><strong>faciendo</strong></span> <span class='ocrx_word' id='word_1_742' title='bbox 1502 5025 1590 5078; x_wconf 92' lang='lat' dir='ltr'><strong>illa</strong></span> <span class='ocrx_word' id='word_1_743' title='bbox 1651 5040 1770 5093; x_wconf 60' lang='lat' dir='ltr'><strong>qua</strong></span> <span class='ocrx_word' id='word_1_744' title='bbox 1801 5042 2018 5095; x_wconf 76' lang='lat' dir='ltr'><strong>quoquo</strong></span> <span class='ocrx_word' id='word_1_745' title='bbox 2048 5025 2208 5077; x_wconf 83' lang='lat' dir='ltr'><strong>modo</strong></span> <span class='ocrx_word' id='word_1_746' title='bbox 2238 5042 2330 5076; x_wconf 58' lang='grc' dir='ltr'>ουτ</span> 
     </span>
    </p>
   </div>
   <div class='ocr_carea' id='block_1_101' title="bbox 765 5119 2330 5188">
    <p class='ocr_par' dir='ltr' id='par_1_101' title="bbox 765 5119 2330 5188">
     <span class='ocr_line' id='line_1_101' title="bbox 765 5119 2330 5188; baseline 0.001 -19"><span class='ocrx_word' id='word_1_747' title='bbox 765 5119 926 5182; x_wconf 71' lang='lat' dir='ltr'><strong>gnata</strong></span> <span class='ocrx_word' id='word_1_748' title='bbox 958 5126 1103 5180; x_wconf 83' lang='lat' dir='ltr'><strong>sunt,</strong></span> <span class='ocrx_word' id='word_1_749' title='bbox 1137 5133 1234 5187; x_wconf 84' lang='lat' dir='ltr'><strong>per</strong></span> <span class='ocrx_word' id='word_1_750' title='bbox 1256 5121 1445 5173; x_wconf 78' lang='lat' dir='ltr'><strong>eadem</strong></span> <span class='ocrx_word' id='word_1_751' title='bbox 1480 5121 1645 5172; x_wconf 85' lang='lat' dir='ltr'><strong>etiam</strong></span> <span class='ocrx_word' id='word_1_752' title='bbox 1681 5137 1803 5188; x_wconf 70' lang='lat' dir='ltr'><strong>qua:</strong></span> <span class='ocrx_word' id='word_1_753' title='bbox 1843 5136 1946 5173; x_wconf 91' lang='lat' dir='ltr'><strong>non</strong></span> <span class='ocrx_word' id='word_1_754' title='bbox 1977 5131 2102 5172; x_wconf 88' lang='lat' dir='ltr'><strong>sunt</strong></span> <span class='ocrx_word' id='word_1_755' title='bbox 2128 5135 2330 5187; x_wconf 81' lang='lat' dir='ltr'><strong>cogna-</strong></span> 
     </span>
    </p>
   </div>
   <div class='ocr_carea' id='block_1_102' title="bbox 764 5210 2330 5280">
    <p class='ocr_par' dir='ltr' id='par_1_102' title="bbox 764 5210 2330 5280">
     <span class='ocr_line' id='line_1_102' title="bbox 764 5210 2330 5280; baseline 0.002 -19"><span class='ocrx_word' id='word_1_756' title='bbox 764 5220 816 5261; x_wconf 90' lang='lat' dir='ltr'><strong>ta</strong></span> <span class='ocrx_word' id='word_1_757' title='bbox 859 5210 1128 5266; x_wconf 81' lang='lat' dir='ltr'><strong>calefacit.</strong></span> <span class='ocrx_word' id='word_1_758' title='bbox 1159 5213 1467 5266; x_wconf 88' lang='lat' dir='ltr'><strong>Secundum</strong></span> <span class='ocrx_word' id='word_1_759' title='bbox 1501 5213 1644 5264; x_wconf 89' lang='lat' dir='ltr'><strong>banc</strong></span> <span class='ocrx_word' id='word_1_760' title='bbox 1691 5212 1875 5280; x_wconf 84' lang='lat' dir='ltr'><strong>itaque</strong></span> <span class='ocrx_word' id='word_1_761' title='bbox 1911 5213 2185 5266; x_wconf 87' lang='lat' dir='ltr'><strong>rationem</strong></span> <span class='ocrx_word' id='word_1_762' title='bbox 2231 5227 2330 5264; x_wconf 76' lang='lat' dir='ltr'><strong>ua-</strong></span> 
     </span>
    </p>
   </div>
   <div class='ocr_carea' id='block_1_103' title="bbox 763 5303 2332 5373">
    <p class='ocr_par' dir='ltr' id='par_1_103' title="bbox 763 5303 2332 5373">
     <span class='ocr_line' id='line_1_103' title="bbox 763 5303 2332 5373; baseline 0.001 -20"><span class='ocrx_word' id='word_1_763' title='bbox 763 5303 1016 5366; x_wconf 81' lang='lat' dir='ltr'><strong>turalem,</strong></span> <span class='ocrx_word' id='word_1_764' title='bbox 1044 5319 1106 5356; x_wconf 82' lang='lat' dir='ltr'><strong>ea</strong></span> <span class='ocrx_word' id='word_1_765' title='bbox 1141 5319 1358 5373; x_wconf 88' lang='lat' dir='ltr'><strong>quoque</strong></span> <span class='ocrx_word' id='word_1_766' title='bbox 1392 5318 1512 5371; x_wconf 68' lang='lat' dir='ltr'><strong>qua:</strong></span> <span class='ocrx_word' id='word_1_767' title='bbox 1546 5319 1708 5373; x_wconf 81' lang='lat' dir='ltr'><strong>supra</strong></span> <span class='ocrx_word' id='word_1_768' title='bbox 1741 5313 1992 5358; x_wconf 88' lang='lat' dir='ltr'><strong>naturam</strong></span> <span class='ocrx_word' id='word_1_769' title='bbox 2030 5315 2156 5359; x_wconf 90' lang='lat' dir='ltr'><strong>sunt</strong></span> <span class='ocrx_word' id='word_1_770' title='bbox 2201 5317 2332 5356; x_wconf 86' lang='lat' dir='ltr'><strong>con-</strong></span> 
     </span>
    </p>
   </div>
   <div class='ocr_carea' id='block_1_104' title="bbox 763 5395 2331 5453">
    <p class='ocr_par' dir='ltr' id='par_1_104' title="bbox 763 5395 2331 5453">
     <span class='ocr_line' id='line_1_104' title="bbox 763 5395 2331 5453; baseline 0 -4"><span class='ocrx_word' id='word_1_771' title='bbox 763 5396 973 5450; x_wconf 83' lang='lat' dir='ltr'><strong>sidera:</strong></span> <span class='ocrx_word' id='word_1_772' title='bbox 1003 5396 1143 5450; x_wconf 82' lang='lat' dir='ltr'><strong>Deus</strong></span> <span class='ocrx_word' id='word_1_773' title='bbox 1181 5395 1324 5448; x_wconf 85' lang='lat' dir='ltr'><strong>enim</strong></span> <span class='ocrx_word' id='word_1_774' title='bbox 1361 5397 1542 5450; x_wconf 89' lang='lat' dir='ltr'><strong>omnis</strong></span> <span class='ocrx_word' id='word_1_775' title='bbox 1583 5409 1744 5452; x_wconf 77' lang='lat' dir='ltr'><strong>recta:</strong></span> <span class='ocrx_word' id='word_1_776' title='bbox 1795 5397 2152 5453; x_wconf 88' lang='lat' dir='ltr'><strong>ordinationis</strong></span> <span class='ocrx_word' id='word_1_777' title='bbox 2185 5399 2331 5452; x_wconf 86' lang='lat' dir='ltr'><strong>ordi-</strong></span> 
     </span>
    </p>
   </div>
   <div class='ocr_carea' id='block_1_105' title="bbox 763 5487 2324 5556">
    <p class='ocr_par' dir='ltr' id='par_1_105' title="bbox 763 5487 2324 5556">
     <span class='ocr_line' id='line_1_105' title="bbox 763 5487 2324 5556; baseline 0.001 -18"><span class='ocrx_word' id='word_1_778' title='bbox 763 5487 958 5556; x_wconf 79' lang='lat' dir='ltr'><strong>nisque</strong></span> <span class='ocrx_word' id='word_1_779' title='bbox 990 5487 1353 5554; x_wconf 81' lang='lat' dir='ltr'><strong>principatus,</strong></span> <span class='ocrx_word' id='word_1_780' title='bbox 1390 5487 1764 5541; x_wconf 81' lang='lat' dir='ltr'><strong>illustrationis</strong></span> <span class='ocrx_word' id='word_1_781' title='bbox 1808 5503 1918 5542; x_wconf 68' lang='lat' dir='ltr'><strong>suae</strong></span> <span class='ocrx_word' id='word_1_782' title='bbox 1977 5488 2324 5556; x_wconf 82' lang='lat' dir='ltr'><strong>splendorem</strong></span> 
     </span>
    </p>
   </div>
   <div class='ocr_carea' id='block_1_106' title="bbox 764 5578 2327 5645">
    <p class='ocr_par' dir='ltr' id='par_1_106' title="bbox 764 5578 2327 5645">
     <span class='ocr_line' id='line_1_106' title="bbox 764 5578 2327 5645; baseline 0.001 -16"><span class='ocrx_word' id='word_1_783' title='bbox 764 5579 1207 5645; x_wconf 86' lang='lat' dir='ltr'><strong>primordialiter,</strong></span> <span class='ocrx_word' id='word_1_784' title='bbox 1235 5578 1509 5632; x_wconf 88' lang='lat' dir='ltr'><strong>luculenta</strong></span> <span class='ocrx_word' id='word_1_785' title='bbox 1539 5587 1591 5632; x_wconf 82' lang='lat' dir='ltr'><strong>et</strong></span> <span class='ocrx_word' id='word_1_786' title='bbox 1632 5580 1949 5633; x_wconf 86' lang='lat' dir='ltr'><strong>admiranda</strong></span> <span class='ocrx_word' id='word_1_787' title='bbox 1983 5580 2192 5632; x_wconf 79' lang='lat' dir='ltr'><strong>fusione</strong></span> <span class='ocrx_word' id='word_1_788' title='bbox 2236 5596 2327 5633; x_wconf 88' lang='lat' dir='ltr'><strong>su—</strong></span> 
     </span>
    </p>
   </div>
   <div class='ocr_carea' id='block_1_107' title="bbox 763 5669 2324 5736">
    <p class='ocr_par' dir='ltr' id='par_1_107' title="bbox 763 5669 2324 5736">
     <span class='ocr_line' id='line_1_107' title="bbox 763 5669 2324 5736; baseline 0.001 -17"><span class='ocrx_word' id='word_1_789' title='bbox 763 5669 970 5736; x_wconf 81' lang='lat' dir='ltr'><strong>premis</strong></span> <span class='ocrx_word' id='word_1_790' title='bbox 1014 5669 1120 5722; x_wconf 79' lang='lat' dir='ltr'><strong>illis</strong></span> <span class='ocrx_word' id='word_1_791' title='bbox 1153 5670 1424 5724; x_wconf 79' lang='lat' dir='ltr'><strong>mentibus</strong></span> <span class='ocrx_word' id='word_1_792' title='bbox 1457 5669 1792 5731; x_wconf 87' lang='lat' dir='ltr'><strong>manifestat,</strong></span> <span class='ocrx_word' id='word_1_793' title='bbox 1826 5678 1878 5721; x_wconf 90' lang='lat' dir='ltr'><strong>et</strong></span> <span class='ocrx_word' id='word_1_794' title='bbox 1906 5684 2002 5735; x_wconf 88' lang='lat' dir='ltr'><strong>per</strong></span> <span class='ocrx_word' id='word_1_795' title='bbox 2047 5669 2166 5722; x_wconf 87' lang='lat' dir='ltr'><strong>illas</strong></span> <span class='ocrx_word' id='word_1_796' title='bbox 2198 5670 2324 5722; x_wconf 81' lang='lat' dir='ltr'><strong>reli-</strong></span> 
     </span>
    </p>
   </div>
   <div class='ocr_carea' id='block_1_108' title="bbox 768 5758 2326 5831">
    <p class='ocr_par' dir='ltr' id='par_1_108' title="bbox 768 5758 2326 5831">
     <span class='ocr_line' id='line_1_108' title="bbox 768 5758 2326 5831; baseline -0.001 -17"><span class='ocrx_word' id='word_1_797' title='bbox 768 5774 887 5828; x_wconf 75' lang='lat' dir='ltr'><strong>quae</strong></span> <span class='ocrx_word' id='word_1_798' title='bbox 937 5761 1190 5831; x_wconf 80' lang='lat' dir='ltr'><strong>deinceps</strong></span> <span class='ocrx_word' id='word_1_799' title='bbox 1228 5763 1387 5817; x_wconf 60' lang='lat' dir='ltr'><strong>istum</strong></span> <span class='ocrx_word' id='word_1_800' title='bbox 1420 5760 1630 5815; x_wconf 79' lang='lat' dir='ltr'><strong>radium</strong></span> <span class='ocrx_word' id='word_1_801' title='bbox 1667 5761 2018 5830; x_wconf 75' lang='lat' dir='ltr'><strong>participant.</strong></span> <span class='ocrx_word' id='word_1_802' title='bbox 2058 5758 2147 5813; x_wconf 79' lang='lat' dir='ltr'><strong>lla:</strong></span> <span class='ocrx_word' id='word_1_803' title='bbox 2183 5761 2326 5815; x_wconf 74' lang='lat' dir='ltr'><strong>enim</strong></span> 
     </span>
    </p>
   </div>
   <div class='ocr_carea' id='block_1_109' title="bbox 2433 4559 4000 4636">
    <p class='ocr_par' dir='ltr' id='par_1_109' title="bbox 2433 4559 4000 4636">
     <span class='ocr_line' id='line_1_109' title="bbox 2433 4559 4000 4636; baseline -0.006 -17"><span class='ocrx_word' id='word_1_804' title='bbox 2433 4585 2522 4619; x_wconf 87' lang='grc' dir='ltr'><strong>τον</strong></span> <span class='ocrx_word' id='word_1_805' title='bbox 2553 4565 2607 4620; x_wconf 75' lang='grc' dir='ltr'><strong>δὲ</strong></span> <span class='ocrx_word' id='word_1_806' title='bbox 2632 4564 2916 4636; x_wconf 81' lang='grc' dir='ltr'>εἶπεν,οὐχ</span> <span class='ocrx_word' id='word_1_807' title='bbox 2949 4568 3027 4619; x_wconf 81' lang='grc' dir='ltr'>ὅτι</span> <span class='ocrx_word' id='word_1_808' title='bbox 3061 4566 3299 4636; x_wconf 86' lang='grc' dir='ltr'>ἀμέσως,</span> <span class='ocrx_word' id='word_1_809' title='bbox 3332 4560 3468 4616; x_wconf 88' lang='grc' dir='ltr'><strong>ἀλλά</strong></span> <span class='ocrx_word' id='word_1_810' title='bbox 3499 4561 3586 4614; x_wconf 86' lang='grc' dir='ltr'>διὰ</span> <span class='ocrx_word' id='word_1_811' title='bbox 3606 4560 3712 4612; x_wconf 84' lang='grc' dir='ltr'><strong>τῶν</strong></span> <span class='ocrx_word' id='word_1_812' title='bbox 3743 4559 4000 4630; x_wconf 78' lang='grc' dir='ltr'>πρώτων,</span> 
     </span>
    </p>
   </div>
   <div class='ocr_carea' id='block_1_110' title="bbox 2435 4651 4004 4728">
    <p class='ocr_par' dir='ltr' id='par_1_110' title="bbox 2435 4651 4004 4728">
     <span class='ocr_line' id='line_1_110' title="bbox 2435 4651 4004 4728; baseline -0.004 -18"><span class='ocrx_word' id='word_1_813' title='bbox 2435 4658 2755 4728; x_wconf 78' lang='grc' dir='ltr'>προσὸἁλλει</span> <span class='ocrx_word' id='word_1_814' title='bbox 2785 4662 2895 4720; x_wconf 86' lang='grc' dir='ltr'>τοῖς</span> <span class='ocrx_word' id='word_1_815' title='bbox 2921 4659 2992 4728; x_wconf 86' lang='grc' dir='ltr'>μὴ</span> <span class='ocrx_word' id='word_1_816' title='bbox 3027 4657 3308 4725; x_wconf 85' lang='grc' dir='ltr'>συγγενέσι</span> <span class='ocrx_word' id='word_1_817' title='bbox 3337 4657 3569 4725; x_wconf 84' lang='grc' dir='ltr'>πρῶτον,</span> <span class='ocrx_word' id='word_1_818' title='bbox 3600 4654 3735 4723; x_wconf 85' lang='grc' dir='ltr'>πρὸς</span> <span class='ocrx_word' id='word_1_819' title='bbox 3765 4651 3834 4704; x_wconf 77' lang='grc' dir='ltr'>τὰ</span> <span class='ocrx_word' id='word_1_820' title='bbox 3862 4653 4004 4722; x_wconf 84' lang='grc' dir='ltr'><strong>μετά</strong></span> 
     </span>
    </p>
   </div>
   <div class='ocr_carea' id='block_1_111' title="bbox 2433 4744 4002 4820">
    <p class='ocr_par' dir='ltr' id='par_1_111' title="bbox 2433 4744 4002 4820">
     <span class='ocr_line' id='line_1_111' title="bbox 2433 4744 4002 4820; baseline -0.002 -19"><span class='ocrx_word' id='word_1_821' title='bbox 2433 4750 2602 4802; x_wconf 78' lang='grc' dir='ltr'>ταῦτα</span> <span class='ocrx_word' id='word_1_822' title='bbox 2652 4752 2810 4820; x_wconf 77' lang='grc' dir='ltr'>τυχὸν</span> <span class='ocrx_word' id='word_1_823' title='bbox 2864 4750 3295 4820; x_wconf 79' lang='grc' dir='ltr'>θερμαινόμενα·</span> <span class='ocrx_word' id='word_1_824' title='bbox 3345 4746 3564 4818; x_wconf 78' lang='grc' dir='ltr'>πυρώδη</span> <span class='ocrx_word' id='word_1_825' title='bbox 3623 4744 3730 4815; x_wconf 82' lang='grc' dir='ltr'>γὰρ</span> <span class='ocrx_word' id='word_1_826' title='bbox 3783 4745 4002 4814; x_wconf 85' lang='grc' dir='ltr'>πρῶτον</span> 
     </span>
    </p>
   </div>
   <div class='ocr_carea' id='block_1_112' title="bbox 2434 4835 4001 4909">
    <p class='ocr_par' dir='ltr' id='par_1_112' title="bbox 2434 4835 4001 4909">
     <span class='ocr_line' id='line_1_112' title="bbox 2434 4835 4001 4909; baseline -0.004 -15"><span class='ocrx_word' id='word_1_827' title='bbox 2434 4841 2662 4895; x_wconf 77' lang='grc' dir='ltr'>ποιοῦσα</span> <span class='ocrx_word' id='word_1_828' title='bbox 2709 4844 2777 4896; x_wconf 86' lang='grc' dir='ltr'><strong>τά</strong></span> <span class='ocrx_word' id='word_1_829' title='bbox 2825 4842 3002 4905; x_wconf 81' lang='grc' dir='ltr'>ποσῶς</span> <span class='ocrx_word' id='word_1_830' title='bbox 3047 4838 3303 4909; x_wconf 80' lang='grc' dir='ltr'>συγγενῆ,</span> <span class='ocrx_word' id='word_1_831' title='bbox 3347 4838 3414 4890; x_wconf 89' lang='grc' dir='ltr'>δι’</span> <span class='ocrx_word' id='word_1_832' title='bbox 3437 4839 3660 4892; x_wconf 82' lang='grc' dir='ltr'>ἐκείνων</span> <span class='ocrx_word' id='word_1_833' title='bbox 3705 4837 3798 4889; x_wconf 72' lang='grc' dir='ltr'><strong>καὶ</strong></span> <span class='ocrx_word' id='word_1_834' title='bbox 3827 4835 3896 4888; x_wconf 81' lang='grc' dir='ltr'>τὰ</span> <span class='ocrx_word' id='word_1_835' title='bbox 3925 4837 4001 4908; x_wconf 70' lang='grc' dir='ltr'>μὴ</span> 
     </span>
    </p>
   </div>
   <div class='ocr_carea' id='block_1_113' title="bbox 2436 4918 4001 5002">
    <p class='ocr_par' dir='ltr' id='par_1_113' title="bbox 2436 4918 4001 5002">
     <span class='ocr_line' id='line_1_113' title="bbox 2436 4918 4001 5002; baseline -0.002 -20"><span class='ocrx_word' id='word_1_836' title='bbox 2436 4931 2669 5000; x_wconf 83' lang='grc' dir='ltr'>συγγενῆ</span> <span class='ocrx_word' id='word_1_837' title='bbox 2704 4932 3004 5002; x_wconf 82' lang='grc' dir='ltr'>θερμαίνει.</span> <span class='ocrx_word' id='word_1_838' title='bbox 3038 4928 3193 4983; x_wconf 83' lang='grc' dir='ltr'>Κατὰ</span> <span class='ocrx_word' id='word_1_839' title='bbox 3251 4918 3556 4980; x_wconf 65' lang='grc' dir='ltr'>τὺν”αὺτὸν</span> <span class='ocrx_word' id='word_1_840' title='bbox 3611 4921 3704 4978; x_wconf 82' lang='grc' dir='ltr'><strong>οὖν</strong></span> <span class='ocrx_word' id='word_1_841' title='bbox 3769 4928 4001 4993; x_wconf 83' lang='grc' dir='ltr'>φυσικὸν</span> 
     </span>
    </p>
   </div>
   <div class='ocr_carea' id='block_1_114' title="bbox 2433 5017 4000 5091">
    <p class='ocr_par' dir='ltr' id='par_1_114' title="bbox 2433 5017 4000 5091">
     <span class='ocr_line' id='line_1_114' title="bbox 2433 5017 4000 5091; baseline -0.001 -20"><span class='ocrx_word' id='word_1_842' title='bbox 2433 5020 2586 5088; x_wconf 83' lang='grc' dir='ltr'>λόγον</span> <span class='ocrx_word' id='word_1_843' title='bbox 2615 5022 2723 5074; x_wconf 89' lang='grc' dir='ltr'>νόει</span> <span class='ocrx_word' id='word_1_844' title='bbox 2751 5024 2844 5075; x_wconf 75' lang='grc' dir='ltr'>καὶ</span> <span class='ocrx_word' id='word_1_845' title='bbox 2866 5019 2934 5074; x_wconf 89' lang='grc' dir='ltr'><strong>τά</strong></span> <span class='ocrx_word' id='word_1_846' title='bbox 2957 5021 3207 5091; x_wconf 78' lang='grc' dir='ltr'>ὑπερφυῆ</span> <span class='ocrx_word' id='word_1_847' title='bbox 3229 5039 3241 5051; x_wconf 93' lang='grc'><strong>·</strong></span> <span class='ocrx_word' id='word_1_848' title='bbox 3277 5023 3309 5090; x_wconf 83' lang='grc' dir='ltr'>ἡ</span> <span class='ocrx_word' id='word_1_849' title='bbox 3340 5019 3517 5088; x_wconf 83' lang='grc' dir='ltr'>πάσης</span> <span class='ocrx_word' id='word_1_850' title='bbox 3548 5017 3654 5088; x_wconf 87' lang='grc' dir='ltr'><strong>γάρ</strong></span> <span class='ocrx_word' id='word_1_851' title='bbox 3702 5017 4000 5086; x_wconf 81' lang='grc' dir='ltr'>εὐκοσμίας</span> 
     </span>
    </p>
   </div>
   <div class='ocr_carea' id='block_1_115' title="bbox 2432 5105 3998 5182">
    <p class='ocr_par' dir='ltr' id='par_1_115' title="bbox 2432 5105 3998 5182">
     <span class='ocr_line' id='line_1_115' title="bbox 2432 5105 3998 5182; baseline -0.002 -20"><span class='ocrx_word' id='word_1_852' title='bbox 2432 5112 2738 5182; x_wconf 83' lang='grc' dir='ltr'>ταξιαρχία,</span> <span class='ocrx_word' id='word_1_853' title='bbox 2772 5116 2800 5164; x_wconf 85' lang='grc' dir='ltr'>ὁ</span> <span class='ocrx_word' id='word_1_854' title='bbox 2824 5112 2974 5175; x_wconf 83' lang='grc' dir='ltr'>Θεὸς,</span> <span class='ocrx_word' id='word_1_855' title='bbox 3011 5112 3109 5181; x_wconf 84' lang='grc' dir='ltr'>τὴν</span> <span class='ocrx_word' id='word_1_856' title='bbox 3150 5112 3248 5182; x_wconf 80' lang='grc' dir='ltr'><strong>τῆς</strong></span> <span class='ocrx_word' id='word_1_857' title='bbox 3279 5108 3444 5163; x_wconf 82' lang='grc' dir='ltr'>αὑτοῦ</span> <span class='ocrx_word' id='word_1_858' title='bbox 3480 5107 3807 5176; x_wconf 74' lang='grc' dir='ltr'>φωτοδοσίας</span> <span class='ocrx_word' id='word_1_859' title='bbox 3851 5105 3998 5176; x_wconf 88' lang='grc' dir='ltr'>λαμ-</span> 
     </span>
    </p>
   </div>
   <div class='ocr_carea' id='block_1_116' title="bbox 2432 5197 3998 5276">
    <p class='ocr_par' dir='ltr' id='par_1_116' title="bbox 2432 5197 3998 5276">
     <span class='ocr_line' id='line_1_116' title="bbox 2432 5197 3998 5276; baseline -0.003 -19"><span class='ocrx_word' id='word_1_860' title='bbox 2432 5205 2673 5276; x_wconf 71' lang='grc' dir='ltr'>πρότητα</span> <span class='ocrx_word' id='word_1_861' title='bbox 2702 5203 3067 5275; x_wconf 76' lang='grc' dir='ltr'>πρωτοφανῶς</span> <span class='ocrx_word' id='word_1_862' title='bbox 3096 5206 3212 5265; x_wconf 84' lang='grc' dir='ltr'>ταῖς</span> <span class='ocrx_word' id='word_1_863' title='bbox 3232 5198 3688 5271; x_wconf 80' lang='grc' dir='ltr'>ὺπερόεόηκυίαις</span> <span class='ocrx_word' id='word_1_864' title='bbox 3716 5197 3998 5263; x_wconf 78' lang='grc' dir='ltr'>ἀναφαίνει</span> 
     </span>
    </p>
   </div>
   <div class='ocr_carea' id='block_1_117' title="bbox 2433 5281 4000 5364">
    <p class='ocr_par' dir='ltr' id='par_1_117' title="bbox 2433 5281 4000 5364">
     <span class='ocr_line' id='line_1_117' title="bbox 2433 5281 4000 5364; baseline -0.008 -17"><span class='ocrx_word' id='word_1_865' title='bbox 2433 5292 2573 5347; x_wconf 85' lang='grc' dir='ltr'><strong>κατά</strong></span> <span class='ocrx_word' id='word_1_866' title='bbox 2601 5293 2752 5362; x_wconf 82' lang='grc' dir='ltr'>χύσιν</span> <span class='ocrx_word' id='word_1_867' title='bbox 2787 5289 3014 5360; x_wconf 75' lang='grc' dir='ltr'>ἄφθονον</span> <span class='ocrx_word' id='word_1_868' title='bbox 3045 5291 3137 5364; x_wconf 72' lang='grc' dir='ltr'>καὶ</span> <span class='ocrx_word' id='word_1_869' title='bbox 3180 5288 3620 5357; x_wconf 83' lang='grc' dir='ltr'>πανθαύμαστον,</span> <span class='ocrx_word' id='word_1_870' title='bbox 3643 5286 3736 5338; x_wconf 75' lang='grc' dir='ltr'>καὶ</span> <span class='ocrx_word' id='word_1_871' title='bbox 3763 5281 3852 5335; x_wconf 86' lang='grc' dir='ltr'>διὰ</span> <span class='ocrx_word' id='word_1_872' title='bbox 3881 5284 4000 5335; x_wconf 69' lang='grc' dir='ltr'>τού-</span> 
     </span>
    </p>
   </div>
   <div class='ocr_carea' id='block_1_118' title="bbox 2430 5376 4002 5456">
    <p class='ocr_par' dir='ltr' id='par_1_118' title="bbox 2430 5376 4002 5456">
     <span class='ocr_line' id='line_1_118' title="bbox 2430 5376 4002 5456; baseline -0.008 -17"><span class='ocrx_word' id='word_1_873' title='bbox 2430 5404 2536 5439; x_wconf 87' lang='grc' dir='ltr'><strong>των</strong></span> <span class='ocrx_word' id='word_1_874' title='bbox 2573 5387 2854 5456; x_wconf 85' lang='grc' dir='ltr'>μετέχουσι</span> <span class='ocrx_word' id='word_1_875' title='bbox 2879 5384 2978 5454; x_wconf 82' lang='grc' dir='ltr'>τῆς</span> <span class='ocrx_word' id='word_1_876' title='bbox 3000 5384 3216 5445; x_wconf 83' lang='grc' dir='ltr'>ἀκτῖνος</span> <span class='ocrx_word' id='word_1_877' title='bbox 3237 5381 3304 5433; x_wconf 82' lang='grc' dir='ltr'>τὰ</span> <span class='ocrx_word' id='word_1_878' title='bbox 3329 5377 3572 5450; x_wconf 77' lang='grc' dir='ltr'>δεύτερα.</span> <span class='ocrx_word' id='word_1_879' title='bbox 3601 5380 3666 5431; x_wconf 80' lang='grc' dir='ltr'><strong>Αἱ</strong></span> <span class='ocrx_word' id='word_1_880' title='bbox 3691 5377 3798 5446; x_wconf 83' lang='grc' dir='ltr'>γὰρ</span> <span class='ocrx_word' id='word_1_881' title='bbox 3828 5376 4002 5446; x_wconf 77' lang='grc' dir='ltr'>ὑπερ-</span> 
     </span>
    </p>
   </div>
   <div class='ocr_carea' id='block_1_119' title="bbox 2432 5467 4012 5548">
    <p class='ocr_par' dir='ltr' id='par_1_119' title="bbox 2432 5467 4012 5548">
     <span class='ocr_line' id='line_1_119' title="bbox 2432 5467 4012 5548; baseline -0.008 -19"><span class='ocrx_word' id='word_1_882' title='bbox 2432 5477 2739 5548; x_wconf 75' lang='grc' dir='ltr'>ϐεϐηκυῖαι,</span> <span class='ocrx_word' id='word_1_883' title='bbox 2767 5473 3083 5545; x_wconf 79' lang='grc' dir='ltr'>ἐπιγνοῦσαι</span> <span class='ocrx_word' id='word_1_884' title='bbox 3109 5472 3339 5544; x_wconf 83' lang='grc' dir='ltr'>πρώτως</span> <span class='ocrx_word' id='word_1_885' title='bbox 3357 5472 3448 5524; x_wconf 85' lang='grc' dir='ltr'><strong>τὸν</strong></span> <span class='ocrx_word' id='word_1_886' title='bbox 3470 5469 3629 5523; x_wconf 74' lang='grc' dir='ltr'>αὐτὸν</span> <span class='ocrx_word' id='word_1_887' title='bbox 3643 5467 4012 5539; x_wconf 79' lang='grc' dir='ltr'>δημιουργὸν,</span> 
     </span>
    </p>
   </div>
   <div class='ocr_carea' id='block_1_120' title="bbox 2431 5561 4000 5640">
    <p class='ocr_par' dir='ltr' id='par_1_120' title="bbox 2431 5561 4000 5640">
     <span class='ocr_line' id='line_1_120' title="bbox 2431 5561 4000 5640; baseline -0.006 -18"><span class='ocrx_word' id='word_1_888' title='bbox 2431 5572 2522 5622; x_wconf 74' lang='grc' dir='ltr'><strong>καὶ</strong></span> <span class='ocrx_word' id='word_1_889' title='bbox 2575 5572 2671 5640; x_wconf 83' lang='grc' dir='ltr'>τῆς</span> <span class='ocrx_word' id='word_1_890' title='bbox 2724 5570 2932 5623; x_wconf 82' lang='grc' dir='ltr'>ἐκείνου</span> <span class='ocrx_word' id='word_1_891' title='bbox 2981 5565 3241 5634; x_wconf 85' lang='grc' dir='ltr'>καλλονῆς</span> <span class='ocrx_word' id='word_1_892' title='bbox 3297 5563 3598 5632; x_wconf 78' lang='grc' dir='ltr'>ἐφιέμεναι,</span> <span class='ocrx_word' id='word_1_893' title='bbox 3656 5561 4000 5629; x_wconf 73' lang='grc' dir='ltr'>πρωτουργοὶ</span> 
     </span>
    </p>
   </div>
   <div class='ocr_carea' id='block_1_121' title="bbox 2428 5652 3999 5732">
    <p class='ocr_par' dir='ltr' id='par_1_121' title="bbox 2428 5652 3999 5732">
     <span class='ocr_line' id='line_1_121' title="bbox 2428 5652 3999 5732; baseline -0.008 -15"><span class='ocrx_word' id='word_1_894' title='bbox 2428 5665 2674 5732; x_wconf 77' lang='grc' dir='ltr'>γενέσθαι</span> <span class='ocrx_word' id='word_1_895' title='bbox 2705 5660 3115 5731; x_wconf 81' lang='grc' dir='ltr'>κατηξιώθησαν</span> <span class='ocrx_word' id='word_1_896' title='bbox 3137 5657 3235 5726; x_wconf 80' lang='grc' dir='ltr'>τῆς</span> <span class='ocrx_word' id='word_1_897' title='bbox 3273 5654 3600 5725; x_wconf 82' lang='grc' dir='ltr'>θεομιμήτου</span> <span class='ocrx_word' id='word_1_898' title='bbox 3631 5652 3912 5722; x_wconf 73' lang='grc' dir='ltr'>ἐνεργείας</span> <span class='ocrx_word' id='word_1_899' title='bbox 3939 5669 3999 5705; x_wconf 82' lang='grc' dir='ltr'><strong>τε</strong></span> 
     </span>
    </p>
   </div>
   <div class='ocr_carea' id='block_1_122' title="bbox 2431 5743 4002 5826">
    <p class='ocr_par' dir='ltr' id='par_1_122' title="bbox 2431 5743 4002 5826">
     <span class='ocr_line' id='line_1_122' title="bbox 2431 5743 4002 5826; baseline 0.003 -34"><span class='ocrx_word' id='word_1_900' title='bbox 2431 5758 2522 5808; x_wconf 46' lang='grc' dir='ltr'>και,</span> <span class='ocrx_word' id='word_1_901' title='bbox 2552 5757 2862 5826; x_wconf 62' lang='grc' dir='ltr'><strong>δυνάμεως·</strong></span> <span class='ocrx_word' id='word_1_902' title='bbox 2903 5751 3130 5823; x_wconf 76' lang='grc' dir='ltr'>πρώτως</span> <span class='ocrx_word' id='word_1_903' title='bbox 3171 5747 3276 5818; x_wconf 78' lang='grc' dir='ltr'>γὰρ</span> <span class='ocrx_word' id='word_1_904' title='bbox 3304 5746 3370 5799; x_wconf 81' lang='grc' dir='ltr'>δι’</span> <span class='ocrx_word' id='word_1_905' title='bbox 3397 5744 3570 5798; x_wconf 73' lang='grc' dir='ltr'>αὐτῶν</span> <span class='ocrx_word' id='word_1_906' title='bbox 3605 5749 3655 5798; x_wconf 80' lang='grc' dir='ltr'>αἱ</span> <span class='ocrx_word' id='word_1_907' title='bbox 3690 5744 3805 5814; x_wconf 79' lang='grc' dir='ltr'>μετ’</span> <span class='ocrx_word' id='word_1_908' title='bbox 3829 5743 4002 5807; x_wconf 77' lang='grc' dir='ltr'>αὐτὰς</span> 
     </span>
    </p>
   </div>
  </div>
