4176 6308
183 360 294 416 313

683 359 768 413 DE
807 358 1139 415 CCELESTI
1173 358 1621 425 IIIERARCBIA,
1659 359 1813 415 CAP.
1851 357 1991 414 XI".
2029 389 2095 400 —-
2127 354 2471 412 PARAPHR.
2506 353 2972 411 PACHYMERE.

3335 357 3445 411 514

183 480 287 549 τὴν
317 476 582 547 ἔλλαμψιν
634 477 895 546 δέχονται,
947 476 1128 540 καθὼς
1177 480 1270 532 καὶ
1303 472 1461 533 αὗται
1505 477 1658 547 παρὰ
1680 477 1761 529 τοί

1879 489 2144 543 suprema:
2186 488 2308 526 cum
2364 475 2598 543 primum
2650 480 2928 526 auctorem
2977 483 3136 524 suum
3180 484 3439 540 agnosce-

183 571 322 624 Θεοῦ
347 571 551 639 ταύτην
570 570 846 638 δέχονται·
873 570 1209 622 ἀνατείνουσι
1237 571 1343 641 γὰρ
1357 570 1455 632 τὰς
1490 570 1579 622 ὑπ’
1606 569 1773 631 αὑτὰς

184 661 519 728 ἀγαθοειδῶς
552 663 645 713 καὶ
681 659 800 728 δίχα
846 661 1044 721 παντὸς
1088 660 1280 728 φθόνου
1313 661 1518 730 (ἀγαθῷ
1547 660 1654 729 γὰρ
1678 661 1772 711 οὑ-

181 755 296 818 δεὶς
322 754 594 823 ἐγγίνεται
627 753 816 821 φθόνος
845 752 983 805 κατὰ
1006 753 1096 806 τὸν
1126 753 1437 824 Πλάτωνα,)
1473 754 1580 822 πλη
1594 752 1775 823 ρεστά-

181 865 296 910 τως
336 847 720 919 μεταδιδοῦσαι
744 847 844 915 τῆς
877 846 1091 916 αἴγλης,
1122 847 1226 899 κᾶν
1256 848 1481 907 ἐκεῖναι,
1509 848 1631 898 ὅσον
1665 863 1774 914 χω-

185 934 363 1004 ροῦσι,
390 935 668 1003 δέχωνται.
699 933 871 986 Τοῦτο
899 935 1105 1001 γίνεται
1132 937 1224 988 καλ
1271 936 1363 987 ἐπὶ
1413 939 1532 997 ταῖς
1561 935 1773 1005 ἑτέραις

180 1026 290 1089 ἕως
337 1027 429 1079 καὶ⁸
462 1026 572 1079 τῶν
623 1026 886 1096 ἐσχάτων.
919 1028 1106 1078 Ἔστιν
1140 1023 1233 1081 οὖν
1269 1029 1444 1082 ἆπασι
1473 1031 1586 1090 τοῖς
1616 1039 1773 1095 φωτι-

181 1113 433 1186 ζομένοις
489 1118 629 1188 ἀρχὴ
693 1118 786 1170 τοῦ
838 1117 1163 1187 φωτίζεσθαι
1211 1123 1238 1174 ὁ
1284 1120 1434 1182 Θεὸς,
1482 1120 1636 1188 φύσει
1680 1119 1773 1170 καὶ

181 1209 358 1271 ὅντως
385 1211 586 1281 stupidi;
619 1210 693 1272 ὡς
728 1213 904 1278 φωτὸς
946 1214 1118 1284 πηγὴ,
1144 1215 1236 1267 καὶ
1263 1215 1529 1282 αὑτόφως,
1563 1213 1653 1266 καὶ
1683 1210 1771 1262 αἴ-

179 1317 299 1364 τιος
344 1304 470 1354 πᾶσι
522 1303 616 1354 καὶ
659 1302 753 1354 τοῦ
784 1299 943 1366 εἶναι,
975 1305 1068 1356 καὶ
1112 1305 1206 1357 τοῦ
1249 1307 1381 1376 ὁρᾷν
1447 1305 1577 1358 αὑτὸ
1610 1304 1672 1371 δὴ
1711 1301 1772 1354 τὸ

178 1391 299 1459 φῶς
320 1409 331 1420 ·
365 1392 516 1444 θέσει
569 1393 623 1445 δέ
660 1395 753 1447 καὶ
786 1394 926 1448 κατά
953 1395 1112 1466 χάριν
1137 1396 1480 1466 θεομιμήτως
1509 1393 1648 1448 κατὰ
1677 1393 1772 1463 μέο

189 1499 285 1553 ρος
324 1484 418 1552 μία
448 1487 514 1554 τῇ
541 1485 723 1555 ἑτέρᾳ,
749 1487 782 1554 ἡ
821 1485 1011 1556 πρώτη
1039 1489 1106 1556 τῇ
1163 1486 1276 1556 μετ’
1299 1487 1486 1556 αὑτὴν,
1514 1487 1570 1537 ἐν
1594 1482 1672 1553 τῷ
1703 1483 1768 1535 δι’

188 1576 368 1644 αὐτῆς
397 1578 476 1639 εἰς
500 1579 714 1647 ἐκείνην
733 1578 832 1647 τὴν
855 1577 1116 1648 ἕλλαμψιν
1142 1579 1468 1648 διέρχεσθαι,
1499 1578 1526 1633 ὃ
1548 1578 1610 1646 δὴ
1641 1580 1768 1628 ἐπο-

1878 572 2019 624 rent,
2097 563 2261 632 119
2313 562 2842 632 pulchritudinisque
2884 561 3116 631 ejusque
3166 562 3440 618 desiderio

1877 663 2208 720 tenerentur,
2252 659 2354 711 hoc
2378 657 2545 710 etiam
2577 665 2843 709 assecuta:
2887 662 3036 715 sunt.
3061 664 3116 706 ιιι
3161 657 3347 723 prima:
3371 656 3439 713 ad

1875 747 2070 799 divina:
2101 747 2394 814 potestatis
2443 755 2606 816 atque
2653 745 2891 800 actionis
2936 746 3292 800 imitationem
3318 763 3439 815 pero

1875 837 2119 894 venirent
2154 854 2168 890 :
2206 847 2500 907 sequentes
2553 839 2696 892 enim
2748 839 2978 906 primunt
3013 853 3108 908 per
3150 840 3293 907 ipsas
3317 839 3440 891 illuo‘

1874 931 2196 984 strationem
2247 932 2554 1002 accipiunt,
2581 931 3033 1000 quemadmodum
3087 932 3214 999 ipsa:
3267 949 3296 986 a
3330 933 3438 989 Deo

1875 1022 2020 1076 illam
2069 1023 2374 1093 accipiunt;
2407 1024 2667 1093 quoniam
2707 1022 2791 1076 his
2814 1036 2931 1075 eam
2983 1023 3209 1092 benigne
3235 1033 3287 1077 et
3315 1026 3435 1086 abs-

1873 1129 1978 1182 que
2008 1114 2112 1166 ulla
2149 1114 2351 1167 invidia
2383 1115 2710 1184 expandunt
2741 1113 2904 1183 (bono
2937 1115 3081 1168 enim
3131 1115 3274 1170 nullo
3297 1116 3436 1169 inest

1875 1206 2096 1269 invidia,
2129 1215 2191 1258 ut
2222 1204 2377 1259 Plato
2418 1207 2539 1275 ait),
2567 1206 2882 1276 plenissime
2912 1205 3249 1275 splendorem
3280 1223 3434 1261 suum

1874 1298 2339 1361 transl'undentes,
2389 1300 2640 1366 quamvis
2700 1297 2829 1366 ipsa:
2889 1306 3120 1362 tantum,
3175 1308 3434 1366 quantum

1871 1390 2120 1458 capiunt,
2148 1391 2452 1459 accipiunt.
2482 1388 2641 1455 Quod
2672 1390 2842 1444 etiam
2871 1389 3089 1458 reliquis
3120 1391 3184 1442 ad
3225 1402 3437 1457 postre-

1871 1496 1987 1533 mas
2021 1495 2192 1550 usque
2223 1481 2500 1535 usuvenit.
2559 1480 2656 1534 Est
2701 1481 2869 1550 igitur
2895 1481 3138 1534 omnium
3171 1497 3288 1548 qua:
3317 1482 3438 1534 illu-

1868 1581 2115 1626 strantur
2176 1572 2518 1626 illuminaudi
2602 1573 2938 1640 principium
3009 1571 3183 1636 Deus,
3242 1582 3435 1625 natura

180 1667 501 1736 χετεύεσθαι
533 1664 704 1731 εἶπεν,
747 1670 853 1721 ἀπὸ
891 1673 1197 1740 μεταφορᾶς
1244 1669 1338 1722 τοῦ
1386 1670 1475 1722 διὰ
1518 1669 1761 1740 σωλήνων

1868 1665 2083 1732 quidem
2116 1676 2171 1718 et
2225 1679 2415 1720 revera
2464 1665 2687 1735 proprie
2729 1675 2786 1719 ut
2830 1664 2953 1719 fons
2981 1663 3138 1730 lucis,
3166 1672 3221 1719 et
3258 1678 3435 1733 perse

178 1759 536 1828 διερχομένου
582 1761 794 1823 ὓδατος,
835 1762 906 1815 Τὸ
939 1764 997 1816 δὲ
1038 1763 1108 1815 τὰ
1153 1765 1331 1814 οἰκεῖα
1379 1764 1638 1834 ἐνεργεῖν,
1676 1761 1761 1812 καὶ

1871 1754 1960 1807 lux
1994 1763 2048 1808 et
2079 1765 2270 1810 auctor
2299 1756 2554 1811 omnibus
2593 1767 2652 1812 ut
2678 1765 2731 1811 et
2762 1758 2892 1821 siut,
2928 1765 2982 1810 et
3032 1757 3210 1826 ipsum
3253 1756 3434 1812 lumen

181 1818 480 1913 ἀπαύστως
507 1818 862 1905 ἀνατετάσθαι
897 1855 1033 1924 πρὸς
1064 1854 1154 1906 τὸν
1197 1853 1351 1917 Θεὸν,
1392 1818 1485 1905 καί
1516 1818 1601 1913 ἐἰς
1629 1818 1761 1902 ’ἐαυ-

1869 1847 2126 1912 videant;
2155 1863 2220 1903 ex
2255 1848 2505 1903 instituto
2535 1857 2742 1914 autem,
2777 1857 2831 1902 et
2871 1851 3165 1904 secundum
3203 1849 3434 1918 gratiam

174 1943 309 2003 τοὺς
347 1941 730 1994 συστέλλεσθαι
779 1945 961 2004 πάλιν,
1013 1945 1076 1996 τὸ
1129 1945 1228 2013 μὲν
1280 1947 1345 2014 τῇ
1377 1944 1581 2012 ἐφέσει,
1615 1942 1678 1995 τὸ
1708 1942 1761 1994 δὲ

1869 1939 1959 1992 Dei
1993 1939 2292 1994 imitatione
2313 1956 2375 1994 ex
2407 1949 2558 2010 parte
2588 1956 2692 1994 una
2732 1931 2915 2002 alteri,
2948 1941 3120 2008 prima
3161 1941 3432 2009 sequenti,

172 2033 242 2102 τῇ
278 2036 519 2102 προσοχῇ
545 2034 637 2084 καὶ
668 2036 733 2103 τῇ
771 2034 1046 2104 εὐλαϐείᾳ,
1075 2036 1230 2086 τοῦτο
1275 2034 1342 2087 ἂν
1392 2033 1618 2104 κληθείη
1648 2032 1761 2085 θεο-

1866 2033 1990 2083 dum
2045 2046 2140 2100 per
2185 2031 2350 2100 ipsam
2405 2034 2471 2086 ad
2528 2032 2675 2086 illam
2727 2033 2922 2088 transit
2974 2031 3295 2096 illustratio;
3330 2033 3436 2088 itoc

180 2124 423 2193 μίμητος
454 2124 646 2196 ἀρετή.
684 2124 848 2189 Τάξιν
875 2126 928 2177 δὲ
956 2125 1104 2194 ὅμως
1127 2126 1224 2194 τὴν
1254 2124 1329 2186 ὼς
1358 2123 1517 2176 ἄλλου
1541 2125 1595 2176 ἐν
1619 2123 1761 2194 ἄλλῳ

1865 2125 2051 2192 utique
2106 2123 2389 2178 derivandi
2424 2124 2688 2178 vocabulo
2738 2141 2871 2180 usus
2907 2139 3004 2194 per
3032 2125 3428 2194 metaphoram,

172 2215 556 2283 διαφυλάττει·
597 2216 670 2278 ὡς
717 2216 800 2268 τό·
854 2218 927 2286 Ζῇ
975 2217 1032 2266 ἐν
1079 2217 1202 2285 ἐμοὶ
1246 2218 1278 2286 ἡ
1329 2215 1474 2286 ψυχή
1506 2233 1618 2278 σου,
1643 2218 1762 2270 ἀντὶ

172 2305 293 2366 τοῦ,
324 2309 356 2375 ἡ
385 2306 701 2358 διδασκαλία
736 2323 850 2370 σου,
876 2307 969 2359 καὶ
993 2309 1024 2377 η
1053 2307 1256 2374 ταύτης
1295 2306 1593 2376 μετάδοσις.
1615 2307 1762 2369 Τέως

172 2393 309 2447 δδτὸ
331 2395 428 2464 μὲν
457 2394 600 2446 θέσει
626 2396 772 2446 ἐστὶν
806 2396 938 2456 ἐκεῖ,
973 2396 1034 2446 τὸ
1066 2395 1120 2446 δὲ
1152 2393 1493 2463 συμϐεϐηκὸς
1525 2394 1587 2445 οὑ
1622 2394 1760 2446 πάνυ

171 2502 226 2537 τι
284 2484 542 2554 κληθείη·
600 2485 659 2538 τὸ
715 2485 824 2556 γὰρ
890 2487 1236 2557 συμϐεϐηκὸς
1294 2486 1351 2539 ἐν
1417 2487 1760 2558 ὑποκειμένῳ

173 2575 321 2626 ἐστίν
345 2592 357 2604 ·
395 2576 661 2628 ἀσύνθετα
712 2578 791 2630 δὲ’
824 2578 915 2629 καὶ
969 2577 1105 2630 ἆῦλα
1146 2579 1349 2640 ἐκεῖνα,
1387 2578 1482 2632 καὶ
1529 2579 1595 2630 τὰ
1640 2579 1757 2648 εἴδη

172 2665 376 2728 αὐτῶν,
413 2664 565 2730 ζωαὶ,
599 2667 697 2736 οὑχ
723 2667 795 2728 ὡς
820 2668 876 2721 ὲν
898 2667 998 2740 ὕλῃ
1015 2669 1139 2720 εἰσί.
1165 2667 1273 2737 Τὴν
1290 2668 1416 2734 γοῦν
1439 2668 1748 2739 ὑπερτάτην

173 2755 535 2825 διακόσμησιν
572 2756 629 2807 αἱ
670 2757 853 2809 λοιπαὶ
892 2757 1138 2827 οὐράνιαι
1191 2758 1392 2818 οὑσίαι,
1432 2757 1570 2818 τέως
1620 2757 1757 2826 μετὰ

172 2843 305 2898 Θεὸν
337 2846 511 2916 ἀρχὴν
539 2847 797 2915 ἡγοῦνται
823 2847 924 2917 τῆς
951 2847 1278 2914 θεογνωσίας
1311 2847 1402 2899 καὶ
1435 2847 1534 2916 τῆς
1568 2846 1755 2915 θεομι-

176 2935 380 3005 μησίας
410 2936 609 3000 αὑτῶν,
635 2938 709 3000 ὼς
729 2938 794 2990 δι’
819 2938 1042 2990 ἐκείνων
1076 2938 1154 3000 εἰς
1178 2937 1347 2998 αὑτὰς
1379 2936 1756 3006 διαδιδομένης

173 3024 274 3094 τῆς
313 3026 634 3096 ἐλλάμψεως
656 3046 668 3058 ·
700 3029 780 3082 διὸ
835 3030 928 3082 καὶ
968 3031 1147 3082 πᾶσαν
1187 3029 1466 3098 ἐνέργειαν
1498 3029 1591 3080 ἐπὶ
1619 3027 1752 3080 Θεὸν

180 3120 279 3187 μὲν
319 3119 700 3191 ἀναφέρουσιν,
743 3121 818 3184 ὡς
848 3123 927 3184 εἰς
955 3122 1195 3192 ἀρχηγὸν
1227 3123 1320 3173 καὶ
1363 3122 1553 3185 αἴτιον,
1600 3116 1753 3183 αὖθις
1779 3149 1820 3205 C

172 3210 228 3264 δέ
259 3210 380 3281 μετ’
413 3211 570 3263 αὑτὸν
617 3213 882 3275 ἐπὶ.τοὺς
933 3212 1202 3283 πρώτους,
1259 3213 1334 3276 ὼς
1386 3211 1623 3282 πρώτως-
1675 3213 1754 3274 είς

173 3299 370 3362 αὐτοὺς
408 3299 480 3351 τὰ
532 3300 632 3370 τῆς
665 3299 1023 3372 θεομιμησίας
1059 3304 1447 3372 ἀναφαίνοντας
1493 3306 1586 3357 καὶ
1611 3303 1754 3357 διδά-

173 3406 419 3452 σκοντας.
461 3393 660 3444 Λοιπὸν
693 3393 727 3461 ἡ
761 3393 952 3464 πρώτη
975 3395 1148 3460 τάξις,
1186 3394 1386 3464 μᾶλλον
1424 3396 1532 3448 τῶν
1559 3397 1750 3462 ἄλλων,

171 3477 238 3533 τὰ
271 3480 545 3550 προσόντα
574 3483 737 3552 ἑαυτῇ
779 3481 890 3553 ἔχει
931 3483 991 3535 τὸ
1013 3484 1306 3554 ἐμπύριον,
1339 3486 1478 3556 ὅπερ
1509 3486 1624 3538 ἐστὶ
1645 3486 1754 3538 τῶν

181 3573 448 3642 σεραφὶμ,
480 3573 578 3642 τὴν
601 3573 701 3642 τῆς
727 3574 917 3641 σοφίας
946 3574 1120 3643 χύσιν,
1153 3574 1230 3626 ἐτι
1252 3575 1306 3626 δὲ
1330 3578 1421 3628 καὶ
1446 3577 1508 3628 τὸ
1529 3593 1755 3645 γνωστι-

173 3660 267 3715 κδν
293 3664 394 3732 τῆς
421 3665 730 3735 ἐπιστήμης
760 3664 866 3717 τῶν
889 3664 1049 3719 θείων
1084 3665 1422 3736 ἐλλάμψεων,
1453 3667 1508 3738 (ἡ
1531 3672 1754 3738 ἐπιστή-

175 3767 246 3820 μη
274 3750 384 3820 γὰρ
407 3751 545 3819 πρὸς
565 3751 635 3804 τὰ
661 3753 926 3823 ἐπιστητὰ
959 3755 1128 3824 ἐστι,)
1155 3755 1253 3807 καὶ
1282 3757 1380 3827 τὴν
1404 3758 1510 3809 τῶν
1543 3758 1752 3829 θρόνων

177 3839 436 3913 ἰδιότητα,
466 3842 526 3893 τὸ
553 3842 906 3913 ἀνεῳγμένην
939 3844 1176 3914 δηλονότι
1198 3847 1296 3916 τὴν
1323 3850 1450 3919 περὶ
1475 3850 1568 3903 τοῦ
1597 3851 1751 3904 Θείου

173 3929 358 3998 νόησιν
386 3932 552 4000 ἔχειν,
577 3932 604 3983 ὃ
731 3933 972 4003 θεοδοχία
1029 3937 1142 3989 ἐστί
1185 3954 1244 3989 τε
1286 3940 1380 3993 καὶ¹
1405 3941 1748 4011 ὀνομάζεται.

185 4018 247 4073 Ἦ
277 4021 333 4074 δὲ
371 4023 489 4092 μετ’
513 4022 680 4092 αὑτὴν
722 4024 875 4089 τάξις
924 4027 1143 4096 μετέχει
1189 4030 1287 4099 μὲν
1338 4029 1444 4082 τῶν
1499 4033 1752 4086 τοιούτων

173 4109 477 4180 δυνάμεων,
504 4115 812 4183 ὑφειμένως
841 4115 918 4178 δέ,
953 4117 1046 4169 καὶ
1073 4119 1208 4189 πρὸς
1241 4121 1338 4184 τὰς
1367 4121 1586 4191 πρώτας
1613 4124 1753 4194 ὀρῶ-

187 4217 291 4265 σαι,
324 4203 394 4256 δι’
418 4204 595 4256 αὐτῶν
635 4205 710 4268 ώς
747 4206 978 4277 πρώτως
1007 4209 1327 4281 ἠξιωμένων
1358 4216 1458 4284 τῆς
1486 4215 1751 4288 θεομιμηει

1861 2229 1890 2266 a
1927 2215 2205 2268 canalibus
2239 2229 2338 2283 per
2381 2231 2521 2285 quos
2567 2231 2712 2284 aqua
2772 2217 2995 2270 lransit.
3059 2215 3230 2270 Porro
3288 2217 3430 2283 quod

1862 2322 1979 2376 qua:
2006 2321 2099 2359 sua
2136 2315 2262 2358 sunt
2285 2317 2470 2374 agant,
2510 2309 2932 2364 etincessauter
2965 2310 3020 2364 in
3055 2308 3221 2363 Deum
3255 2309 3432 2360 inteuo

1861 2393 2012 2459 dant,
2049 2401 2103 2446 ct
2150 2393 2203 2446 in
2239 2395 2516 2463 semetipsi
2547 2397 2729 2450 denuo
2765 2399 3116 2462 colli,antur,
3149 2397 3274 2450 illud
3308 2397 3432 2464 qui-

1862 2483 1985 2536 dem
2013 2482 2230 2552 ali'ectu,
2259 2483 2360 2538 hoc
2393 2498 2518 2538 vero
2553 2476 2856 2541 attentione
2883 2505 2947 2542 ac
2974 2489 3428 2552 reverentia,.vo-

1857 2574 1967 2626 cari
1999 2575 2172 2641 possit
2198 2574 2391 2638 virtus,
2422 2590 2541 2644 qtae
2571 2576 2736 2630 Deum
2768 2577 3037 2633 imitatur.
3070 2579 3211 2644 Quin
3245 2589 3294 2632 et
3331 2594 3426 2631 or-

1858 2667 2038 2718 dinem
2064 2682 2280 2735 quoque
2315 2677 2372 2722 ut
2409 2669 2548 2723 alius
2573 2671 2625 2724 in
2659 2671 2765 2726 alio
2787 2671 3060 2739 observat,
3082 2674 3236 2740 juxta
3269 2673 3422 2736 illud,

1860 2751 2004 2807 Vivit
2050 2755 2102 2808 in
2150 2772 2235 2810 me
2263 2759 2447 2812 anima
2483 2772 2597 2824 tua,
2635 2763 2684 2813 id
2721 2773 2805 2814 est
2861 2763 3108 2817 doctrina
3151 2774 3261 2827 tua,
3291 2765 3428 2830 ejus-

1857 2859 1960 2911 que
1989 2847 2436 2904 communicatio.
2474 2850 2670 2903 Verum
2705 2853 2922 2919 quidem
2964 2853 3098 2907 illud
3147 2869 3213 2908 ex
3264 2856 3425 2908 insti-

1857 2942 1974 2988 tuto
1995 2938 2074 2989 sic
2101 2951 2159 2990 se
2190 2936 2374 3000 habet,
2398 2950 2453 2992 at
2479 2954 2588 2995 n0u
2633 2943 2857 2995 omnino
2912 2958 3004 3012 per
3051 2942 3313 2998 accidens
3347 2945 3422 2998 ita

1854 3024 2053 3092 aliquid
2099 3026 2283 3079 vocari
2341 3038 2556 3096 posset;
2610 3045 2733 3083 nam
2771 3029 3022 3098 accidens
3073 3031 3123 3084 in
3178 3030 3425 3097 subjecto

1855 3130 1971 3185 est;
1998 3121 2090 3174 sed
2124 3119 2213 3173 illa
2241 3132 2367 3173 sunt
2393 3122 2754 3192 incomposita
2782 3132 2838 3176 et
2862 3123 3104 3177 materia
3145 3123 3418 3191 expertia,

1853 3212 2175 3280 speciesque
2203 3213 2420 3265 illorum
2449 3214 2593 3279 vitae,
2622 3229 2727 3267 non
2755 3217 2896 3268 sicut
2929 3215 2983 3269 in
3013 3217 3420 3280 materia,suut.

1856 3300 2180 3369 Supremam
2231 3301 2398 3373 igitur
2436 3303 2739 3358 cmlestium
2800 3305 3282 3375 intelligentiarum
3319 3312 3426 3367 dis-

1853 3391 2178 3458 positionem
2247 3396 2469 3464 reliqum
2511 3397 2766 3450 etrlestes
2799 3400 3071 3460 essentne,
3116 3400 3218 3453 huc
3248 3414 3422 3468 usque

1855 3493 1974 3551 post
2003 3481 2168 3536 Deum
2198 3483 2396 3538 divinae
2443 3471 2774 3552 cognitionis
2826 3485 3269 3552 imitationesque
3308 3492 3422 3540 sua:

1855 3575 2179 3644 principium
2220 3589 2343 3629 esse
2393 3584 2638 3641 censent,
2673 3577 2816 3642 quod
2874 3591 2967 3645 per
3009 3576 3127 3630 illas
3178 3578 3228 3628 in
3278 3575 3422 3645 ipsas

1855 3665 2146 3720 illustratio
2213 3667 2518 3730 derivetur;
2568 3678 2899 3735 quapropter
2949 3669 3114 3721 etiam
3201 3681 3418 3721 omnem

1853 3757 2117 3810 actionem
2147 3772 2323 3818 suam,
2355 3756 2421 3810 ad
2455 3757 2624 3810 Deum
2657 3761 2873 3826 quidem
2926 3767 2978 3811 ut
3033 3757 3331 3826 principem
3363 3767 3418 3816 et

1855 3857 2135 3907 auctorem
2191 3849 2458 3912 referunt,
2503 3849 2701 3904 deinde
2761 3864 2890 3906 vero
2944 3861 3065 3918 post
3117 3849 3292 3918 ipsmn
3350 3849 3422 3902 ad

1854 3941 2055 4008 primas
2089 3939 2205 3993 illas
2231 3949 2460 4005 mentes,
2482 3951 2742 4007 tanquam
2766 3955 2886 4009 qua:
2914 3943 3101 4010 prima:
3127 3940 3180 3994 in
3209 3950 3413 3994 semet-

1856 4033 1983 4097 ipsis
2014 4030 2224 4084 divinas
2261 4030 2594 4085 iutitationes
2638 4041 2691 4083 et
2733 4031 3025 4084 exhibeant
3073 4041 3132 4086 et
3158 4027 3411 4102 doceant.

1853 4115 2118 4175 Caeterum
2162 4124 2372 4192 primus
2406 4123 2496 4176 ille
2540 4125 2675 4181 ordo
2709 4124 2800 4192 qui
2835 4125 3108 4192 seraphim
3143 4134 3246 4188 est,
3281 4125 3414 4177 reli-

1853 4216 1970 4282 quis
2003 4216 2174 4284 magis
2227 4215 2279 4268 in
2330 4232 2388 4270 se
2418 4215 2634 4287 igneam
2680 4218 2921 4272 continet
2974 4232 3071 4271 seu
3132 4218 3412 4284 sapientia:

178 4293 292 4355 σίας
336 4292 430 4347 ἐπὶ
467 4295 530 4347 τὸ
570 4295 800 4360 θεοειδὲς
844 4299 918 4361 ὡς
954 4301 1176 4367 ἐφικτὸν
1209 4302 1530 4371 ἀνάγονται⁸
1568 4307 1750 4359 ἀνατι-

1859 4305 2144 4370 l'usionem,
2172 4316 2338 4375 atque
2375 4308 2598 4376 insuper
2641 4308 2887 4362 scientia!
2935 4308 3239 4363 divinarum
3289 4309 3426 4378 illuo‘

178 4384 325 4439 θέασι
349 4386 482 4455 γοῦν
505 4392 625 4451 ταῖς
648 4390 890 4461 πρώταις
917 4391 991 4454 ὼς
1025 4393 1304 4464 ίεράρχαις
1337 4396 1473 4466 μετὰ
1494 4397 1626 4450 Θεὸν
1651 4395 1750 4463 τὰς

182 4470 446 4546 ἰδιότητας
474 4478 714 4543 ἐκείνων,
740 4471 812 4533 ὧν
842 4473 999 4533 αὗται
1033 4483 1093 4534 ἐν
1129 4485 1391 4556 μετουσίᾳ
1415 4487 1673 4554 γίνονται.

181 4576 293 4618 rum
323 4567 561 4634 patulam
608 4570 674 4622 ad
737 4572 899 4625 Deum
931 4571 1341 4642 intelligentiam
1395 4576 1573 4641 habet,
1602 4581 1746 4646 quod

1853 4398 2175 4451 strationum
2214 4399 2464 4467 peritiam
2496 4398 2750 4468 (scientia
2775 4400 2917 4452 enim
2968 4400 3035 4453 ad
3069 4414 3156 4453 res
3197 4401 3417 4456 scibiles

1859 4488 2110 4558 refertur)
2163 4486 2587 4558 thronorumque
2643 4489 3057 4569 proprietatem,
3093 4506 3217 4560 quae
3251 4494 3413 4546 uimi-

1856 4581 1948 4633 Dei
1980 4581 2254 4649 susceptio
2281 4591 2335 4633 et
2366 4591 2448 4634 est
2498 4592 2552 4636 et
2606 4582 2925 4650 appellatur.
2971 4581 3114 4637 Ordo
3139 4580 3227 4652 qui
3272 4586 3417 4639 hunc

179 4659 421 4724 st'quitur
447 4659 752 4714 istiusmodi
784 4663 1002 4731 quidem
1053 4665 1280 4726 virtutes
1317 4669 1636 4736 participat,
1696 4671 1791 4724 sed
1834 4668 2077 4725 inferiori
2109 4673 2305 4740 gradu,
2333 4682 2386 4726 et
2421 4669 2581 4742 120
2614 4689 2735 4728 cum
2767 4684 3012 4740 respectu
3066 4676 3132 4730 ad
3179 4675 3415 4746 priores,

179 4759 271 4814 per
296 4765 452 4818 quos,
485 4761 741 4820 tanquam
788 4755 987 4812 divina:
1041 4757 1366 4813 imitationis
1414 4762 1782 4829 primicerius,

1848 4765 1921 4817 ad
1968 4766 2391 4820 deifurmitatem
2452 4783 2550 4835 pro
2612 4776 2780 4836 captu
2834 4777 2932 4821 Suo
2999 4780 3413 4836 promoventur;

180 4856 341 4910 quare
381 4843 546 4896 etiam
596 4845 786 4912 primis
818 4845 948 4916 illis,
988 4851 1587 4920 tanquampmpositis
1616 4853 1750 4910 Suis.
1794 4864 1913 4922 post
1940 4853 2105 4908 Deum
2150 4865 2398 4922 acceptas
2447 4855 2629 4910 ferunt
2682 4867 3046 4925 proprietates
3100 4859 3230 4911 istas
3282 4873 3411 4929 quo-

182 4946 294 4988 rum
329 4933 633 5003 participes
655 4932 777 4989 facti
805 4949 953 4993 sunt.

247 5044 273 5116 δ
307 5040 397 5098 IV.
441 5044 633 5112 Ἔλεγε
660 5041 790 5114 γοῦν
809 5050 839 5101 ό
869 5049 1072 5121 ταύτην
1095 5052 1194 5121 τὴν
1223 5052 1376 5108 λύσιν
1402 5055 1751 5126 ποιούμενος,

181 5130 344 5205 (οἶμαι
362 5136 484 5198 δὲ,ὁ
508 5135 675 5205 μέγας
697 5133 765 5208 ἦν
793 5139 1114 5213 Ἱερόθεοςμῆ
1131 5143 1283 5207 εἴτις
1299 5145 1455 5210 ἄλλος
1475 5148 1596 5199 κατ’
1611 5149 1756 5201 ἐκεῖ·

181 5231 306 5296 νον,)
323 5229 404 5280 ὅτι
424 5229 457 5298 ή
484 5229 588 5296 μὲν
613 5229 800 5298 ὅρασις
818 5229 998 5303 ἐκείνη
1018 5233 1303 5306 ὑπεδείχθη
1322 5237 1398 5307 τῷ
1419 5240 1672 5312 προφήτῃ
1685 5240 1754 5292 δι’

183 5314 293 5379 ἐνὸς
313 5318 420 5371 τῶν
449 5319 716 5387 ἀγγέλων,
743 5321 1064 5376 ἀναταθέντι
1088 5325 1239 5397 παρὰ
1258 5328 1356 5398 τῆς
1390 5330 1754 5398 χειραγωγίας

183 5403 382 5459 ἐκείνου
397 5409 478 5470 εις
494 5408 591 5479 τὴν
608 5407 837 5481 θεωρίαν
858 5412 1091 5484 ἐκείνην,
1109 5414 1305 5487 καθ’ἥν
1323 5417 1468 5488 ἐώρα
1478 5417 1574 5480 τὰς
1593 5418 1752 5490 ὑπερ-

188 5497 348 5562 τάτας
363 5499 569 5564 οὐσίας,
591 5495 664 5562 ὡς
685 5499 740 5552 ἐν
760 5519 822 5554 συ
830 5500 1063 5574 μδόλοις,
1087 5500 1282 5569 ἐξαπτε
1292 5507 1482 5578 ρύγους
1502 5509 1606 5561 ὑπὸ
1618 5509 1750 5562 Θεὸν

183 5584 277 5653 (ὅτι
308 5589 449 5658 μέγα
478 5587 546 5661 ἦν
567 5591 630 5644 τὸ
662 5594 754 5646 τοῦ
801 5593 1108 5666 καθημένου
1163 5590 1621 5670 ὑπεξῃρημένον),
1652 5601 1746 5652 καὶ

187 5681 314 5748 μετὰ
327 5678 460 5737 Θεοῦ
480 5684 562 5754 (οὑ
577 5685 685 5756 γὰρ
698 5682 837 5756 ἦσαν
849 5689 953 5759 πρὸ
966 5689 1185 5742 ἐκείνων
1198 5687 1379 5761 ἕτεραι
1403 5690 1626 5760 τάξεις),
1653 5694 1746 5745 καὶ

1924 5038 1951 5109 §
1979 5036 2068 5092 IV.
2104 5040 2297 5095 Aiebat
2319 5041 2505 5111 itaque
2526 5041 2618 5111 qui
2649 5044 2792 5099 hanc
2825 5045 3149 5102 solutionem
3178 5050 3419 5106 tradidee

1857 5146 1941 5186 rat
1976 5141 2125 5202 (puto
2161 5146 2337 5191 autem
2369 5152 2620 5206 magnum
2654 5131 3003 5193 Hierotheum
3037 5127 3223 5210 fuisse,
3259 5145 3334 5197 vel
3365 5145 3420 5199 si

1859 5229 1982 5295 quis
2021 5229 2159 5283 alius
2187 5229 2260 5283 illi
2305 5241 2578 5287 secundus
2603 5230 2698 5302 sit)
2736 5233 2998 5297 visionem
3027 5236 3240 5303 quidem
3267 5237 3419 5292 illam

1857 5319 2153 5374 exhibitam
2187 5323 2465 5392 propheta:
2515 5339 2616 5393 per
2668 5323 2906 5394 aliquem
2956 5327 3225 5394 angelum,
3259 5331 3421 5399 cujus

1858 5414 2277 5468 manuductiune
2325 5417 2391 5470 ad
2446 5417 2602 5468 istam
2665 5417 3174 5487 contemplationem
3233 5421 3412 5476 fuerat

1853 5515 2092 5568 evectus.
2126 5507 2180 5558 in
2222 5522 2325 5574 qua
2375 5519 2660 5575 supremas
2701 5504 2822 5561 illas
2851 5510 3146 5574 essentias,
3171 5513 3324 5580 quasi
3357 5515 3411 5569 in

1857 5596 2137 5669 symbolis,
2161 5613 2253 5652 sex
2282 5598 2398 5652 alas
2429 5599 2691 5654 habentes
2727 5598 2860 5655 vidit
2891 5599 3029 5654 infra
3054 5601 3219 5658 Deum
3251 5604 3408 5671 (quo-

1857 5691 2000 5742 niam
2049 5705 2310 5759 perquam
2346 5687 2543 5747 exiutia
2574 5701 2694 5745 erat
2746 5692 3000 5762 maiestas
3037 5691 3325 5764 sedentis);
3355 5706 3410 5751 et

189 5771 304 5840 περὶ
337 5768 495 5840 Θεὸν,
520 5774 604 5827 ὅτι
627 5773 807 5847 κύκλῳ
832 5773 1059 5832 ἵσταντο.
1093 5777 1165 5834 Τὸ
1205 5779 1259 5832 δὲ
1296 5779 1593 5852 ἱδρυμένων
1638 5783 1744 5835 τῶν

1859 5783 1999 5852 iuxta
2031 5781 2197 5838 Deum
2218 5783 2362 5854 (quia
2389 5800 2492 5840 non
2522 5793 2677 5840 erant
2701 5783 2790 5839 alii
2816 5787 3036 5844 ordines
3052 5789 3266 5858 priores
3296 5788 3415 5866 iis).
