4202 6300
693 365 798 423 318

1853 371 1908 431 S.
1950 373 2108 429 DION
2121 372 2248 428 \‘Sﬂ
2283 374 2745 432 AREOPAGI‘DE

3832 381 3943 436 διο

694 488 751 531 et
790 478 936 533 circa
978 479 1169 543 Deum,
1202 481 1456 546 quoniam
1481 481 1534 535 in
1560 482 1790 537 circuitu
1838 486 2080 541 stabant.
2114 487 2263 551 Quod

2373 487 2578 551 τάξεων
2629 489 2689 541 τὸ
2722 488 2857 560 πρὸς
2906 487 2974 542 τὰ
3018 492 3165 544 κάτω
3204 490 3418 553 ἀκλινὲς
3450 490 3604 560 δηλοῖ
3627 494 3719 546 καὶ
3744 495 3957 566 ἀμετα-

699 584 882 627 autem
927 575 1149 627 ordines
1204 574 1277 627 illi
1340 574 1539 629 ﬁrmati
1604 588 1807 642 essent,
1859 580 2103 650 designat
2152 581 2270 635 illos

698 680 829 734 erga
861 666 1121 721 inferiora
1169 681 1290 721 esse
1340 668 1661 724 inllexibiles
1699 681 1757 725 et
1812 674 2133 729 immobiles.
2189 675 2269 730 Ad

700 757 819 811 hac
848 758 983 810 vidit
1012 757 1343 813 eminentem
1380 763 1639 815 verticem
1680 763 1733 816 in
1768 766 1945 819 medio
1961 780 2150 820 eorum
2176 765 2271 821 dc-

701 863 865 917 super
900 848 1197 914 ﬁrmatum,
1228 866 1294 904 ex
1343 867 1575 920 quorum
1630 854 2001 924 symbolorum
2050 856 2271 911 visioni-

699 939 799 993 bus
859 940 1070 1003 didit-it,
1130 944 1370 997 divinum
1429 944 1641 999 Numen
1690 949 1989 1003 secundum
2051 963 2271 1004 omnem

696 1034 1170 1101 superuaturalem
1220 1036 1629 1104 excellentiam,
1688 1041 1806 1093 sine
1862 1039 2271 1110 comparatione

703 1124 1031 1178 antecellere
1078 1125 1351 1180 visibilem
1400 1143 1618 1182 omnem
1650 1139 1704 1184 et
1738 1130 2067 1185 invisibilem
2114 1142 2271 1186 natu-

700 1228 839 1279 ram;
872 1215 1083 1278 didicit,
1121 1218 1188 1268 ab
1221 1218 1475 1271 omnibus
1526 1220 1751 1289 insuper
1776 1222 2023 1275 divinum
2058 1221 2266 1280 Numen

697 1318 1007 1374 exemptum
1052 1323 1198 1371 esse,
1251 1319 1509 1377 tanquam
1567 1314 1845 1367 dominum
1899 1330 1927 1366 a
1982 1316 2182 1382 servis,
2216 1324 2271 1369 et

698 1406 1003 1450 creatorem
1035 1413 1062 1449 a
1097 1399 1369 1453 creaturis
1401 1417 1411 1453 :
1445 1410 1498 1453 et
1535 1417 1639 1455 non
1672 1403 1845 1457 solum
1881 1404 2033 1468 aliis,
2064 1407 2159 1460 sed
2201 1421 2269 1461 ne

696 1489 893 1555 primis
940 1491 1158 1557 quidem
1216 1493 1539 1548 substantiis
1594 1494 1770 1549 simile
1829 1496 2107 1563 existere;
2155 1509 2268 1552 tum

695 1581 821 1649 quia
857 1582 985 1639 illud
1020 1583 1074 1635 in
1111 1585 1307 1638 throno
1353 1586 1686 1656 ordinesque
1744 1603 1866 1642 cum
1901 1598 2137 1644 tremore
2165 1590 2269 1645 cir-

698 1683 1038 1728 cumstantes
1090 1675 1246 1737 vidit,
1300 1685 1411 1730 tum
1447 1680 1575 1747 quia
1610 1680 1816 1747 primos
1856 1682 2075 1737 ordines
2108 1683 2265 1737 vidit.

697 1762 754 1818 Si
790 1764 973 1833 itaque
1016 1766 1262 1821 divinum
1290 1767 1497 1824 Numen
1530 1786 1599 1825 ne
1626 1772 1815 1840 primis
1844 1774 2061 1842 quidem
2091 1774 2269 1829 simile

698 1832 988 1919 existebat,
1022 1859 1153 1926 quid
1182 1860 1449 1929 cogitabit
1484 1864 1604 1930 quis
1626 1832 1701 1917 'de
1723 1832 2107 1933 sequentibus?
2135 1866 2268 1919 Ter-
2298 1832 2344 1890 Β

698 1950 774 2003 tio
804 1964 1023 2018 quoque
1069 1952 1279 2012 didicit,
1308 1952 1473 2006 Deum
1520 1956 1763 2011 omnium
1792 1972 1912 2013 esse
1942 1958 2265 2029 Principium

695 2052 749 2093 et
786 2056 1031 2108 causam,
1064 2044 1498 2099 indissolubilem
1538 2058 1595 2100 et
1622 2048 2042 2113 immutabilem,
2070 2064 2135 2105 ex
2160 2064 2267 2118 qna

697 2141 807 2184 tam
836 2146 959 2186 esse
982 2150 1144 2202 quam
1175 2136 1313 2189 bene
1363 2150 1485 2191 esse
1517 2136 1622 2192 illis
1652 2137 1866 2208 obtigit.
1896 2137 2051 2194 Unde
2088 2150 2267 2194 autem

695 2235 749 2279 et
778 2227 906 2281 illud
937 2228 1101 2282 dicit?
1124 2229 1200 2283 Ex
1221 2245 1284 2285 eo
1312 2232 1456 2300 quod
1483 2232 1663 2285 omnia
1698 2233 1763 2285 ad
1790 2233 1961 2301 ipsum
1997 2240 2263 2301 spectent,

697 2317 994 2386 omniaque
1022 2318 1087 2372 ad
1108 2334 1232 2374 eum
1265 2322 1514 2385 tendant,
1555 2334 1611 2376 ut
1641 2323 1733 2391 qui
1779 2323 2013 2391 benigne
2046 2324 2269 2379 omnino

697 2408 940 2462 victurire
997 2412 1275 2479 pranuinm
1333 2414 1557 2467 tribuat.
1602 2414 1880 2481 Quomodo
1953 2425 2073 2483 post
2137 2430 2268 2471 con-

698 2500 1104 2567 templationem
1151 2503 1295 2559 circa
1383 2506 1591 2561 Numen
1644 2508 1889 2562 divinum
1975 2506 2268 2563 deiformes

697 2594 895 2649 deinde
953 2596 1183 2652 virtutes
1237 2613 1303 2653 ac
1359 2600 1632 2670 seraphim
1692 2599 1904 2667 didicit,
1932 2612 1988 2657 et
2037 2617 2143 2656 non
2177 2616 2266 2657 se-

697 2688 931 2741 cundum
968 2691 1218 2746 ordinem
1273 2692 1375 2747 ista
1427 2694 1695 2763 patefacta
1751 2696 1919 2749 sunt?
1953 2698 2028 2750 Ae
2085 2694 2267 2749 dicere

697 2778 885 2841 iiceat,
919 2782 1061 2850 quod
1098 2784 1511 2851 supereminens
1565 2785 1736 2855 gloria
1793 2786 2035 2840 sedentis
2091 2787 2265 2855 ipsum

697 2870 887 2925 fecerit
938 2872 1053 2926 illic
1108 2876 1341 2941 primum
1386 2875 1634 2931 obtutum
1690 2877 1877 2947 ﬁgere,
1931 2894 1995 2933 ac
2044 2877 2264 2944 deinde,

698 2972 987 3030 postquam
1018 2965 1069 3017 id
1115 2966 1263 3034 quod
1308 2968 1518 3022 Domini
1556 2980 1673 3023 erat
1724 2970 1959 3024 medium
2006 2985 2068 3026 ac
2100 2970 2265 3024 mini-

697 3062 934 3107 strorum
1011 3056 1384 3113 diversitatem
1463 3061 1764 3128 didicerat,
1826 3061 2052 3116 virtutes
2108 3078 2265 3117 sera-

2372 575 2611 645 κίνητον.
2649 576 2823 647 Ἐὠρα
2851 576 2906 629 δὲ
2943 580 3035 631 καὶ
3067 580 3164 649 τὴν
3194 577 3533 649 ἐξῃρημένην
3576 579 3854 651 ἀκρότητα
3886 586 3949 634 ἐν

2376 664 2527 736 μέσῳ
2552 666 2755 720 τούτων
2794 668 3254 739 ύπεριδρυμένηψ
3289 667 3578 721 κάντεῦθεν
3604 670 3669 723 ἐκ
3708 671 3807 741 τῆς
3856 672 3952 726 διὰ

2370 758 2478 810 τῶν
2507 759 2786 829 συμϐόλων
2828 761 3067 831 ὁράσεως
3098 762 3177 823 εἰς
3217 761 3560 815 διδασκαλίαν
3591 764 3837 833 ἀνήγετο,
3864 766 3954 818 ὄτι

2370 848 2717 919 ἁσυγκρίτως
2756 852 2899 905 κατὰ
2943 854 3123 905 πᾶσαν
3172 852 3441 923 ὑπεροχὴν
3474 854 3568 906 καὶ
3605 855 3951 925 ύπερουσίως

2369 938 2430 993 τὸ
2458 940 2611 994 Θεῖον
2655 943 2972 1014 ὑπέρκειται
3017 944 3196 1014 πάσης
3232 944 3433 1014 όρατῆς
3464 944 3557 997 καὶ
3595 946 3823 1017 ἀοράτου
3857 945 3957 997 ού-

2374 1032 2528 1095 σίας·
2562 1033 2885 1105 ἐμάνθανεν,
2920 1036 2999 1089 ὃτι
3040 1038 3131 1088 καὶ
3168 1037 3381 1089 πάντων
3418 1038 3566 1088 ἐστὶν
3610 1038 3953 1110 ἐξῃρημένον

2370 1123 2431 1174 τὸ
2460 1122 2633 1187 Θεῖον,
2657 1124 2733 1187 ὠς
2765 1124 3028 1197 δεσπότης
3061 1126 3283 1191 δούλων,
3319 1129 3412 1181 καὶ
3442 1130 3669 1200 ποιητὴς
3721 1132 3953 1201 κτισμά-

2370 1232 2509 1268 των·
2535 1216 2629 1268 καὶ
2676 1217 2775 1268 οὐκ
2811 1217 3069 1287 ἐμφερὲς,
3111 1219 3184 1289 μὴ
3233 1219 3391 1289 μόνον
3428 1222 3543 1283 τοῖς
3583 1221 3782 1287 ἄλλοις,
3828 1221 3949 1275 ἀλλ’

2370 1307 2488 1361 οὐδὲ
2534 1311 2653 1371 ταῖς
2685 1307 2928 1378 πρώταις
2982 1310 3171 1372 αὑταῖς
3199 1311 3405 1375 οὐσίαις
3429 1328 3443 1341 ⁸
3480 1312 3655 1364 ἐκεῖνο
3700 1314 3819 1384 μὲν,
3863 1315 3951 1367 ὅτι

2368 1398 2431 1451 τὸ
2458 1400 2555 1469 μὲν
2589 1400 2680 1452 ἐπὶ
2719 1399 2909 1470 θρόνου
2956 1399 3123 1471 ἐώρα,
3164 1400 3264 1464 τὰς
3291 1402 3348 1455 δὲ
3391 1403 3575 1470 τάξεις
3608 1405 3747 1474 μετά
3778 1405 3950 1474 φόϐου

2374 1491 2694 1559 ἱσταμέναςο
2752 1492 2937 1556 τοῦτο,
2982 1494 3063 1545 ὅτι
3137 1491 3236 1557 τὰς
3314 1494 3531 1565 πρώτας
3590 1492 3697 1549 εἶδε
3740 1498 3947 1563 τάξεις.

2372 1580 2433 1633 Ei
2455 1582 2586 1649 γοῦν
2611 1586 2733 1647 ταῖς
2764 1582 3009 1654 πρώταις
3034 1585 3133 1637 οὐκ
3158 1581 3225 1657 ἦν
3250 1586 3487 1657 ἐμφερὲς
3532 1588 3593 1640 τὸ
3641 1588 3817 1651 Θεῖον,
3855 1590 3950 1642 ἐπὶ

2370 1675 2481 1735 τοῖς
2507 1672 2778 1745 δευτέροις
2804 1675 2858 1727 τί
2892 1675 2958 1727 ἂν
2989 1677 3224 1729 ἐννοοῖτὸ
3260 1694 3375 1742 τις;
3422 1679 3529 1732 Καὶ
3557 1680 3737 1751 τρίτον
3779 1681 3957 1751 ἐμάν-

2372 1763 2519 1827 θανε,
2551 1766 2613 1818 τὸ
2652 1767 2869 1821 πάντων
2905 1768 3079 1840 ἀρχὴν
3131 1771 3224 1822 καὶ
3267 1772 3445 1824 αἰτίαν
3478 1769 3616 1826 εἶναι
3661 1773 3953 1828 άδιάλυτόν

2370 1874 2428 1910 τε
2460 1859 2555 1913 καὶ
2597 1859 2971 1923 ἀναλλοίωτον,
3006 1856 3183 1932 ὑφ’ἦς
3224 1862 3318 1915 καὶ
3360 1863 3419 1915 τὸ
3472 1859 3611 1917 εἶναι
3662 1867 3754 1918 καὶ
3784 1867 3847 1919 τὸ
3884 1861 3947 1919 εὖ

2372 1944 2511 2002 εἶναι
2554 1951 2835 2015 κάκείναις
2870 1953 3010 2005 ἐστί.
3048 1954 3219 2006 Πόθεν
3245 1955 3301 2007 δὲ
3344 1957 3435 2008 καὶ
3475 1956 3633 2009 τοῦτο
3680 1959 3950 2029 κατεμάν-

2371 2039 2561 2107 θανεν;
2615 2043 2678 2095 ἐκ
2724 2042 2819 2096 τοῦ
2863 2044 2933 2097 τά
2976 2044 3151 2098 πάντα
3202 2047 3339 2117 πρὸς
3382 2046 3542 2099 αὐτὸν
3586 2050 3814 2119 ἀφορᾷν,
3852 2051 3949 2104 καὶ

2371 2131 2549 2197 πάντα
2590 2132 2726 2203 πρὸς
2766 2133 2927 2188 αὐτὸν
2962 2133 3354 2200 ἀνατείνεσθαι,
3388 2138 3739 2202 πανευλαϐῶς
3765 2142 3948 2212 πάντη

2371 2222 2792 2295 ἀποπληροῦντα
2820 2227 2911 2280 τὸν
2945 2227 3231 2281 ἐπινίκιον.
3266 2229 3391 2293 Πῶς
3423 2230 3557 2299 μετά
3594 2231 3691 2301 τὴν
3720 2234 3849 2302 περὶ
3888 2232 3954 2285 τὺ

2369 2311 2523 2366 Θεῖον
2550 2313 2803 2386 θεωρίαν,
2829 2312 2947 2370 εἶτα
2965 2317 3064 2380 τὰς
3088 2317 3341 2383 θεοειδεῖς
3364 2320 3620 2391 δυνάμεις
3647 2322 3755 2374 τῶν
3790 2339 3956 2393 σερα-

2371 2406 2475 2475 φἰμ
2498 2407 2893 2477 κατεμάνθανε,
2930 2410 3022 2462 καὶ
3050 2411 3110 2462 ού
3160 2412 3301 2464 κατὰ
3342 2412 3493 2478 τάξιν
3524 2414 3796 2483 ἀνήγετο;
3840 2415 3951 2467 Καὶ

2372 2494 2515 2547 ἐστιν
2532 2496 2724 2561 εἰπεῖν,
2743 2497 2823 2549 ὅτι
2844 2497 2905 2551 τὸ
2931 2498 3032 2552 ύπε
3043 2498 3263 2571 ρόάλλον
3283 2502 3382 2571 τῆς
3405 2502 3560 2573 δόξης
3582 2504 3676 2555 τοῦ
3700 2504 3841 2575 καθη
3852 2506 3956 2575 μέ-

2372 2603 2461 2637 νου
2491 2585 2759 2657 πεποίηκε
2782 2585 2969 2640 τοῦτον
2992 2589 3170 2642 ἐκεῖσε
3204 2589 3435 2662 πρώτως
3464 2592 3814 2663 ἀναταθῆναι,
3833 2590 3955 2648 εἶτα

2372 2674 2489 2747 μεθ’
2515 2676 2543 2727 ὃ
2560 2675 2727 2746 ἔμαθε
2751 2676 2813 2729 τὸ
2841 2678 3002 2747 μέσον
3024 2679 3119 2732 τοῦ
3142 2679 3400 2733 δεσπότου
3418 2682 3513 2734 καὶ
3539 2681 3647 2734 τῶν
3666 2682 3867 2736 δούλων
3890 2684 3956 2735 τὸ

2368 2766 2640 2838 διάφορον,
2660 2769 2880 2838 ἐμυεῖτο
2895 2769 2992 2833 τὰς
3028 2771 3285 2843 δυνάμεις
3298 2774 3407 2826 τῶν
3427 2774 3686 2844 σεραφὶμ,
3703 2776 3785 2826 ὅτι
3801 2774 3955 2830 δυνά-

2371 2871 2493 2926 μεις
2539 2856 2795 2926 ἐμπύριοί
2822 2858 2946 2921 εἰσι,
2980 2859 3125 2913 κατά
3168 2861 3266 2929 τὴν
3302 2860 3482 2914 αὐτῶν
3509 2862 3846 2931 ἐπωνυμίαν,
3876 2863 3951 2926 ὡς

2372 2948 2564 3017 μικρὸν
2586 2948 2809 3020 ὕστερον
2829 2952 2855 3003 ό
2872 2950 3023 3019 ἀγιος
3047 2952 3187 3005 εἴποι
3217 2953 3307 3006 καὶ⁵
3334 2954 3668 3025 ύφηγήσεται
3694 2955 3752 3006 ἐν
3778 2954 3860 3025 τῷ
3889 2961 3955 3007 ιε’

2368 3040 2663 3110 κεφαλαίῳ.
2711 3040 3003 3111 Ἐμάνθανε
3025 3043 3123 3114 τὴν
3162 3043 3270 3097 τῶν
3305 3044 3519 3117 πτερῶν
3551 3045 3789 3115 ἐξαπλῆν
3822 3048 3954 3117 ίερο-

697 3148 849 3217 pbim
886 3151 1135 3204 edoctum
1161 3164 1318 3217 esse;
1348 3152 1605 3220 quoniam
1639 3153 1868 3207 virtutes
1924 3152 2091 3221 igneae
2115 3163 2264 3216 sunt,
2291 3180 2294 3208 l

2371 3134 2651 3198 πλαστίαν,
2681 3136 2760 3188 ὅτι
2786 3135 2965 3199 καθὼς
2988 3140 3079 3191 καὶ
3102 3137 3360 3208 πρότερον
3380 3138 3581 3207 ἔλεγεν,
3602 3140 3675 3203 ὡς
3702 3141 3810 3201 πᾶς
3829 3138 3951 3203 νοῦς

692 3241 844 3308 juxta
904 3241 1406 3297 denominationem
1488 3258 1680 3309 suam,
1738 3244 1815 3298 uti
1903 3244 2065 3312 paqu
2147 3253 2267 3313 post

698 3334 787 3389 bic
842 3344 1061 3388 sanctus
1120 3336 1343 3390 tradidit
1397 3344 1452 3391 et
1501 3336 1762 3403 explicuit
1808 3336 1990 3405 capite
2036 3334 2122 3389 15.
2175 3334 2266 3388 Di-

699 3425 833 3481 dicit
879 3442 1091 3497 quoque
1134 3442 1386 3481 seriarum
1445 3427 1647 3481 alarum
1700 3442 1911 3483 sacram
1971 3427 2267 3493 ﬁctionem,

705 3520 859 3591 ιιι
898 3520 1351 3589 quemadmodum
1383 3520 1548 3577 etiam
1598 3533 1721 3578 ante
1763 3523 1999 3588 dixerat,
2031 3532 2268 3577 mentem

701 3627 917 3667 omnem
948 3596 1025 3667 et
1052 3615 1257 3681 primos
1300 3625 1354 3668 et
1397 3614 1604 3669 medios
1633 3623 1685 3669 et
1719 3628 2025 3684 postremos
2049 3616 2270 3670 ordines

703 3704 927 3760 habere.
962 3702 1092 3757 Erat
1136 3704 1318 3772 itaque
1361 3705 1469 3759 illic
1512 3706 1678 3759 etiam
1727 3704 2035 3760 istiusmodi
2076 3704 2269 3774 triplex

706 3795 845 3850 ordo
869 3796 920 3849 in
953 3811 1204 3864 suprema
1234 3806 1287 3849 et
1324 3796 1569 3850 absoluta
1620 3786 1921 3851 intentione
1962 3796 2268 3866 :siquidem

703 3902 825 3955 quae
853 3885 952 3940 ala:
976 3887 1163 3941 soluta:
1210 3894 1559 3956 apparebant.
1591 3886 1729 3953 Quin
1777 3896 1832 3943 et
1882 3888 2123 3941 carentia
2173 3901 2269 3957 pe-

705 3980 859 4045 dum,
894 3987 948 4034 et
972 3981 1257 4035 multitudo
1303 3982 1497 4049 pedum
1545 3996 1758 4045 eorum,
1800 3994 1863 4035 ac
1892 3979 2033 4050 quod
2066 3980 2275 4035 duabus

707 4074 921 4143 quidem
966 4074 1069 4129 alis
1101 4075 1504 4131 absconderem
1531 4089 1594 4129 ac
1624 4084 1870 4145 tegerent
1910 4077 2074 4144 pedes
2122 4089 2270 4142 suos,

707 4165 917 4219 duabus
952 4166 1078 4219 item
1111 4178 1388 4233 aspectqu
1422 4166 1688 4221 facierum
1722 4180 1945 4219 suarum
1986 4167 2268 4231 abderent,

707 4253 915 4310 duabus
947 4270 1075 4311 vero
1113 4258 1304 4312 mediis
1340 4272 1556 4326 semper
1601 4268 1985 4324 moverentur,
2016 4258 2155 4321 hzec,
2187 4259 2272 4310 ine

706 4366 891 4419 quam,
946 4352 1013 4405 ab
1064 4351 1176 4420 ipso
1210 4354 1321 4405 visa
1351 4352 1416 4405 ad
1462 4352 1708 4405 notitiam
1753 4365 1874 4404 eam
1906 4352 2272 4415 adducebant,

708 4460 804 4516 per
836 4446 1039 4500 multas
1066 4444 1283 4514 quidem
1316 4445 1483 4499 facies
1500 4445 1611 4513 ipsi
1638 4443 1962 4499 declaranda
2000 4446 2108 4499 vim
2135 4444 2276 4500 mul-

2368 3225 2462 3278 καὶ
2490 3226 2730 3297 πρώτας,
2748 3229 2843 3280 καί
2860 3228 3045 3299 μέσας,
3063 3230 3159 3282 καὶ
3175 3230 3484 3296 τελευταίας
3505 3231 3618 3303 ἔχει
3635 3228 3952 3297 τάξεις.⁷Ην

2366 3315 2459 3375 οὖν
2488 3320 2711 3373 κάκεῖσε
2749 3318 3027 3392 ἡτοιαύτη
3070 3321 3257 3392 τριττὴ
3290 3322 3442 3387 τάξις
3486 3326 3543 3376 ἐν
3571 3326 3636 3396 τῇ
3669 3325 3957 3395 ὑπερτάτῃ

2368 3416 2462 3466 καὶ¹
2478 3412 2731 3485 ἀπολύτῳ
2757 3414 3035 3467 ἀνατάσει·
3064 3417 3120 3468 αί
3155 3414 3263 3485 γὰρ
3288 3414 3380 3468 δύο
3410 3417 3675 3488 πτέρυγες
3696 3415 3959 3471 ἀπόλυτοτ

2368 3505 2771 3575 κατεφαίνοντο.
2810 3505 2968 3558 Ἀλλά
2995 3509 3085 3559 καὶ
3117 3508 3177 3559 τὸ
3202 3508 3530 3578 ἀπειρόπουν
3552 3511 3642 3561 καὶ
3673 3507 3952 3561 πολύπουν

2370 3596 2566 3659 αὐτῶν,
2612 3600 2702 3651 καὶ
2749 3597 2809 3650 τὸ
2861 3602 2973 3662 τοῖς
3029 3599 3124 3668 μὲν
3165 3599 3284 3651 δυσὶ
3341 3601 3559 3671 πτεροῖς
3608 3599 3956 3652 ἀποδιαστέλ-

2370 3688 2555 3741 λεσθαι
2589 3690 2680 3741 καὶ
2730 3689 3024 3742 σκέπεσθαι
3051 3690 3149 3760 τὴν
3187 3692 3328 3763 ὑπὲρ
3358 3693 3484 3754 τοὺς
3518 3691 3703 3753 πόδας,
3745 3692 3859 3753 τοῖς
3898 3690 3953 3743 δὲ

2370 3782 2494 3836 δυσὶ
2526 3784 2624 3853 τὴν
2667 3782 2808 3853 ὑπὲρ
2840 3782 2909 3835 τά
2944 3783 3211 3852 πρόσωπα
3246 3782 3499 3853 θεωρίαν,
3532 3788 3642 3847 τοῖς
3677 3784 3731 3836 δὲ
3772 3785 3959 3853 μέσοις

2372 3875 2457 3927 ἀεὶ
2478 3874 2765 3939 κινεῖσθαι,
2796 3874 2966 3927 ταῦτα
2996 3875 3058 3944 δὴ
3081 3874 3149 3926 τὰ
3179 3877 3317 3947 παρ’
3338 3878 3545 3930 ἐκείνου
3574 3876 3828 3950 ὁρώμενα
3877 3877 3955 3939 είς

2372 3968 2571 4036 γνῶσιν
2599 3968 2798 4039 ἀνῆγον
2835 3969 3022 4038 αὐτὴν,
3058 3970 3391 4041 δηλουμένης
3426 3969 3573 4041 αὐτῷ
3601 3970 3688 4023 διὰ
3729 3970 3955 4028 τούτων,

2373 4060 2459 4113 διὰ
2491 4060 2587 4130 μὲν
2611 4061 2669 4114 τὸ
2704 4060 3151 4132 πολυπρόσωπον,
3194 4062 3295 4131 τῆς
3329 4060 3631 4132 πολυπύρου
3674 4063 3767 4115 καὶ
3794 4063 3952 4114 πολυ-

2375 4152 2636 4221 θεάμονος
2669 4152 2969 4221 δυνάμεως,
3001 4151 3087 4205 διὰ
3128 4151 3183 4204 δὲ
3222 4152 3280 4204 τὸ
3330 4152 3643 4216 σκέπεσθαι,
3672 4153 3771 4224 τῆς
3803 4153 3960 4205 εύλα-

2375 4243 2546 4306 ὅείας,
2581 4245 2645 4315 ἢν
2676 4245 2887 4313 ἔχουσιν
2915 4245 2993 4306 είς
3018 4243 3115 4313 τὴν
3140 4243 3247 4296 τῶν
3270 4244 3613 4315 ὑψηλοτέρων
3657 4246 3749 4297 καὶ
3792 4244 3959 4314 βαθυ-

2374 4337 2556 4408 τέρων
2584 4334 2788 4405 αὐθάδη
2830 4336 2921 4387 καὶ
2958 4335 3243 4402 ἀνέφικτον
3277 4335 3497 4406 ἔρευναν
3527 4335 3655 4405 (τῶν
3690 4337 3790 4406 μὲν
3822 4337 3953 4408 ὑψη-

2375 4426 2609 4497 λοτέρων
2638 4426 2728 4480 διὰ
2765 4427 2825 4479 τὸ
2867 4426 3252 4497 τάνπρόσωπα,
3280 4428 3387 4480 τῶν
3427 4428 3482 4481 δὲ
3526 4427 3835 4501 βαθυτέρων
3872 4430 3960 4485 διὰ

710 4543 942 4611 tivagsm
977 4540 1317 4612 plurimaque
1349 4541 1603 4596 cernendi
1630 4540 1977 4606 facultatem;
2029 4557 2129 4610 per
2170 4540 2268 4595 ob-

2378 4520 2439 4571 τὸ
2464 4520 2589 4581 τοὺς
2628 4519 2790 4582 πόδας
2823 4518 3163 4588 σκέπεσθαι),
3207 4519 3293 4572 διὰ
3319 4520 3373 4572 δὲ
3407 4521 3467 4573 τὸ
3504 4522 3829 4591 ἀεικίνητον,
3862 4523 3957 4594 τῆς

704 4637 1031 4692 velationem
1062 4648 1213 4701 vero,
1243 4652 1363 4689 eam
1391 4652 1553 4705 quam
1598 4634 1855 4690 exhibent
1908 4634 2273 4689 reverentiam

708 4726 761 4781 in
816 4725 1230 4794 sublimiorum,
1290 4724 1816 4795 profundiorumque
1892 4726 2275 4797 mysteriorum

707 4819 897 4876 audaci
947 4827 1001 4873 et
1035 4818 1373 4873 inscrutabili
1423 4819 1840 4888 investigatione
1870 4820 2275 4889 (sublimiorem

709 4911 952 4981 quidem,
979 4912 1103 4982 quia
1154 4911 1349 4977 facies,
1384 4910 1796 4980 profundiorem
1838 4926 1989 4974 vero.
2022 4912 2277 4980 quoniam

710 5006 876 5073 pedes
910 5008 1116 5075 tegunt)
1150 5021 1245 5076 per
1292 5008 1607 5060 continuam
1644 5020 1772 5059 vero
1802 5005 2123 5068 motionem,
2145 5005 2275 5059 alti—

710 5095 942 5149 volantis
970 5105 1024 5150 et
1056 5096 1400 5151 incessabilis
1423 5094 1518 5150 Dei
1549 5096 1869 5151 imitationis
1906 5104 2274 5165 operationes.

711 5190 852 5257 Quin
891 5202 944 5247 et
975 5190 1148 5246 laudis
1181 5192 1311 5246 illud
1366 5191 1663 5257 canticum,
1696 5193 1838 5261 quod
1872 5205 1899 5243 a
1933 5189 2041 5244 Deo
2087 5188 2281 5257 incipit

712 5292 768 5337 ct
815 5284 865 5337 in
908 5284 1073 5338 Deum
1110 5284 1310 5339 desiuit
1348 5298 1361 5334 :
1408 5282 1663 5347 Sanctus,
1714 5295 1949 5346 sanctus,
1985 5290 2197 5335 sanctus
2229 5290 2278 5346 ιι,

711 5378 971 5446 propheta
1024 5378 1355 5431 edocebatur
1407 5378 1473 5429 ab
1529 5376 1741 5447 angelo,
1788 5375 1885 5442 ipsi
1946 5373 2279 5443 ejuscemodi

714 5483 929 5524 sacram
981 5466 1226 5521 notitiam
1281 5468 1765 5522 commuuicanle:
1804 5483 1926 5522 nam
1974 5466 2280 5531 istiusmodi

714 5560 998 5615 scientiam
1052 5560 1167 5629 ipse
1213 5562 1421 5632 primus
1449 5579 1479 5616 a
1518 5562 1942 5633 praecessoribus
1990 5560 2103 5616 suis
2142 5561 2284 5617 acci-

717 5654 895 5726 piens,
927 5652 1203 5724 prOpheta:
1228 5656 1479 5712 tradebat
1509 5653 1611 5710 :ad
1632 5653 1744 5712 b=ec
1778 5654 1955 5724 ipsum
1998 5652 2282 5717 edocebat,

2382 4611 2674 4681 ὑψιπετοῦς
2722 4612 2815 4663 καὶ
2864 4610 3237 4682 ἀκαταλήκτου
3291 4611 3619 4683 θεομιμήτου
3659 4616 3955 4686 ἐνεργείας.

2398 4706 2553 4759 Ἀλλά
2598 4706 2690 4759 καὶ
2730 4706 2827 4777 τὴν
2857 4705 3126 4776 ὑμνῳδίαν
3161 4705 3375 4776 ἐκείνην
3399 4707 3498 4777 τὴν
3529 4708 3590 4759 ἐκ
3624 4706 3758 4759 Θεοῦ
3802 4710 3962 4779 ἀρχο-

2391 4808 2557 4879 μένην
2612 4806 2705 4860 καὶ
2749 4807 2827 4868 είς
2885 4805 3016 4858 Θεὸν
3050 4804 3338 4875 λήγουσαν,
3372 4805 3472 4874 τὴν
3508 4806 3715 4874 Ἄγιος,
3773 4806 3958 4875 ἅγιος,

2388 4898 2574 4968 ἅγιος,
2613 4898 3050 4966 ἐμυσταγωγεῖτο
3076 4897 3103 4947 ό
3126 4897 3430 4967 προφήτης,
3462 4895 3554 4948 τοῦ
3597 4896 3831 4963 ἀγγέλου
3864 4914 3959 4967 με-

2387 4990 2689 5052 ταδιδόντος
2719 4988 2862 5059 αύτῷ
2907 4989 3005 5058 τῆς
3051 4987 3305 5058 τοιαύτης
3347 4988 3496 5058 ἱερᾶς
3544 4988 3814 5055 γνώσεως·
3866 4989 3963 5059 τὴν

2391 5082 2499 5153 γὰρ
2528 5080 2783 5151 τοιαύτην
2818 5080 3017 5149 γνῶσιν
3048 5079 3209 5143 αὐτὸς
3236 5080 3451 5151 πρῶτος
3489 5080 3577 5133 διὰ
3606 5081 3713 5133 τῶν
3742 5082 3849 5152 πρὸ
3877 5084 3963 5134 αὑ·

2389 5175 2486 5229 τοῦ
2526 5174 2836 5245 δεξάμενος,
2882 5174 2961 5243 τῷ
2991 5175 3241 5247 προφήτῃ
3270 5174 3619 5245 παρέπεμπε.
3664 5175 3807 5245 Πρὸς
3840 5175 3961 5227 τού-

2399 5285 2513 5331 τοις
2544 5268 2823 5321 ὲδίδασκεν
2852 5268 3011 5321 αὑτὸν
3045 5269 3338 5331 καὶτοῦτο,
3375 5269 3457 5321 ὅτι
3491 5270 3523 5337 ἠ
3553 5267 3645 5320 τοῦ
3671 5266 3805 5320 Θεοῦ
3839 5283 3964 5337 μετ-

2391 5359 2549 5413 ουσία
2596 5362 2707 5422 τοῖς
2750 5359 3006 5430 καθαροῖς
3056 5358 3305 5413 ὁπωσοῦν
3341 5359 3603 5430 κάθαρσίς
3650 5360 3816 5411 ἐστιν.
3875 5358 3965 5412 Ἐκ

2392 5465 2550 5517 τίνων
2591 5462 2646 5515 δὲ
2694 5462 2850 5517 τοῦτο
2879 5462 3183 5527 ἐδίδασκεν;
3218 5460 3280 5527 ἐξ
3323 5457 3397 5515 ὧν
3440 5464 3470 5514 ό
3514 5460 3763 5529 Σεραφὶμ
3806 5458 3964 5512 αὑτὸν

2394 5555 2704 5625 ἐκάθαιρεν.
2743 5556 2799 5607 '0
2817 5554 2925 5626 γάρ
2942 5553 3180 5625 καθαρὸς
3206 5552 3377 5615 άλλως
3408 5552 3506 5604 οὐκ
3524 5552 3633 5621 ἔχει
3662 5548 3962 5620 καθαίρειν.

2394 5655 2442 5707 εί
2470 5652 2543 5723 μὴ
2574 5650 2735 5713 αὐτὸς
2760 5649 3147 5721 πληρεστάτως
3174 5649 3285 5718 ἔχει
3315 5647 3413 5718 τὴν
3447 5646 3732 5717 κάθαρσιν.
3764 5644 3887 5707 Πῶς
3907 5643 3966 5698 δέ

724 5744 821 5803 Dei
846 5745 1325 5815 participationem
1350 5762 1567 5820 quoque
1612 5747 1772 5806 modo
1814 5750 1963 5820 puris
1993 5747 2291 5818 expiatieui

2399 5749 2513 5800 ἐστι
2546 5745 2659 5807 τοῖς
2703 5742 2948 5797 ὁπωσοῦν
2993 5740 3249 5813 καθαροῖς
3291 5741 3323 5812 ἡ
3357 5739 3613 5804 μετουσία
3656 5738 3753 5809 τῆς
3784 5730 3966 5808 θεῑκῆζ

797 5849 821 5877 ι
851 5838 954 5896 lsa.
980 5856 1058 5906 vt,
1079 5839 1131 5897 3.
