4176 6308
145 441 253 499 ΞΠ

635 441 723 498 DE
756 442 1084 500 C(ELESTI
1119 442 1562 511 lilERARCHiA,
1598 443 1723 499 CAP

1804 445 1923 502 un.
1961 473 2029 489 -
2067 444 2413 504 manus.
2446 436 2909 508 PACHYMEMEL

3280 450 3384 509 3l8

142 557 430 626 διαυγείας
450 557 716 630 κάθαρσις
736 577 754 623 ;
775 559 1041 623 δτιάλλως
1054 562 1153 614 οὐκ
1173 560 1287 614 ἐστι
1305 565 1593 632 μετασχεῖν
1608 578 1723 614 τινα

1827 575 1968 616 esse.
1994 559 2154 616 Unde
2180 577 2308 616 vero
2335 561 2446 617 hoe
2465 562 2684 618 docebat
2707 565 2730 618 ἲ
2755 579 2819 618 ex
2850 565 2916 619 iis
2945 567 3090 620 unde
3113 569 3387 638 seraphim

140 646 242 700 τοῦ
279 646 425 701 θείου
465 648 661 717 φωτὸς,
694 648 727 717 ἢ
767 649 865 718 τῆς
914 647 1062 712 Θείας
1098 648 1437 721 καθάρσεως,
1483 653 1530 703 εἰ
1563 651 1633 721 μή
1662 667 1724 718 γε

142 737 335 803 ποσῶς
379 739 486 806 ἔξω
525 740 617 793 τοῦ
660 740 938 811 ἐμπαθοῦς
985 742 1076 794 καὶ
1121 741 1308 794 amca
1358 742 1527 813 ῥύπου
1574 743 1721 795 πολι-

143 829 387 886 τεύεται.
436 833 576 884 Αὐτὸ
630 832 737 902 γὰρ
776 833 838 884 τὸ
882 834 973 886 τὸν
1025 835 1306 905 προφήτην
1359 836 1725 906 κατανυγῆναι

145 924 243 977 καὶ
303 923 636 994 σχετλιάσαι,
679 925 782 988 ὅτι,
816 926 1122 998 ἀκάθαρτος
1153 929 1248 987 ῶν,
1297 929 1391 980 καὶ
1446 929 1724 1001 ἀκάθαρτα

145 1013 305 1086 χείλη
351 1017 511 1085 ἔχων,
546 1017 638 1068 καὶ
687 1017 848 1086 μέσον
898 1018 1210 1090 ἀκαθάρτου
1251 1019 1382 1072 λαοῦ
1433 1021 1721 1084 κατοικῶν,

145 1101 256 1160 εἶδε
309 1109 399 1160 τὸν
435 1107 635 1176 Κύριον
666 1107 912 1172 Σαϐαὼθ,
937 1104 1047 1163 οἷον
1091 1113 1286 1182 μερική
1326 1127 1409 1176 τις
1460 1112 1723 1182 κάθαρσις

144 1198 394 1265 ἐγεγόνει
422 1196 500 1267 τῷ
540 1197 770 1265 λέγοντι,
812 1198 901 1252 διὰ
943 1199 1103 1253 τοῦτο
1141 1203 1232 1254 καὶ
1267 1202 1325 1254 ἐν
1371 1201 1626 1271 μετουσία
1650 1201 1724 1269 γί-

143 1308 304 1343 νεται
371 1291 470 1360 τῆς
525 1292 860 1362 τελειοτέρας
924 1293 1260 1365 καθάρσεως.
1331 1294 1477 1366 Αὐτὴ
1561 1297 1638 1359 δὲ,
1688 1297 1721 1367 ἡ

143 1381 418 1454 κάθαρσις
453 1382 732 1455 δηλαδὴνὴ
776 1386 1053 1454 μετουσία.
1093 1385 1456 1458 ἐξῃρημέναις
1501 1387 1717 1451 αἰτίαις

139 1476 205 1528 οὐ
239 1475 353 1546 γὰρ
387 1477 461 1540 ὡς
487 1477 579 1530 ἐπὶ
610 1477 718 1529 τῶν
745 1477 1045 1550 ἀνθρώπων
1074 1481 1106 1549 ή
1148 1479 1431 1551 κάθαρσις,
1463 1478 1602 1532 οὕτω
1631 1482 1723 1534 καὶ

143 1568 237 1620 ἐπὶ
272 1567 380 1619 τῶν
401 1569 705 1639 ἀσωμάτων
728 1573 806 1632 εἰς
845 1572 1050 1633 πάντας
1082 1573 1205 1636 τοὺς
1238 1575 1454 1644 νοεροὺς
1487 1573 1612 1636 νόας
1635 1591 1722 1626 τε·

145 1655 605 1730 λετουργουμένη,
658 1661 818 1714 οἱονεὶ
875 1661 1151 1734 γινομένη,
1207 1663 1316 1717 ἀλλ’
1367 1668 1464 1736 οὐχ
1513 1666 1718 1730 ἁπλῶς,

145 1748 286 1801 ἀλλά
323 1751 460 1803 κατὰ
489 1751 640 1818 λόγον
674 1755 936 1825 μυστικῆς
961 1755 1200 1826 τελετῆς,
1230 1759 1349 1820 ταῖς
1387 1759 1514 1828 περί⁹
1555 1759 1721 1829 αὐτὴν

147 1842 239 1894 καὶ
270 1842 602 1912 πρωτίσταις
643 1845 848 1909 οὐσίαις
875 1849 1244 1918 ἐκφανεστέρα
1274 1849 1388 1911 πώς
1411 1851 1546 1903 ἐστι*
1581 1851 1641 1903 τὸ
1664 1851 1720 1903 δέ

145 1931 316 1994 ἐστιν,
348 1933 428 1985 ὅτι
474 1933 670 2003 μᾶλλον
712 1938 908 2008 ἑαυτὴν
943 1940 1188 2008 ἐκφαίνει
1229 1945 1338 2006 τοῖς
1377 1918 1714 2014 προσεχέσιν.

157 2021 284 2075 Ἐπὶ
308 2023 365 2076 δὲ
396 2024 507 2077 τῶν
531 2026 818 2098 δευτέρων,
839 2029 870 2098 ἢ
895 2029 1002 2081 τῶν
1032 2031 1293 2102 ἐσχάτων,
1321 2033 1352 2103 ἢ
1379 2035 1472 2086 καὶ
1500 2035 1591 2086 ἐπὶ
1613 2036 1718 2088 τῶν

146 2112 349 2184 νοερῶν
378 2113 534 2185 ἡμῶν
564 2115 864 2188 δυνάμεων,
901 2119 1042 2172 κατά
1060 2121 1157 2192 τὴν
1185 2123 1412 2176 ἑκάστου
1430 2123 1580 2190 τάξιν
1608 2142 1721 2178 συν-

145 2207 372 2278 ημμένη
424 2226 540 2273 πως
579 2211 774 2279 μᾶλλον
837 2213 932 2264 καὶ
976 2215 1372 2287 συνεσταλμένη
1417 2215 1717 2287 θεωρεῖται,

147 2300 283 2371 πρὸς
331 2302 430 2371 τὴν
464 2297 573 2354 οἷον
614 2305 692 2367 εἰς
749 2304 920 2375 μῆκος
967 2306 1262 2360 ἀπόστασιν
1305 2309 1402 2378 τῆς
1451 2309 1586 2381 πρὸς
1631 2309 1722 2362 τὸν

147 2391 280 2444 Θεὸν
313 2392 682 2463 πλησιάσεως,
710 2396 1017 2465 συνάγουσα
1044 2399 1207 2452 οἰονεί⁵
1249 2400 1383 2472 αὑτὴ
1422 2403 1454 2472 ἡ
1491 2400 1608 2455 θεία
1647 2401 1723 2452 ἕλ-

147 2481 352 2552 λαμψις
397 2486 495 2556 τὴν
538 2487 745 2542 οἰκείαν
773 2490 1076 2560 φανέρωσιν
1117 2493 1252 2563 πρὸς
1289 2493 1348 2546 τὸ
1388 2496 1583 2547 ἐνιαῖον
1632 2494 1724 2546 καὶ

147 2573 356 2629 ἁπλοῦν
397 2577 562 2648 αὐτῆς
621 2578 912 2647 ἄγνωστον.
975 2585 1283 2651 Ἀγνωστος
1339 2586 1448 2658 γάρ
1505 2587 1653 2640 ἐστιν
1695 2590 1723 2642 6

149 2666 279 2729 Θεὸς
304 2670 366 2721 οὐ
384 2670 477 2722 διὰ.
499 2672 766 2726 ποικιλίαν
797 2675 1168 2747 συλλογισμῶν
1190 2679 1554 2752 ἀγνοουμένην
1572 2685 1720 2752 ἡμῖν,

152 2759 289 2813 ἀλλά
319 2764 461 2815 κατὰ
493 2765 694 2818 ἑνιαίαν
712 2767 833 2820 τινὰ
864 2770 956 2822 καὶ
1000 2771 1135 2840 πρὸς
1161 2770 1230 2823 τά
1266 2773 1386 2825 καθ’
1414 2775 1560 2844 ἡμᾶς
1601 2774 1725 2828 καθ-

149 2848 206 2900 iv
251 2850 348 2903 καὶ
389 2852 638 2920 καθάπαξ
665 2857 1045 2928 ἀκατάληπτον
1072 2861 1366 2928 ἀγνωσίαν.
1389 2864 1545 2916 Κατά
1566 2863 1725 2918 τοῦτο

149 2940 387 3008 λέγεται.
415 2945 494 2996 ὅτι
521 2947 613 2998 καὶ
641 2949 997 3004 ἀναϐάλλεται
1035 2953 1150 3021 φῶς
1186 2954 1261 3018 ὡς
1296 2956 1525 3026 ἱμάτιον,
1564 2959 1726 3014 οἱονεὶ

150 3033 461 3089 ἀναστέλλει
482 3039 541 3090 τὺ
570 3039 679 3107 φῶς
716 3045 1103 3114 προνοητικῶς,
1133 3045 1218 3098 ἴνα
1247 3047 1493 3119 χωρητὸν
1519 3051 1582 3119 τῇ
1617 3049 1724 3116 ἔξει

149 3126 254 3179 τῶν
281 3128 685 3202 ὑποδεεστέρων
722 3135 964 3206 γένηται,
995 3137 1024 3189 ὃ
1051 3136 1114 3207 δὴ
1148 3137 1411 3208 ἐλλάμπει
1458 3143 1570 3205 τοῖς
1603 3141 1724 3196 καθ’

150 3217 379 3318 ικαστον
407 3221 785 3318 δευτέροις-διὰ
814 3227 922 3280 τῶν
963 3228 1212 3300 πρώτωψ
1241 3232 1336 3283 καὶ
1368 3233 1415 3284 εἰ
1434 3231 1516 3284 δεῖ
1547 3235 1723 3287 συντό-
1747 3258 1792 3318 c

153 3326 266 3378 μως
293 3313 482 3376 εἰπεῖν,
519 3314 582 3367 ἐκ
611 3314 703 3368 τοῦ
738 3318 969 3387 κρυφίου
999 3319 1059 3371 τὸ
1099 3318 1214 3388 φῶς
1243 3321 1597 3390 ἐμφανίζεται
1627 3324 1721 3376 καὶ

149 3401 259 3463 τοῖς
293 3402 518 3473 ἑτέροις,
554 3405 687 3459 ἀλλά
718 3406 805 3460 διὰ
830 3407 939 3461 τῶν
973 3408 1200 3481 πρώτων
1227 3409 1527 3482 δυνάμεων.
1551 3414 1722 3469 Τοῦτο

149 3487 277 3555 γοῦν
313 3491 405 3543 καὶ
450 3495 478 3545 6
522 3496 802 3566 προφήτης
847 3497 1154 3552 ἐδιδάσκετο
1197 3498 1276 3567 (ὃν
1334 3501 1427 3554 καὶ
1477 3501 1721 3572 θεολόγον

153 3583 334 3649 φησὶν,
364 3583 395 3653 ἢ
429 3583 503 3648 ὡς
537 3587 744 3659 μύστην
773 3588 880 3641 τῶν
909 3591 1174 3662 κρυφίων,
1205 3591 1236 3664 ἦ
1262 3592 1334 3657 ὼς
1363 3594 1497 3648 Θεοῦ
1535 3596 1722 3664 λόγους

151 3668 410 3745 λέγοντα)
444 3677 594 3746 παρά
627 3677 720 3730 τοῦ
754 3680 982 3748 ἀγγέλου
1023 3681 1116 3734 τοῦ
1145 3683 1279 3753 πρὸς
1303 3683 1363 3736 τὸ
1393 3685 1507 3753 φῶς
1538 3686 1723 3740 τοῦτον

154 3760 392 3829 ἄγοντος,
422 3766 501 3819 δτι
527 3768 620 3822 καὶ
652 3771 684 3839 η
709 3770 972 3842 κάθαρσις
1003 3772 1094 3826 καὶ
1120 3776 1268 3827 πᾶσα
1313 3776 1561 3848 ἐνέργεια
1605 3778 1724 3833 θεία

153 3851 218 3903 δι’
250 3855 427 3908 αὐτῶν
461 3858 822 3932 ἐνεργουμένη
844 3900 857 3924 ,
894 3862 960 3916 ἂν
1043 3866 1136 3918 καὶ
1168 3866 1318 3936 παρά
1349 3868 1554 3922 τούτων
1581 3872 1722 3925 τισὶν

155 3943 606 4017 ἐπιχορηγῶνται.
648 3951 783 4004 Ἀλλ’
823 3949 914 4007 οὖν
961 3959 1066 4009 εἰσι
1126 3957 1338 4029 πρῶται
1395 3961 1570 4016 οὐσίαι
1631 3964 1724 4018 καὶ

155 4042 456 4108 προσεχεῖς,
490 4040 560 4093 δι’
590 4037 664 4095 ῶν
692 4043 786 4096 καὶ
835 4048 1022 4111 αὐταῖς
1070 4049 1136 4102 τὰ
1175 4052 1395 4105 τοιαῦτα
1444 4055 1592 4125 παρά
1628 4054 1722 4109 τοῦ

154 4125 283 4180 Θεοῦ
335 4132 791 4203 ἐπιχορηγοῦνται
831 4137 969 4190 κατὰ
1006 4140 1104 4210 τὴν
1141 4142 1422 4211 ἀναλογίαν
1459 4145 1559 4214 τῆς
1606 4147 1726 4201 ἐκά-

159 4235 277 4273 στου
303 4223 530 4288 rasam;-
555 4225 635 4278 διὸ
664 4227 755 4279 καὶ
791 4227 887 4300 τήν
930 4230 1265 4305 καθαρτικὴν
1298 4234 1553 4306 ἰδιότητα,
1586 4235 1721 4290 άλλά

156 4318 248 4385 τήν
269 4319 433 4370 οἰονεὶ
453 4318 544 4372 διά
561 4336 703 4383 τινος
740 4321 1018 4392 πυρώδους
1047 4325 1323 4396 ἐνεργείας
1351 4325 1479 4397 (εἰσὶ
1504 4327 1611 4400 γὰρ
1633 4328 1724 4381 καὶ

159 4406 300 4462 άλλοι
329 4409 521 4479 τρόποι
559 4409 876 4482 καθάρσεων
913 4415 1023 4476 τοῖς
1071 4415 1330 4486 σεραφίμ)
1388 4416 1463 4479 ὡς
1507 4417 1598 4468 καὶ
1625 4417 1724 4486 τὴν

160 4501 473 4569 ἐπωνυμίαν
497 4501 729 4571 ἔχουσιν,
759 4504 981 4568 εἰκότως
1023 4506 1161 4575 μετὰ
1195 4507 1325 4560 Θεὸν
1356 4507 1721 4562 ἀνατέθεικεν.

1829 653 2000 722 ipsum
2033 656 2316 724 expiabat.
2340 654 2440 721 Qui
2467 654 2609 708 enim
2646 671 2812 725 purus
2833 664 2914 712 est
2937 656 3096 712 aliter
3126 659 3390 716 mundare

1828 761 1933 800 non
1967 755 2167 814 potest,
2195 747 2296 801 nisi
2325 747 2439 816 ipse
2463 745 2652 815 plenus
2671 747 2742 800 sit
2772 747 3073 803 munditiei.
3108 747 3389 816 Quomodo

1827 851 2003 895 autent
2050 842 2469 895 communicatio
2517 839 2713 894 divinae
2756 838 3129 897 illustrationis
3168 856 3388 912 quoque

1827 932 1985 984 modo
2017 930 2164 1001 puris
2197 941 2280 985 est
2324 929 2602 1000 expiatio?
2632 929 2755 996 quia
2811 945 2915 985 non
2967 931 3049 986 fas
3098 942 3180 989 est
3223 932 3386 987 aliter

1827 1022 2020 1076 divina:
2069 1021 2206 1075 lucis
2249 1030 2548 1091 compotem
2601 1021 2740 1086 ileri,
2788 1022 2908 1080 nisi.
2943 1023 3063 1090 quis
3117 1023 3385 1093 particeps

1825 1114 2108 1168 sitdivina:
2137 1112 2483 1182 expiationis,
2514 1120 2568 1166 et
2620 1111 2720 1165 nisi
2765 1126 2977 1180 quoquo
3009 1112 3165 1166 modo
3204 1114 3314 1182 jam
3352 1129 3384 1170 ο

1825 1205 2132 1274 passionum
2185 1203 2534 1271 materiaeque
2581 1202 2833 1256 sordibus
2862 1202 2932 1256 sit
2968 1212 3227 1256 remotus.
3271 1201 3385 1257 Hoc

1825 1296 1939 1361 ipso
1967 1294 2110 1347 enim
2143 1306 2250 1359 quo
2301 1292 2558 1360 propheta
2603 1292 3070 1360 compungebatur
3101 1306 3165 1344 ac
3193 1291 3384 1360 deplo-

1825 1384 2000 1446 rabat,
2048 1397 2108 1436 se
2138 1382 2474 1436 immundum
2520 1397 2660 1447 esse,
2698 1390 2750 1435 et
2787 1383 3057 1435 immunda
3098 1382 3252 1436 labia.
3290 1387 3386 1442 ha-

1824 1475 1972 1539 bere,
2003 1483 2057 1529 et
2096 1474 2150 1527 in
2194 1475 2376 1526 medio
2419 1473 2599 1542 populi
2634 1475 2897 1527 immundi
2953 1474 3226 1541 habitare,
3251 1476 3394 1530 vidit

1825 1566 2110 1621 Dominum
2142 1566 2410 1629 sabaoth;
2447 1566 2572 1633 quia
2624 1557 2729 1634 ipsi
2780 1566 2881 1620 hoc
2911 1566 3110 1620 dicenti
3144 1567 3390 1636 partialis

1821 1661 2065 1730 quaedam
2097 1659 2338 1728 expiatio
2375 1658 2664 1723 existebat,
2709 1661 2967 1728 quocirca
3015 1659 3177 1713 etiam
3215 1664 3390 1727 parti-

1824 1773 1950 1827 ccps
1985 1756 2042 1810 [it
2067 1757 2409 1825 perfectioris
2449 1755 2797 1825 expiationis.
2836 1754 3005 1808 Porro
3036 1755 3172 1817 lucc,
3203 1768 3391 1808 extent-

1825 1852 1930 1919 ptis
1976 1852 2179 1912 causis,
2207 1850 2445 1918 expiatio
2497 1849 2704 1902 scilicet
2735 1858 2818 1902 est
2865 1847 2948 1901 vel
2996 1845 3384 1917 participatio:

1755 1907 1792 1959 Β
1824 1956 1995 2012 neque
2025 1942 2167 1996 enim
2196 1951 2254 1995 ut
2286 1941 2339 1993 iu
2373 1938 2704 2003 horninibus,
2745 1938 2823 1992 sic
2844 1948 2896 1991 ct
2930 1939 2980 1991 in
3018 1939 3177 1993 rebus
3201 1939 3390 1993 incon

1821 2032 2002 2101 poreis
2049 2041 2103 2086 et
2135 2046 2358 2086 omnino
2427 2028 2763 2099 spiritalibus
2819 2028 2884 2082 iis
2931 2031 3199 2090 mentibus
3222 2034 3385 2099 perli-

1821 2127 1966 2179 citur
1992 2123 2290 2179 eliiciturve
2311 2123 2574 2192 expiatio,
2612 2122 2704 2177 sed
2740 2123 2882 2179 haud
2911 2121 3141 2186 simplici
3171 2123 3384 2177 ratione

1821 2229 1876 2270 at
1931 2232 2024 2282 per
2055 2219 2270 2271 modum
2304 2217 2543 2287 mystica:
2590 2215 2933 2276 iuitiatiouis.
2970 2215 3034 2270 iis
3080 2229 3199 2283 qua:
3235 2213 3383 2270 circa

1825 2307 1990 2363 Deum
2015 2317 2162 2372 sunt,
2187 2308 2485 2375 primisque
2518 2307 2769 2360 essentiis
2789 2305 3132 2361 manifestior
3147 2305 3342 2360 accidit
3364 2324 3385 2358 :.

1823 2400 1924 2454 hoc
1953 2407 2131 2452 autem
2156 2398 2237 2460 lit,
2267 2397 2394 2465 quia
2435 2397 2605 2466 magis
2643 2410 2702 2450 se
2743 2394 3006 2465 proximis
3050 2395 3385 2450 manifestat.

1823 2490 1876 2544 lu
1913 2489 2167 2544 secundis
2194 2503 2343 2550 vero,
2379 2486 2462 2541 vel
2496 2485 2811 2556 postremis,
2846 2484 2926 2538 vel
2949 2484 3117 2539 etiam
3167 2485 3385 2552 spirita-

1823 2582 1962 2636 libus
2016 2580 2217 2636 nostris
2268 2578 2499 2639 viribus.
2560 2578 2857 2632 secundum
2913 2577 3071 2647 122
3119 2576 3388 2646 cujusque

1821 2674 2066 2729 ordinem
2095 2673 2493 2742 quodammodo
2520 2671 2748 2726 collecta
2781 2671 2955 2739 magis
2984 2680 3038 2723 et
3090 2678 3380 2724 contracta

1823 2766 2174 2832 conspicitur,
2205 2769 2333 2818 dum
2377 2763 2561 2819 divina
2615 2761 2906 2816 illustratio
2960 2775 3058 2830 pro
3091 2760 3384 2816 intervallo

1824 2858 2114 2922 distantias,
2147 2871 2253 2927 qua
2288 2858 2355 2910 ad
2403 2855 2571 2910 Deum
2601 2853 2900 2920 acceditur,
2926 2867 3082 2908 suam
3121 2851 3387 2920 quodam-

1825 2951 1984 3004 modo
2033 2949 2238 3020 colligit
2280 2947 2782 3004 manifestationem
2814 2947 2880 3002 ad
2914 2946 3196 3015 ipsiusmet
3233 2943 3384 2998 inco-

1825 3043 2030 3112 gnitam
2080 3043 2347 3096 unitatem
2396 3055 2460 3094 ac
2505 3038 2931 3109 simplicitatem.
2985 3035 3200 3104 Ignotus
3240 3035 3382 3090 enim

1824 3143 1909 3188 est
1939 3131 2104 3199 Deus,
2147 3147 2253 3187 non
2287 3139 2511 3202 propter
2558 3130 2874 3191 varietatem
2911 3128 3383 3182 ratiocinationum

1826 3229 1980 3283 nobis
2028 3231 2288 3297 ignotam.
2341 3225 2438 3280 sed
2491 3221 2790 3284 secundum
2849 3236 3012 3273 uuam
3051 3219 3284 3292 aliquant
3330 3219 3381 3274 iu

1823 3316 1978 3372 nobis
2027 3316 2346 3387 simpliciter
2388 3324 2444 3371 et
2489 3311 2737 3369 absolute
2783 3309 3382 3380 incomprehensibilem

1823 3408 2244 3477 ignorationem.
2275 3405 2580 3460 Secundum
2613 3405 2712 3458 hoc
2737 3403 2936 3456 dicitur
2967 3399 3130 3456 etiam
3155 3401 3383 3456 induero

1823 3502 2002 3556 lumen
2017 3500 2157 3554 sicut
2181 3499 2560 3567 vestimentum
2578 3507 2599 3533 °
2630 3513 2714 3560 ,ac
2729 3497 2775 3551 si
2789 3494 3187 3566 quodammodo
3201 3494 3381 3548 lumen

1824 3593 2165 3663 providentia
2211 3605 2307 3645 sua
2337 3588 2636 3653 cohiberet,
2671 3599 2726 3642 ut
2759 3589 2826 3642 ab
2880 3585 3228 3642 inferioribus
3257 3587 3382 3655 capi

1823 3691 2003 3752 posset
2028 3681 2151 3734 dum
2178 3678 2426 3734 videlicet
2453 3677 2678 3748 singulis
2707 3677 3046 3746 sequentium
3079 3675 3262 3729 illucet
3286 3689 3384 3743 per

1826 3773 2050 3840 primos,
2079 3779 2151 3829 et.
2181 3771 2224 3835 si
2250 3767 2560 3821 sutum-alim
2591 3767 2775 3820 dicere
2805 3773 3039 3834 oportet,
3072 3777 3135 3816 ex
3169 3762 3382 3817 occulto

1825 3863 2005 3919 lumen
2053 3860 2435 3918 manifestatur
2475 3859 2639 3913 etiam
2683 3858 2824 3922 aliis,
2874 3858 2968 3911 sed
3027 3870 3124 3927 per
3152 3854 3382 3909 virtutes

1823 3956 2050 4026 primas.
2111 3955 2222 4007 lloe
2289 3954 2470 4022 itaque
2527 3951 2689 4006 etiam
2754 3950 3017 4020 propheta
3083 3948 3379 4001 docebatur

1824 4051 2003 4121 (quem
2037 4056 2090 4101 et
2113 4046 2420 4115 theologum
2452 4044 2715 4109 notninat,
2745 4042 2824 4096 vel
2873 4041 3244 4114 utvdoctorem
3288 4055 3378 4091 re-

1827 4157 1946 4195 rum
1974 4138 2324 4203 occultarum,
2353 4135 2441 4192 vel
2476 4144 2534 4189 ut
2559 4135 2649 4190 Dei
2677 4148 2957 4188 sermones
2990 4131 3374 4202 proferentenn)

1804 4228 1872 4286 ab
1901 4230 2098 4301 angelo
2128 4229 2219 4298 qui
2255 4228 2429 4297 ipsum
2456 4227 2521 4280 ad
2552 4225 2731 4279 lumen
2767 4226 2868 4280 hoc
2897 4227 3216 4289 adducebat,
3253 4240 3377 4281 cum

1805 4323 2095 4392 ipsammet
2123 4317 2509 4387 expiationem,
2540 4330 2652 4372 tum
2680 4331 2895 4373 omnem
2921 4316 3160 4371 divinam
3193 4333 3382 4388 opera-

1803 4415 2003 4469 tionem
2030 4427 2126 4481 per
2164 4412 2307 4480 ipsas
2332 4407 2490 4474 etiici,
2535 4408 2972 4479 quandoquidem
3006 4418 3059 4464 et
3091 4422 3186 4478 per
3231 4409 3380 4479 ipsas

1804 4507 1922 4560 hac
1956 4502 2366 4574 suppeditentur
2389 4500 2682 4570 aliquibus.
2708 4498 2846 4555 Sunt
2875 4499 3057 4569 itaque
3085 4499 3273 4569 prima:
3293 4516 3380 4555 es-

160 4591 318 4644 Οὑδέν
344 4590 436 4646 οὖν
474 4593 690 4656 ἀτοπον,
731 4598 779 4648 εἰ
808 4593 1089 4666 καθαίρειν
1131 4599 1222 4673 τὸν
1265 4600 1547 4669 προφήτην
1571 4602 1599 4651 6
1632 4617 1718 4652 σε-

1807 4597 1995 4651 εεηιίιε
2017 4603 2071 4648 et
2106 4592 2360 4656 assiduae,
2391 4607 2485 4660 per
2509 4607 2644 4660 quas
2676 4591 2838 4645 etiam
2878 4591 3008 4660 ipsis
3033 4592 3158 4649 ista.
3186 4605 3374 4645 secun-

165 4686 331 4754 ραφὶμ
361 4686 596 4754 λέγεται.
648 4688 786 4758 Ὅρα
822 4688 928 4758 γὰρ
971 4690 1063 4741 καὶ
1108 4690 1198 4742 ἐπὶ
1222 4691 1376 4755 Θεοῦ,
1426 4693 1528 4754 ὅτι,
1579 4694 1719 4763 παρ’

162 4776 327 4832 ἄλλων
367 4779 771 4850 καθαιρόμενοι,
813 4780 1080 4850 λεγόμεθα
1119 4782 1270 4851 παρά
1301 4782 1434 4835 Θεοῦ
1476 4783 1723 4855 καθαίρε-

165 4865 301 4930 σθαι,
336 4870 393 4919 ἐν
440 4869 521 4938 τῷ
555 4865 691 4924 εἶναι
725 4869 912 4923 τοῦτον
958 4872 1340 4943 πᾶσανοαίτίαν
1379 4872 1712 4944 καθάρσεως.

164 4956 369 5010 Μᾶλλον
434 4959 492 5010 δὲ
539 4960 624 5012 ἵνα
677 4959 1080 5031 χθαμαλωτέρῳ
1133 4962 1197 5012 ἐκ
1253 4961 1351 5031 τῆς
1407 4962 1522 5014 καθ’
1573 4965 1719 5034 ἡμᾶς

166 5045 437 5116 ἰεραρχίας
471 5049 760 5123 χρήσωμαι
802 5049 1218 5119 παραδείγματι,
1261 5050 1507 5122 καθάπερ
1535 5055 1562 5104 6
1598 5052 1716 5105 καθ’

165 5137 308 5206 ἡμᾶς
335 5139 613 5210 ἰεράρχης,
643 5139 729 5192 διὰ
747 5139 855 5193 τῶν
875 5141 1037 5193 αὐτοῦ
1051 5142 1394 5212 λειτουργῶν,
1411 5145 1524 5213 ήτοι
1553 5144 1718 5197 διακό-

168 5245 266 5281 νων
393 5231 582 5301 ἱερέων
629 5232 901 5304 καθαίρων
931 5233 962 5303 ἢ
993 5232 1258 5303 φωτίζων,
1306 5235 1464 5297 αὐτὸς
1505 5235 1720 5302 λέγεται

168 5319 438 5392 καθαίρειν
475 5323 568 5374 καὶ
595 5322 867 5392 φωτίζειν,
898 5323 1004 5376 τῶν
1033 5323 1100 5376 δι’
1129 5324 1289 5376 αὑτοῦ
1307 5324 1720 5395 καθιερωμένων

169 5411 382 5478 Έάξεων,
431 5414 624 5486 δηλαδὴ
672 5416 1176 5488 χειροτονουμένων,
1222 5417 1308 5467 ἐπ’
1343 5415 1501 5468 αὑτὸν
1541 5417 1722 5469 ἀνατι-

170 5499 355 5556 θεισῶν
382 5505 452 5560 τά
491 5507 590 5578 τῆς
637 5509 839 5572 οἰκείας
878 5508 1173 5579 ἐνεργείας
1221 5507 1361 5561 οὓτω
1408 5509 1500 5560 καὶ
1544 5510 1571 5560 6
1623 5508 1721 5577 τὴν

171 5591 499 5666 καθαρτικὴν
556 5597 862 5668 ἐπιστήμην
912 5598 1004 5651 τοῦ
1063 5599 1306 5668 θεολόγου
1355 5598 1719 5669 τελετουργῶν

172 5681 388 5753 ἄγγελος
419 5687 510 5738 ἐπὶ
537 5687 629 5740 τὸν
654 5687 783 5741 Θεὸν
814 5689 909 5758 μὲν
949 5689 1022 5752 ὡς
1050 5689 1240 5754 αἴτιον,
1268 5691 1362 5743 ἐπὶ¹
1403 5691 1458 5744 δὲ
1495 5691 1584 5743 τὸν
1625 5706 1716 5742 σε-

172 5778 338 5846 pacali).
362 5777 437 5841 ὡς
472 5778 698 5848 πρώτως
727 5778 794 5832 τά
830 5779 927 5850 τῆς
971 5780 1280 5851 καθάρσεως
1309 5782 1590 5852 δεχόμενον
1625 5783 1715 5835 καὶ

238 5873 278 5904 ⁸⁸
313 5867 400 5924 Ps.
431 5886 546 5935 cttt,
577 5870 636 5924 2.

1805 4688 1934 4742 dum
1959 4694 2175 4756 captum
2199 4685 2464 4754 cujusque
2488 4684 2763 4745 ordinis,a
2792 4682 2898 4736 Deo
2922 4683 3332 4750 suppeditantur
3359 4701 3372 4736 :

1804 4787 1966 4848 atque
1989 4778 2125 4832 adeo
2161 4777 2322 4832 etiam
2366 4775 2743 4843 proprietatem
2771 4775 3018 4844 expiandi
3047 4790 3139 4844 per
3163 4775 3372 4843 igneam

1803 4870 1959 4938 quasi
1982 4870 2218 4940 aliquam
2259 4867 2627 4937 operationem
2666 4868 2813 4934 (nam
2839 4877 2891 4920 et
2914 4866 3183 4933 seraphitn
3209 4864 3372 4919 aliam

1805 4977 2020 5032 quoque
2042 4959 2292 5029 expiandi
2328 4959 2591 5012 rationem
2631 4957 2868 5023 habent),
2897 4971 3018 5008 cum
3046 4956 3149 5008 hoc
3173 4968 3373 5008 nomen

1804 5055 2060 5118 habeant,
2083 5052 2277 5106 merito
2299 5059 2421 5120 post
2443 5049 2610 5102 Deum
2642 5049 2707 5103 iis
2731 5047 2995 5102 attribuit.
3021 5045 3164 5100 Nihil
3191 5046 3374 5114 itaque

1805 5145 2025 5200 absurdi
2061 5153 2146 5197 est
2182 5143 2226 5196 si
2253 5140 2526 5210 seraphim
2562 5140 2875 5209 prophetam
2910 5138 3131 5207 expiare
3153 5135 3371 5190 dicitur.

1803 5233 2035 5288 Adverte
2054 5232 2196 5285 enim
2223 5239 2301 5294 ut,
2323 5230 2450 5283 dum
2476 5229 2544 5282 ab
2565 5228 2868 5282 aliis‘etiam
2890 5226 3189 5296 expiamur,
3214 5241 3242 5280 a
3267 5225 3375 5278 Deo

1803 5337 1986 5381 tamen
2020 5325 2222 5393 expiari
2264 5323 2514 5380 dicimur.
2547 5321 2689 5391 quod
2733 5320 2778 5374 is
2823 5319 3001 5372 omnis
3046 5317 3374 5391 expiationis

1822 5436 1983 5476 causa
2011 5419 2104 5473 sit.
2141 5417 2231 5472 Ver
2259 5417 2454 5485 potius,
2491 5425 2548 5472 ut
2579 5415 2750 5485 magis
2783 5413 2939 5468 obvio
2963 5420 3015 5468 et
3046 5422 3226 5466 nostra
3257 5411 3371 5462 hie-

1823 5512 2032 5568 rarchia
2086 5507 2331 5576 exemplo
2365 5517 2487 5563 utar
2529 5524 2543 5560 :
2586 5506 3034 5575 quemadmodum
3083 5503 3219 5571 apud
3272 5517 3369 5555 nos

1821 5602 2060 5674 pontifex
2093 5603 2219 5656 dum
2250 5614 2348 5669 per
2378 5599 2655 5652 ministros
2697 5607 2789 5651 aut
2835 5597 3094 5651 diaconos
3145 5601 3239 5648 aut
3274 5606 3367 5644 sa-

1819 5695 2066 5748 cerdotes
2087 5692 2271 5758 expiat
2293 5689 2647 5752 illuminatve,
2680 5690 2903 5758 ipsemet
2925 5686 3124 5741 dicitur
3151 5681 3369 5752 expiare

1822 5799 1877 5842 ιιι
1921 5786 2244 5850 illuminare,
2284 5785 2424 5854 quod
2477 5782 2549 5837 illi
2595 5779 2832 5841 ordines.
2879 5794 3013 5849 quos
3062 5786 3368 5834 consecrat.
