4176 6308
796 361 901 420 319

793 496 922 535 suas
948 483 1016 537 ad
1054 483 1231 553 ipsum
1260 488 1500 546 referant
1540 497 1815 564 actiones;
1864 503 1943 556 sic
1970 509 2193 577 angelus

792 589 898 643 que
928 577 1017 645 qui
1055 578 1363 649 theologum
1396 588 1675 655 expiabat,
1701 609 1855 648 suam
1883 602 2137 670 expiandi
2188 608 2366 662 scien-

795 669 924 719 tiam
967 669 1075 724 Deo
1101 674 1314 739 quidem
1342 688 1401 731 ut
1432 695 1614 738 causa:
1641 690 1887 755 ascribit,
1914 669 2187 762 seraphim
2216 714 2364 763 vero,

794 770 1047 829 tanquam
1093 764 1165 817 illi
1218 770 1310 835 qui
1343 774 1519 840 primo
1569 777 1686 833 loco
1731 785 2105 851 expiationem
2159 796 2365 861 excipit

788 859 843 902 et
873 854 1093 919 emittit,
1146 858 1405 917 honorem
1441 867 1600 921 istum
1637 872 1737 926 sibi
1784 878 2005 934 minime
2052 884 2355 950 vindicans,

788 955 843 996 et
882 950 1034 1013 quasi
1069 953 1362 1009 ambitiose
1410 974 1631 1015 sumens
1666 968 1876 1034 (procul
1926 975 2071 1029 enim
2102 993 2132 1031 a
2167 979 2364 1035 divinis

789 1037 1090 1094 istiusmodi
1126 1047 1352 1102 ambitio
1381 1052 1507 1120 est),
1542 1057 1638 1110 sed
1661 1074 1787 1114 cum
1822 1066 2065 1135 angelica
2098 1072 2363 1141 quodam-

790 1130 948 1183 modo
976 1140 1274 1193 reverentia
1320 1143 1518 1199 docens
1550 1164 1613 1201 ac
1644 1152 1831 1207 dicens
1879 1157 1947 1209 ad
1990 1164 2309 1230 prophetam
2344 1185 2358 1220 :

786 1214 911 1281 Ejtts
932 1232 1051 1287 qua:
1083 1239 1179 1290 per
1204 1244 1286 1281 me
1321 1230 1372 1283 In
1404 1243 1455 1288 te
1476 1238 1759 1302 perficitur
1780 1246 2111 1312 expiationis
2148 1255 2356 1319 princio

784 1308 934 1375 pium
960 1315 1177 1378 quidem
1214 1329 1295 1373 est
1351 1323 1512 1391 Deus,
1540 1344 1700 1398 quem
1751 1335 1803 1388 in
1850 1308 2048 1393 throno
2088 1342 2355 1401 elevatum

784 1403 985 1457 cernis.
1012 1404 1114 1461 Hic
1160 1422 1242 1464 est
1294 1416 1410 1482 ipsa
1439 1434 1536 1486 per
1560 1437 1618 1475 se
1648 1427 1889 1493 expiatio
1924 1436 2231 1489 etessrntia
2260 1452 2323 1492 ex
2344 1469 2357 1477 -

785 1494 1058 1561 piationis,
1095 1501 1251 1574 123
1286 1518 1471 1575 utpote
1492 1517 1731 1569 essentia
1760 1519 1998 1577 luminis.
2034 1522 2133 1580 Hie
2160 1539 2242 1581 est
2267 1530 2357 1597 qui

782 1589 985 1653 primas
1011 1603 1297 1661 essentias,
1349 1617 1488 1671 quas
1520 1608 1667 1663 circa
1699 1626 1821 1666 eum
1852 1615 2028 1681 vides,
2079 1623 2354 1689 produxit,

781 1689 835 1733 et
879 1681 1032 1748 juxta
1083 1702 1142 1741 se
1172 1692 1487 1751 collocando
1544 1703 1805 1768 continet,
1856 1716 2019 1773 atque
2064 1724 2357 1770 conservat

783 1774 851 1825 ab
883 1774 1265 1837 immutatimie
1294 1796 1347 1838 et
1374 1786 1526 1856 lapsu
1585 1788 1951 1851 lmmutabiles
1983 1810 2162 1855 autem
2209 1808 2356 1874 c0gi-

781 1867 959 1920 tandze
986 1881 1110 1923 sunt
1144 1878 1440 1932 secundum
1471 1884 1788 1951 essentiam,
1835 1889 1981 1943 velut
2028 1893 2079 1945 in
2120 1894 2344 1951 immor~
2389 1858 2428 1915 Β

781 1958 1014 2023 talitute,
1062 1962 1113 2014 in
1145 1966 1274 2029 vita,
1314 1973 1610 2027 secundum
1638 1990 1800 2043 quam
1831 1983 2065 2036 essentia
2094 2000 2191 2039 sua
2246 1991 2352 2041 ha-

781 2049 908 2102 bent
934 2062 987 2103 ut
1017 2054 1123 2105 sint
1152 2056 1350 2126 lumen,
1377 2071 1430 2114 et
1474 2065 1541 2117 ad
1576 2076 1868 2125 extraneas
1895 2074 2104 2143 aliquas
2135 2081 2350 2147 cupidi-

779 2153 918 2195 tates
948 2150 1186 2201 :onverti
1240 2164 1527 2222 nequeant.
1571 2159 1723 2225 Quod
1773 2166 1917 2219 enim
1967 2169 2018 2223 in
2055 2169 2222 2225 Deum
2256 2189 2353 2228 ex-

781 2237 1093 2303 tendantur,
1125 2244 1174 2296 id
1204 2258 1270 2297 ex
1314 2262 1498 2301 eorum
1554 2253 1784 2321 spiritali
1826 2260 2021 2325 pendet
2052 2262 2346 2321 libertate:

776 2329 919 2391 quod
971 2341 1151 2384 autem
1209 2335 1260 2386 in
1296 2337 1399 2390 hoc
1434 2353 1651 2411 semper
1706 2361 2078 2413 perseverant,
2111 2356 2229 2423 opis
2266 2367 2350 2411 est

777 2416 869 2471 Dei
902 2425 1125 2478 :onmia
1160 2428 1306 2480 enim
1361 2430 1450 2485 Dei
1504 2436 1707 2491 auxilio
1756 2455 1892 2508 opus
1950 2444 2173 2501 habent.
2232 2452 2346 2518 lpse

773 2517 862 2562 est
894 2512 985 2578 qui
1021 2514 1183 2570 etiam
1208 2516 1343 2573 alios
1378 2534 1557 2578 movet
1589 2529 1655 2581 ad
1694 2533 1896 2597 primas
1937 2550 2031 2591 eas
2052 2541 2344 2606 providen-

776 2600 863 2654 tia:
889 2617 1001 2656 111ξέ
1030 2612 1376 2675 operationes
1407 2619 1832 2691 participandas,
1869 2642 2005 2695 quas
2046 2632 2210 2700 pritni
2252 2650 2346 2689 or-

772 2693 929 2749 dines
982 2700 1305 2767 suscipiunt,
1355 2715 1408 2759 et
1447 2710 1514 2761 ad
1543 2714 1763 2767 easdem
1815 2717 2010 2774 iterum
2059 2727 2342 2780 transfun-

775 2788 977 2841 dendas
1010 2806 1026 2843 :
1059 2793 1157 2845 hoc
1186 2796 1329 2848 enim
1384 2800 1696 2858 missionem
1741 2822 1833 2861 seu
1888 2810 2208 2878 legationem
2243 2821 2339 2873 de-

772 2879 985 2934 clarare
1032 2885 1189 2953 dixit,
1227 2891 1314 2957 qui
1363 2890 1502 2946 hunc
1550 2897 1880 2955 solutionem
1933 2907 2180 2960 tradidit.
2234 2908 2338 2963 Sed

772 2972 861 3025 hic
894 2975 1107 3041 quidem
1148 2990 1232 3033 est
1286 2986 1612 3052 expiationis
1657 3004 1866 3057 auctor,
1905 2999 2115 3053 scilicet
2171 3002 2337 3069 Deus;

772 3079 888 3133 post
929 3070 1095 3124 Deum
1131 3088 1257 3128 vero
1309 3078 1353 3130 is
1401 3081 1494 3148 qui
1545 3085 1833 3154 expiatioui
1886 3096 2208 3161 pmpositus
2255 3106 2338 3152 est

1958 385 2012 441 S.
2050 388 2351 445 DlONYSll
2387 395 2864 456 AREOPAGITE

3934 427 4047 481 320

2226 528 2364 579 quo-
2396 515 2441 572 Α
2470 515 2842 587 ἐκπέμποντα,
2871 523 3205 595 ἀνατίθησιν,
3244 530 3304 580 ού
3348 535 3793 604 σφετεριζόμενος
3835 542 3929 611 τὴν
3974 559 4049 596 τι-

2474 610 2579 679 μὴν
2606 612 2695 662 καὶ
2713 608 2821 665 οἷον
2849 615 3314 689 φιλοτιμούμενος,
3349 622 3559 695 (πόρρω
3583 626 3690 697 γὰρ
3718 630 3787 682 τὰ
3815 608 3929 685 θεῖα
3945 634 4046 703 τῆς

2469 701 2725 773 τοιαύτης
2758 706 3111 780 φιλοτιμίας,)
3139 712 3251 764 ἀλλ’
3280 710 3387 768 οἶον
3418 719 3533 787 μετ’
3559 720 3841 787 εὐλαϐείας
3878 701 4043 794 ἀγγε-

2469 794 2625 865 λικῆς
2674 798 3023 865 ἐκδιδάσκων,
3070 806 3163 858 καὶ
3208 807 3384 875 λέγων
3412 813 3548 883 πρὸς
3588 814 3679 867 τὸν
3721 820 4046 888 προφήτηνο

2472 889 2593 939 ’Ότι
2630 891 2727 960 τῆς
2774 894 2850 955 είς
2910 895 2967 946 σὲ
3014 900 3142 968 παρ’
3184 898 3318 969 ἐμοῦ
3359 904 3647 975 γινομένης
3700 910 4022 979 καθάρσεως

2468 979 2608 1050 ἀρχὴ
2645 983 2742 1051 μέν
2778 985 2925 1037 ἐστιν
2971 988 3028 1039 ὃν
3066 991 3196 1060 ὁρᾷς
3245 993 3336 1045 ἐπὶ
3368 992 3461 1046 τοῦ
3501 998 3809 1069 ἐπηρμένου
3848 1002 4043 1074 θρόνου

2468 1070 2622 1123 Θεόν.
2655 1069 2822 1138 Οὗτος
2850 1078 3248 1153 αύτοκάθαρσίς
3268 1086 3383 1138 ἐστι
3412 1088 3502 1167 καὶ
3521 1091 3677 1145 οὐσία
3701 1069 4041 1167 καθάρσεως,

2468 1105 2622 1123 υευνο
2656 1105 2820 1138 υυιυς
2850 1105 3248 1153 αυνιυιιαυαρσις
3268 1105 3383 1138 εστι
3447 1105 3502 1140 αι
3521 1105 3677 1145 ουσια
3701 1105 4041 1167 καθάρσεως,

2464 1163 2539 1226 ὡς
2561 1166 2714 1219 οὐσία
2754 1169 2947 1235 φωτός.
2996 1168 3163 1238 Οὗτος
3192 1178 3220 1228 ὁ
3256 1178 3347 1230 καὶ
3370 1105 3469 1244 τίς
3498 1182 3715 1254 πρώτας
3746 1189 3933 1253 οὐσίας
3978 1190 4045 1254 ἃς

2466 1258 2593 1326 περὶ
2639 1260 2798 1313 αὑτὸν
2839 1260 3063 1333 θεωρεῖς
3106 1270 3463 1337 παραγαγὼν,
3491 1276 3584 1327 καὶ
3619 1280 3683 1347 τῇ
3716 1281 3838 1350 περὶ
3873 1283 4043 1335 αὐτὸν

2466 1348 2668 1419 ἱδρύσει
2707 1353 2961 1423 συνέχων,
3009 1359 3102 1409 καὶ
3133 1360 3401 1431 διατηρῶν
3455 1368 3590 1438 πρὸς
3633 1348 3888 1441 ἀτρεψίαν
3946 1379 4040 1430 καὶ

2464 1442 2901 1511 ἀμεταπτωσίαν.
2954 1450 3277 1521 Ἀτρὲπτους
3298 1458 3353 1513 δὲ
3386 1460 3467 1513 δεῖ
3496 1466 3636 1515 νοεῖν
3686 1468 3876 1532 αὐτοὺς
3913 1474 4042 1524 κατ’

2462 1538 2640 1591 ἐκεῖνο
2672 1542 2791 1614 καθ’
2816 1544 2843 1595 ὅ
2884 1545 3041 1610 εἰσιν,
3076 1544 3185 1603 οἷον
3217 1552 3279 1605 τὸ
3311 1554 3580 1609 ἀθάνατον
3612 1560 3691 1621 εἰς
3724 1560 3821 1631 τὴν
3862 1563 4038 1634 ζωὴν,

2462 1627 2579 1680 καθ’
2614 1629 2681 1698 ἣν
2722 1633 3007 1687 οὑσίωνται
3051 1639 3130 1701 εἰς
3164 1639 3223 1692 τὸ
3256 1638 3393 1695 εἶναι
3436 1645 3569 1713 φῶς,
3615 1648 3705 1701 καὶ
3746 1627 3823 1713 είς
3859 1651 3921 1704 τὺ

2458 1721 2750 1791 τρέπεσθαι
2774 1728 2851 1789 είς
2876 1729 3140 1798 ἐκφύλους
3173 1734 3323 1798 τινάς
3355 1738 3666 1809 ἐπιθυμίας.
3694 1743 3766 1794 Τὸ
3801 1745 3895 1813 μὲν

2459 1813 2539 1877 είς
2571 1815 2704 1868 Θεὸν
2731 1819 3087 1874 ἀνατετάσθαι
3119 1824 3221 1893 τῆς
3255 1827 3431 1879 αὐτῶν
3465 1830 3579 1883 ἐστι
3612 1836 3800 1905 νοερᾶς
3837 1813 4035 1907 1:90th-

2460 1910 2679 1979 pécewg'
2716 1913 2775 1966 τὸ
2806 1915 2861 1967 δὲ
2895 1918 2974 1979 εἰς
3007 1917 3094 1970 ἀεὶ
3129 1921 3255 1990 περὶ
3287 1922 3444 1975 τοῦτο
3484 1924 3724 1995 διαρκεῖν
3756 1929 3851 1999 τῆς
3876 1931 4032 1985 ἀντι-

2454 2000 2665 2071 λήψεως
2701 2005 2813 2057 ἐστι
2856 2005 2949 2058 τοῦ
2983 2008 3138 2061 θεοῦ·
3176 2012 3352 2065 πάντα
3380 2014 3488 2084 γὰρ
3520 2015 3687 2069 δεῖται
3734 2020 3866 2073 Θεοῦ
3905 2023 4032 2094 βοη-

2454 2092 2623 2158 Θείας.
2650 2097 2819 2160 Αὐτός
2853 2100 3000 2152 ἐστιν
3031 2120 3058 2153 ο
3091 2104 3332 2168 καὶτοὺς
3366 2105 3557 2171 ἄλλους
3594 2110 3759 2163 κινῶν
3802 2115 3891 2166 ἐπὶ
3923 2114 4028 2177 τὰς

2456 2189 2743 2255 μετουσίας
2760 2189 2859 2252 τὰς
2882 2191 3102 2262 πρώτας
3126 2195 3232 2247 τῶν
3267 2197 3444 2250 αὐτῶν
3466 2203 3840 2271 προνοητικῶν
3876 2208 4031 2277 ἐνερ-

2451 2279 2633 2345 γειῶν,
2685 2280 2748 2343 ἃς
2800 2285 2853 2335 αἱ
2908 2285 3119 2356 πρῶται
3169 2288 3351 2355 τάξεις
3397 2291 3659 2361 δέχονται,
3718 2296 3809 2349 καὶ
3866 2298 4031 2351 πάλιν

2450 2372 2619 2435 αὐτὰς
2648 2375 2727 2436 είς
2760 2374 2819 2426 τὸ
2862 2377 3213 2445 μεταδιδόναι’
3250 2363 3406 2436 τοῦτο
3438 2384 3545 2455 γὰρ
3578 2386 3769 2455 δηλοῦν
3802 2391 3894 2442 καὶ
3928 2391 4026 2461 τὴν

2450 2464 2770 2537 ἀποστολὴν,
2795 2468 2821 2519 ὁ
2848 2469 2945 2538 τὴν
2981 2469 3130 2521 λύσιν
3164 2471 3337 2540 λέγων
3369 2473 3658 2528 ἐδίδασκεν.
3710 2478 3846 2529 Ἀλλ’
3872 2475 4027 2542 οὗτος

2451 2556 2548 2624 μέν
2583 2558 2729 2608 ἐστιν
2763 2560 2790 2609 ὁ
2822 2559 2921 2627 τῆς
2954 2560 3273 2631 καθάρσεως
3310 2564 3501 2630 αἴτιος,
3534 2566 3561 2616 ὁ
3595 2566 3725 2630 Θεὸς
3759 2568 4023 2637 δηλονότι,

2450 2646 2586 2717 μετὰ
2618 2649 2672 2700 δέ
2714 2651 2851 2703 Θεὸν
2886 2653 3145 2724 ἱεράρχης
3189 2656 3287 2724 τῆς
3323 2658 3661 2728 καθάρσεως,
3693 2662 3720 2712 ὁ
3758 2660 4021 2731 σεραφὶμ.

2446 2743 2587 2811 παρ’
2618 2736 2676 2794 οὗ
2710 2743 2863 2810 κάγὼ
2879 2746 2937 2797 τὸ
2955 2747 3230 2817 καθαίρειν
3265 2749 3525 2820 ἐμυήθην.
3564 2748 3728 2815 Οὗτος
3749 2749 3841 2805 οὖν
3874 2755 4023 2806 ἐστιν

2444 2835 2471 2884 ὀ
2511 2835 2771 2903 σεραφὶμ,
2806 2836 2833 2885 ὁ
2861 2837 2929 2888 δι’
2965 2837 3099 2905 ἐμοῦ
3136 2856 3194 2890 σε
3242 2840 3538 2913 καθαίρων,
3573 2838 3845 2917 διἰοῦπερ
3879 2846 3906 2897 ὁ
3929 2846 4024 2917 δη-

2448 2927 2700 2995 μιουργὸς
2747 2928 2843 2997 τῆς
2888 2930 3256 3001 καθάρσεωςὸ
3294 2934 3443 2997 Θεὸς,
3489 2936 3586 2999 τὰς
3616 2939 3821 3002 οἰκείας
3867 2942 4019 3011 ἐνερ-

2443 3023 2597 3088 γείας
2632 3024 2695 3075 ἐκ
2729 3023 2822 3076 τοῦ
2878 3027 3072 3079 ἐαυτοῦ
3114 3033 3344 3099 κρυφίου
3398 3031 3478 3093 εἰς
3519 3032 3663 3101 ἡμᾶς
3714 3034 4014 3103 προήγαγε.

2442 3115 2623 3168 Ταῦτα
2659 3117 2756 3186 μὲν
2794 3118 2995 3181 ἐκεῖνος
3027 3122 3053 3171 ὁ
3088 3122 3231 3191 ἱερὸς
3262 3122 3400 3193 ἀνὴρ
3432 3123 3673 3177 ἐδίδασκέ
3713 3142 3799 3195 με·
3842 3126 3919 3178 σοὶ
3938 3127 4015 3185 δὲ,

768 3163 1069 3230 θθΓκΡΙιίιη,
1102 3184 1128 3219 3
1170 3184 1279 3237 quo
1326 3181 1379 3225 et
1420 3189 1520 3245 ego
1545 3182 1767 3248 expiare
1808 3202 1926 3240 sum
1956 3189 2204 3245 edoctus.
2241 3192 2337 3249 Hic

770 3255 949 3287 εμπ-..ο
973 3270 1048 3287 Δι...
1078 3267 1348 3287 .._._--_|,g,,_
1476 3272 1488 3281 ι
1959 3284 1968 3287 -

2453 3163 2622 3168 -'-'m
2659 3163 2748 3186 r‘"
2795 3163 2993 3181 *τη-’τι
3030 3163 3052 3171 υ
3088 3163 3225 3191 ’Ἴου-δ
3262 3163 3399 3193 ""'ll"'
3433 3163 3673 3177 "“Mww
3713 3163 3776 3195 ιη
3842 3163 4015 3185 ν·¹¹’ν⁶’

2449 3202 2485 3259 ὧ
2532 3208 2780 3278 Τιμόθεε,
2830 3210 2940 3277 ἐγὼ
2997 3211 3345 3281 μεταδίδωμι,
3395 3213 3533 3266 κατά
3584 3216 3683 3285 τὴν
3723 3218 3907 3270 εἰκόνα
3952 3220 4018 3287 ἦν

767 3255 949 3324 itaque
972 3270 1055 3312 est
1078 3267 1353 3332 seraphim
1398 3272 1488 3339 qui
1522 3288 1619 3341 per
1651 3292 1738 3331 tne
1771 3288 1823 3333 te
1848 3284 2031 3351 expiat
2057 3300 2153 3355 per
2173 3302 2332 3357 quem

768 3362 895 3401 suas
922 3357 1265 3419 Operationes
1290 3376 1351 3415 ex
1392 3368 1572 3421 abdito
1602 3372 1668 3423 ad
1718 3388 1814 3426 nos
1867 3374 2009 3431 Deus
2043 3380 2155 3449 ipse
2204 3398 2334 3451 pro-

768 3441 940 3508 duxit,
996 3448 1083 3513 qui
1138 3462 1219 3505 est
1278 3466 1469 3510 auctor
1520 3464 1868 3530 expiationis.
1925 3468 2049 3525 Haec
2110 3476 2332 3542 quidem

764 3547 985 3590 saucius
1015 3540 1103 3595 ille
1152 3545 1238 3598 vir
1285 3564 1371 3603 me
1404 3551 1619 3620 docuit;
1665 3558 1758 3611 tibi
1798 3573 1976 3618 autem
2012 3566 2125 3634 ipse
2155 3571 2329 3635 trado,

763 3644 798 3682 ο
829 3632 1131 3701 'l‘imothee,
1164 3647 1461 3701 secundum
1510 3652 1799 3723 imaginem
1830 3674 1989 3727 quam
2015 3663 2128 3733 jam
2161 3669 2331 3722 tradi-

764 3724 942 3778 dlmus
972 3735 1239 3801 seraphin:
1271 3744 1554 3811 etangeli;
1590 3756 1693 3802 tuae
1723 3761 1901 3806 autem
1931 3758 2174 3817 scientiae
2200 3766 2328 3827 erit,

764 3827 857 3870 aut
883 3820 1113 3875 alteram
1144 3826 1413 3883 dictarunt
1448 3850 1736 3893 causarum
1770 3848 2078 3913 admittere,
2106 3864 2158 3906 et
2181 3858 2327 3909 omni

2441 3308 2643 3378 ἀρτίως
2677 3308 2933 3380 ἐλέγομεν
2960 3311 3052 3363 τοῦ
3102 3314 3345 3383 σεραφὶμ
3377 3314 3469 3366 καὶ
3507 3314 3598 3367 τοῦ
3634 3317 3885 3383 ἀγγέλου·
3916 3318 4018 3387 τῆς

2442 3401 2539 3469 σῆς
2571 3401 2614 3452 δ’
2650 3400 2716 3453 ἂν
2754 3401 2836 3470 εἴη
2878 3401 3158 3466 συνέσεως,
3200 3404 3231 3473 ἢ
3274 3404 3505 3477 θατὲραν
3554 3407 3663 3460 τῶν
3707 3408 4017 3478 εἰρημένων

2437 3493 2579 3545 δυοῖν
2612 3492 2799 3545 αἰτιῶν
2832 3492 3106 3555 δέξασθαι,
3136 3496 3226 3546 καὶ
3260 3494 3592 3564 ἀπολυθῆναι
3626 3497 3724 3564 τῆς
3759 3498 3992 3567 ἀπορίας

2438 3586 2531 3635 καὶ
2566 3583 2761 3653 μᾶλλον
2794 3582 2888 3652 τὴν
2915 3584 3141 3655 ὑστέραν
3171 3587 3397 3657 τιμῆσαι
3424 3588 3498 3649 ὡς
3530 3588 3591 3639 τὸ
3623 3586 3841 3655 εὔλογον
3864 3588 4016 3657 ἔχου-

2437 3700 2555 3745 σαν,
2591 3683 2622 3753 ἢ
2658 3684 2785 3753 παρ’
2824 3684 3016 3736 ἑαυτοῦ
3048 3701 3100 3735 τι
3137 3682 3560 3752 συγγενέστερον
3606 3680 3699 3733 καὶ
3744 3679 4013 3751 ἁρμοδιώ-

2433 3794 2587 3846 τερον
2618 3775 2878 3846 ἐξευρεῖν,
2904 3777 2935 3846 ἢ
2963 3776 3087 3847 παρ’
3117 3776 3301 3845 ἐτέρου
3336 3773 3760 3879 πεπαιδευμένου
3794 3772 3870 3879 τὶ
3893 3772 4017 3879 θεῖα

2437 3864 2648 3934 μαθεῖν,
2678 3866 2812 3917 Θεοῦ
2840 3866 3070 3929 διδόντος
3108 3866 3278 3936 ῥῆμα,
3315 3866 3452 3918 κατὰ
3478 3864 3558 3916 τό·
3597 3865 3810 3929 Κύριος
3835 3861 4012 3917 δώσει

762 3911 1116 3982 ambiguitate
1166 3919 1407 3989 liberari,
1438 3931 1566 4000 quin
1616 3938 1795 4001 potius
1828 3947 2182 4008 posteriorem
2228 3950 2328 4003 ho-

2449 3911 2591 4022 ;rjj‘ta
2623 3911 2745 4021 τοῖς
2777 3911 3349 4025 εἰναγη-ελιζὲμέζοοις,
3389 3954 3789 4025 προξενούντων
3810 3952 4009 4023 δηλαδὴ

764 4016 963 4057 norare
990 4017 1245 4077 tanquam
1277 4018 1635 4090 probabilem,
1663 4028 1744 4080 vel
1794 4047 1825 4098 p
1865 4047 1890 4083 r
1920 4045 1969 4088 te
1999 4040 2127 4104 quid
2160 4043 2330 4111 magis

762 4095 920 4153 amne
951 4116 1014 4153 ac
1062 4111 1409 4165 commodius.
1448 4120 1709 4186 reperire,
1743 4123 1822 4177 vel
1867 4128 1935 4180 ab
1982 4129 2087 4183 alio
2148 4148 2326 4187 rerum

762 4293 931 4345 tante.
957 4288 1111 4354 juxta
1147 4296 1277 4356 illud
1320 4321 1331 4353 :
1368 4300 1623 4362 Dominus
1661 4312 1807 4367 dabit
1858 4320 2064 4373 verbum
2107 4339 2328 4395 evange-

756 4374 1041 4436 lizantibus
1068 4391 1136 4453 θ’,
1162 4388 1584 4454 conciliantibus
1611 4400 1862 4461 nimirum
1895 4420 1950 4465 et
1990 4414 2328 4472 interceden-

2432 4050 2525 4099 καὶ
2569 4049 2955 4116 μεσιτευόντων
3012 4048 3103 4099 καὶ
3148 4048 3256 4099 τῶν
3302 4046 3461 4099 θείων
3511 4045 3775 4114 ἀγγέλων,
3822 4045 3891 4096 δι’
3937 4038 4012 4097 ὧν

2433 4142 2580 4192 πᾶσα
2615 4139 2877 4209 ἐλλαμώις
2910 4141 2988 4200 είς
3021 4140 3167 4208 ἡμᾶς
3200 4137 3674 4209 διαπορθμεύεται.
3713 4138 3820 4189 Καὶ
3845 4137 4009 4189 πάλιν

2431 4234 2527 4301 τῆς
2564 4232 2659 4301 σῆς
2688 4231 2771 4300 εἴη
2808 4233 3135 4300 ἐπιστήμης,
3159 4233 3215 4283 ἐν
3248 4229 3325 4299 τῷ
3351 4231 3382 4300 ἥ
3410 4231 3501 4299 ἀφ’
3524 4230 3714 4337 ἐαυτρῦ
3735 4229 4007 4337 ἐξευρεῖν,

2431 4325 2462 4395 ἦ
2513 4342 2623 4394 παρ
2697 4324 2883 4394 ἐτέρου
2935 4324 3141 4394 μαθεῖν,
3191 4323 3529 4392 ἀνακαλύψαι
3584 4322 3677 4374 καὶ
3725 4323 3855 4390 ἡμῖν
3911 4322 4008 4389 τὴν

2429 4426 2683 4495 τοιαύτην
2716 4425 2949 4497 ἐραστὴν
2998 4425 3252 4495 θεωρίαν,
3290 4425 3365 4487 ὡς
3412 4422 3771 4491 φιλαγγέλοις,
3807 4422 3852 4470 εί
3897 4417 4005 4473 οἷόν

762 4471 905 4527 libus
942 4477 1137 4533 (“ﬁnis
1183 4487 1403 4553 angelis
1436 4506 1533 4561 per
1561 4509 1696 4563 Quos
1724 4503 1901 4557 onmis
1936 4503 2225 4564 illustratio
2253 4514 2319 4565 ad

762 4579 855 4595 ηιιο
916 4570 1211 4595 ..ι-..Ιηηιιημ
1286 4582 1299 4595 ι
1327 4592 1336 4595 -
1489 4586 1498 4595 .

2449 4471 2631 4478 υ---νη
2666 4471 2676 4478 -
2718 4471 2738 4477 -
2785 4471 2943 4477 π--υ
3007 4471 3252 4495 ν--π-πη
3294 4471 3361 4487 η.
3420 4471 3694 4491 τ---ν,.----
3732 4471 3771 4483 ,ι

2449 4518 2487 4569 ῑὲ
2522 4471 2683 4571 ἐστιν.
2725 4471 2863 4587 ⁹’δρα
2987 4517 3232 4569 ἐντεῦθεν
3282 4516 3342 4569 τὸ
3386 4515 3479 4568 τοῦ
3520 4514 3718 4584 πατρὸς
3757 4512 4005 4582 μέτριον,

760 4579 859 4619 nos
916 4570 1235 4631 traducitur.
1272 4582 1446 4649 Atque
1488 4586 1683 4642 iterum
1746 4602 1849 4647 tuae
1898 4601 2003 4651 erit
2057 4604 2320 4672 scientim,

757 4659 885 4713 dum
936 4666 1070 4718 vela
1106 4675 1386 4743 temetipso
1420 4678 1652 4747 invenis,
1683 4686 1765 4739 vel
1812 4689 1878 4742 ab
1928 4692 2101 4747 altero
2130 4697 2316 4764 discis,

758 4751 1101 4813 nobis'etiam
1122 4767 1458 4836 angelorum,
1488 4774 1532 4827 si
1562 4776 1706 4831 dictu
1730 4780 1812 4835 fas
1837 4784 1931 4848 sit,
1959 4791 2318 4858 amatoribus,

754 4843 1078 4912 ejusc'emodi
1149 4861 1429 4916 amabilem
1489 4872 1999 4941 contemplationem
2054 4883 2319 4941 revelare.

754 4933 1053 5000 Considera
1108 4959 1289 5005 autem
1343 4956 1469 5011 hinc
1520 4963 1692 5029 putris

2432 4613 2547 4676 πῶς
2603 4611 2886 4672 διδάσκων,
2939 4612 3031 4662 καὶ
3076 4613 3139 4661 ἐκ
3193 4608 3390 4679 μέρους
3438 4606 3588 4678 ζητεῖ
3647 4606 3855 4678 μαθεῖν·
3912 4611 4005 4661 καὶ

2430 4703 2712 4772 πνεύματα
2758 4701 2864 4771 γὰρ
2903 4702 3193 4773 προφητῶν
3240 4704 3540 4774 προφήταις
3582 4700 4000 4800 ὑποτάσσονται,

2432 4794 2569 4847 κατὰ
2614 4795 2711 4865 τὴν
2744 4794 3030 4865 διήκουσαν
3077 4795 3169 4846 ἐπὶ
3216 4796 3378 4847 πᾶσιν
3427 4794 3675 4859 εὐταξίαν
3718 4791 3869 4863 παρὰ
3908 4810 4001 4845 του

2430 4884 2633 4953 ἀγαθοῦ
2666 4884 2798 4937 Θεοῦ
2824 4884 2916 4936 καὶ
2938 4884 3185 4954 Σωτῆρος
3220 4883 3372 4955 ήμῶν
3410 4882 3915 4989 νομοθετουμένην..

1743 4966 1903 5034 hujus
1963 4973 2306 5041 modestiam,
2333 4980 2625 5048 quomodo,
2673 4978 2798 5031 dum
2828 4977 3002 5038 docet,
3046 4980 3208 5030 etiam
3246 4993 3313 5031 ex
3350 4988 3503 5047 parte
3549 4977 3757 5031 discere
3788 4976 3997 5044 cupiat.

756 5033 966 5092 Etenim
1010 5042 1236 5111 spiritus
1306 5053 1690 5119 prophetarum
1738 5061 2024 5131 prophetis
2121 5070 2501 5140 subjiciuntur,
2557 5073 2854 5127 secundum
2913 5070 3060 5123 illam
3118 5085 3238 5139 qua:
3303 5080 3498 5127 cuncta
3557 5073 3839 5140 pervadit,
3917 5089 3998 5128 re-

754 5138 899 5183 etam
954 5148 983 5187 a
1049 5136 1158 5191 Deo
1191 5140 1328 5196 bono
1358 5158 1422 5199 ac
1472 5144 1755 5209 Salvatore
1788 5166 1970 5212 nostro
1999 5136 2258 5216 statutam
2297 5164 2713 5220 ordinationem.

830 5395 873 5422 τ’
918 5385 1056 5442 Psnl.
1093 5406 1258 5457 um,
1292 5394 1375 5448 12.
