  <div class='ocr_page' id='page_1' title='image "/cluster/home/n/w/nwhite01/storage/ocr_20150623/3/pst.000003853313/171.png"; bbox 0 0 4176 6308; ppageno 0'>
   <div class='ocr_carea' id='block_1_1' title="bbox 846 311 951 366">
    <p class='ocr_par' dir='ltr' id='par_1_1' title="bbox 846 311 951 366">
     <span class='ocr_line' id='line_1_1' title="bbox 846 311 951 366; baseline 0 0"><span class='ocrx_word' id='word_1_1' title='bbox 846 311 951 366; x_wconf 67' lang='lat'><strong>323</strong></span> 
     </span>
    </p>
   </div>
   <div class='ocr_carea' id='block_1_2' title="bbox 2006 305 4063 368">
    <p class='ocr_par' dir='ltr' id='par_1_2' title="bbox 2006 305 4063 368">
     <span class='ocr_line' id='line_1_2' title="bbox 2006 305 4063 368; baseline -0.002 -5"><span class='ocrx_word' id='word_1_2' title='bbox 2006 309 2064 365; x_wconf 75' lang='grc' dir='ltr'>Ξ.</span> <span class='ocrx_word' id='word_1_3' title='bbox 2101 307 2407 365; x_wconf 61' lang='grc' dir='ltr'>οιοκῖδιι</span> <span class='ocrx_word' id='word_1_4' title='bbox 2443 305 2908 362; x_wconf 62' lang='grc' dir='ltr'><strong>,ὶῐὶεῡΡΑῧιΤᾹέ</strong></span> <span class='ocrx_word' id='word_1_5' title='bbox 3977 312 4063 368; x_wconf 64' lang='grc' dir='ltr'><strong>εει</strong></span> 
     </span>
    </p>
   </div>
   <div class='ocr_carea' id='block_1_3' title="bbox 1902 426 3035 498">
    <p class='ocr_par' dir='ltr' id='par_1_3' title="bbox 1902 426 3035 498">
     <span class='ocr_line' id='line_1_3' title="bbox 1902 426 3035 498; baseline -0.002 -16"><span class='ocrx_word' id='word_1_6' title='bbox 1902 426 2383 484; x_wconf 69' lang='grc' dir='ltr'>ΡΑιιΑιιιιιιΑειε</span> <span class='ocrx_word' id='word_1_7' title='bbox 2427 426 2866 482; x_wconf 60' lang='lat' dir='ltr'><strong>Pssumus:</strong></span> <span class='ocrx_word' id='word_1_8' title='bbox 2899 426 3035 498; x_wconf 74' lang='grc' dir='ltr'>(ιο).</span> 
     </span>
    </p>
   </div>
   <div class='ocr_carea' id='block_1_4' title="bbox 914 551 2563 657">
    <p class='ocr_par' dir='ltr' id='par_1_4' title="bbox 914 584 2476 657">
     <span class='ocr_line' id='line_1_4' title="bbox 914 584 2476 657; baseline 0 -17"><span class='ocrx_word' id='word_1_9' title='bbox 914 586 1140 653; x_wconf 68' lang='lat' dir='ltr'><strong>Dignum</strong></span> <span class='ocrx_word' id='word_1_10' title='bbox 1182 597 1366 641; x_wconf 74' lang='lat' dir='ltr'><strong>censet</strong></span> <span class='ocrx_word' id='word_1_11' title='bbox 1409 587 1637 656; x_wconf 83' lang='lat' dir='ltr'><strong>spiritali</strong></span> <span class='ocrx_word' id='word_1_12' title='bbox 1668 584 2028 657; x_wconf 71' lang='lat' dir='ltr'><strong>indagatioue,</strong></span> <span class='ocrx_word' id='word_1_13' title='bbox 2056 602 2174 654; x_wconf 62' lang='lat' dir='ltr'><strong>qur</strong></span> <span class='ocrx_word' id='word_1_14' title='bbox 2210 584 2401 642; x_wconf 82' lang='lat' dir='ltr'><strong>viileli-</strong></span> <span class='ocrx_word' id='word_1_15' title='bbox 2433 595 2476 650; x_wconf 71' lang='grc' dir='ltr'><strong>Α</strong></span> 
     </span>
    </p>
   </div>
   <div class='ocr_carea' id='block_1_5' title="bbox 2416 551 4065 657">
    <p class='ocr_par' dir='ltr' id='par_1_5' title="bbox 2433 551 4065 655">
     <span class='ocr_line' id='line_1_5' title="bbox 2433 551 4065 655; baseline 0 -19"><span class='ocrx_word' id='word_1_16' title='bbox 2433 595 2476 650; x_wconf 68' lang='grc' dir='ltr'><strong>Α</strong></span> <span class='ocrx_word' id='word_1_17' title='bbox 2580 551 2762 649; x_wconf 82' lang='grc' dir='ltr'>Ἀξιον</span> <span class='ocrx_word' id='word_1_18' title='bbox 2795 585 3166 654; x_wconf 79' lang='grc' dir='ltr'>ὑπολαμϐάνει</span> <span class='ocrx_word' id='word_1_19' title='bbox 3200 585 3479 655; x_wconf 70' lang='grc' dir='ltr'>ζητήσεως</span> <span class='ocrx_word' id='word_1_20' title='bbox 3503 582 3714 653; x_wconf 78' lang='grc' dir='ltr'><strong>νοερᾶς,</strong></span> <span class='ocrx_word' id='word_1_21' title='bbox 3741 585 3923 647; x_wconf 79' lang='grc' dir='ltr'>οἱονεὶ,</span> <span class='ocrx_word' id='word_1_22' title='bbox 3948 585 4065 638; x_wconf 68' lang='grc' dir='ltr'>ὁκαὶ</span> 
     </span>
    </p>
   </div>
   <div class='ocr_carea' id='block_1_6' title="bbox 841 676 2402 746">
    <p class='ocr_par' dir='ltr' id='par_1_6' title="bbox 841 676 2402 746">
     <span class='ocr_line' id='line_1_6' title="bbox 841 676 2402 746; baseline 0.001 -13"><span class='ocrx_word' id='word_1_23' title='bbox 841 685 951 740; x_wconf 87' lang='lat' dir='ltr'><strong>cet,</strong></span> <span class='ocrx_word' id='word_1_24' title='bbox 983 687 1042 730; x_wconf 92' lang='lat' dir='ltr'><strong>ut</strong></span> <span class='ocrx_word' id='word_1_25' title='bbox 1093 686 1218 732; x_wconf 83' lang='lat' dir='ltr'><strong>ante</strong></span> <span class='ocrx_word' id='word_1_26' title='bbox 1262 676 1593 741; x_wconf 86' lang='lat' dir='ltr'><strong>dicebamus,</strong></span> <span class='ocrx_word' id='word_1_27' title='bbox 1628 677 1786 733; x_wconf 82' lang='lat' dir='ltr'><strong>rebus</strong></span> <span class='ocrx_word' id='word_1_28' title='bbox 1833 679 2167 746; x_wconf 75' lang='lat' dir='ltr'><strong>spiritalibus</strong></span> <span class='ocrx_word' id='word_1_29' title='bbox 2214 693 2402 734; x_wconf 77' lang='lat' dir='ltr'><strong>conve~</strong></span> 
     </span>
    </p>
   </div>
   <div class='ocr_carea' id='block_1_7' title="bbox 845 767 2409 840">
    <p class='ocr_par' dir='ltr' id='par_1_7' title="bbox 845 767 2409 840">
     <span class='ocr_line' id='line_1_7' title="bbox 845 767 2409 840; baseline 0 -18"><span class='ocrx_word' id='word_1_30' title='bbox 845 769 976 832; x_wconf 82' lang='lat' dir='ltr'><strong>niat,</strong></span> <span class='ocrx_word' id='word_1_31' title='bbox 1008 767 1089 822; x_wconf 84' lang='lat' dir='ltr'><strong>vel</strong></span> <span class='ocrx_word' id='word_1_32' title='bbox 1123 784 1244 838; x_wconf 77' lang='lat' dir='ltr'><strong>quze</strong></span> <span class='ocrx_word' id='word_1_33' title='bbox 1273 769 1500 839; x_wconf 72' lang='lat' dir='ltr'><strong>spiritali</strong></span> <span class='ocrx_word' id='word_1_34' title='bbox 1542 779 1723 823; x_wconf 88' lang='lat' dir='ltr'><strong>mente</strong></span> <span class='ocrx_word' id='word_1_35' title='bbox 1751 769 2055 832; x_wconf 86' lang='lat' dir='ltr'><strong>coordinet.</strong></span> <span class='ocrx_word' id='word_1_36' title='bbox 2095 785 2162 824; x_wconf 89' lang='lat' dir='ltr'><strong>ac</strong></span> <span class='ocrx_word' id='word_1_37' title='bbox 2200 769 2409 840; x_wconf 71' lang='lat' dir='ltr'><strong>digerat</strong></span> 
     </span>
    </p>
   </div>
   <div class='ocr_carea' id='block_1_8' title="bbox 841 858 2412 931">
    <p class='ocr_par' dir='ltr' id='par_1_8' title="bbox 841 858 2412 931">
     <span class='ocr_line' id='line_1_8' title="bbox 841 858 2412 931; baseline -0.001 -18"><span class='ocrx_word' id='word_1_38' title='bbox 841 860 916 926; x_wconf 79' lang='lat' dir='ltr'><strong>iil,</strong></span> <span class='ocrx_word' id='word_1_39' title='bbox 943 861 1085 930; x_wconf 86' lang='lat' dir='ltr'><strong>quod</strong></span> <span class='ocrx_word' id='word_1_40' title='bbox 1119 860 1169 915; x_wconf 93' lang='lat' dir='ltr'><strong>in</strong></span> <span class='ocrx_word' id='word_1_41' title='bbox 1203 858 1499 929; x_wconf 86' lang='lat' dir='ltr'><strong>Scripturis</strong></span> <span class='ocrx_word' id='word_1_42' title='bbox 1529 861 1598 914; x_wconf 90' lang='lat' dir='ltr'><strong>de</strong></span> <span class='ocrx_word' id='word_1_43' title='bbox 1632 875 1859 915; x_wconf 89' lang='lat' dir='ltr'><strong>numero</strong></span> <span class='ocrx_word' id='word_1_44' title='bbox 1904 859 2216 931; x_wconf 72' lang='lat' dir='ltr'><strong>angelorum</strong></span> <span class='ocrx_word' id='word_1_45' title='bbox 2245 862 2412 914; x_wconf 75' lang='lat' dir='ltr'><strong>tradi-</strong></span> 
     </span>
    </p>
   </div>
   <div class='ocr_carea' id='block_1_9' title="bbox 841 954 2412 1026">
    <p class='ocr_par' dir='ltr' id='par_1_9' title="bbox 841 954 2412 1026">
     <span class='ocr_line' id='line_1_9' title="bbox 841 954 2412 1026; baseline 0 -20"><span class='ocrx_word' id='word_1_46' title='bbox 841 962 953 1009; x_wconf 85' lang='lat' dir='ltr'><strong>tur.</strong></span> <span class='ocrx_word' id='word_1_47' title='bbox 985 954 1291 1008; x_wconf 78' lang='lat' dir='ltr'><strong>Invenimus</strong></span> <span class='ocrx_word' id='word_1_48' title='bbox 1343 955 1505 1024; x_wconf 79' lang='lat' dir='ltr'><strong>igitur</strong></span> <span class='ocrx_word' id='word_1_49' title='bbox 1545 964 1599 1009; x_wconf 90' lang='lat' dir='ltr'><strong>et</strong></span> <span class='ocrx_word' id='word_1_50' title='bbox 1644 956 1924 1011; x_wconf 82' lang='lat' dir='ltr'><strong>duodecim</strong></span> <span class='ocrx_word' id='word_1_51' title='bbox 1981 956 2219 1026; x_wconf 74' lang='lat' dir='ltr'><strong>legiones</strong></span> <span class='ocrx_word' id='word_1_52' title='bbox 2245 969 2412 1025; x_wconf 77' lang='lat' dir='ltr'><strong>ange-</strong></span> 
     </span>
    </p>
   </div>
   <div class='ocr_carea' id='block_1_10' title="bbox 842 1043 2409 1115">
    <p class='ocr_par' dir='ltr' id='par_1_10' title="bbox 842 1043 2409 1115">
     <span class='ocr_line' id='line_1_10' title="bbox 842 1043 2409 1115; baseline 0.003 -18"><span class='ocrx_word' id='word_1_53' title='bbox 842 1043 1042 1110; x_wconf 86' lang='lat' dir='ltr'><strong>lorum,</strong></span> <span class='ocrx_word' id='word_1_54' title='bbox 1072 1060 1229 1114; x_wconf 86' lang='lat' dir='ltr'><strong>quas,</strong></span> <span class='ocrx_word' id='word_1_55' title='bbox 1262 1055 1315 1101; x_wconf 84' lang='lat' dir='ltr'><strong>et</strong></span> <span class='ocrx_word' id='word_1_56' title='bbox 1361 1046 1446 1100; x_wconf 87' lang='lat' dir='ltr'><strong>his</strong></span> <span class='ocrx_word' id='word_1_57' title='bbox 1488 1047 1689 1115; x_wconf 80' lang='lat' dir='ltr'><strong>plures,</strong></span> <span class='ocrx_word' id='word_1_58' title='bbox 1723 1046 1984 1102; x_wconf 83' lang='lat' dir='ltr'><strong>Dominus</strong></span> <span class='ocrx_word' id='word_1_59' title='bbox 2017 1062 2049 1100; x_wconf 86' lang='lat' dir='ltr'><strong>a</strong></span> <span class='ocrx_word' id='word_1_60' title='bbox 2101 1045 2263 1101; x_wconf 88' lang='lat' dir='ltr'><strong>Patre</strong></span> <span class='ocrx_word' id='word_1_61' title='bbox 2313 1061 2409 1101; x_wconf 89' lang='lat' dir='ltr'><strong>suo</strong></span> 
     </span>
    </p>
   </div>
   <div class='ocr_carea' id='block_1_11' title="bbox 843 1137 2412 1208">
    <p class='ocr_par' dir='ltr' id='par_1_11' title="bbox 843 1137 2412 1208">
     <span class='ocr_line' id='line_1_11' title="bbox 843 1137 2412 1208; baseline 0.002 -19"><span class='ocrx_word' id='word_1_62' title='bbox 843 1139 1011 1208; x_wconf 87' lang='lat' dir='ltr'><strong>possit</strong></span> <span class='ocrx_word' id='word_1_63' title='bbox 1048 1137 1323 1204; x_wconf 84' lang='lat' dir='ltr'><strong>postulare</strong></span> <span class='ocrx_word' id='word_1_64' title='bbox 1361 1145 1412 1204; x_wconf 69' lang='grc' dir='ltr'><strong>ει,</strong></span> <span class='ocrx_word' id='word_1_65' title='bbox 1447 1145 1500 1191; x_wconf 88' lang='lat' dir='ltr'><strong>ct</strong></span> <span class='ocrx_word' id='word_1_66' title='bbox 1529 1137 1582 1192; x_wconf 90' lang='lat' dir='ltr'><strong>in</strong></span> <span class='ocrx_word' id='word_1_67' title='bbox 1607 1139 1729 1194; x_wconf 82' lang='lat' dir='ltr'><strong>acie</strong></span> <span class='ocrx_word' id='word_1_68' title='bbox 1771 1138 2047 1196; x_wconf 76' lang='lat' dir='ltr'><strong>collocare</strong></span> <span class='ocrx_word' id='word_1_69' title='bbox 2075 1141 2142 1193; x_wconf 90' lang='lat' dir='ltr'><strong>ad</strong></span> <span class='ocrx_word' id='word_1_70' title='bbox 2187 1139 2412 1193; x_wconf 84' lang='lat' dir='ltr'><strong>insidia-</strong></span> 
     </span>
    </p>
   </div>
   <div class='ocr_carea' id='block_1_12' title="bbox 844 1227 2411 1300">
    <p class='ocr_par' dir='ltr' id='par_1_12' title="bbox 844 1227 2411 1300">
     <span class='ocr_line' id='line_1_12' title="bbox 844 1227 2411 1300; baseline 0.001 -20"><span class='ocrx_word' id='word_1_71' title='bbox 844 1236 994 1281; x_wconf 85' lang='lat' dir='ltr'><strong>tores</strong></span> <span class='ocrx_word' id='word_1_72' title='bbox 1026 1227 1380 1296; x_wconf 86' lang='lat' dir='ltr'><strong>repellendos.</strong></span> <span class='ocrx_word' id='word_1_73' title='bbox 1419 1227 1654 1297; x_wconf 68' lang='lat' dir='ltr'><strong>Exiguus</strong></span> <span class='ocrx_word' id='word_1_74' title='bbox 1684 1228 1872 1300; x_wconf 90' lang='lat' dir='ltr'><strong>utique</strong></span> <span class='ocrx_word' id='word_1_75' title='bbox 1910 1230 2001 1286; x_wconf 87' lang='lat' dir='ltr'><strong>hic</strong></span> <span class='ocrx_word' id='word_1_76' title='bbox 2037 1246 2314 1294; x_wconf 77' lang='lat' dir='ltr'><strong>numerus,</strong></span> <span class='ocrx_word' id='word_1_77' title='bbox 2346 1231 2411 1283; x_wconf 82' lang='lat' dir='ltr'><strong>ad</strong></span> 
     </span>
    </p>
   </div>
   <div class='ocr_carea' id='block_1_13' title="bbox 845 1319 2412 1391">
    <p class='ocr_par' dir='ltr' id='par_1_13' title="bbox 845 1319 2412 1391">
     <span class='ocr_line' id='line_1_13' title="bbox 845 1319 2412 1391; baseline 0.001 -18"><span class='ocrx_word' id='word_1_78' title='bbox 845 1319 1083 1373; x_wconf 84' lang='lat' dir='ltr'><strong>Danielis</strong></span> <span class='ocrx_word' id='word_1_79' title='bbox 1108 1320 1368 1374; x_wconf 76' lang='lat' dir='ltr'><strong>visionem</strong></span> <span class='ocrx_word' id='word_1_80' title='bbox 1389 1320 1644 1387; x_wconf 83' lang='lat' dir='ltr'><strong>collatos,</strong></span> <span class='ocrx_word' id='word_1_81' title='bbox 1671 1322 1926 1391; x_wconf 87' lang='lat' dir='ltr'><strong>quoniam</strong></span> <span class='ocrx_word' id='word_1_82' title='bbox 1952 1322 2120 1377; x_wconf 85' lang='lat' dir='ltr'><strong>millia</strong></span> <span class='ocrx_word' id='word_1_83' title='bbox 2159 1321 2412 1385; x_wconf 86' lang='lat' dir='ltr'><strong>millium,</strong></span> 
     </span>
    </p>
   </div>
   <div class='ocr_carea' id='block_1_14' title="bbox 839 1408 2412 1482">
    <p class='ocr_par' dir='ltr' id='par_1_14' title="bbox 839 1408 2412 1482">
     <span class='ocr_line' id='line_1_14' title="bbox 839 1408 2412 1482; baseline 0.001 -18"><span class='ocrx_word' id='word_1_84' title='bbox 839 1417 896 1464; x_wconf 86' lang='lat' dir='ltr'><strong>et</strong></span> <span class='ocrx_word' id='word_1_85' title='bbox 923 1408 1104 1464; x_wconf 80' lang='lat' dir='ltr'><strong>decies</strong></span> <span class='ocrx_word' id='word_1_86' title='bbox 1133 1408 1330 1464; x_wconf 79' lang='lat' dir='ltr'><strong>millies</strong></span> <span class='ocrx_word' id='word_1_87' title='bbox 1358 1410 1495 1466; x_wconf 85' lang='lat' dir='ltr'><strong>dena</strong></span> <span class='ocrx_word' id='word_1_88' title='bbox 1521 1411 1685 1464; x_wconf 81' lang='lat' dir='ltr'><strong>millia</strong></span> <span class='ocrx_word' id='word_1_89' title='bbox 1719 1409 1830 1466; x_wconf 90' lang='lat' dir='ltr'><strong>Deo</strong></span> <span class='ocrx_word' id='word_1_90' title='bbox 1861 1411 2210 1468; x_wconf 73' lang='lat' dir='ltr'><strong>assistebant.</strong></span> <span class='ocrx_word' id='word_1_91' title='bbox 2242 1411 2412 1482; x_wconf 74' lang='lat' dir='ltr'><strong>Legio</strong></span> 
     </span>
    </p>
   </div>
   <div class='ocr_carea' id='block_1_15' title="bbox 843 1499 2414 1574">
    <p class='ocr_par' dir='ltr' id='par_1_15' title="bbox 843 1499 2414 1574">
     <span class='ocr_line' id='line_1_15' title="bbox 843 1499 2414 1574; baseline 0.003 -22"><span class='ocrx_word' id='word_1_92' title='bbox 843 1510 1025 1554; x_wconf 86' lang='lat' dir='ltr'><strong>autem</strong></span> <span class='ocrx_word' id='word_1_93' title='bbox 1081 1499 1215 1556; x_wconf 84' lang='lat' dir='ltr'><strong>ordo</strong></span> <span class='ocrx_word' id='word_1_94' title='bbox 1254 1509 1339 1555; x_wconf 86' lang='lat' dir='ltr'><strong>est</strong></span> <span class='ocrx_word' id='word_1_95' title='bbox 1373 1509 1629 1557; x_wconf 83' lang='lat' dir='ltr'><strong>constans</strong></span> <span class='ocrx_word' id='word_1_96' title='bbox 1663 1502 1871 1572; x_wconf 77' lang='lat' dir='ltr'><strong>aliqum</strong></span> <span class='ocrx_word' id='word_1_97' title='bbox 1902 1503 2029 1574; x_wconf 89' lang='lat' dir='ltr'><strong>(hac</strong></span> <span class='ocrx_word' id='word_1_98' title='bbox 2079 1517 2212 1559; x_wconf 86' lang='lat' dir='ltr'><strong>voce</strong></span> <span class='ocrx_word' id='word_1_99' title='bbox 2251 1503 2414 1557; x_wconf 87' lang='lat' dir='ltr'><strong>nimi-</strong></span> 
     </span>
    </p>
   </div>
   <div class='ocr_carea' id='block_1_16' title="bbox 847 1591 2414 1663">
    <p class='ocr_par' dir='ltr' id='par_1_16' title="bbox 847 1591 2414 1663">
     <span class='ocr_line' id='line_1_16' title="bbox 847 1591 2414 1663; baseline 0.004 -21"><span class='ocrx_word' id='word_1_100' title='bbox 847 1605 969 1643; x_wconf 86' lang='lat' dir='ltr'><strong>rum</strong></span> <span class='ocrx_word' id='word_1_101' title='bbox 998 1606 1027 1644; x_wconf 95' lang='lat' dir='ltr'><strong>a</strong></span> <span class='ocrx_word' id='word_1_102' title='bbox 1075 1591 1245 1648; x_wconf 83' lang='lat' dir='ltr'><strong>verbo</strong></span> <span class='ocrx_word' id='word_1_103' title='bbox 1289 1591 1404 1659; x_wconf 72' lang='lat' dir='ltr'><strong>lego</strong></span> <span class='ocrx_word' id='word_1_104' title='bbox 1431 1600 1484 1645; x_wconf 91' lang='lat' dir='ltr'><strong>et</strong></span> <span class='ocrx_word' id='word_1_105' title='bbox 1511 1593 1701 1662; x_wconf 81' lang='lat' dir='ltr'><strong>colligo</strong></span> <span class='ocrx_word' id='word_1_106' title='bbox 1731 1593 1996 1662; x_wconf 75' lang='lat' dir='ltr'><strong>derivata)</strong></span> <span class='ocrx_word' id='word_1_107' title='bbox 2025 1612 2043 1648; x_wconf 85' lang='lat'><strong>:</strong></span> <span class='ocrx_word' id='word_1_108' title='bbox 2069 1609 2226 1663; x_wconf 85' lang='lat' dir='ltr'><strong>quem</strong></span> <span class='ocrx_word' id='word_1_109' title='bbox 2257 1595 2301 1648; x_wconf 83' lang='lat' dir='ltr'><strong>si</strong></span> <span class='ocrx_word' id='word_1_110' title='bbox 2347 1608 2414 1648; x_wconf 78' lang='lat' dir='ltr'><strong>ex</strong></span> 
     </span>
    </p>
   </div>
   <div class='ocr_carea' id='block_1_17' title="bbox 843 1681 2412 1749">
    <p class='ocr_par' dir='ltr' id='par_1_17' title="bbox 843 1681 2412 1749">
     <span class='ocr_line' id='line_1_17' title="bbox 843 1681 2412 1749; baseline 0.002 -15"><span class='ocrx_word' id='word_1_111' title='bbox 843 1687 1061 1735; x_wconf 79' lang='lat' dir='ltr'><strong>centum</strong></span> <span class='ocrx_word' id='word_1_112' title='bbox 1093 1690 1345 1736; x_wconf 73' lang='lat' dir='ltr'><strong>constare</strong></span> <span class='ocrx_word' id='word_1_113' title='bbox 1373 1681 1690 1749; x_wconf 75' lang='lat' dir='ltr'><strong>dixerimus,</strong></span> <span class='ocrx_word' id='word_1_114' title='bbox 1726 1682 1880 1736; x_wconf 75' lang='lat' dir='ltr'><strong>nihil~</strong></span> <span class='ocrx_word' id='word_1_115' title='bbox 1901 1683 2002 1738; x_wconf 89' lang='lat' dir='ltr'><strong>hoc</strong></span> <span class='ocrx_word' id='word_1_116' title='bbox 2044 1685 2111 1737; x_wconf 86' lang='lat' dir='ltr'><strong>ad</strong></span> <span class='ocrx_word' id='word_1_117' title='bbox 2143 1694 2216 1738; x_wconf 82' lang='lat' dir='ltr'><strong>tot</strong></span> <span class='ocrx_word' id='word_1_118' title='bbox 2249 1683 2412 1738; x_wconf 83' lang='lat' dir='ltr'><strong>millia</strong></span> 
     </span>
    </p>
   </div>
   <div class='ocr_carea' id='block_1_18' title="bbox 844 1774 2414 1845">
    <p class='ocr_par' dir='ltr' id='par_1_18' title="bbox 844 1774 2414 1845">
     <span class='ocr_line' id='line_1_18' title="bbox 844 1774 2414 1845; baseline 0.004 -19"><span class='ocrx_word' id='word_1_119' title='bbox 844 1774 1258 1845; x_wconf 86' lang='lat' dir='ltr'><strong>myriadesque;</strong></span> <span class='ocrx_word' id='word_1_120' title='bbox 1293 1774 1538 1842; x_wconf 88' lang='lat' dir='ltr'><strong>quiuimo</strong></span> <span class='ocrx_word' id='word_1_121' title='bbox 1566 1774 1611 1828; x_wconf 84' lang='lat' dir='ltr'><strong>si</strong></span> <span class='ocrx_word' id='word_1_122' title='bbox 1640 1789 1704 1829; x_wconf 81' lang='lat' dir='ltr'><strong>ex</strong></span> <span class='ocrx_word' id='word_1_123' title='bbox 1756 1775 1901 1830; x_wconf 89' lang='lat' dir='ltr'><strong>mille</strong></span> <span class='ocrx_word' id='word_1_124' title='bbox 1949 1776 2234 1830; x_wconf 86' lang='lat' dir='ltr'><strong>collectum</strong></span> <span class='ocrx_word' id='word_1_125' title='bbox 2261 1778 2414 1833; x_wconf 79' lang='lat' dir='ltr'><strong>dise-</strong></span> 
     </span>
    </p>
   </div>
   <div class='ocr_carea' id='block_1_19' title="bbox 844 1863 2414 1928">
    <p class='ocr_par' dir='ltr' id='par_1_19' title="bbox 844 1863 2414 1928">
     <span class='ocr_line' id='line_1_19' title="bbox 844 1863 2414 1928; baseline 0.003 -10"><span class='ocrx_word' id='word_1_126' title='bbox 844 1866 1029 1928; x_wconf 84' lang='lat' dir='ltr'><strong>rimus,</strong></span> <span class='ocrx_word' id='word_1_127' title='bbox 1071 1864 1205 1918; x_wconf 76' lang='lat' dir='ltr'><strong>nihil</strong></span> <span class='ocrx_word' id='word_1_128' title='bbox 1253 1867 1353 1920; x_wconf 93' lang='lat' dir='ltr'><strong>hoc</strong></span> <span class='ocrx_word' id='word_1_129' title='bbox 1412 1867 1589 1920; x_wconf 87' lang='lat' dir='ltr'><strong>adhuc</strong></span> <span class='ocrx_word' id='word_1_130' title='bbox 1642 1867 1707 1921; x_wconf 91' lang='lat' dir='ltr'><strong>ad</strong></span> <span class='ocrx_word' id='word_1_131' title='bbox 1762 1867 1942 1922; x_wconf 82' lang='lat' dir='ltr'><strong>decies</strong></span> <span class='ocrx_word' id='word_1_132' title='bbox 2003 1863 2198 1925; x_wconf 84' lang='lat' dir='ltr'><strong>millies</strong></span> <span class='ocrx_word' id='word_1_133' title='bbox 2254 1875 2414 1924; x_wconf 88' lang='lat' dir='ltr'><strong>totlcs</strong></span> 
     </span>
    </p>
   </div>
   <div class='ocr_carea' id='block_1_20' title="bbox 840 1950 2487 2026">
    <p class='ocr_par' dir='ltr' id='par_1_20' title="bbox 840 1950 2487 2026">
     <span class='ocr_line' id='line_1_20' title="bbox 840 1950 2487 2026; baseline -0.001 -17"><span class='ocrx_word' id='word_1_134' title='bbox 840 1953 1212 2024; x_wconf 86' lang='lat' dir='ltr'><strong>multiplicata.</strong></span> <span class='ocrx_word' id='word_1_135' title='bbox 1255 1952 1332 2009; x_wconf 84' lang='lat' dir='ltr'><strong>De</strong></span> <span class='ocrx_word' id='word_1_136' title='bbox 1370 1954 1653 2009; x_wconf 81' lang='lat' dir='ltr'><strong>duodecim</strong></span> <span class='ocrx_word' id='word_1_137' title='bbox 1704 1956 1920 2026; x_wconf 83' lang='lat' dir='ltr'><strong>quidem</strong></span> <span class='ocrx_word' id='word_1_138' title='bbox 1953 1957 2251 2026; x_wconf 74' lang='lat' dir='ltr'><strong>legionibus</strong></span> <span class='ocrx_word' id='word_1_139' title='bbox 2275 1957 2411 2015; x_wconf 78' lang='lat' dir='ltr'><strong>alius</strong></span> <span class='ocrx_word' id='word_1_140' title='bbox 2446 1950 2487 2008; x_wconf 77' lang='grc' dir='ltr'><strong>Β</strong></span> 
     </span>
    </p>
   </div>
   <div class='ocr_carea' id='block_1_21' title="bbox 844 2045 2411 2120">
    <p class='ocr_par' dir='ltr' id='par_1_21' title="bbox 844 2045 2411 2120">
     <span class='ocr_line' id='line_1_21' title="bbox 844 2045 2411 2120; baseline 0.004 -21"><span class='ocrx_word' id='word_1_141' title='bbox 844 2046 989 2101; x_wconf 81' lang='lat' dir='ltr'><strong>aliud</strong></span> <span class='ocrx_word' id='word_1_142' title='bbox 1041 2047 1180 2099; x_wconf 81' lang='lat' dir='ltr'><strong>forte</strong></span> <span class='ocrx_word' id='word_1_143' title='bbox 1229 2046 1414 2101; x_wconf 71' lang='lat' dir='ltr'><strong>oil&#39;eral</strong></span> <span class='ocrx_word' id='word_1_144' title='bbox 1479 2045 1761 2104; x_wconf 84' lang='lat' dir='ltr'><strong>sublimius</strong></span> <span class='ocrx_word' id='word_1_145' title='bbox 1791 2049 1918 2119; x_wconf 90' lang='lat' dir='ltr'><strong>quid</strong></span> <span class='ocrx_word' id='word_1_146' title='bbox 1973 2066 2036 2105; x_wconf 88' lang='lat' dir='ltr'><strong>ac</strong></span> <span class='ocrx_word' id='word_1_147' title='bbox 2093 2052 2411 2120; x_wconf 83' lang='lat' dir='ltr'><strong>sapientius.</strong></span> 
     </span>
    </p>
   </div>
   <div class='ocr_carea' id='block_1_22' title="bbox 837 2136 2412 2208">
    <p class='ocr_par' dir='ltr' id='par_1_22' title="bbox 837 2136 2412 2208">
     <span class='ocr_line' id='line_1_22' title="bbox 837 2136 2412 2208; baseline 0.006 -18"><span class='ocrx_word' id='word_1_148' title='bbox 837 2136 995 2206; x_wconf 79' lang='lat' dir='ltr'><strong>juxta</strong></span> <span class='ocrx_word' id='word_1_149' title='bbox 1024 2139 1254 2208; x_wconf 77' lang='lat' dir='ltr'><strong>gratiam</strong></span> <span class='ocrx_word' id='word_1_150' title='bbox 1281 2155 1310 2192; x_wconf 78' lang='grc' dir='ltr'>ο</span> <span class='ocrx_word' id='word_1_151' title='bbox 1351 2138 1493 2194; x_wconf 92' lang='lat' dir='ltr'><strong>bono</strong></span> <span class='ocrx_word' id='word_1_152' title='bbox 1525 2137 1640 2194; x_wconf 86' lang='lat' dir='ltr'><strong>Deo</strong></span> <span class='ocrx_word' id='word_1_153' title='bbox 1663 2156 1725 2196; x_wconf 80' lang='lat' dir='ltr'><strong>ac</strong></span> <span class='ocrx_word' id='word_1_154' title='bbox 1766 2141 2050 2197; x_wconf 87' lang='lat' dir='ltr'><strong>Salvatore</strong></span> <span class='ocrx_word' id='word_1_155' title='bbox 2073 2155 2256 2197; x_wconf 84' lang='lat' dir='ltr'><strong>nostro</strong></span> <span class='ocrx_word' id='word_1_156' title='bbox 2283 2141 2412 2198; x_wconf 74' lang='lat' dir='ltr'><strong>Jesu</strong></span> 
     </span>
    </p>
   </div>
   <div class='ocr_carea' id='block_1_23' title="bbox 845 2229 2410 2302">
    <p class='ocr_par' dir='ltr' id='par_1_23' title="bbox 845 2229 2410 2302">
     <span class='ocr_line' id='line_1_23' title="bbox 845 2229 2410 2302; baseline 0.004 -19"><span class='ocrx_word' id='word_1_157' title='bbox 845 2229 1067 2284; x_wconf 80' lang='lat' dir='ltr'><strong>Christo</strong></span> <span class='ocrx_word' id='word_1_158' title='bbox 1093 2229 1582 2297; x_wconf 81' lang='lat' dir='ltr'><strong>communicatam;</strong></span> <span class='ocrx_word' id='word_1_159' title='bbox 1628 2233 1756 2288; x_wconf 87' lang='lat' dir='ltr'><strong>mihi</strong></span> <span class='ocrx_word' id='word_1_160' title='bbox 1804 2244 1984 2288; x_wconf 89' lang='lat' dir='ltr'><strong>autem</strong></span> <span class='ocrx_word' id='word_1_161' title='bbox 2020 2233 2410 2302; x_wconf 76' lang='lat' dir='ltr'><strong>impraesentia-</strong></span> 
     </span>
    </p>
   </div>
   <div class='ocr_carea' id='block_1_24' title="bbox 848 2320 2415 2393">
    <p class='ocr_par' dir='ltr' id='par_1_24' title="bbox 848 2320 2415 2393">
     <span class='ocr_line' id='line_1_24' title="bbox 848 2320 2415 2393; baseline 0.003 -19"><span class='ocrx_word' id='word_1_162' title='bbox 848 2335 988 2386; x_wconf 73' lang='lat' dir='ltr'><strong>nam,</strong></span> <span class='ocrx_word' id='word_1_163' title='bbox 1021 2320 1066 2375; x_wconf 86' lang='lat' dir='ltr'><strong>si</strong></span> <span class='ocrx_word' id='word_1_164' title='bbox 1121 2331 1373 2391; x_wconf 83' lang='lat' dir='ltr'><strong>oporteat</strong></span> <span class='ocrx_word' id='word_1_165' title='bbox 1423 2335 1507 2376; x_wconf 81' lang='lat' dir='ltr'><strong>me</strong></span> <span class='ocrx_word' id='word_1_166' title='bbox 1543 2336 1758 2391; x_wconf 85' lang='lat' dir='ltr'><strong>quoque</strong></span> <span class='ocrx_word' id='word_1_167' title='bbox 1805 2324 1872 2376; x_wconf 81' lang='lat' dir='ltr'><strong>ail</strong></span> <span class='ocrx_word' id='word_1_168' title='bbox 1916 2323 2029 2378; x_wconf 54' lang='lat' dir='ltr'><strong>hate</strong></span> <span class='ocrx_word' id='word_1_169' title='bbox 2077 2325 2279 2393; x_wconf 85' lang='lat' dir='ltr'><strong>aliquid</strong></span> <span class='ocrx_word' id='word_1_170' title='bbox 2320 2326 2415 2380; x_wconf 87' lang='lat' dir='ltr'><strong>ad-</strong></span> 
     </span>
    </p>
   </div>
   <div class='ocr_carea' id='block_1_25' title="bbox 845 2405 2414 2485">
    <p class='ocr_par' dir='ltr' id='par_1_25' title="bbox 845 2405 2414 2485">
     <span class='ocr_line' id='line_1_25' title="bbox 845 2405 2414 2485; baseline 0.004 -19"><span class='ocrx_word' id='word_1_171' title='bbox 845 2405 996 2476; x_wconf 83' lang='lat' dir='ltr'><strong>dere,</strong></span> <span class='ocrx_word' id='word_1_172' title='bbox 1034 2414 1246 2469; x_wconf 82' lang='lat' dir='ltr'><strong>videtur</strong></span> <span class='ocrx_word' id='word_1_173' title='bbox 1295 2412 1573 2483; x_wconf 81' lang='lat' dir='ltr'><strong>Scriptura</strong></span> <span class='ocrx_word' id='word_1_174' title='bbox 1614 2429 1766 2469; x_wconf 86' lang='lat' dir='ltr'><strong>sacra</strong></span> <span class='ocrx_word' id='word_1_175' title='bbox 1812 2428 2018 2485; x_wconf 66' lang='lat' dir='ltr'><strong>magum</strong></span> <span class='ocrx_word' id='word_1_176' title='bbox 2060 2417 2414 2472; x_wconf 84' lang='lat' dir='ltr'><strong>humanitatis</strong></span> 
     </span>
    </p>
   </div>
   <div class='ocr_carea' id='block_1_26' title="bbox 845 2504 2414 2565">
    <p class='ocr_par' dir='ltr' id='par_1_26' title="bbox 845 2504 2414 2565">
     <span class='ocr_line' id='line_1_26' title="bbox 845 2504 2414 2565; baseline 0.004 -8"><span class='ocrx_word' id='word_1_177' title='bbox 845 2520 909 2558; x_wconf 83' lang='lat' dir='ltr'><strong>ae</strong></span> <span class='ocrx_word' id='word_1_178' title='bbox 939 2504 1327 2561; x_wconf 65' lang='lat' dir='ltr'><strong>benevolentiae</strong></span> <span class='ocrx_word' id='word_1_179' title='bbox 1375 2507 1633 2561; x_wconf 89' lang='lat' dir='ltr'><strong>iudicium</strong></span> <span class='ocrx_word' id='word_1_180' title='bbox 1679 2507 1957 2562; x_wconf 80' lang='lat' dir='ltr'><strong>exhibere.</strong></span> <span class='ocrx_word' id='word_1_181' title='bbox 2003 2508 2114 2565; x_wconf 86' lang='lat' dir='ltr'><strong>Etsi</strong></span> <span class='ocrx_word' id='word_1_182' title='bbox 2141 2511 2284 2563; x_wconf 88' lang='lat' dir='ltr'><strong>enim</strong></span> <span class='ocrx_word' id='word_1_183' title='bbox 2314 2525 2414 2564; x_wconf 81' lang='lat' dir='ltr'><strong>un-</strong></span> 
     </span>
    </p>
   </div>
   <div class='ocr_carea' id='block_1_27' title="bbox 845 2595 2410 2670">
    <p class='ocr_par' dir='ltr' id='par_1_27' title="bbox 845 2595 2410 2670">
     <span class='ocr_line' id='line_1_27' title="bbox 845 2595 2410 2670; baseline 0.004 -21"><span class='ocrx_word' id='word_1_184' title='bbox 845 2595 1018 2652; x_wconf 90' lang='lat' dir='ltr'><strong>decim</strong></span> <span class='ocrx_word' id='word_1_185' title='bbox 1049 2608 1207 2653; x_wconf 86' lang='lat' dir='ltr'><strong>erant</strong></span> <span class='ocrx_word' id='word_1_186' title='bbox 1237 2601 1412 2667; x_wconf 84' lang='lat' dir='ltr'><strong>parati</strong></span> <span class='ocrx_word' id='word_1_187' title='bbox 1455 2613 1800 2665; x_wconf 85' lang='lat' dir='ltr'><strong>succurrere,</strong></span> <span class='ocrx_word' id='word_1_188' title='bbox 1835 2599 1997 2654; x_wconf 83' lang='lat' dir='ltr'><strong>Petro</strong></span> <span class='ocrx_word' id='word_1_189' title='bbox 2047 2602 2200 2670; x_wconf 85' lang='lat' dir='ltr'><strong>quasi</strong></span> <span class='ocrx_word' id='word_1_190' title='bbox 2241 2603 2410 2665; x_wconf 87' lang='lat' dir='ltr'><strong>duce;</strong></span> 
     </span>
    </p>
   </div>
   <div class='ocr_carea' id='block_1_28' title="bbox 847 2691 2413 2764">
    <p class='ocr_par' dir='ltr' id='par_1_28' title="bbox 847 2691 2413 2764">
     <span class='ocr_line' id='line_1_28' title="bbox 847 2691 2413 2764; baseline 0.003 -21"><span class='ocrx_word' id='word_1_191' title='bbox 847 2696 1086 2745; x_wconf 78' lang='lat' dir='ltr'><strong>attamen</strong></span> <span class='ocrx_word' id='word_1_192' title='bbox 1115 2692 1420 2764; x_wconf 71' lang='lat' dir='ltr'><strong>benignitas</strong></span> <span class='ocrx_word' id='word_1_193' title='bbox 1463 2692 1643 2761; x_wconf 75' lang='lat' dir='ltr'><strong>magni</strong></span> <span class='ocrx_word' id='word_1_194' title='bbox 1688 2692 1781 2745; x_wconf 85' lang='lat' dir='ltr'><strong>Dei</strong></span> <span class='ocrx_word' id='word_1_195' title='bbox 1816 2707 1878 2745; x_wconf 88' lang='lat' dir='ltr'><strong>ac</strong></span> <span class='ocrx_word' id='word_1_196' title='bbox 1910 2691 2208 2746; x_wconf 79' lang='lat' dir='ltr'><strong>Salvaloris</strong></span> <span class='ocrx_word' id='word_1_197' title='bbox 2244 2694 2413 2749; x_wconf 77' lang='lat' dir='ltr'><strong>nostri</strong></span> 
     </span>
    </p>
   </div>
   <div class='ocr_carea' id='block_1_29' title="bbox 843 2782 2420 2853">
    <p class='ocr_par' dir='ltr' id='par_1_29' title="bbox 843 2782 2420 2853">
     <span class='ocr_line' id='line_1_29' title="bbox 843 2782 2420 2853; baseline 0 -13"><span class='ocrx_word' id='word_1_198' title='bbox 843 2782 974 2840; x_wconf 64' lang='lat' dir='ltr'><strong>deus</strong></span> <span class='ocrx_word' id='word_1_199' title='bbox 996 2783 1220 2849; x_wconf 85' lang='lat' dir='ltr'><strong>Christi,</strong></span> <span class='ocrx_word' id='word_1_200' title='bbox 1255 2799 1372 2852; x_wconf 66' lang='lat' dir='ltr'><strong>qua</strong></span> <span class='ocrx_word' id='word_1_201' title='bbox 1403 2800 1618 2839; x_wconf 85' lang='lat' dir='ltr'><strong>onmem</strong></span> <span class='ocrx_word' id='word_1_202' title='bbox 1653 2794 1874 2850; x_wconf 87' lang='lat' dir='ltr'><strong>superat</strong></span> <span class='ocrx_word' id='word_1_203' title='bbox 1918 2785 2243 2849; x_wconf 78' lang='lat' dir='ltr'><strong>orationem,</strong></span> <span class='ocrx_word' id='word_1_204' title='bbox 2282 2800 2420 2853; x_wconf 81' lang='lat' dir='ltr'><strong>quo-</strong></span> 
     </span>
    </p>
   </div>
   <div class='ocr_carea' id='block_1_30' title="bbox 846 2876 2411 2948">
    <p class='ocr_par' dir='ltr' id='par_1_30' title="bbox 846 2876 2411 2948">
     <span class='ocr_line' id='line_1_30' title="bbox 846 2876 2411 2948; baseline -0.001 -17"><span class='ocrx_word' id='word_1_205' title='bbox 846 2879 1142 2933; x_wconf 79' lang='lat' dir='ltr'><strong>dan-modo</strong></span> <span class='ocrx_word' id='word_1_206' title='bbox 1183 2876 1350 2932; x_wconf 77' lang='lat' dir='ltr'><strong>ellusa</strong></span> <span class='ocrx_word' id='word_1_207' title='bbox 1403 2879 1671 2948; x_wconf 87' lang='lat' dir='ltr'><strong>perditum</strong></span> <span class='ocrx_word' id='word_1_208' title='bbox 1708 2891 1927 2948; x_wconf 88' lang='lat' dir='ltr'><strong>quoque</strong></span> <span class='ocrx_word' id='word_1_209' title='bbox 1972 2878 2211 2933; x_wconf 81' lang='lat' dir='ltr'><strong>sodalem</strong></span> <span class='ocrx_word' id='word_1_210' title='bbox 2243 2877 2411 2945; x_wconf 90' lang='lat' dir='ltr'><strong>illum,</strong></span> 
     </span>
    </p>
   </div>
   <div class='ocr_carea' id='block_1_31' title="bbox 845 2971 2414 3041">
    <p class='ocr_par' dir='ltr' id='par_1_31' title="bbox 845 2971 2414 3041">
     <span class='ocr_line' id='line_1_31' title="bbox 845 2971 2414 3041; baseline 0.001 -17"><span class='ocrx_word' id='word_1_211' title='bbox 845 2971 1001 3041; x_wconf 84' lang='lat' dir='ltr'><strong>cujus</strong></span> <span class='ocrx_word' id='word_1_212' title='bbox 1032 2973 1207 3029; x_wconf 84' lang='lat' dir='ltr'><strong>adhuc</strong></span> <span class='ocrx_word' id='word_1_213' title='bbox 1237 2973 1473 3028; x_wconf 83' lang='lat' dir='ltr'><strong>sollicite</strong></span> <span class='ocrx_word' id='word_1_214' title='bbox 1520 2986 1705 3027; x_wconf 87' lang='lat' dir='ltr'><strong>curam</strong></span> <span class='ocrx_word' id='word_1_215' title='bbox 1737 2973 1897 3041; x_wconf 78' lang='lat' dir='ltr'><strong>gerit,</strong></span> <span class='ocrx_word' id='word_1_216' title='bbox 1951 2974 2019 3027; x_wconf 87' lang='lat' dir='ltr'><strong>iis</strong></span> <span class='ocrx_word' id='word_1_217' title='bbox 2066 2980 2414 3039; x_wconf 82' lang='lat' dir='ltr'><strong>annumerat,</strong></span> 
     </span>
    </p>
   </div>
   <div class='ocr_carea' id='block_1_32' title="bbox 846 3062 2417 3136">
    <p class='ocr_par' dir='ltr' id='par_1_32' title="bbox 846 3062 2417 3136">
     <span class='ocr_line' id='line_1_32' title="bbox 846 3062 2417 3136; baseline -0.001 -17"><span class='ocrx_word' id='word_1_218' title='bbox 846 3072 902 3119; x_wconf 85' lang='lat' dir='ltr'><strong>et</strong></span> <span class='ocrx_word' id='word_1_219' title='bbox 931 3079 1030 3134; x_wconf 86' lang='lat' dir='ltr'><strong>pro</strong></span> <span class='ocrx_word' id='word_1_220' title='bbox 1059 3078 1386 3133; x_wconf 81' lang='lat' dir='ltr'><strong>unoquoque</strong></span> <span class='ocrx_word' id='word_1_221' title='bbox 1432 3065 1624 3118; x_wconf 86' lang='lat' dir='ltr'><strong>horum</strong></span> <span class='ocrx_word' id='word_1_222' title='bbox 1682 3062 1950 3131; x_wconf 71' lang='lat' dir='ltr'><strong>legionem</strong></span> <span class='ocrx_word' id='word_1_223' title='bbox 1992 3063 2306 3136; x_wconf 72' lang='lat' dir='ltr'><strong>angelorum</strong></span> <span class='ocrx_word' id='word_1_224' title='bbox 2358 3078 2417 3118; x_wconf 77' lang='lat' dir='ltr'><strong>se</strong></span> 
     </span>
    </p>
   </div>
   <div class='ocr_carea' id='block_1_33' title="bbox 849 3155 2413 3226">
    <p class='ocr_par' dir='ltr' id='par_1_33' title="bbox 849 3155 2413 3226">
     <span class='ocr_line' id='line_1_33' title="bbox 849 3155 2413 3226; baseline 0 -16"><span class='ocrx_word' id='word_1_225' title='bbox 849 3167 1038 3226; x_wconf 77' lang='lat' dir='ltr'><strong>petere</strong></span> <span class='ocrx_word' id='word_1_226' title='bbox 1067 3171 1228 3226; x_wconf 80' lang='lat' dir='ltr'><strong>posse</strong></span> <span class='ocrx_word' id='word_1_227' title='bbox 1251 3157 1406 3219; x_wconf 85' lang='lat' dir='ltr'><strong>dicit.</strong></span> <span class='ocrx_word' id='word_1_228' title='bbox 1440 3169 1552 3210; x_wconf 84' lang='lat' dir='ltr'><strong>tum</strong></span> <span class='ocrx_word' id='word_1_229' title='bbox 1591 3163 1649 3209; x_wconf 85' lang='lat' dir='ltr'><strong>ut</strong></span> <span class='ocrx_word' id='word_1_230' title='bbox 1675 3155 1839 3209; x_wconf 87' lang='lat' dir='ltr'><strong>etiam</strong></span> <span class='ocrx_word' id='word_1_231' title='bbox 1889 3158 2063 3224; x_wconf 70' lang='lat' dir='ltr'><strong>magis</strong></span> <span class='ocrx_word' id='word_1_232' title='bbox 2093 3157 2413 3225; x_wconf 77' lang='lat' dir='ltr'><strong>angelorum</strong></span> 
     </span>
    </p>
   </div>
   <div class='ocr_carea' id='block_1_34' title="bbox 2515 675 4070 748">
    <p class='ocr_par' dir='ltr' id='par_1_34' title="bbox 2515 675 4070 748">
     <span class='ocr_line' id='line_1_34' title="bbox 2515 675 4070 748; baseline -0.003 -17"><span class='ocrx_word' id='word_1_233' title='bbox 2515 677 2705 748; x_wconf 80' lang='grc' dir='ltr'><strong>πρώην</strong></span> <span class='ocrx_word' id='word_1_234' title='bbox 2751 675 3029 748; x_wconf 76' lang='grc' dir='ltr'>ἐλέγομεν,</span> <span class='ocrx_word' id='word_1_235' title='bbox 3080 675 3385 748; x_wconf 75' lang='grc' dir='ltr'><strong>ἀνηκούσης</strong></span> <span class='ocrx_word' id='word_1_236' title='bbox 3429 675 3539 737; x_wconf 80' lang='grc' dir='ltr'>τοῖς</span> <span class='ocrx_word' id='word_1_237' title='bbox 3582 678 3806 748; x_wconf 74' lang='grc' dir='ltr'>νοεροῖς,</span> <span class='ocrx_word' id='word_1_238' title='bbox 3840 677 3872 747; x_wconf 76' lang='grc' dir='ltr'>ἦ</span> 
     </span>
    </p>
   </div>
   <div class='ocr_carea' id='block_1_35' title="bbox 2511 768 4067 841">
    <p class='ocr_par' dir='ltr' id='par_1_35' title="bbox 2511 768 4067 841">
     <span class='ocr_line' id='line_1_35' title="bbox 2511 768 4067 841; baseline -0.001 -18"><span class='ocrx_word' id='word_1_239' title='bbox 2511 769 2591 823; x_wconf 78' lang='grc' dir='ltr'><strong>νοῒ</strong></span> <span class='ocrx_word' id='word_1_240' title='bbox 2635 769 3010 840; x_wconf 69' lang='grc' dir='ltr'><strong>διοικουμένης</strong></span> <span class='ocrx_word' id='word_1_241' title='bbox 3057 769 3152 822; x_wconf 73' lang='grc' dir='ltr'><strong>καὶ</strong></span> <span class='ocrx_word' id='word_1_242' title='bbox 3199 768 3648 840; x_wconf 77' lang='grc' dir='ltr'>διευθετουμένης</span> <span class='ocrx_word' id='word_1_243' title='bbox 3679 770 3776 841; x_wconf 77' lang='grc' dir='ltr'>τὴν</span> <span class='ocrx_word' id='word_1_244' title='bbox 3817 771 3942 840; x_wconf 77' lang='grc' dir='ltr'>περὶ</span> <span class='ocrx_word' id='word_1_245' title='bbox 3987 769 4067 823; x_wconf 83' lang='grc' dir='ltr'><strong>τοῦ</strong></span> 
     </span>
    </p>
   </div>
   <div class='ocr_carea' id='block_1_36' title="bbox 2511 861 4068 933">
    <p class='ocr_par' dir='ltr' id='par_1_36' title="bbox 2511 861 4068 933">
     <span class='ocr_line' id='line_1_36' title="bbox 2511 861 4068 933; baseline -0.001 -18"><span class='ocrx_word' id='word_1_246' title='bbox 2511 861 2746 933; x_wconf 77' lang='grc' dir='ltr'>ἀριθμοῦ</span> <span class='ocrx_word' id='word_1_247' title='bbox 2798 861 2910 914; x_wconf 83' lang='grc' dir='ltr'>τῶν</span> <span class='ocrx_word' id='word_1_248' title='bbox 2957 862 3203 930; x_wconf 85' lang='grc' dir='ltr'>ἀγγέλων</span> <span class='ocrx_word' id='word_1_249' title='bbox 3257 873 3313 916; x_wconf 87' lang='grc' dir='ltr'><strong>εν</strong></span> <span class='ocrx_word' id='word_1_250' title='bbox 3362 866 3474 926; x_wconf 85' lang='grc' dir='ltr'>τοῖς</span> <span class='ocrx_word' id='word_1_251' title='bbox 3525 861 3724 930; x_wconf 79' lang='grc' dir='ltr'><strong>λογίοις</strong></span> <span class='ocrx_word' id='word_1_252' title='bbox 3771 861 4068 932; x_wconf 73' lang='grc' dir='ltr'><strong>παράδοσιν.</strong></span> 
     </span>
    </p>
   </div>
   <div class='ocr_carea' id='block_1_37' title="bbox 2513 954 4071 1028">
    <p class='ocr_par' dir='ltr' id='par_1_37' title="bbox 2513 954 4071 1028">
     <span class='ocr_line' id='line_1_37' title="bbox 2513 954 4071 1028; baseline -0.001 -19"><span class='ocrx_word' id='word_1_253' title='bbox 2513 956 2852 1028; x_wconf 78' lang='grc' dir='ltr'>Εὑρίσκομεν</span> <span class='ocrx_word' id='word_1_254' title='bbox 2885 955 3014 1024; x_wconf 84' lang='grc' dir='ltr'>γοῦν</span> <span class='ocrx_word' id='word_1_255' title='bbox 3047 957 3140 1009; x_wconf 77' lang='grc' dir='ltr'>καὶ</span> <span class='ocrx_word' id='word_1_256' title='bbox 3170 954 3375 1009; x_wconf 87' lang='grc' dir='ltr'>δώδεκα</span> <span class='ocrx_word' id='word_1_257' title='bbox 3407 956 3674 1025; x_wconf 83' lang='grc' dir='ltr'>λεγεῶνας</span> <span class='ocrx_word' id='word_1_258' title='bbox 3719 956 3981 1026; x_wconf 85' lang='grc' dir='ltr'>ἀγγέλων,</span> <span class='ocrx_word' id='word_1_259' title='bbox 4013 957 4071 1020; x_wconf 75' lang='grc' dir='ltr'>ἃς</span> 
     </span>
    </p>
   </div>
   <div class='ocr_carea' id='block_1_38' title="bbox 2513 1047 4072 1132">
    <p class='ocr_par' dir='ltr' id='par_1_38' title="bbox 2513 1047 4072 1132">
     <span class='ocr_line' id='line_1_38' title="bbox 2513 1047 4072 1132; baseline -0.001 -32"><span class='ocrx_word' id='word_1_260' title='bbox 2513 1047 2607 1100; x_wconf 72' lang='grc' dir='ltr'>καὶ</span> <span class='ocrx_word' id='word_1_261' title='bbox 2635 1047 2795 1101; x_wconf 81' lang='grc' dir='ltr'>πλέον</span> <span class='ocrx_word' id='word_1_262' title='bbox 2814 1047 3016 1101; x_wconf 85' lang='grc' dir='ltr'>τούτων</span> <span class='ocrx_word' id='word_1_263' title='bbox 3028 1047 3116 1101; x_wconf 76' lang='grc' dir='ltr'>τὸν</span> <span class='ocrx_word' id='word_1_264' title='bbox 3130 1047 3329 1121; x_wconf 86' lang='grc' dir='ltr'>Κύριον</span> <span class='ocrx_word' id='word_1_265' title='bbox 3345 1047 3597 1132; x_wconf 68' lang='grc' dir='ltr'>δὺνρσθαι</span> <span class='ocrx_word' id='word_1_266' title='bbox 3613 1047 3841 1117; x_wconf 69' lang='grc' dir='ltr'>ζητῆσαι</span> <span class='ocrx_word' id='word_1_267' title='bbox 3854 1048 3942 1101; x_wconf 80' lang='grc' dir='ltr'><strong>τὸν</strong></span> <span class='ocrx_word' id='word_1_268' title='bbox 3955 1048 4072 1101; x_wconf 78' lang='grc' dir='ltr'>ἴδιον</span> 
     </span>
    </p>
   </div>
   <div class='ocr_carea' id='block_1_39' title="bbox 2513 1137 4073 1210">
    <p class='ocr_par' dir='ltr' id='par_1_39' title="bbox 2513 1137 4073 1210">
     <span class='ocr_line' id='line_1_39' title="bbox 2513 1137 4073 1210; baseline 0 -19"><span class='ocrx_word' id='word_1_269' title='bbox 2513 1137 2732 1209; x_wconf 81' lang='grc' dir='ltr'><strong>Πατέρα</strong></span> <span class='ocrx_word' id='word_1_270' title='bbox 2753 1179 2767 1202; x_wconf 94' lang='grc'>,</span> <span class='ocrx_word' id='word_1_271' title='bbox 2807 1140 2901 1192; x_wconf 72' lang='grc' dir='ltr'>καὶ</span> <span class='ocrx_word' id='word_1_272' title='bbox 2933 1139 3282 1209; x_wconf 77' lang='grc' dir='ltr'><strong>παραστῆσαι</strong></span> <span class='ocrx_word' id='word_1_273' title='bbox 3308 1141 3388 1202; x_wconf 88' lang='grc' dir='ltr'>είς</span> <span class='ocrx_word' id='word_1_274' title='bbox 3418 1138 3514 1210; x_wconf 80' lang='grc' dir='ltr'>τὴν</span> <span class='ocrx_word' id='word_1_275' title='bbox 3547 1138 3653 1192; x_wconf 85' lang='grc' dir='ltr'>τῶν</span> <span class='ocrx_word' id='word_1_276' title='bbox 3678 1137 4073 1210; x_wconf 73' lang='grc' dir='ltr'><strong>ἐπηρεαζόντων</strong></span> 
     </span>
    </p>
   </div>
   <div class='ocr_carea' id='block_1_40' title="bbox 2513 1225 4072 1304">
    <p class='ocr_par' dir='ltr' id='par_1_40' title="bbox 2513 1225 4072 1304">
     <span class='ocr_line' id='line_1_40' title="bbox 2513 1225 4072 1304; baseline -0.003 -19"><span class='ocrx_word' id='word_1_277' title='bbox 2513 1232 2849 1304; x_wconf 77' lang='grc' dir='ltr'>ἀποτροπήν.</span> <span class='ocrx_word' id='word_1_278' title='bbox 2900 1233 3107 1302; x_wconf 76' lang='grc' dir='ltr'>Ὀλίγος</span> <span class='ocrx_word' id='word_1_279' title='bbox 3137 1225 3268 1301; x_wconf 87' lang='grc' dir='ltr'>γοῦν</span> <span class='ocrx_word' id='word_1_280' title='bbox 3309 1227 3463 1296; x_wconf 73' lang='grc' dir='ltr'>οὗτος</span> <span class='ocrx_word' id='word_1_281' title='bbox 3498 1235 3529 1285; x_wconf 86' lang='grc' dir='ltr'>ὁ</span> <span class='ocrx_word' id='word_1_282' title='bbox 3560 1232 3788 1304; x_wconf 69' lang='grc' dir='ltr'>ἀριθμὸς</span> <span class='ocrx_word' id='word_1_283' title='bbox 3823 1231 3953 1303; x_wconf 77' lang='grc' dir='ltr'>πρὸς</span> <span class='ocrx_word' id='word_1_284' title='bbox 3981 1229 4072 1299; x_wconf 81' lang='grc' dir='ltr'><strong>τὴν</strong></span> 
     </span>
    </p>
   </div>
   <div class='ocr_carea' id='block_1_41' title="bbox 2512 1321 4072 1397">
    <p class='ocr_par' dir='ltr' id='par_1_41' title="bbox 2512 1321 4072 1397">
     <span class='ocr_line' id='line_1_41' title="bbox 2512 1321 4072 1397; baseline -0.001 -21"><span class='ocrx_word' id='word_1_285' title='bbox 2512 1321 2605 1377; x_wconf 83' lang='grc' dir='ltr'>τοῦ</span> <span class='ocrx_word' id='word_1_286' title='bbox 2641 1323 2836 1396; x_wconf 84' lang='grc' dir='ltr'><strong>Δανιὴλ</strong></span> <span class='ocrx_word' id='word_1_287' title='bbox 2882 1326 3089 1397; x_wconf 76' lang='grc' dir='ltr'>ὅρασιν,</span> <span class='ocrx_word' id='word_1_288' title='bbox 3128 1327 3207 1380; x_wconf 82' lang='grc' dir='ltr'><strong>ὅτι</strong></span> <span class='ocrx_word' id='word_1_289' title='bbox 3253 1326 3418 1397; x_wconf 89' lang='grc' dir='ltr'>χίλιαι</span> <span class='ocrx_word' id='word_1_290' title='bbox 3467 1326 3720 1396; x_wconf 81' lang='grc' dir='ltr'>χιλιάδες,</span> <span class='ocrx_word' id='word_1_291' title='bbox 3758 1325 3849 1378; x_wconf 62' lang='grc' dir='ltr'>καὶ</span> <span class='ocrx_word' id='word_1_292' title='bbox 3897 1325 4072 1396; x_wconf 83' lang='grc' dir='ltr'>μὺριαι</span> 
     </span>
    </p>
   </div>
   <div class='ocr_carea' id='block_1_42' title="bbox 2517 1415 4074 1489">
    <p class='ocr_par' dir='ltr' id='par_1_42' title="bbox 2517 1415 4074 1489">
     <span class='ocr_line' id='line_1_42' title="bbox 2517 1415 4074 1489; baseline 0.001 -24"><span class='ocrx_word' id='word_1_293' title='bbox 2517 1415 2775 1486; x_wconf 85' lang='grc' dir='ltr'><strong>μυριάδες</strong></span> <span class='ocrx_word' id='word_1_294' title='bbox 2823 1416 2902 1487; x_wconf 84' lang='grc' dir='ltr'>τῷ</span> <span class='ocrx_word' id='word_1_295' title='bbox 2945 1415 3063 1487; x_wconf 81' lang='grc' dir='ltr'><strong>Θεῷ</strong></span> <span class='ocrx_word' id='word_1_296' title='bbox 3117 1420 3596 1489; x_wconf 79' lang='grc' dir='ltr'><strong>παρειστήκεισαν.</strong></span> <span class='ocrx_word' id='word_1_297' title='bbox 3656 1418 3713 1469; x_wconf 84' lang='grc' dir='ltr'>ὐ</span> <span class='ocrx_word' id='word_1_298' title='bbox 3731 1415 3842 1488; x_wconf 81' lang='grc' dir='ltr'><strong>γὰρ</strong></span> <span class='ocrx_word' id='word_1_299' title='bbox 3885 1415 4074 1483; x_wconf 80' lang='grc' dir='ltr'>λεγεὼν</span> 
     </span>
    </p>
   </div>
   <div class='ocr_carea' id='block_1_43' title="bbox 2515 1499 4070 1582">
    <p class='ocr_par' dir='ltr' id='par_1_43' title="bbox 2515 1499 4070 1582">
     <span class='ocr_line' id='line_1_43' title="bbox 2515 1499 4070 1582; baseline 0.001 -20"><span class='ocrx_word' id='word_1_300' title='bbox 2515 1510 2704 1580; x_wconf 82' lang='grc' dir='ltr'>τάγμα</span> <span class='ocrx_word' id='word_1_301' title='bbox 2750 1509 2898 1564; x_wconf 66' lang='grc' dir='ltr'>ἐστὶν</span> <span class='ocrx_word' id='word_1_302' title='bbox 2944 1512 3011 1564; x_wconf 77' lang='grc' dir='ltr'>ὲκ</span> <span class='ocrx_word' id='word_1_303' title='bbox 3058 1511 3229 1564; x_wconf 86' lang='grc' dir='ltr'>τόσων</span> <span class='ocrx_word' id='word_1_304' title='bbox 3264 1512 3621 1582; x_wconf 73' lang='grc' dir='ltr'><strong>συγκείμενον</strong></span> <span class='ocrx_word' id='word_1_305' title='bbox 3655 1499 3740 1582; x_wconf 77' lang='grc' dir='ltr'>(ἐκ</span> <span class='ocrx_word' id='word_1_306' title='bbox 3779 1508 3874 1562; x_wconf 71' lang='grc' dir='ltr'>τοῦ</span> <span class='ocrx_word' id='word_1_307' title='bbox 3907 1509 4070 1579; x_wconf 71' lang='grc' dir='ltr'>λέγω,</span> 
     </span>
    </p>
   </div>
   <div class='ocr_carea' id='block_1_44' title="bbox 2513 1601 4073 1675">
    <p class='ocr_par' dir='ltr' id='par_1_44' title="bbox 2513 1601 4073 1675">
     <span class='ocr_line' id='line_1_44' title="bbox 2513 1601 4073 1675; baseline -0.003 -19"><span class='ocrx_word' id='word_1_308' title='bbox 2513 1602 2573 1656; x_wconf 75' lang='grc' dir='ltr'>τὸ</span> <span class='ocrx_word' id='word_1_309' title='bbox 2606 1603 2885 1672; x_wconf 75' lang='grc' dir='ltr'>συλλέτω</span> <span class='ocrx_word' id='word_1_310' title='bbox 2911 1601 3448 1674; x_wconf 84' lang='grc' dir='ltr'>έτυμολογοὺμενον),</span> <span class='ocrx_word' id='word_1_311' title='bbox 3502 1604 3659 1675; x_wconf 82' lang='grc' dir='ltr'>ὅπερ,</span> <span class='ocrx_word' id='word_1_312' title='bbox 3697 1604 3744 1656; x_wconf 82' lang='grc' dir='ltr'>εἰ</span> <span class='ocrx_word' id='word_1_313' title='bbox 3777 1603 3836 1666; x_wconf 74' lang='grc' dir='ltr'>ἐξ</span> <span class='ocrx_word' id='word_1_314' title='bbox 3893 1601 4073 1655; x_wconf 72' lang='grc' dir='ltr'>ἑκατὸν</span> 
     </span>
    </p>
   </div>
   <div class='ocr_carea' id='block_1_45' title="bbox 2518 1695 4072 1768">
    <p class='ocr_par' dir='ltr' id='par_1_45' title="bbox 2518 1695 4072 1768">
     <span class='ocr_line' id='line_1_45' title="bbox 2518 1695 4072 1768; baseline -0.003 -17"><span class='ocrx_word' id='word_1_315' title='bbox 2518 1696 2829 1766; x_wconf 79' lang='grc' dir='ltr'>συγκεῖσθαι</span> <span class='ocrx_word' id='word_1_316' title='bbox 2872 1695 3137 1766; x_wconf 74' lang='grc' dir='ltr'>εἴποιμεν,</span> <span class='ocrx_word' id='word_1_317' title='bbox 3165 1695 3316 1750; x_wconf 77' lang='grc' dir='ltr'>οὐδὲν</span> <span class='ocrx_word' id='word_1_318' title='bbox 3349 1696 3482 1768; x_wconf 82' lang='grc' dir='ltr'>πρὸς</span> <span class='ocrx_word' id='word_1_319' title='bbox 3512 1695 3610 1759; x_wconf 72' lang='grc' dir='ltr'>τὰς</span> <span class='ocrx_word' id='word_1_320' title='bbox 3653 1695 3814 1758; x_wconf 82' lang='grc' dir='ltr'>τόσας</span> <span class='ocrx_word' id='word_1_321' title='bbox 3847 1695 4072 1766; x_wconf 72' lang='grc' dir='ltr'>χιλιάδας</span> 
     </span>
    </p>
   </div>
   <div class='ocr_carea' id='block_1_46' title="bbox 2515 1786 4073 1862">
    <p class='ocr_par' dir='ltr' id='par_1_46' title="bbox 2515 1786 4073 1862">
     <span class='ocr_line' id='line_1_46' title="bbox 2515 1786 4073 1862; baseline -0.004 -18"><span class='ocrx_word' id='word_1_322' title='bbox 2515 1791 2608 1844; x_wconf 70' lang='grc' dir='ltr'>καὶ</span> <span class='ocrx_word' id='word_1_323' title='bbox 2658 1789 2923 1862; x_wconf 81' lang='grc' dir='ltr'>μυριάδας</span> <span class='ocrx_word' id='word_1_324' title='bbox 2966 1806 2978 1819; x_wconf 74' lang='grc' dir='ltr'>ο</span> <span class='ocrx_word' id='word_1_325' title='bbox 3017 1791 3065 1841; x_wconf 89' lang='grc' dir='ltr'><strong>εί</strong></span> <span class='ocrx_word' id='word_1_326' title='bbox 3096 1789 3152 1842; x_wconf 81' lang='grc' dir='ltr'>δὲ</span> <span class='ocrx_word' id='word_1_327' title='bbox 3216 1790 3310 1842; x_wconf 70' lang='grc' dir='ltr'>καὶ</span> <span class='ocrx_word' id='word_1_328' title='bbox 3354 1789 3420 1840; x_wconf 85' lang='grc' dir='ltr'>ὲκ</span> <span class='ocrx_word' id='word_1_329' title='bbox 3472 1789 3678 1860; x_wconf 86' lang='grc' dir='ltr'>μυρίων</span> <span class='ocrx_word' id='word_1_330' title='bbox 3735 1786 4073 1856; x_wconf 72' lang='grc' dir='ltr'>συλλέγεσθαι</span> 
     </span>
    </p>
   </div>
   <div class='ocr_carea' id='block_1_47' title="bbox 2515 1878 4074 1952">
    <p class='ocr_par' dir='ltr' id='par_1_47' title="bbox 2515 1878 4074 1952">
     <span class='ocr_line' id='line_1_47' title="bbox 2515 1878 4074 1952; baseline -0.003 -16"><span class='ocrx_word' id='word_1_331' title='bbox 2515 1883 2782 1952; x_wconf 79' lang='grc' dir='ltr'>εἴποιμεν,</span> <span class='ocrx_word' id='word_1_332' title='bbox 2815 1881 2969 1935; x_wconf 82' lang='grc' dir='ltr'>οὑδὲν</span> <span class='ocrx_word' id='word_1_333' title='bbox 2993 1880 3155 1935; x_wconf 87' lang='grc' dir='ltr'>πάλιν</span> <span class='ocrx_word' id='word_1_334' title='bbox 3189 1879 3346 1935; x_wconf 87' lang='grc' dir='ltr'>τοῦτο</span> <span class='ocrx_word' id='word_1_335' title='bbox 3383 1881 3518 1951; x_wconf 77' lang='grc' dir='ltr'>πρὸς</span> <span class='ocrx_word' id='word_1_336' title='bbox 3543 1881 3632 1934; x_wconf 79' lang='grc' dir='ltr'>τὸν</span> <span class='ocrx_word' id='word_1_337' title='bbox 3665 1878 3802 1933; x_wconf 75' lang='grc' dir='ltr'>κατὰ</span> <span class='ocrx_word' id='word_1_338' title='bbox 3822 1878 3890 1933; x_wconf 80' lang='grc' dir='ltr'>τὰ</span> <span class='ocrx_word' id='word_1_339' title='bbox 3917 1879 4074 1951; x_wconf 74' lang='grc' dir='ltr'>μύρια</span> 
     </span>
    </p>
   </div>
   <div class='ocr_carea' id='block_1_48' title="bbox 2517 1972 4074 2047">
    <p class='ocr_par' dir='ltr' id='par_1_48' title="bbox 2517 1972 4074 2047">
     <span class='ocr_line' id='line_1_48' title="bbox 2517 1972 4074 2047; baseline -0.003 -18"><span class='ocrx_word' id='word_1_340' title='bbox 2517 1974 3045 2045; x_wconf 86' lang='grc' dir='ltr'>πολλαπλασιασμόν.</span> <span class='ocrx_word' id='word_1_341' title='bbox 3093 1973 3228 2047; x_wconf 71' lang='grc' dir='ltr'>Περὶ</span> <span class='ocrx_word' id='word_1_342' title='bbox 3277 1974 3372 2046; x_wconf 72' lang='grc' dir='ltr'>μὲν</span> <span class='ocrx_word' id='word_1_343' title='bbox 3402 1975 3511 2028; x_wconf 84' lang='grc' dir='ltr'><strong>τῶν</strong></span> <span class='ocrx_word' id='word_1_344' title='bbox 3555 1973 3756 2027; x_wconf 87' lang='grc' dir='ltr'>δώδεκα</span> <span class='ocrx_word' id='word_1_345' title='bbox 3809 1972 4074 2043; x_wconf 76' lang='grc' dir='ltr'>λεγεώνων</span> 
     </span>
    </p>
   </div>
   <div class='ocr_carea' id='block_1_49' title="bbox 2516 2067 4071 2140">
    <p class='ocr_par' dir='ltr' id='par_1_49' title="bbox 2516 2067 4071 2140">
     <span class='ocr_line' id='line_1_49' title="bbox 2516 2067 4071 2140; baseline -0.001 -19"><span class='ocrx_word' id='word_1_346' title='bbox 2516 2069 2674 2132; x_wconf 79' lang='grc' dir='ltr'>άλλος</span> <span class='ocrx_word' id='word_1_347' title='bbox 2711 2068 2808 2140; x_wconf 76' lang='grc' dir='ltr'>μὲν</span> <span class='ocrx_word' id='word_1_348' title='bbox 2840 2067 2966 2123; x_wconf 85' lang='grc' dir='ltr'>ἀλλο</span> <span class='ocrx_word' id='word_1_349' title='bbox 3014 2086 3064 2121; x_wconf 84' lang='grc' dir='ltr'><strong>τι</strong></span> <span class='ocrx_word' id='word_1_350' title='bbox 3114 2068 3256 2121; x_wconf 76' lang='grc' dir='ltr'>εἴποι</span> <span class='ocrx_word' id='word_1_351' title='bbox 3287 2068 3445 2138; x_wconf 77' lang='grc' dir='ltr'>τυχὸν</span> <span class='ocrx_word' id='word_1_352' title='bbox 3484 2067 3810 2139; x_wconf 74' lang='grc' dir='ltr'>ὑψηλότερον</span> <span class='ocrx_word' id='word_1_353' title='bbox 3864 2068 3950 2120; x_wconf 83' lang='grc' dir='ltr'><strong>καὶ</strong></span> <span class='ocrx_word' id='word_1_354' title='bbox 3991 2084 4071 2119; x_wconf 82' lang='grc' dir='ltr'><strong>σο-</strong></span> 
     </span>
    </p>
   </div>
   <div class='ocr_carea' id='block_1_50' title="bbox 2516 2159 4072 2235">
    <p class='ocr_par' dir='ltr' id='par_1_50' title="bbox 2516 2159 4072 2235">
     <span class='ocr_line' id='line_1_50' title="bbox 2516 2159 4072 2235; baseline -0.003 -20"><span class='ocrx_word' id='word_1_355' title='bbox 2516 2165 2777 2235; x_wconf 70' lang='grc' dir='ltr'>φώτερον,</span> <span class='ocrx_word' id='word_1_356' title='bbox 2811 2161 2953 2216; x_wconf 85' lang='grc' dir='ltr'><strong>κατά</strong></span> <span class='ocrx_word' id='word_1_357' title='bbox 2983 2162 3078 2232; x_wconf 82' lang='grc' dir='ltr'>τὴν</span> <span class='ocrx_word' id='word_1_358' title='bbox 3109 2161 3390 2232; x_wconf 81' lang='grc' dir='ltr'>διδομένην</span> <span class='ocrx_word' id='word_1_359' title='bbox 3424 2161 3572 2232; x_wconf 83' lang='grc' dir='ltr'><strong>παρά</strong></span> <span class='ocrx_word' id='word_1_360' title='bbox 3601 2159 3695 2214; x_wconf 88' lang='grc' dir='ltr'><strong>τοῦ</strong></span> <span class='ocrx_word' id='word_1_361' title='bbox 3729 2161 3930 2230; x_wconf 81' lang='grc' dir='ltr'>ἀγαθοῦ</span> <span class='ocrx_word' id='word_1_362' title='bbox 3945 2159 4072 2214; x_wconf 79' lang='grc' dir='ltr'>Θεοῦ</span> 
     </span>
    </p>
   </div>
   <div class='ocr_carea' id='block_1_51' title="bbox 2517 2250 4075 2325">
    <p class='ocr_par' dir='ltr' id='par_1_51' title="bbox 2517 2250 4075 2325">
     <span class='ocr_line' id='line_1_51' title="bbox 2517 2250 4075 2325; baseline -0.001 -19"><span class='ocrx_word' id='word_1_363' title='bbox 2517 2255 2609 2306; x_wconf 77' lang='grc' dir='ltr'><strong>καὶ</strong></span> <span class='ocrx_word' id='word_1_364' title='bbox 2626 2254 2876 2325; x_wconf 82' lang='grc' dir='ltr'><strong>Σωτῆρος</strong></span> <span class='ocrx_word' id='word_1_365' title='bbox 2902 2253 3055 2323; x_wconf 76' lang='grc' dir='ltr'>ἡμῶν</span> <span class='ocrx_word' id='word_1_366' title='bbox 3089 2250 3261 2325; x_wconf 83' lang='grc' dir='ltr'>Ἰησοῦ</span> <span class='ocrx_word' id='word_1_367' title='bbox 3285 2253 3518 2323; x_wconf 82' lang='grc' dir='ltr'>Χριστοῦ</span> <span class='ocrx_word' id='word_1_368' title='bbox 3540 2254 3720 2323; x_wconf 76' lang='grc' dir='ltr'>χάρινο</span> <span class='ocrx_word' id='word_1_369' title='bbox 3751 2251 3781 2304; x_wconf 84' lang='grc' dir='ltr'><strong>δ</strong></span> <span class='ocrx_word' id='word_1_370' title='bbox 3818 2251 3941 2319; x_wconf 84' lang='grc' dir='ltr'>γοῦν</span> <span class='ocrx_word' id='word_1_371' title='bbox 3961 2253 4075 2323; x_wconf 68' lang='grc' dir='ltr'><strong>ἐμοὶ</strong></span> 
     </span>
    </p>
   </div>
   <div class='ocr_carea' id='block_1_52' title="bbox 2515 2342 4075 2418">
    <p class='ocr_par' dir='ltr' id='par_1_52' title="bbox 2515 2342 4075 2418">
     <span class='ocr_line' id='line_1_52' title="bbox 2515 2342 4075 2418; baseline -0.003 -18"><span class='ocrx_word' id='word_1_372' title='bbox 2515 2347 2650 2418; x_wconf 80' lang='grc' dir='ltr'>πρὸς</span> <span class='ocrx_word' id='word_1_373' title='bbox 2681 2345 2742 2398; x_wconf 88' lang='grc' dir='ltr'>τὸ</span> <span class='ocrx_word' id='word_1_374' title='bbox 2769 2344 2941 2416; x_wconf 79' lang='grc' dir='ltr'>παρὸν</span> <span class='ocrx_word' id='word_1_375' title='bbox 2976 2345 3386 2413; x_wconf 75' lang='grc' dir='ltr'>καταφαίνεται,</span> <span class='ocrx_word' id='word_1_376' title='bbox 3411 2345 3458 2396; x_wconf 89' lang='grc' dir='ltr'>εί</span> <span class='ocrx_word' id='word_1_377' title='bbox 3492 2345 3596 2414; x_wconf 83' lang='grc' dir='ltr'><strong>χρή</strong></span> <span class='ocrx_word' id='word_1_378' title='bbox 3629 2362 3680 2396; x_wconf 86' lang='grc' dir='ltr'>τι</span> <span class='ocrx_word' id='word_1_379' title='bbox 3709 2342 3802 2397; x_wconf 73' lang='grc' dir='ltr'>καὶ</span> <span class='ocrx_word' id='word_1_380' title='bbox 3842 2345 3937 2414; x_wconf 76' lang='grc' dir='ltr'><strong>ἐμὲ</strong></span> <span class='ocrx_word' id='word_1_381' title='bbox 3971 2344 4075 2396; x_wconf 80' lang='grc' dir='ltr'>τολ-</span> 
     </span>
    </p>
   </div>
   <div class='ocr_carea' id='block_1_53' title="bbox 2518 2434 4072 2509">
    <p class='ocr_par' dir='ltr' id='par_1_53' title="bbox 2518 2434 4072 2509">
     <span class='ocr_line' id='line_1_53' title="bbox 2518 2434 4072 2509; baseline -0.003 -19"><span class='ocrx_word' id='word_1_382' title='bbox 2518 2439 2683 2509; x_wconf 86' lang='grc' dir='ltr'>μῆσαι</span> <span class='ocrx_word' id='word_1_383' title='bbox 2720 2437 2857 2509; x_wconf 75' lang='grc' dir='ltr'>πρὸς</span> <span class='ocrx_word' id='word_1_384' title='bbox 2901 2436 3091 2499; x_wconf 88' lang='grc' dir='ltr'>ταῦτα,</span> <span class='ocrx_word' id='word_1_385' title='bbox 3132 2438 3210 2491; x_wconf 81' lang='grc' dir='ltr'><strong>ὅτι</strong></span> <span class='ocrx_word' id='word_1_386' title='bbox 3262 2436 3501 2506; x_wconf 82' lang='grc' dir='ltr'><strong>μεγάλης</strong></span> <span class='ocrx_word' id='word_1_387' title='bbox 3550 2434 3950 2505; x_wconf 78' lang='grc' dir='ltr'><strong>φιλανθρωπίας</strong></span> <span class='ocrx_word' id='word_1_388' title='bbox 3994 2434 4072 2487; x_wconf 77' lang='grc' dir='ltr'><strong>ἓν·</strong></span> 
     </span>
    </p>
   </div>
   <div class='ocr_carea' id='block_1_54' title="bbox 2513 2521 4074 2600">
    <p class='ocr_par' dir='ltr' id='par_1_54' title="bbox 2513 2521 4074 2600">
     <span class='ocr_line' id='line_1_54' title="bbox 2513 2521 4074 2600; baseline -0.004 -17"><span class='ocrx_word' id='word_1_389' title='bbox 2513 2528 2679 2596; x_wconf 88' lang='grc' dir='ltr'>δειξιν</span> <span class='ocrx_word' id='word_1_390' title='bbox 2713 2529 2824 2600; x_wconf 68' lang='grc' dir='ltr'>ἔχει</span> <span class='ocrx_word' id='word_1_391' title='bbox 2856 2527 2916 2581; x_wconf 79' lang='grc' dir='ltr'><strong>τὸ</strong></span> <span class='ocrx_word' id='word_1_392' title='bbox 2944 2526 3086 2600; x_wconf 84' lang='grc' dir='ltr'>ίερδν</span> <span class='ocrx_word' id='word_1_393' title='bbox 3119 2527 3316 2594; x_wconf 89' lang='grc' dir='ltr'>λόγιον.</span> <span class='ocrx_word' id='word_1_394' title='bbox 3355 2526 3417 2579; x_wconf 86' lang='grc' dir='ltr'>Εί</span> <span class='ocrx_word' id='word_1_395' title='bbox 3450 2524 3558 2596; x_wconf 78' lang='grc' dir='ltr'><strong>γάρ</strong></span> <span class='ocrx_word' id='word_1_396' title='bbox 3592 2526 3685 2578; x_wconf 72' lang='grc' dir='ltr'><strong>καὶ</strong></span> <span class='ocrx_word' id='word_1_397' title='bbox 3727 2526 3915 2578; x_wconf 78' lang='grc' dir='ltr'>ἒνδεκα</span> <span class='ocrx_word' id='word_1_398' title='bbox 3943 2521 4074 2595; x_wconf 76' lang='grc' dir='ltr'>ἦσαν</span> 
     </span>
    </p>
   </div>
   <div class='ocr_carea' id='block_1_55' title="bbox 2514 2613 4075 2692">
    <p class='ocr_par' dir='ltr' id='par_1_55' title="bbox 2514 2613 4075 2692">
     <span class='ocr_line' id='line_1_55' title="bbox 2514 2613 4075 2692; baseline -0.004 -16"><span class='ocrx_word' id='word_1_399' title='bbox 2514 2625 2563 2676; x_wconf 85' lang='grc' dir='ltr'><strong>οἱ</strong></span> <span class='ocrx_word' id='word_1_400' title='bbox 2596 2622 2755 2692; x_wconf 75' lang='grc' dir='ltr'>δῆθεν</span> <span class='ocrx_word' id='word_1_401' title='bbox 2789 2621 3198 2691; x_wconf 76' lang='grc' dir='ltr'>ὲτοιμαζόμενοι</span> <span class='ocrx_word' id='word_1_402' title='bbox 3229 2619 3457 2689; x_wconf 75' lang='grc' dir='ltr'>βοηθεῖν,</span> <span class='ocrx_word' id='word_1_403' title='bbox 3484 2617 3576 2671; x_wconf 89' lang='grc' dir='ltr'>τοῦ</span> <span class='ocrx_word' id='word_1_404' title='bbox 3611 2616 3816 2689; x_wconf 79' lang='grc' dir='ltr'>Πέτρου</span> <span class='ocrx_word' id='word_1_405' title='bbox 3829 2613 3936 2670; x_wconf 76' lang='grc' dir='ltr'>οἷον</span> <span class='ocrx_word' id='word_1_406' title='bbox 3961 2634 4075 2688; x_wconf 84' lang='grc' dir='ltr'>προ-</span> 
     </span>
    </p>
   </div>
   <div class='ocr_carea' id='block_1_56' title="bbox 2520 2708 4070 2785">
    <p class='ocr_par' dir='ltr' id='par_1_56' title="bbox 2520 2708 4070 2785">
     <span class='ocr_line' id='line_1_56' title="bbox 2520 2708 4070 2785; baseline -0.003 -17"><span class='ocrx_word' id='word_1_407' title='bbox 2520 2714 2839 2785; x_wconf 82' lang='grc' dir='ltr'>μαχοῦντος,</span> <span class='ocrx_word' id='word_1_408' title='bbox 2875 2714 2988 2767; x_wconf 87' lang='grc' dir='ltr'>ἀλλ’</span> <span class='ocrx_word' id='word_1_409' title='bbox 3023 2708 3114 2766; x_wconf 82' lang='grc' dir='ltr'>οὖν</span> <span class='ocrx_word' id='word_1_410' title='bbox 3147 2715 3179 2784; x_wconf 83' lang='grc' dir='ltr'>ὴ</span> <span class='ocrx_word' id='word_1_411' title='bbox 3217 2712 3391 2765; x_wconf 87' lang='grc' dir='ltr'>πάντα</span> <span class='ocrx_word' id='word_1_412' title='bbox 3420 2711 3578 2780; x_wconf 88' lang='grc' dir='ltr'>λόγον</span> <span class='ocrx_word' id='word_1_413' title='bbox 3611 2710 3814 2763; x_wconf 84' lang='grc' dir='ltr'>νικῶσα</span> <span class='ocrx_word' id='word_1_414' title='bbox 3845 2710 3938 2762; x_wconf 89' lang='grc' dir='ltr'>τοῦ</span> <span class='ocrx_word' id='word_1_415' title='bbox 3981 2727 4070 2778; x_wconf 86' lang='grc' dir='ltr'>με·</span> 
     </span>
    </p>
   </div>
   <div class='ocr_carea' id='block_1_57' title="bbox 2515 2799 4074 2876">
    <p class='ocr_par' dir='ltr' id='par_1_57' title="bbox 2515 2799 4074 2876">
     <span class='ocr_line' id='line_1_57' title="bbox 2515 2799 4074 2876; baseline -0.006 -15"><span class='ocrx_word' id='word_1_416' title='bbox 2515 2807 2682 2876; x_wconf 86' lang='grc' dir='ltr'>γάλου</span> <span class='ocrx_word' id='word_1_417' title='bbox 2727 2804 2860 2859; x_wconf 83' lang='grc' dir='ltr'>Θεοῦ</span> <span class='ocrx_word' id='word_1_418' title='bbox 2896 2805 2993 2859; x_wconf 65' lang='grc' dir='ltr'><strong>κα)⁸</strong></span> <span class='ocrx_word' id='word_1_419' title='bbox 3023 2803 3276 2876; x_wconf 83' lang='grc' dir='ltr'><strong>Σωτῆρος</strong></span> <span class='ocrx_word' id='word_1_420' title='bbox 3319 2803 3473 2875; x_wconf 82' lang='grc' dir='ltr'>ἡμῶν</span> <span class='ocrx_word' id='word_1_421' title='bbox 3511 2799 3684 2874; x_wconf 82' lang='grc' dir='ltr'>Ἰησοῦ</span> <span class='ocrx_word' id='word_1_422' title='bbox 3733 2800 3964 2872; x_wconf 77' lang='grc' dir='ltr'>Χριστοῦ</span> <span class='ocrx_word' id='word_1_423' title='bbox 3997 2818 4074 2870; x_wconf 68' lang='grc' dir='ltr'><strong>φι-</strong></span> 
     </span>
    </p>
   </div>
   <div class='ocr_carea' id='block_1_58' title="bbox 2513 2893 4074 2971">
    <p class='ocr_par' dir='ltr' id='par_1_58' title="bbox 2513 2893 4074 2971">
     <span class='ocr_line' id='line_1_58' title="bbox 2513 2893 4074 2971; baseline -0.003 -20"><span class='ocrx_word' id='word_1_424' title='bbox 2513 2898 2848 2971; x_wconf 79' lang='grc' dir='ltr'>λανθρωπία,</span> <span class='ocrx_word' id='word_1_425' title='bbox 2896 2893 3007 2951; x_wconf 74' lang='grc' dir='ltr'>οἷον</span> <span class='ocrx_word' id='word_1_426' title='bbox 3058 2895 3350 2968; x_wconf 80' lang='grc' dir='ltr'>ὲξεχομένη</span> <span class='ocrx_word' id='word_1_427' title='bbox 3416 2895 3511 2948; x_wconf 74' lang='grc' dir='ltr'>καὶ</span> <span class='ocrx_word' id='word_1_428' title='bbox 3563 2894 3656 2948; x_wconf 88' lang='grc' dir='ltr'><strong>τοῦ</strong></span> <span class='ocrx_word' id='word_1_429' title='bbox 3707 2895 3945 2966; x_wconf 75' lang='grc' dir='ltr'><strong>ἑταίρου,</strong></span> <span class='ocrx_word' id='word_1_430' title='bbox 3989 2894 4074 2947; x_wconf 67' lang='grc' dir='ltr'>καὶ</span> 
     </span>
    </p>
   </div>
   <div class='ocr_carea' id='block_1_59' title="bbox 2514 2985 4075 3060">
    <p class='ocr_par' dir='ltr' id='par_1_59' title="bbox 2514 2985 4075 3060">
     <span class='ocr_line' id='line_1_59' title="bbox 2514 2985 4075 3060; baseline -0.004 -17"><span class='ocrx_word' id='word_1_431' title='bbox 2514 2991 2593 3043; x_wconf 75' lang='grc' dir='ltr'>ἔτι</span> <span class='ocrx_word' id='word_1_432' title='bbox 2628 2988 2998 3060; x_wconf 82' lang='grc' dir='ltr'>κηδεμονικῶς</span> <span class='ocrx_word' id='word_1_433' title='bbox 3024 2988 3161 3060; x_wconf 82' lang='grc' dir='ltr'>πρὸς</span> <span class='ocrx_word' id='word_1_434' title='bbox 3193 2990 3397 3040; x_wconf 75' lang='grc' dir='ltr'>ἐκεῖνον</span> <span class='ocrx_word' id='word_1_435' title='bbox 3420 2987 3634 3056; x_wconf 80' lang='grc' dir='ltr'>εχουσα,</span> <span class='ocrx_word' id='word_1_436' title='bbox 3657 2991 3748 3036; x_wconf 81' lang='grc' dir='ltr'><strong>τὸν</strong></span> <span class='ocrx_word' id='word_1_437' title='bbox 3773 2985 4075 3039; x_wconf 79' lang='grc' dir='ltr'>ἀπολωλότα</span> 
     </span>
    </p>
   </div>
   <div class='ocr_carea' id='block_1_60' title="bbox 2513 3076 4075 3150">
    <p class='ocr_par' dir='ltr' id='par_1_60' title="bbox 2513 3076 4075 3150">
     <span class='ocr_line' id='line_1_60' title="bbox 2513 3076 4075 3150; baseline -0.003 -17"><span class='ocrx_word' id='word_1_438' title='bbox 2513 3079 2722 3144; x_wconf 74' lang='grc' dir='ltr'>τούτοις</span> <span class='ocrx_word' id='word_1_439' title='bbox 2771 3079 3089 3150; x_wconf 83' lang='grc' dir='ltr'>συναριθμεῖ</span> <span class='ocrx_word' id='word_1_440' title='bbox 3115 3095 3130 3108; x_wconf 69' lang='grc'><strong>⁸</strong></span> <span class='ocrx_word' id='word_1_441' title='bbox 3166 3078 3259 3132; x_wconf 73' lang='grc' dir='ltr'>καὶ</span> <span class='ocrx_word' id='word_1_442' title='bbox 3302 3077 3424 3130; x_wconf 81' lang='grc' dir='ltr'>καθ’</span> <span class='ocrx_word' id='word_1_443' title='bbox 3457 3077 3554 3130; x_wconf 70' lang='grc' dir='ltr'>ἱνα</span> <span class='ocrx_word' id='word_1_444' title='bbox 3606 3077 3808 3130; x_wconf 79' lang='grc' dir='ltr'>τούτων</span> <span class='ocrx_word' id='word_1_445' title='bbox 3852 3076 4075 3144; x_wconf 79' lang='grc' dir='ltr'>λεγεῶνα</span> 
     </span>
    </p>
   </div>
   <div class='ocr_carea' id='block_1_61' title="bbox 2517 3164 4074 3241">
    <p class='ocr_par' dir='ltr' id='par_1_61' title="bbox 2517 3164 4074 3241">
     <span class='ocr_line' id='line_1_61' title="bbox 2517 3164 4074 3241; baseline -0.006 -16"><span class='ocrx_word' id='word_1_446' title='bbox 2517 3173 2762 3241; x_wconf 81' lang='grc' dir='ltr'>ἀγγέλων</span> <span class='ocrx_word' id='word_1_447' title='bbox 2797 3170 3028 3239; x_wconf 78' lang='grc' dir='ltr'>ζητῆσαι</span> <span class='ocrx_word' id='word_1_448' title='bbox 3063 3167 3208 3237; x_wconf 81' lang='grc' dir='ltr'>λέγει</span> <span class='ocrx_word' id='word_1_449' title='bbox 3241 3166 3541 3220; x_wconf 80' lang='grc' dir='ltr'>δύνασθαι·</span> <span class='ocrx_word' id='word_1_450' title='bbox 3579 3164 3658 3218; x_wconf 67' lang='grc' dir='ltr'><strong>ἔτι</strong></span> <span class='ocrx_word' id='word_1_451' title='bbox 3697 3165 3755 3218; x_wconf 83' lang='grc' dir='ltr'>δὲ</span> <span class='ocrx_word' id='word_1_452' title='bbox 3810 3164 3969 3219; x_wconf 79' lang='grc' dir='ltr'>πλέον</span> <span class='ocrx_word' id='word_1_453' title='bbox 4006 3167 4074 3226; x_wconf 83' lang='grc' dir='ltr'><strong>είς</strong></span> 
     </span>
    </p>
   </div>
   <div class='ocr_carea' id='block_1_62' title="bbox 854 3246 2503 3344">
    <p class='ocr_par' dir='ltr' id='par_1_62' title="bbox 854 3246 2483 3344">
     <span class='ocr_line' id='line_1_62' title="bbox 854 3246 2483 3344; baseline 0.003 -44"><span class='ocrx_word' id='word_1_454' title='bbox 854 3246 1277 3312; x_wconf 84' lang='lat' dir='ltr'><strong>multitudinem,</strong></span> <span class='ocrx_word' id='word_1_455' title='bbox 1313 3263 1380 3304; x_wconf 93' lang='lat' dir='ltr'><strong>ac</strong></span> <span class='ocrx_word' id='word_1_456' title='bbox 1417 3248 1742 3319; x_wconf 78' lang='lat' dir='ltr'><strong>postulantis</strong></span> <span class='ocrx_word' id='word_1_457' title='bbox 1766 3248 2218 3337; x_wconf 70' lang='lat' dir='ltr'><strong>magniﬁcentiam</strong></span> <span class='ocrx_word' id='word_1_458' title='bbox 2253 3249 2415 3322; x_wconf 69' lang='lat'><strong>128</strong></span> <span class='ocrx_word' id='word_1_459' title='bbox 2441 3286 2483 3344; x_wconf 63' lang='grc' dir='ltr'>α</span> 
     </span>
    </p>
   </div>
   <div class='ocr_carea' id='block_1_63' title="bbox 2423 3246 4072 3344">
    <p class='ocr_par' dir='ltr' id='par_1_63' title="bbox 2441 3255 4072 3344">
     <span class='ocr_line' id='line_1_63' title="bbox 2441 3255 4072 3344; baseline -0.006 -28"><span class='ocrx_word' id='word_1_460' title='bbox 2441 3286 2483 3344; x_wconf 74' lang='lat' dir='ltr'>c</span> <span class='ocrx_word' id='word_1_461' title='bbox 2517 3261 2738 3328; x_wconf 72' lang='grc' dir='ltr'>ἔνδειξιν</span> <span class='ocrx_word' id='word_1_462' title='bbox 2767 3260 2862 3315; x_wconf 81' lang='grc' dir='ltr'><strong>τοῦ</strong></span> <span class='ocrx_word' id='word_1_463' title='bbox 2895 3259 3002 3313; x_wconf 84' lang='grc' dir='ltr'><strong>τῶν</strong></span> <span class='ocrx_word' id='word_1_464' title='bbox 3026 3259 3271 3328; x_wconf 88' lang='grc' dir='ltr'>ἀγγέλων</span> <span class='ocrx_word' id='word_1_465' title='bbox 3297 3256 3552 3329; x_wconf 82' lang='grc' dir='ltr'>πλήθους,</span> <span class='ocrx_word' id='word_1_466' title='bbox 3578 3256 3671 3310; x_wconf 74' lang='grc' dir='ltr'>καὶ</span> <span class='ocrx_word' id='word_1_467' title='bbox 3695 3257 3792 3326; x_wconf 76' lang='grc' dir='ltr'>τῆς</span> <span class='ocrx_word' id='word_1_468' title='bbox 3812 3255 3906 3309; x_wconf 90' lang='grc' dir='ltr'>τοῦ</span> <span class='ocrx_word' id='word_1_469' title='bbox 3930 3256 4072 3324; x_wconf 74' lang='grc' dir='ltr'>αἰτη-</span> 
     </span>
    </p>
   </div>
   <div class='ocr_carea' id='block_1_64' title="bbox 850 3332 2416 3397">
    <p class='ocr_par' dir='ltr' id='par_1_64' title="bbox 850 3332 2416 3397">
     <span class='ocr_line' id='line_1_64' title="bbox 850 3332 2416 3397; baseline 0.001 -2"><span class='ocrx_word' id='word_1_470' title='bbox 850 3348 907 3395; x_wconf 87' lang='lat' dir='ltr'><strong>et</strong></span> <span class='ocrx_word' id='word_1_471' title='bbox 933 3340 1273 3396; x_wconf 81' lang='lat' dir='ltr'><strong>divinitatem</strong></span> <span class='ocrx_word' id='word_1_472' title='bbox 1311 3340 1636 3396; x_wconf 85' lang='lat' dir='ltr'><strong>declararet.</strong></span> <span class='ocrx_word' id='word_1_473' title='bbox 1668 3342 1766 3397; x_wconf 90' lang='lat' dir='ltr'><strong>Cui</strong></span> <span class='ocrx_word' id='word_1_474' title='bbox 1803 3343 1948 3397; x_wconf 88' lang='lat' dir='ltr'><strong>enim</strong></span> <span class='ocrx_word' id='word_1_475' title='bbox 1997 3332 2165 3396; x_wconf 82' lang='lat' dir='ltr'><strong>alteri</strong></span> <span class='ocrx_word' id='word_1_476' title='bbox 2203 3350 2282 3396; x_wconf 89' lang='lat' dir='ltr'><strong>tot</strong></span> <span class='ocrx_word' id='word_1_477' title='bbox 2318 3359 2416 3396; x_wconf 86' lang='lat' dir='ltr'><strong>uu-</strong></span> 
     </span>
    </p>
   </div>
   <div class='ocr_carea' id='block_1_65' title="bbox 850 3434 2414 3504">
    <p class='ocr_par' dir='ltr' id='par_1_65' title="bbox 850 3434 2414 3504">
     <span class='ocr_line' id='line_1_65' title="bbox 850 3434 2414 3504; baseline 0.006 -21"><span class='ocrx_word' id='word_1_478' title='bbox 850 3447 1014 3502; x_wconf 85' lang='lat' dir='ltr'><strong>quam</strong></span> <span class='ocrx_word' id='word_1_479' title='bbox 1049 3434 1475 3490; x_wconf 69' lang='lat' dir='ltr'><strong>succurrerent?</strong></span> <span class='ocrx_word' id='word_1_480' title='bbox 1501 3435 1576 3490; x_wconf 86' lang='lat' dir='ltr'><strong>De</strong></span> <span class='ocrx_word' id='word_1_481' title='bbox 1596 3435 1680 3490; x_wconf 86' lang='lat' dir='ltr'><strong>his</strong></span> <span class='ocrx_word' id='word_1_482' title='bbox 1705 3437 1923 3504; x_wconf 84' lang='lat' dir='ltr'><strong>quidem</strong></span> <span class='ocrx_word' id='word_1_483' title='bbox 1943 3435 2082 3489; x_wconf 85' lang='lat' dir='ltr'><strong>alius</strong></span> <span class='ocrx_word' id='word_1_484' title='bbox 2095 3447 2180 3490; x_wconf 86' lang='lat' dir='ltr'><strong>est</strong></span> <span class='ocrx_word' id='word_1_485' title='bbox 2203 3451 2414 3492; x_wconf 84' lang='lat' dir='ltr'><strong>sermo:</strong></span> 
     </span>
    </p>
   </div>
   <div class='ocr_carea' id='block_1_66' title="bbox 851 3527 2416 3586">
    <p class='ocr_par' dir='ltr' id='par_1_66' title="bbox 851 3527 2416 3586">
     <span class='ocr_line' id='line_1_66' title="bbox 851 3527 2416 3586; baseline 0.003 -5"><span class='ocrx_word' id='word_1_486' title='bbox 851 3527 940 3581; x_wconf 87' lang='lat' dir='ltr'><strong>hic</strong></span> <span class='ocrx_word' id='word_1_487' title='bbox 967 3541 1099 3581; x_wconf 89' lang='lat' dir='ltr'><strong>vero</strong></span> <span class='ocrx_word' id='word_1_488' title='bbox 1129 3537 1348 3582; x_wconf 68' lang='lat' dir='ltr'><strong>sanet-us</strong></span> <span class='ocrx_word' id='word_1_489' title='bbox 1376 3528 1444 3584; x_wconf 85' lang='lat' dir='ltr'><strong>de</strong></span> <span class='ocrx_word' id='word_1_490' title='bbox 1481 3529 1625 3584; x_wconf 84' lang='lat' dir='ltr'><strong>mille</strong></span> <span class='ocrx_word' id='word_1_491' title='bbox 1667 3528 1909 3583; x_wconf 88' lang='lat' dir='ltr'><strong>millibus</strong></span> <span class='ocrx_word' id='word_1_492' title='bbox 1948 3538 2005 3582; x_wconf 90' lang='lat' dir='ltr'><strong>et</strong></span> <span class='ocrx_word' id='word_1_493' title='bbox 2056 3529 2242 3585; x_wconf 86' lang='lat' dir='ltr'><strong>decies</strong></span> <span class='ocrx_word' id='word_1_494' title='bbox 2271 3532 2416 3586; x_wconf 88' lang='lat' dir='ltr'><strong>mille</strong></span> 
     </span>
    </p>
   </div>
   <div class='ocr_carea' id='block_1_67' title="bbox 853 3614 2416 3689">
    <p class='ocr_par' dir='ltr' id='par_1_67' title="bbox 853 3614 2416 3689">
     <span class='ocr_line' id='line_1_67' title="bbox 853 3614 2416 3689; baseline 0 -16"><span class='ocrx_word' id='word_1_495' title='bbox 853 3619 1038 3674; x_wconf 86' lang='lat' dir='ltr'><strong>decem</strong></span> <span class='ocrx_word' id='word_1_496' title='bbox 1065 3614 1303 3676; x_wconf 84' lang='lat' dir='ltr'><strong>millibus</strong></span> <span class='ocrx_word' id='word_1_497' title='bbox 1333 3620 1431 3685; x_wconf 83' lang='lat' dir='ltr'><strong>ait,</strong></span> <span class='ocrx_word' id='word_1_498' title='bbox 1467 3619 1807 3689; x_wconf 79' lang='lat' dir='ltr'><strong>Scripturam</strong></span> <span class='ocrx_word' id='word_1_499' title='bbox 1849 3633 2061 3674; x_wconf 88' lang='lat' dir='ltr'><strong>sacram</strong></span> <span class='ocrx_word' id='word_1_500' title='bbox 2089 3634 2153 3673; x_wconf 87' lang='lat' dir='ltr'><strong>ac</strong></span> <span class='ocrx_word' id='word_1_501' title='bbox 2181 3617 2416 3674; x_wconf 82' lang='lat' dir='ltr'><strong>divinam</strong></span> 
     </span>
    </p>
   </div>
   <div class='ocr_carea' id='block_1_68' title="bbox 851 3713 2416 3783">
    <p class='ocr_par' dir='ltr' id='par_1_68' title="bbox 851 3713 2416 3783">
     <span class='ocr_line' id='line_1_68' title="bbox 851 3713 2416 3783; baseline -0.002 -13"><span class='ocrx_word' id='word_1_502' title='bbox 851 3728 1092 3770; x_wconf 83' lang='lat' dir='ltr'><strong>summos</strong></span> <span class='ocrx_word' id='word_1_503' title='bbox 1127 3713 1248 3769; x_wconf 90' lang='lat' dir='ltr'><strong>illos</strong></span> <span class='ocrx_word' id='word_1_504' title='bbox 1279 3714 1369 3781; x_wconf 91' lang='lat' dir='ltr'><strong>qui</strong></span> <span class='ocrx_word' id='word_1_505' title='bbox 1402 3715 1542 3783; x_wconf 89' lang='lat' dir='ltr'><strong>apud</strong></span> <span class='ocrx_word' id='word_1_506' title='bbox 1600 3730 1702 3769; x_wconf 84' lang='lat' dir='ltr'><strong>nos</strong></span> <span class='ocrx_word' id='word_1_507' title='bbox 1741 3723 1890 3778; x_wconf 86' lang='lat' dir='ltr'><strong>sunt,</strong></span> <span class='ocrx_word' id='word_1_508' title='bbox 1940 3729 2216 3779; x_wconf 84' lang='lat' dir='ltr'><strong>numeros,</strong></span> <span class='ocrx_word' id='word_1_509' title='bbox 2251 3714 2416 3768; x_wconf 87' lang='lat' dir='ltr'><strong>millia</strong></span> 
     </span>
    </p>
   </div>
   <div class='ocr_carea' id='block_1_69' title="bbox 854 3803 2421 3876">
    <p class='ocr_par' dir='ltr' id='par_1_69' title="bbox 854 3803 2421 3876">
     <span class='ocr_line' id='line_1_69' title="bbox 854 3803 2421 3876; baseline 0.003 -20"><span class='ocrx_word' id='word_1_510' title='bbox 854 3804 1105 3859; x_wconf 83' lang='lat' dir='ltr'><strong>videlicet</strong></span> <span class='ocrx_word' id='word_1_511' title='bbox 1149 3814 1204 3859; x_wconf 89' lang='lat' dir='ltr'><strong>et</strong></span> <span class='ocrx_word' id='word_1_512' title='bbox 1232 3806 1370 3859; x_wconf 82' lang='lat' dir='ltr'><strong>dena</strong></span> <span class='ocrx_word' id='word_1_513' title='bbox 1405 3803 1594 3870; x_wconf 76' lang='lat' dir='ltr'><strong>millia,</strong></span> <span class='ocrx_word' id='word_1_514' title='bbox 1641 3807 1694 3859; x_wconf 91' lang='lat' dir='ltr'><strong>in</strong></span> <span class='ocrx_word' id='word_1_515' title='bbox 1730 3805 2056 3874; x_wconf 85' lang='lat' dir='ltr'><strong>semetipsos</strong></span> <span class='ocrx_word' id='word_1_516' title='bbox 2091 3806 2421 3876; x_wconf 73' lang='lat' dir='ltr'><strong>glomcrasse</strong></span> 
     </span>
    </p>
   </div>
   <div class='ocr_carea' id='block_1_70' title="bbox 855 3897 2420 3968">
    <p class='ocr_par' dir='ltr' id='par_1_70' title="bbox 855 3897 2420 3968">
     <span class='ocr_line' id='line_1_70' title="bbox 855 3897 2420 3968; baseline 0.003 -17"><span class='ocrx_word' id='word_1_517' title='bbox 855 3913 919 3952; x_wconf 87' lang='lat' dir='ltr'><strong>ac</strong></span> <span class='ocrx_word' id='word_1_518' title='bbox 950 3897 1362 3966; x_wconf 88' lang='lat' dir='ltr'><strong>multiplicasse,</strong></span> <span class='ocrx_word' id='word_1_519' title='bbox 1396 3912 1461 3953; x_wconf 91' lang='lat' dir='ltr'><strong>ac</strong></span> <span class='ocrx_word' id='word_1_520' title='bbox 1488 3913 1584 3968; x_wconf 88' lang='lat' dir='ltr'><strong>per</strong></span> <span class='ocrx_word' id='word_1_521' title='bbox 1619 3899 1720 3952; x_wconf 86' lang='lat' dir='ltr'><strong>hoc</strong></span> <span class='ocrx_word' id='word_1_522' title='bbox 1743 3909 1928 3968; x_wconf 81' lang='lat' dir='ltr'><strong>aperte</strong></span> <span class='ocrx_word' id='word_1_523' title='bbox 1955 3898 2282 3965; x_wconf 86' lang='lat' dir='ltr'><strong>declarasse,</strong></span> <span class='ocrx_word' id='word_1_524' title='bbox 2309 3915 2420 3956; x_wconf 70' lang='lat' dir='ltr'><strong>coe-</strong></span> 
     </span>
    </p>
   </div>
   <div class='ocr_carea' id='block_1_71' title="bbox 853 3990 2418 4048">
    <p class='ocr_par' dir='ltr' id='par_1_71' title="bbox 853 3990 2418 4048">
     <span class='ocr_line' id='line_1_71' title="bbox 853 3990 2418 4048; baseline 0.004 -6"><span class='ocrx_word' id='word_1_525' title='bbox 853 3990 1069 4045; x_wconf 84' lang='lat' dir='ltr'><strong>lestimn</strong></span> <span class='ocrx_word' id='word_1_526' title='bbox 1103 3992 1356 4046; x_wconf 84' lang='lat' dir='ltr'><strong>ordinum</strong></span> <span class='ocrx_word' id='word_1_527' title='bbox 1409 3992 1847 4046; x_wconf 83' lang='lat' dir='ltr'><strong>coordinationes</strong></span> <span class='ocrx_word' id='word_1_528' title='bbox 1901 3993 1953 4046; x_wconf 87' lang='lat' dir='ltr'><strong>id</strong></span> <span class='ocrx_word' id='word_1_529' title='bbox 1999 4001 2084 4047; x_wconf 84' lang='lat' dir='ltr'><strong>est</strong></span> <span class='ocrx_word' id='word_1_530' title='bbox 2113 3992 2418 4048; x_wconf 71' lang='lat' dir='ltr'><strong>cmlestium</strong></span> 
     </span>
    </p>
   </div>
   <div class='ocr_carea' id='block_1_72' title="bbox 853 4081 2420 4153">
    <p class='ocr_par' dir='ltr' id='par_1_72' title="bbox 853 4081 2420 4153">
     <span class='ocr_line' id='line_1_72' title="bbox 853 4081 2420 4153; baseline 0.003 -18"><span class='ocrx_word' id='word_1_531' title='bbox 853 4081 1115 4136; x_wconf 81' lang='lat' dir='ltr'><strong>virtutum</strong></span> <span class='ocrx_word' id='word_1_532' title='bbox 1146 4083 1447 4152; x_wconf 86' lang='lat' dir='ltr'><strong>supposita,</strong></span> <span class='ocrx_word' id='word_1_533' title='bbox 1478 4098 1506 4136; x_wconf 90' lang='lat' dir='ltr'><strong>a</strong></span> <span class='ocrx_word' id='word_1_534' title='bbox 1539 4082 1695 4138; x_wconf 87' lang='lat' dir='ltr'><strong>nobis</strong></span> <span class='ocrx_word' id='word_1_535' title='bbox 1731 4085 2072 4138; x_wconf 85' lang='lat' dir='ltr'><strong>annumerari</strong></span> <span class='ocrx_word' id='word_1_536' title='bbox 2105 4098 2208 4138; x_wconf 89' lang='lat' dir='ltr'><strong>non</strong></span> <span class='ocrx_word' id='word_1_537' title='bbox 2235 4099 2420 4153; x_wconf 86' lang='lat' dir='ltr'><strong>posse.</strong></span> 
     </span>
    </p>
   </div>
   <div class='ocr_carea' id='block_1_73' title="bbox 854 4174 2424 4245">
    <p class='ocr_par' dir='ltr' id='par_1_73' title="bbox 854 4174 2424 4245">
     <span class='ocr_line' id='line_1_73' title="bbox 854 4174 2424 4245; baseline 0.004 -17"><span class='ocrx_word' id='word_1_538' title='bbox 854 4174 1021 4231; x_wconf 81' lang='lat' dir='ltr'><strong>Nobis</strong></span> <span class='ocrx_word' id='word_1_539' title='bbox 1039 4187 1217 4231; x_wconf 89' lang='lat' dir='ltr'><strong>autem</strong></span> <span class='ocrx_word' id='word_1_540' title='bbox 1245 4177 1354 4230; x_wconf 79' lang='lat' dir='ltr'><strong>dixi</strong></span> <span class='ocrx_word' id='word_1_541' title='bbox 1384 4177 1815 4232; x_wconf 82' lang='lat' dir='ltr'><strong>innumerabiles</strong></span> <span class='ocrx_word' id='word_1_542' title='bbox 1840 4191 1985 4242; x_wconf 86' lang='lat' dir='ltr'><strong>esse,</strong></span> <span class='ocrx_word' id='word_1_543' title='bbox 2020 4178 2272 4245; x_wconf 90' lang='lat' dir='ltr'><strong>quoniam</strong></span> <span class='ocrx_word' id='word_1_544' title='bbox 2299 4178 2424 4234; x_wconf 88' lang='lat' dir='ltr'><strong>licet</strong></span> 
     </span>
    </p>
   </div>
   <div class='ocr_carea' id='block_1_74' title="bbox 862 4269 2420 4339">
    <p class='ocr_par' dir='ltr' id='par_1_74' title="bbox 862 4269 2420 4339">
     <span class='ocr_line' id='line_1_74' title="bbox 862 4269 2420 4339; baseline 0.003 -18"><span class='ocrx_word' id='word_1_545' title='bbox 862 4271 1020 4325; x_wconf 87' lang='lat' dir='ltr'><strong>nobis</strong></span> <span class='ocrx_word' id='word_1_546' title='bbox 1051 4269 1215 4339; x_wconf 75' lang='lat' dir='ltr'><strong>ignoti</strong></span> <span class='ocrx_word' id='word_1_547' title='bbox 1251 4269 1382 4333; x_wconf 86' lang='lat' dir='ltr'><strong>sint,</strong></span> <span class='ocrx_word' id='word_1_548' title='bbox 1416 4284 1519 4323; x_wconf 90' lang='lat' dir='ltr'><strong>non</strong></span> <span class='ocrx_word' id='word_1_549' title='bbox 1555 4279 1731 4323; x_wconf 85' lang='lat' dir='ltr'><strong>tamen</strong></span> <span class='ocrx_word' id='word_1_550' title='bbox 1762 4271 1984 4324; x_wconf 91' lang='lat' dir='ltr'><strong>omnino</strong></span> <span class='ocrx_word' id='word_1_551' title='bbox 2010 4281 2199 4325; x_wconf 89' lang='lat' dir='ltr'><strong>natura</strong></span> <span class='ocrx_word' id='word_1_552' title='bbox 2226 4271 2420 4325; x_wconf 79' lang='lat' dir='ltr'><strong>inﬁniti</strong></span> 
     </span>
    </p>
   </div>
   <div class='ocr_carea' id='block_1_75' title="bbox 855 4361 2425 4432">
    <p class='ocr_par' dir='ltr' id='par_1_75' title="bbox 855 4361 2425 4432">
     <span class='ocr_line' id='line_1_75' title="bbox 855 4361 2425 4432; baseline 0.001 -16"><span class='ocrx_word' id='word_1_553' title='bbox 855 4370 1002 4428; x_wconf 79' lang='lat' dir='ltr'><strong>sunt,</strong></span> <span class='ocrx_word' id='word_1_554' title='bbox 1033 4361 1130 4417; x_wconf 86' lang='lat' dir='ltr'><strong>sed</strong></span> <span class='ocrx_word' id='word_1_555' title='bbox 1177 4376 1364 4415; x_wconf 84' lang='lat' dir='ltr'><strong>eorum</strong></span> <span class='ocrx_word' id='word_1_556' title='bbox 1394 4361 1680 4416; x_wconf 90' lang='lat' dir='ltr'><strong>multitudo</strong></span> <span class='ocrx_word' id='word_1_557' title='bbox 1712 4371 1794 4416; x_wconf 90' lang='lat' dir='ltr'><strong>est</strong></span> <span class='ocrx_word' id='word_1_558' title='bbox 1835 4361 2212 4417; x_wconf 85' lang='lat' dir='ltr'><strong>determinata.</strong></span> <span class='ocrx_word' id='word_1_559' title='bbox 2242 4361 2425 4432; x_wconf 88' lang='lat' dir='ltr'><strong>Nuper</strong></span> 
     </span>
    </p>
   </div>
   <div class='ocr_carea' id='block_1_76' title="bbox 859 4450 2422 4522">
    <p class='ocr_par' dir='ltr' id='par_1_76' title="bbox 859 4450 2422 4522">
     <span class='ocr_line' id='line_1_76' title="bbox 859 4450 2422 4522; baseline -0.001 -16"><span class='ocrx_word' id='word_1_560' title='bbox 859 4455 1022 4507; x_wconf 84' lang='lat' dir='ltr'><strong>etiam</strong></span> <span class='ocrx_word' id='word_1_561' title='bbox 1055 4452 1276 4521; x_wconf 90' lang='lat' dir='ltr'><strong>quidam</strong></span> <span class='ocrx_word' id='word_1_562' title='bbox 1303 4467 1334 4506; x_wconf 91' lang='lat' dir='ltr'><strong>e</strong></span> <span class='ocrx_word' id='word_1_563' title='bbox 1365 4451 1702 4521; x_wconf 86' lang='lat' dir='ltr'><strong>sapientibus</strong></span> <span class='ocrx_word' id='word_1_564' title='bbox 1732 4453 1934 4506; x_wconf 84' lang='lat' dir='ltr'><strong>nostris</strong></span> <span class='ocrx_word' id='word_1_565' title='bbox 1963 4450 2192 4522; x_wconf 83' lang='lat' dir='ltr'><strong>(Psellus</strong></span> <span class='ocrx_word' id='word_1_566' title='bbox 2216 4451 2262 4507; x_wconf 88' lang='lat' dir='ltr'><strong>is</strong></span> <span class='ocrx_word' id='word_1_567' title='bbox 2284 4462 2422 4521; x_wconf 89' lang='lat' dir='ltr'><strong>erat,</strong></span> 
     </span>
    </p>
   </div>
   <div class='ocr_carea' id='block_1_77' title="bbox 855 4541 2424 4612">
    <p class='ocr_par' dir='ltr' id='par_1_77' title="bbox 855 4541 2424 4612">
     <span class='ocr_line' id='line_1_77' title="bbox 855 4541 2424 4612; baseline 0 -13"><span class='ocrx_word' id='word_1_568' title='bbox 855 4543 1153 4599; x_wconf 84' lang='lat' dir='ltr'><strong>scientillce</strong></span> <span class='ocrx_word' id='word_1_569' title='bbox 1179 4553 1234 4598; x_wconf 89' lang='lat' dir='ltr'><strong>et</strong></span> <span class='ocrx_word' id='word_1_570' title='bbox 1263 4542 1437 4611; x_wconf 75' lang='lat' dir='ltr'><strong>logice</strong></span> <span class='ocrx_word' id='word_1_571' title='bbox 1488 4541 1671 4612; x_wconf 76' lang='lat' dir='ltr'><strong>regula</strong></span> <span class='ocrx_word' id='word_1_572' title='bbox 1712 4542 2116 4598; x_wconf 84' lang='lat' dir='ltr'><strong>dialecticorum</strong></span> <span class='ocrx_word' id='word_1_573' title='bbox 2151 4552 2332 4608; x_wconf 86' lang='lat' dir='ltr'><strong>utens,</strong></span> <span class='ocrx_word' id='word_1_574' title='bbox 2359 4560 2424 4599; x_wconf 88' lang='lat' dir='ltr'><strong>ac</strong></span> 
     </span>
    </p>
   </div>
   <div class='ocr_carea' id='block_1_78' title="bbox 2521 3345 4074 3422">
    <p class='ocr_par' dir='ltr' id='par_1_78' title="bbox 2521 3345 4074 3422">
     <span class='ocr_line' id='line_1_78' title="bbox 2521 3345 4074 3422; baseline -0.005 -17"><span class='ocrx_word' id='word_1_575' title='bbox 2521 3352 2746 3422; x_wconf 86' lang='grc' dir='ltr'>σομένου</span> <span class='ocrx_word' id='word_1_576' title='bbox 2783 3349 3193 3422; x_wconf 82' lang='grc' dir='ltr'>μεγαλειότητος</span> <span class='ocrx_word' id='word_1_577' title='bbox 3225 3349 3317 3402; x_wconf 77' lang='grc' dir='ltr'>καὶ</span> <span class='ocrx_word' id='word_1_578' title='bbox 3338 3347 3606 3416; x_wconf 78' lang='grc' dir='ltr'>θεότητος.</span> <span class='ocrx_word' id='word_1_579' title='bbox 3636 3345 3762 3398; x_wconf 86' lang='grc' dir='ltr'>Τίνι</span> <span class='ocrx_word' id='word_1_580' title='bbox 3788 3347 3896 3417; x_wconf 81' lang='grc' dir='ltr'><strong>γὰρ</strong></span> <span class='ocrx_word' id='word_1_581' title='bbox 3921 3345 4074 3416; x_wconf 74' lang='grc' dir='ltr'>ἑτέρῳ</span> 
     </span>
    </p>
   </div>
   <div class='ocr_carea' id='block_1_79' title="bbox 2519 3437 4072 3513">
    <p class='ocr_par' dir='ltr' id='par_1_79' title="bbox 2519 3437 4072 3513">
     <span class='ocr_line' id='line_1_79' title="bbox 2519 3437 4072 3513; baseline -0.006 -15"><span class='ocrx_word' id='word_1_582' title='bbox 2519 3445 2666 3498; x_wconf 81' lang='grc' dir='ltr'>τόσοι</span> <span class='ocrx_word' id='word_1_583' title='bbox 2695 3442 3056 3513; x_wconf 76' lang='grc' dir='ltr'>βεϐοηθήκασι</span> <span class='ocrx_word' id='word_1_584' title='bbox 3090 3439 3345 3503; x_wconf 74' lang='grc' dir='ltr'>πώποτες</span> <span class='ocrx_word' id='word_1_585' title='bbox 3380 3439 3515 3509; x_wconf 80' lang='grc' dir='ltr'><strong>Περὶ</strong></span> <span class='ocrx_word' id='word_1_586' title='bbox 3550 3439 3643 3508; x_wconf 82' lang='grc' dir='ltr'>μὲν</span> <span class='ocrx_word' id='word_1_587' title='bbox 3671 3437 3876 3490; x_wconf 79' lang='grc' dir='ltr'>τούτων</span> <span class='ocrx_word' id='word_1_588' title='bbox 3908 3438 4072 3507; x_wconf 68' lang='grc' dir='ltr'>ἕτερος</span> 
     </span>
    </p>
   </div>
   <div class='ocr_carea' id='block_1_80' title="bbox 2520 3529 4072 3606">
    <p class='ocr_par' dir='ltr' id='par_1_80' title="bbox 2520 3529 4072 3606">
     <span class='ocr_line' id='line_1_80' title="bbox 2520 3529 4072 3606; baseline -0.007 -16"><span class='ocrx_word' id='word_1_589' title='bbox 2520 3538 2674 3606; x_wconf 88' lang='grc' dir='ltr'>λόγος</span> <span class='ocrx_word' id='word_1_590' title='bbox 2698 3553 2710 3566; x_wconf 93' lang='grc'><strong>·</strong></span> <span class='ocrx_word' id='word_1_591' title='bbox 2734 3536 2861 3606; x_wconf 75' lang='grc' dir='ltr'>περὶ</span> <span class='ocrx_word' id='word_1_592' title='bbox 2893 3535 2950 3588; x_wconf 83' lang='grc' dir='ltr'>δὲ</span> <span class='ocrx_word' id='word_1_593' title='bbox 2977 3533 3084 3587; x_wconf 87' lang='grc' dir='ltr'>τῶν</span> <span class='ocrx_word' id='word_1_594' title='bbox 3119 3532 3304 3603; x_wconf 86' lang='grc' dir='ltr'>χιλίων</span> <span class='ocrx_word' id='word_1_595' title='bbox 3336 3531 3586 3601; x_wconf 79' lang='grc' dir='ltr'>χιλιάδων</span> <span class='ocrx_word' id='word_1_596' title='bbox 3621 3531 3714 3582; x_wconf 73' lang='grc' dir='ltr'><strong>καὶ</strong></span> <span class='ocrx_word' id='word_1_597' title='bbox 3741 3529 3947 3600; x_wconf 88' lang='grc' dir='ltr'>μυρίων</span> <span class='ocrx_word' id='word_1_598' title='bbox 3987 3547 4072 3599; x_wconf 87' lang='grc' dir='ltr'><strong>μυ-</strong></span> 
     </span>
    </p>
   </div>
   <div class='ocr_carea' id='block_1_81' title="bbox 2523 3621 4073 3700">
    <p class='ocr_par' dir='ltr' id='par_1_81' title="bbox 2523 3621 4073 3700">
     <span class='ocr_line' id='line_1_81' title="bbox 2523 3621 4073 3700; baseline -0.006 -17"><span class='ocrx_word' id='word_1_599' title='bbox 2523 3629 2717 3700; x_wconf 87' lang='grc' dir='ltr'>ριάδων</span> <span class='ocrx_word' id='word_1_600' title='bbox 2752 3628 2914 3699; x_wconf 68' lang='grc' dir='ltr'>φησιν</span> <span class='ocrx_word' id='word_1_601' title='bbox 2947 3630 2975 3681; x_wconf 89' lang='grc' dir='ltr'><strong>ό</strong></span> <span class='ocrx_word' id='word_1_602' title='bbox 3009 3627 3182 3694; x_wconf 82' lang='grc' dir='ltr'>ἆγιος,</span> <span class='ocrx_word' id='word_1_603' title='bbox 3233 3627 3313 3679; x_wconf 83' lang='grc' dir='ltr'><strong>ὅτι</strong></span> <span class='ocrx_word' id='word_1_604' title='bbox 3345 3626 3472 3688; x_wconf 84' lang='grc' dir='ltr'>τοὺς</span> <span class='ocrx_word' id='word_1_605' title='bbox 3519 3625 3649 3695; x_wconf 79' lang='grc' dir='ltr'>παρ’</span> <span class='ocrx_word' id='word_1_606' title='bbox 3680 3624 3814 3694; x_wconf 80' lang='grc' dir='ltr'><strong>ἡμῖν</strong></span> <span class='ocrx_word' id='word_1_607' title='bbox 3858 3621 4073 3693; x_wconf 81' lang='grc' dir='ltr'>ἀκροτά-</span> 
     </span>
    </p>
   </div>
   <div class='ocr_carea' id='block_1_82' title="bbox 2518 3711 4074 3789">
    <p class='ocr_par' dir='ltr' id='par_1_82' title="bbox 2518 3711 4074 3789">
     <span class='ocr_line' id='line_1_82' title="bbox 2518 3711 4074 3789; baseline -0.006 -19"><span class='ocrx_word' id='word_1_608' title='bbox 2518 3736 2642 3782; x_wconf 91' lang='grc' dir='ltr'>τους</span> <span class='ocrx_word' id='word_1_609' title='bbox 2677 3717 2960 3789; x_wconf 78' lang='grc' dir='ltr'>ἀριθμοὺς,</span> <span class='ocrx_word' id='word_1_610' title='bbox 2995 3715 3085 3767; x_wconf 81' lang='grc' dir='ltr'><strong>τὸν</strong></span> <span class='ocrx_word' id='word_1_611' title='bbox 3117 3714 3259 3786; x_wconf 89' lang='grc' dir='ltr'>χίλια</span> <span class='ocrx_word' id='word_1_612' title='bbox 3297 3714 3495 3784; x_wconf 76' lang='grc' dir='ltr'>δηλαδὴ</span> <span class='ocrx_word' id='word_1_613' title='bbox 3545 3713 3754 3766; x_wconf 76' lang='grc' dir='ltr'>καὶτὸν</span> <span class='ocrx_word' id='word_1_614' title='bbox 3791 3711 3976 3783; x_wconf 81' lang='grc' dir='ltr'>μύρια,</span> <span class='ocrx_word' id='word_1_615' title='bbox 4010 3712 4074 3773; x_wconf 87' lang='grc' dir='ltr'><strong>είς</strong></span> 
     </span>
    </p>
   </div>
   <div class='ocr_carea' id='block_1_83' title="bbox 2519 3802 4074 3874">
    <p class='ocr_par' dir='ltr' id='par_1_83' title="bbox 2519 3802 4074 3874">
     <span class='ocr_line' id='line_1_83' title="bbox 2519 3802 4074 3874; baseline -0.006 -12"><span class='ocrx_word' id='word_1_616' title='bbox 2519 3810 2747 3871; x_wconf 63' lang='grc' dir='ltr'>ἑαυτοὺς</span> <span class='ocrx_word' id='word_1_617' title='bbox 2787 3806 3203 3861; x_wconf 81' lang='grc' dir='ltr'>ὲπανεκὺκλωσε</span> <span class='ocrx_word' id='word_1_618' title='bbox 3237 3807 3331 3860; x_wconf 71' lang='grc' dir='ltr'><strong>καὶ</strong></span> <span class='ocrx_word' id='word_1_619' title='bbox 3370 3803 3864 3858; x_wconf 77' lang='grc' dir='ltr'>έπολλαπλασίασεν</span> <span class='ocrx_word' id='word_1_620' title='bbox 3897 3804 3929 3874; x_wconf 83' lang='grc' dir='ltr'>ή</span> <span class='ocrx_word' id='word_1_621' title='bbox 3968 3802 4074 3874; x_wconf 70' lang='grc' dir='ltr'>ίερὲ</span> 
     </span>
    </p>
   </div>
   <div class='ocr_carea' id='block_1_84' title="bbox 2521 3894 4074 3970">
    <p class='ocr_par' dir='ltr' id='par_1_84' title="bbox 2521 3894 4074 3970">
     <span class='ocr_line' id='line_1_84' title="bbox 2521 3894 4074 3970; baseline -0.006 -17"><span class='ocrx_word' id='word_1_622' title='bbox 2521 3900 2615 3953; x_wconf 74' lang='grc' dir='ltr'>καὶ</span> <span class='ocrx_word' id='word_1_623' title='bbox 2638 3899 2756 3954; x_wconf 73' lang='grc' dir='ltr'>θεία</span> <span class='ocrx_word' id='word_1_624' title='bbox 2794 3899 3005 3970; x_wconf 84' lang='grc' dir='ltr'>Γραφὴ,</span> <span class='ocrx_word' id='word_1_625' title='bbox 3042 3899 3133 3951; x_wconf 69' lang='grc' dir='ltr'>καὶ</span> <span class='ocrx_word' id='word_1_626' title='bbox 3167 3895 3255 3951; x_wconf 87' lang='grc' dir='ltr'>διὰ</span> <span class='ocrx_word' id='word_1_627' title='bbox 3297 3897 3487 3950; x_wconf 80' lang='grc' dir='ltr'>τούτου</span> <span class='ocrx_word' id='word_1_628' title='bbox 3521 3894 3763 3966; x_wconf 69' lang='grc' dir='ltr'>ἐναργῶς</span> <span class='ocrx_word' id='word_1_629' title='bbox 3796 3895 3892 3948; x_wconf 67' lang='lat' dir='ltr'><strong>xci.</strong></span> <span class='ocrx_word' id='word_1_630' title='bbox 3926 3910 4074 3963; x_wconf 76' lang='grc' dir='ltr'>φανε-</span> 
     </span>
    </p>
   </div>
   <div class='ocr_carea' id='block_1_85' title="bbox 2527 3987 4076 4063">
    <p class='ocr_par' dir='ltr' id='par_1_85' title="bbox 2527 3987 4076 4063">
     <span class='ocr_line' id='line_1_85' title="bbox 2527 3987 4076 4063; baseline -0.005 -18"><span class='ocrx_word' id='word_1_631' title='bbox 2527 3991 2631 4063; x_wconf 84' lang='grc' dir='ltr'>ρῶς</span> <span class='ocrx_word' id='word_1_632' title='bbox 2664 3992 2893 4060; x_wconf 74' lang='grc' dir='ltr'>ἐνέφηνε</span> <span class='ocrx_word' id='word_1_633' title='bbox 2937 3992 3029 4043; x_wconf 76' lang='grc' dir='ltr'>καὶ</span> <span class='ocrx_word' id='word_1_634' title='bbox 3063 3989 3343 4060; x_wconf 80' lang='grc' dir='ltr'>παρέδειξε</span> <span class='ocrx_word' id='word_1_635' title='bbox 3374 3989 3471 4048; x_wconf 82' lang='grc' dir='ltr'><strong>τάς</strong></span> <span class='ocrx_word' id='word_1_636' title='bbox 3515 3991 3645 4059; x_wconf 81' lang='grc' dir='ltr'>ἡμῖν</span> <span class='ocrx_word' id='word_1_637' title='bbox 3691 3987 4076 4057; x_wconf 78' lang='grc' dir='ltr'><strong>ἀναριθμήτους</strong></span> 
     </span>
    </p>
   </div>
   <div class='ocr_carea' id='block_1_86' title="bbox 2521 4075 4076 4153">
    <p class='ocr_par' dir='ltr' id='par_1_86' title="bbox 2521 4075 4076 4153">
     <span class='ocr_line' id='line_1_86' title="bbox 2521 4075 4076 4153; baseline -0.005 -18"><span class='ocrx_word' id='word_1_638' title='bbox 2521 4084 2630 4136; x_wconf 85' lang='grc' dir='ltr'>τῶν</span> <span class='ocrx_word' id='word_1_639' title='bbox 2655 4082 2919 4153; x_wconf 81' lang='grc' dir='ltr'>οὐρανίων</span> <span class='ocrx_word' id='word_1_640' title='bbox 2950 4082 3244 4151; x_wconf 79' lang='grc' dir='ltr'>ταγμάτων</span> <span class='ocrx_word' id='word_1_641' title='bbox 3276 4075 3571 4145; x_wconf 82' lang='grc' dir='ltr'>διατάξεις,</span> <span class='ocrx_word' id='word_1_642' title='bbox 3591 4078 3830 4148; x_wconf 72' lang='grc' dir='ltr'>δηλονότι</span> <span class='ocrx_word' id='word_1_643' title='bbox 3863 4077 3961 4139; x_wconf 88' lang='grc' dir='ltr'><strong>τάς</strong></span> <span class='ocrx_word' id='word_1_644' title='bbox 3980 4077 4076 4128; x_wconf 77' lang='grc' dir='ltr'><strong>τῶν</strong></span> 
     </span>
    </p>
   </div>
   <div class='ocr_carea' id='block_1_87' title="bbox 2521 4167 4078 4246">
    <p class='ocr_par' dir='ltr' id='par_1_87' title="bbox 2521 4167 4078 4246">
     <span class='ocr_line' id='line_1_87' title="bbox 2521 4167 4078 4246; baseline -0.004 -18"><span class='ocrx_word' id='word_1_645' title='bbox 2521 4175 2783 4246; x_wconf 78' lang='grc' dir='ltr'>οὐρανίων</span> <span class='ocrx_word' id='word_1_646' title='bbox 2807 4174 3090 4244; x_wconf 82' lang='grc' dir='ltr'>δυνάμεων</span> <span class='ocrx_word' id='word_1_647' title='bbox 3117 4174 3456 4235; x_wconf 83' lang='grc' dir='ltr'>ὑποστάσεις.</span> <span class='ocrx_word' id='word_1_648' title='bbox 3504 4172 3662 4243; x_wconf 86' lang='grc' dir='ltr'><strong>Ἡμῖν</strong></span> <span class='ocrx_word' id='word_1_649' title='bbox 3692 4171 3748 4225; x_wconf 75' lang='grc' dir='ltr'>δὲ</span> <span class='ocrx_word' id='word_1_650' title='bbox 3780 4167 3932 4224; x_wconf 74' lang='grc' dir='ltr'>εἷπον</span> <span class='ocrx_word' id='word_1_651' title='bbox 3963 4171 4078 4223; x_wconf 85' lang='grc' dir='ltr'>ἀνα-</span> 
     </span>
    </p>
   </div>
   <div class='ocr_carea' id='block_1_88' title="bbox 2526 4264 4078 4338">
    <p class='ocr_par' dir='ltr' id='par_1_88' title="bbox 2526 4264 4078 4338">
     <span class='ocr_line' id='line_1_88' title="bbox 2526 4264 4078 4338; baseline -0.003 -20"><span class='ocrx_word' id='word_1_652' title='bbox 2526 4266 2838 4338; x_wconf 87' lang='grc' dir='ltr'>ριθμήτους,</span> <span class='ocrx_word' id='word_1_653' title='bbox 2874 4267 2973 4329; x_wconf 85' lang='grc' dir='ltr'>ὅτι,</span> <span class='ocrx_word' id='word_1_654' title='bbox 3009 4268 3057 4317; x_wconf 87' lang='grc' dir='ltr'>εί</span> <span class='ocrx_word' id='word_1_655' title='bbox 3089 4267 3183 4320; x_wconf 73' lang='grc' dir='ltr'>καὶ</span> <span class='ocrx_word' id='word_1_656' title='bbox 3215 4267 3346 4336; x_wconf 75' lang='grc' dir='ltr'>ἡμῖν</span> <span class='ocrx_word' id='word_1_657' title='bbox 3375 4265 3636 4333; x_wconf 81' lang='grc' dir='ltr'>ᾶγνωστοί</span> <span class='ocrx_word' id='word_1_658' title='bbox 3670 4267 3822 4325; x_wconf 80' lang='grc' dir='ltr'>είσιν,</span> <span class='ocrx_word' id='word_1_659' title='bbox 3859 4264 3918 4316; x_wconf 86' lang='grc' dir='ltr'><strong>οὑ</strong></span> <span class='ocrx_word' id='word_1_660' title='bbox 3962 4264 4078 4316; x_wconf 81' lang='grc' dir='ltr'>πάν-</span> 
     </span>
    </p>
   </div>
   <div class='ocr_carea' id='block_1_89' title="bbox 2523 4354 4077 4427">
    <p class='ocr_par' dir='ltr' id='par_1_89' title="bbox 2523 4354 4077 4427">
     <span class='ocr_line' id='line_1_89' title="bbox 2523 4354 4077 4427; baseline -0.004 -16"><span class='ocrx_word' id='word_1_661' title='bbox 2523 4376 2629 4420; x_wconf 84' lang='grc' dir='ltr'>τως</span> <span class='ocrx_word' id='word_1_662' title='bbox 2676 4358 2889 4427; x_wconf 85' lang='grc' dir='ltr'>άπειροι</span> <span class='ocrx_word' id='word_1_663' title='bbox 2938 4356 3030 4409; x_wconf 78' lang='grc' dir='ltr'><strong>καὶ</strong></span> <span class='ocrx_word' id='word_1_664' title='bbox 3086 4359 3152 4427; x_wconf 81' lang='grc' dir='ltr'><strong>τῇ</strong></span> <span class='ocrx_word' id='word_1_665' title='bbox 3220 4356 3400 4426; x_wconf 81' lang='grc' dir='ltr'>φύσει,</span> <span class='ocrx_word' id='word_1_666' title='bbox 3448 4355 3584 4408; x_wconf 85' lang='grc' dir='ltr'><strong>ἀλλά</strong></span> <span class='ocrx_word' id='word_1_667' title='bbox 3641 4357 3979 4425; x_wconf 76' lang='grc' dir='ltr'>πεπέρασται</span> <span class='ocrx_word' id='word_1_668' title='bbox 4028 4354 4077 4405; x_wconf 79' lang='grc' dir='ltr'>τὸ</span> 
     </span>
    </p>
   </div>
   <div class='ocr_carea' id='block_1_90' title="bbox 2526 4442 4076 4518">
    <p class='ocr_par' dir='ltr' id='par_1_90' title="bbox 2526 4442 4076 4518">
     <span class='ocr_line' id='line_1_90' title="bbox 2526 4442 4076 4518; baseline -0.005 -17"><span class='ocrx_word' id='word_1_669' title='bbox 2526 4447 2727 4518; x_wconf 77' lang='grc' dir='ltr'>πλῆθος</span> <span class='ocrx_word' id='word_1_670' title='bbox 2759 4446 2955 4500; x_wconf 82' lang='grc' dir='ltr'>αὑτῶν.</span> <span class='ocrx_word' id='word_1_671' title='bbox 2993 4445 3140 4508; x_wconf 85' lang='grc' dir='ltr'><strong>Τέως</strong></span> <span class='ocrx_word' id='word_1_672' title='bbox 3165 4445 3221 4497; x_wconf 82' lang='grc' dir='ltr'>δὲ</span> <span class='ocrx_word' id='word_1_673' title='bbox 3245 4446 3372 4516; x_wconf 70' lang='grc' dir='ltr'>περὶ</span> <span class='ocrx_word' id='word_1_674' title='bbox 3403 4444 3605 4498; x_wconf 83' lang='grc' dir='ltr'>τούτων</span> <span class='ocrx_word' id='word_1_675' title='bbox 3636 4460 3718 4507; x_wconf 85' lang='grc' dir='ltr'>τις</span> <span class='ocrx_word' id='word_1_676' title='bbox 3749 4445 3812 4497; x_wconf 82' lang='grc' dir='ltr'>ὲκ</span> <span class='ocrx_word' id='word_1_677' title='bbox 3847 4443 3954 4496; x_wconf 82' lang='grc' dir='ltr'>τῶν</span> <span class='ocrx_word' id='word_1_678' title='bbox 3970 4442 4076 4497; x_wconf 81' lang='grc' dir='ltr'>καθ’</span> 
     </span>
    </p>
   </div>
   <div class='ocr_carea' id='block_1_91' title="bbox 2526 4532 4077 4613">
    <p class='ocr_par' dir='ltr' id='par_1_91' title="bbox 2526 4532 4077 4613">
     <span class='ocr_line' id='line_1_91' title="bbox 2526 4532 4077 4613; baseline -0.007 -18"><span class='ocrx_word' id='word_1_679' title='bbox 2526 4542 2671 4613; x_wconf 73' lang='grc' dir='ltr'>ἡμᾶς</span> <span class='ocrx_word' id='word_1_680' title='bbox 2705 4539 2884 4609; x_wconf 79' lang='grc' dir='ltr'>σοφῶν</span> <span class='ocrx_word' id='word_1_681' title='bbox 2933 4538 2980 4610; x_wconf 84' lang='grc' dir='ltr'><strong>(ὁ</strong></span> <span class='ocrx_word' id='word_1_682' title='bbox 3013 4537 3219 4601; x_wconf 79' lang='grc' dir='ltr'>Ψελλὸς</span> <span class='ocrx_word' id='word_1_683' title='bbox 3256 4532 3407 4600; x_wconf 76' lang='grc' dir='ltr'>οὗτος</span> <span class='ocrx_word' id='word_1_684' title='bbox 3439 4533 3524 4608; x_wconf 81' lang='grc' dir='ltr'><strong>ἦν,</strong></span> <span class='ocrx_word' id='word_1_685' title='bbox 3560 4537 3980 4607; x_wconf 78' lang='grc' dir='ltr'>ἑπιστημονικὴν</span> <span class='ocrx_word' id='word_1_686' title='bbox 4001 4536 4077 4585; x_wconf 75' lang='grc' dir='ltr'>καὶ</span> 
     </span>
    </p>
   </div>
   <div class='ocr_carea' id='block_1_92' title="bbox 856 4626 2505 4704">
    <p class='ocr_par' dir='ltr' id='par_1_92' title="bbox 856 4629 2501 4704">
     <span class='ocr_line' id='line_1_92' title="bbox 856 4629 2501 4704; baseline -0.004 -15"><span class='ocrx_word' id='word_1_687' title='bbox 856 4636 1260 4699; x_wconf 84' lang='lat' dir='ltr'><strong>demonstrans,</strong></span> <span class='ocrx_word' id='word_1_688' title='bbox 1312 4633 1400 4688; x_wconf 87' lang='lat' dir='ltr'><strong>illa</strong></span> <span class='ocrx_word' id='word_1_689' title='bbox 1455 4648 1577 4703; x_wconf 74' lang='lat' dir='ltr'><strong>qua:</strong></span> <span class='ocrx_word' id='word_1_690' title='bbox 1625 4633 1896 4704; x_wconf 71' lang='lat' dir='ltr'><strong>principio</strong></span> <span class='ocrx_word' id='word_1_691' title='bbox 1956 4630 2220 4687; x_wconf 66' lang='lat' dir='ltr'><strong>viciniora</strong></span> <span class='ocrx_word' id='word_1_692' title='bbox 2275 4643 2420 4700; x_wconf 87' lang='lat' dir='ltr'><strong>sunt,</strong></span> <span class='ocrx_word' id='word_1_693' title='bbox 2458 4629 2501 4683; x_wconf 85' lang='grc' dir='ltr'><strong>ἰ)</strong></span> 
     </span>
    </p>
   </div>
   <div class='ocr_carea' id='block_1_93' title="bbox 2426 4626 4075 4704">
    <p class='ocr_par' dir='ltr' id='par_1_93' title="bbox 2458 4626 4075 4703">
     <span class='ocr_line' id='line_1_93' title="bbox 2458 4626 4075 4703; baseline -0.002 -20"><span class='ocrx_word' id='word_1_694' title='bbox 2458 4629 2501 4683; x_wconf 85' lang='grc' dir='ltr'><strong>ἰ)</strong></span> <span class='ocrx_word' id='word_1_695' title='bbox 2529 4632 2749 4703; x_wconf 80' lang='grc' dir='ltr'>λογικὴν</span> <span class='ocrx_word' id='word_1_696' title='bbox 2782 4633 3102 4702; x_wconf 80' lang='grc' dir='ltr'>ποιούμενος</span> <span class='ocrx_word' id='word_1_697' title='bbox 3130 4630 3231 4700; x_wconf 85' lang='grc' dir='ltr'><strong>τὴν</strong></span> <span class='ocrx_word' id='word_1_698' title='bbox 3262 4629 3553 4695; x_wconf 87' lang='grc' dir='ltr'>ἀπόδειξιν,</span> <span class='ocrx_word' id='word_1_699' title='bbox 3589 4631 3682 4682; x_wconf 71' lang='grc' dir='ltr'>καὶ</span> <span class='ocrx_word' id='word_1_700' title='bbox 3720 4629 3908 4681; x_wconf 84' lang='grc' dir='ltr'>κανόνι</span> <span class='ocrx_word' id='word_1_701' title='bbox 3949 4626 4075 4697; x_wconf 85' lang='grc' dir='ltr'><strong>χρώ-</strong></span> 
     </span>
    </p>
   </div>
   <div class='ocr_carea' id='block_1_94' title="bbox 860 4720 2420 4796">
    <p class='ocr_par' dir='ltr' id='par_1_94' title="bbox 860 4720 2420 4796">
     <span class='ocr_line' id='line_1_94' title="bbox 860 4720 2420 4796; baseline -0.002 -12"><span class='ocrx_word' id='word_1_702' title='bbox 860 4728 1068 4784; x_wconf 88' lang='lat' dir='ltr'><strong>tuinora</strong></span> <span class='ocrx_word' id='word_1_703' title='bbox 1117 4727 1337 4796; x_wconf 82' lang='lat' dir='ltr'><strong>quidem</strong></span> <span class='ocrx_word' id='word_1_704' title='bbox 1387 4738 1508 4779; x_wconf 84' lang='lat' dir='ltr'><strong>esse</strong></span> <span class='ocrx_word' id='word_1_705' title='bbox 1552 4725 1846 4779; x_wconf 87' lang='lat' dir='ltr'><strong>secundum</strong></span> <span class='ocrx_word' id='word_1_706' title='bbox 1902 4720 2420 4795; x_wconf 52' lang='lat' dir='ltr'><strong>quantitatemfsed</strong></span> 
     </span>
    </p>
   </div>
   <div class='ocr_carea' id='block_1_95' title="bbox 861 4814 2426 4888">
    <p class='ocr_par' dir='ltr' id='par_1_95' title="bbox 861 4814 2426 4888">
     <span class='ocr_line' id='line_1_95' title="bbox 861 4814 2426 4888; baseline -0.002 -15"><span class='ocrx_word' id='word_1_707' title='bbox 861 4820 1118 4888; x_wconf 70' lang='lat' dir='ltr'><strong>iuniorem</strong></span> <span class='ocrx_word' id='word_1_708' title='bbox 1162 4817 1414 4871; x_wconf 86' lang='lat' dir='ltr'><strong>virtutem</strong></span> <span class='ocrx_word' id='word_1_709' title='bbox 1467 4814 1724 4884; x_wconf 79' lang='lat' dir='ltr'><strong>habere),</strong></span> <span class='ocrx_word' id='word_1_710' title='bbox 1755 4818 2058 4881; x_wconf 87' lang='lat' dir='ltr'><strong>asserebat,</strong></span> <span class='ocrx_word' id='word_1_711' title='bbox 2097 4817 2337 4886; x_wconf 75' lang='lat' dir='ltr'><strong>angelos,</strong></span> <span class='ocrx_word' id='word_1_712' title='bbox 2367 4824 2426 4870; x_wconf 88' lang='lat' dir='ltr'><strong>ut</strong></span> 
     </span>
    </p>
   </div>
   <div class='ocr_carea' id='block_1_96' title="bbox 859 4907 2422 4978">
    <p class='ocr_par' dir='ltr' id='par_1_96' title="bbox 859 4907 2422 4978">
     <span class='ocr_line' id='line_1_96' title="bbox 859 4907 2422 4978; baseline 0 -14"><span class='ocrx_word' id='word_1_713' title='bbox 859 4910 976 4965; x_wconf 87' lang='lat' dir='ltr'><strong>Deo</strong></span> <span class='ocrx_word' id='word_1_714' title='bbox 1029 4908 1464 4978; x_wconf 85' lang='lat' dir='ltr'><strong>propinquiorcs,</strong></span> <span class='ocrx_word' id='word_1_715' title='bbox 1497 4907 1785 4976; x_wconf 87' lang='lat' dir='ltr'><strong>pauciores</strong></span> <span class='ocrx_word' id='word_1_716' title='bbox 1809 4923 1930 4963; x_wconf 84' lang='lat' dir='ltr'><strong>esse</strong></span> <span class='ocrx_word' id='word_1_717' title='bbox 1969 4908 2300 4972; x_wconf 88' lang='lat' dir='ltr'><strong>hominibus,</strong></span> <span class='ocrx_word' id='word_1_718' title='bbox 2330 4910 2422 4978; x_wconf 90' lang='lat' dir='ltr'><strong>qui</strong></span> 
     </span>
    </p>
   </div>
   <div class='ocr_carea' id='block_1_97' title="bbox 859 5001 2420 5075">
    <p class='ocr_par' dir='ltr' id='par_1_97' title="bbox 859 5001 2420 5075">
     <span class='ocr_line' id='line_1_97' title="bbox 859 5001 2420 5075; baseline -0.001 -18"><span class='ocrx_word' id='word_1_719' title='bbox 859 5001 1142 5075; x_wconf 70' lang='lat' dir='ltr'><strong>sigillatitu</strong></span> <span class='ocrx_word' id='word_1_720' title='bbox 1170 5015 1386 5069; x_wconf 87' lang='lat' dir='ltr'><strong>semper</strong></span> <span class='ocrx_word' id='word_1_721' title='bbox 1412 5011 1709 5057; x_wconf 89' lang='lat' dir='ltr'><strong>nascuntur</strong></span> <span class='ocrx_word' id='word_1_722' title='bbox 1762 5009 1816 5055; x_wconf 89' lang='lat' dir='ltr'><strong>et</strong></span> <span class='ocrx_word' id='word_1_723' title='bbox 1867 5001 2195 5067; x_wconf 85' lang='lat' dir='ltr'><strong>moriuntur,</strong></span> <span class='ocrx_word' id='word_1_724' title='bbox 2222 5014 2420 5070; x_wconf 86' lang='lat' dir='ltr'><strong>quem-</strong></span> 
     </span>
    </p>
   </div>
   <div class='ocr_carea' id='block_1_98' title="bbox 859 5092 2421 5171">
    <p class='ocr_par' dir='ltr' id='par_1_98' title="bbox 859 5092 2421 5171">
     <span class='ocr_line' id='line_1_98' title="bbox 859 5092 2421 5171; baseline -0.002 -22"><span class='ocrx_word' id='word_1_725' title='bbox 859 5096 1149 5150; x_wconf 84' lang='lat' dir='ltr'><strong>admodum</strong></span> <span class='ocrx_word' id='word_1_726' title='bbox 1192 5092 1442 5149; x_wconf 82' lang='lat' dir='ltr'><strong>videlicet</strong></span> <span class='ocrx_word' id='word_1_727' title='bbox 1475 5107 1690 5163; x_wconf 82' lang='lat' dir='ltr'><strong>quoque</strong></span> <span class='ocrx_word' id='word_1_728' title='bbox 1732 5106 1991 5171; x_wconf 80' lang='lat' dir='ltr'><strong>numerus</strong></span> <span class='ocrx_word' id='word_1_729' title='bbox 2050 5093 2117 5148; x_wconf 85' lang='lat' dir='ltr'><strong>ad</strong></span> <span class='ocrx_word' id='word_1_730' title='bbox 2154 5093 2421 5148; x_wconf 84' lang='lat' dir='ltr'><strong>unitatem</strong></span> 
     </span>
    </p>
   </div>
   <div class='ocr_carea' id='block_1_99' title="bbox 865 5183 2422 5256">
    <p class='ocr_par' dir='ltr' id='par_1_99' title="bbox 865 5183 2422 5256">
     <span class='ocr_line' id='line_1_99' title="bbox 865 5183 2422 5256; baseline -0.001 -14"><span class='ocrx_word' id='word_1_731' title='bbox 865 5187 1151 5251; x_wconf 85' lang='lat' dir='ltr'><strong>accedens,</strong></span> <span class='ocrx_word' id='word_1_732' title='bbox 1179 5188 1358 5243; x_wconf 86' lang='lat' dir='ltr'><strong>minor</strong></span> <span class='ocrx_word' id='word_1_733' title='bbox 1380 5195 1462 5244; x_wconf 86' lang='lat' dir='ltr'><strong>est</strong></span> <span class='ocrx_word' id='word_1_734' title='bbox 1487 5186 1784 5242; x_wconf 89' lang='lat' dir='ltr'><strong>remotiori.</strong></span> <span class='ocrx_word' id='word_1_735' title='bbox 1815 5183 2011 5241; x_wconf 78' lang='lat' dir='ltr'><strong>Verum</strong></span> <span class='ocrx_word' id='word_1_736' title='bbox 2044 5185 2307 5256; x_wconf 80' lang='lat' dir='ltr'><strong>Didymus</strong></span> <span class='ocrx_word' id='word_1_737' title='bbox 2335 5185 2422 5241; x_wconf 89' lang='lat' dir='ltr'><strong>ille</strong></span> 
     </span>
    </p>
   </div>
   <div class='ocr_carea' id='block_1_100' title="bbox 862 5276 2423 5349">
    <p class='ocr_par' dir='ltr' id='par_1_100' title="bbox 862 5276 2423 5349">
     <span class='ocr_line' id='line_1_100' title="bbox 862 5276 2423 5349; baseline -0.003 -15"><span class='ocrx_word' id='word_1_738' title='bbox 862 5292 1036 5334; x_wconf 66' lang='lat' dir='ltr'><strong>cacus</strong></span> <span class='ocrx_word' id='word_1_739' title='bbox 1090 5278 1194 5333; x_wconf 88' lang='lat' dir='ltr'><strong>alio</strong></span> <span class='ocrx_word' id='word_1_740' title='bbox 1233 5278 1464 5349; x_wconf 71' lang='lat' dir='ltr'><strong>quodam</strong></span> <span class='ocrx_word' id='word_1_741' title='bbox 1514 5279 1634 5334; x_wconf 89' lang='lat' dir='ltr'><strong>loco</strong></span> <span class='ocrx_word' id='word_1_742' title='bbox 1674 5278 1945 5346; x_wconf 87' lang='lat' dir='ltr'><strong>reperitur</strong></span> <span class='ocrx_word' id='word_1_743' title='bbox 1993 5276 2194 5340; x_wconf 75' lang='lat' dir='ltr'><strong>dicere,</strong></span> <span class='ocrx_word' id='word_1_744' title='bbox 2250 5291 2423 5330; x_wconf 89' lang='lat' dir='ltr'><strong>nona-</strong></span> 
     </span>
    </p>
   </div>
   <div class='ocr_carea' id='block_1_101' title="bbox 863 5370 2422 5442">
    <p class='ocr_par' dir='ltr' id='par_1_101' title="bbox 863 5370 2422 5442">
     <span class='ocr_line' id='line_1_101' title="bbox 863 5370 2422 5442; baseline 0.002 -19"><span class='ocrx_word' id='word_1_745' title='bbox 863 5373 1009 5441; x_wconf 65' lang='lat' dir='ltr'><strong>ginta</strong></span> <span class='ocrx_word' id='word_1_746' title='bbox 1039 5386 1231 5426; x_wconf 85' lang='lat' dir='ltr'><strong>novem</strong></span> <span class='ocrx_word' id='word_1_747' title='bbox 1261 5387 1389 5426; x_wconf 89' lang='lat' dir='ltr'><strong>oves</strong></span> <span class='ocrx_word' id='word_1_748' title='bbox 1433 5385 1554 5429; x_wconf 79' lang='lat' dir='ltr'><strong>esse</strong></span> <span class='ocrx_word' id='word_1_749' title='bbox 1598 5370 1839 5442; x_wconf 73' lang='lat' dir='ltr'><strong>angelos,</strong></span> <span class='ocrx_word' id='word_1_750' title='bbox 1876 5385 2039 5426; x_wconf 89' lang='lat' dir='ltr'><strong>unam</strong></span> <span class='ocrx_word' id='word_1_751' title='bbox 2087 5380 2269 5425; x_wconf 85' lang='lat' dir='ltr'><strong>autem</strong></span> <span class='ocrx_word' id='word_1_752' title='bbox 2299 5385 2422 5437; x_wconf 68' lang='lat' dir='ltr'><strong>qua</strong></span> 
     </span>
    </p>
   </div>
   <div class='ocr_carea' id='block_1_102' title="bbox 933 5546 1500 5612">
    <p class='ocr_par' dir='ltr' id='par_1_102' title="bbox 933 5546 1500 5612">
     <span class='ocr_line' id='line_1_102' title="bbox 933 5546 1500 5612; baseline 0.011 -17"><span class='ocrx_word' id='word_1_753' title='bbox 933 5558 959 5595; x_wconf 75' lang='grc' dir='ltr'>ιι</span> <span class='ocrx_word' id='word_1_754' title='bbox 998 5546 1184 5601; x_wconf 77' lang='lat' dir='ltr'><strong>Matth.</strong></span> <span class='ocrx_word' id='word_1_755' title='bbox 1245 5563 1388 5612; x_wconf 71' lang='lat' dir='ltr'><strong>sxw,</strong></span> <span class='ocrx_word' id='word_1_756' title='bbox 1413 5547 1500 5601; x_wconf 78' lang='lat'><strong>55.</strong></span> 
     </span>
    </p>
   </div>
   <div class='ocr_carea' id='block_1_103' title="bbox 939 5721 2309 5792">
    <p class='ocr_par' dir='ltr' id='par_1_103' title="bbox 939 5721 2309 5792">
     <span class='ocr_line' id='line_1_103' title="bbox 939 5721 2309 5792; baseline 0.001 -17"><span class='ocrx_word' id='word_1_757' title='bbox 939 5721 1053 5792; x_wconf 83' lang='lat' dir='ltr'><strong>(l9)</strong></span> <span class='ocrx_word' id='word_1_758' title='bbox 1089 5723 1216 5778; x_wconf 74' lang='lat' dir='ltr'><strong>Vide</strong></span> <span class='ocrx_word' id='word_1_759' title='bbox 1244 5725 1426 5778; x_wconf 75' lang='lat' dir='ltr'><strong>Schol.</strong></span> <span class='ocrx_word' id='word_1_760' title='bbox 1461 5723 1535 5778; x_wconf 72' lang='lat'><strong>8..</strong></span> <span class='ocrx_word' id='word_1_761' title='bbox 1559 5721 1774 5779; x_wconf 65' lang='lat' dir='ltr'><strong>Maximi</strong></span> <span class='ocrx_word' id='word_1_762' title='bbox 1807 5733 1935 5778; x_wconf 90' lang='lat' dir='ltr'><strong>lo:n.</strong></span> <span class='ocrx_word' id='word_1_763' title='bbox 1965 5723 2029 5790; x_wconf 87' lang='lat' dir='ltr'><strong>ll,</strong></span> <span class='ocrx_word' id='word_1_764' title='bbox 2062 5738 2185 5791; x_wconf 86' lang='lat' dir='ltr'><strong>cap.</strong></span> <span class='ocrx_word' id='word_1_765' title='bbox 2222 5721 2309 5776; x_wconf 78' lang='grc' dir='ltr'>Η.</span> 
     </span>
    </p>
   </div>
   <div class='ocr_carea' id='block_1_104' title="bbox 2534 4717 4076 4793">
    <p class='ocr_par' dir='ltr' id='par_1_104' title="bbox 2534 4717 4076 4793">
     <span class='ocr_line' id='line_1_104' title="bbox 2534 4717 4076 4793; baseline -0.006 -18"><span class='ocrx_word' id='word_1_766' title='bbox 2534 4740 2692 4793; x_wconf 89' lang='grc' dir='ltr'>μενος</span> <span class='ocrx_word' id='word_1_767' title='bbox 2723 4720 3063 4791; x_wconf 84' lang='grc' dir='ltr'>διαλεκτικῷ,</span> <span class='ocrx_word' id='word_1_768' title='bbox 3089 4720 3170 4772; x_wconf 83' lang='grc' dir='ltr'>ὅτι</span> <span class='ocrx_word' id='word_1_769' title='bbox 3195 4718 3266 4771; x_wconf 74' lang='grc' dir='ltr'><strong>τὰ</strong></span> <span class='ocrx_word' id='word_1_770' title='bbox 3293 4721 3359 4790; x_wconf 83' lang='grc' dir='ltr'>τῇ</span> <span class='ocrx_word' id='word_1_771' title='bbox 3386 4720 3524 4790; x_wconf 79' lang='grc' dir='ltr'>ἀρχῇ</span> <span class='ocrx_word' id='word_1_772' title='bbox 3551 4717 3914 4788; x_wconf 75' lang='grc' dir='ltr'>πλησιάζοντα</span> <span class='ocrx_word' id='word_1_773' title='bbox 3940 4717 4076 4768; x_wconf 78' lang='grc' dir='ltr'>ὲλάτ-</span> 
     </span>
    </p>
   </div>
   <div class='ocr_carea' id='block_1_105' title="bbox 2529 4810 4075 4885">
    <p class='ocr_par' dir='ltr' id='par_1_105' title="bbox 2529 4810 4075 4885">
     <span class='ocr_line' id='line_1_105' title="bbox 2529 4810 4075 4885; baseline -0.006 -19"><span class='ocrx_word' id='word_1_774' title='bbox 2529 4832 2655 4868; x_wconf 86' lang='grc' dir='ltr'>τονα</span> <span class='ocrx_word' id='word_1_775' title='bbox 2708 4815 2806 4885; x_wconf 87' lang='grc' dir='ltr'><strong>μέν</strong></span> <span class='ocrx_word' id='word_1_776' title='bbox 2859 4815 2964 4866; x_wconf 81' lang='grc' dir='ltr'>είσι</span> <span class='ocrx_word' id='word_1_777' title='bbox 3009 4815 3088 4884; x_wconf 84' lang='grc' dir='ltr'>τῷ</span> <span class='ocrx_word' id='word_1_778' title='bbox 3144 4812 3311 4882; x_wconf 84' lang='grc' dir='ltr'>ποσῷ,</span> <span class='ocrx_word' id='word_1_779' title='bbox 3364 4811 3581 4882; x_wconf 76' lang='grc' dir='ltr'>μείζονα</span> <span class='ocrx_word' id='word_1_780' title='bbox 3624 4811 3681 4864; x_wconf 76' lang='grc' dir='ltr'><strong>δὲ</strong></span> <span class='ocrx_word' id='word_1_781' title='bbox 3722 4812 3822 4881; x_wconf 78' lang='grc' dir='ltr'><strong>τὴν</strong></span> <span class='ocrx_word' id='word_1_782' title='bbox 3870 4810 4075 4876; x_wconf 81' lang='grc' dir='ltr'>δύναμιν</span> 
     </span>
    </p>
   </div>
   <div class='ocr_carea' id='block_1_106' title="bbox 2531 4906 4077 4981">
    <p class='ocr_par' dir='ltr' id='par_1_106' title="bbox 2531 4906 4077 4981">
     <span class='ocr_line' id='line_1_106' title="bbox 2531 4906 4077 4981; baseline -0.003 -20"><span class='ocrx_word' id='word_1_783' title='bbox 2531 4909 2750 4979; x_wconf 70' lang='grc' dir='ltr'>έχουσι)</span> <span class='ocrx_word' id='word_1_784' title='bbox 2791 4909 2898 4962; x_wconf 84' lang='grc' dir='ltr'>τῶν</span> <span class='ocrx_word' id='word_1_785' title='bbox 2941 4909 3242 4981; x_wconf 78' lang='grc' dir='ltr'>ἑκασταχοῦ</span> <span class='ocrx_word' id='word_1_786' title='bbox 3277 4909 3370 4962; x_wconf 75' lang='grc' dir='ltr'>καὶ</span> <span class='ocrx_word' id='word_1_787' title='bbox 3403 4908 3488 4960; x_wconf 78' lang='grc' dir='ltr'><strong>ἀεὶ</strong></span> <span class='ocrx_word' id='word_1_788' title='bbox 3512 4906 3807 4976; x_wconf 81' lang='grc' dir='ltr'>γινομένων</span> <span class='ocrx_word' id='word_1_789' title='bbox 3840 4907 3934 4958; x_wconf 80' lang='grc' dir='ltr'><strong>καὶ</strong></span> <span class='ocrx_word' id='word_1_790' title='bbox 3962 4906 4077 4956; x_wconf 81' lang='grc' dir='ltr'><strong>ἀπο-</strong></span> 
     </span>
    </p>
   </div>
   <div class='ocr_carea' id='block_1_107' title="bbox 2530 4994 4073 5072">
    <p class='ocr_par' dir='ltr' id='par_1_107' title="bbox 2530 4994 4073 5072">
     <span class='ocr_line' id='line_1_107' title="bbox 2530 4994 4073 5072; baseline -0.005 -20"><span class='ocrx_word' id='word_1_791' title='bbox 2530 5000 2826 5070; x_wconf 86' lang='grc' dir='ltr'>γινομένων</span> <span class='ocrx_word' id='word_1_792' title='bbox 2852 4999 3152 5072; x_wconf 76' lang='grc' dir='ltr'>ἀνθρώπιον</span> <span class='ocrx_word' id='word_1_793' title='bbox 3201 5000 3452 5060; x_wconf 76' lang='grc' dir='ltr'>ἐλάττους</span> <span class='ocrx_word' id='word_1_794' title='bbox 3475 4996 3625 5064; x_wconf 79' lang='grc' dir='ltr'>έλεγε</span> <span class='ocrx_word' id='word_1_795' title='bbox 3657 4996 3781 5058; x_wconf 66' lang='grc' dir='ltr'>τοὺς</span> <span class='ocrx_word' id='word_1_796' title='bbox 3809 4994 4073 5063; x_wconf 80' lang='grc' dir='ltr'>ἀγγέλους,</span> 
     </span>
    </p>
   </div>
   <div class='ocr_carea' id='block_1_108' title="bbox 2527 5081 4076 5164">
    <p class='ocr_par' dir='ltr' id='par_1_108' title="bbox 2527 5081 4076 5164">
     <span class='ocr_line' id='line_1_108' title="bbox 2527 5081 4076 5164; baseline -0.007 -18"><span class='ocrx_word' id='word_1_797' title='bbox 2527 5094 2602 5157; x_wconf 82' lang='grc' dir='ltr'><strong>ὡς</strong></span> <span class='ocrx_word' id='word_1_798' title='bbox 2656 5093 2735 5164; x_wconf 83' lang='grc' dir='ltr'><strong>τῷ</strong></span> <span class='ocrx_word' id='word_1_799' title='bbox 2779 5092 2898 5163; x_wconf 85' lang='grc' dir='ltr'><strong>Θεῷ</strong></span> <span class='ocrx_word' id='word_1_800' title='bbox 2959 5089 3352 5162; x_wconf 73' lang='grc' dir='ltr'>πλησιάζοντας</span> <span class='ocrx_word' id='word_1_801' title='bbox 3404 5106 3418 5120; x_wconf 78' lang='grc'>⁶</span> <span class='ocrx_word' id='word_1_802' title='bbox 3466 5087 3653 5160; x_wconf 81' lang='grc' dir='ltr'>ὥσπερ</span> <span class='ocrx_word' id='word_1_803' title='bbox 3698 5084 3887 5156; x_wconf 83' lang='grc' dir='ltr'>ἀμέλει</span> <span class='ocrx_word' id='word_1_804' title='bbox 3934 5081 4076 5136; x_wconf 78' lang='grc' dir='ltr'><strong>καὶὸ</strong></span> 
     </span>
    </p>
   </div>
   <div class='ocr_carea' id='block_1_109' title="bbox 2528 5177 4073 5257">
    <p class='ocr_par' dir='ltr' id='par_1_109' title="bbox 2528 5177 4073 5257">
     <span class='ocr_line' id='line_1_109' title="bbox 2528 5177 4073 5257; baseline -0.01 -16"><span class='ocrx_word' id='word_1_805' title='bbox 2528 5186 2840 5256; x_wconf 76' lang='grc' dir='ltr'>πλησιάζων</span> <span class='ocrx_word' id='word_1_806' title='bbox 2886 5185 3114 5257; x_wconf 80' lang='grc' dir='ltr'>ἀριθμὸς</span> <span class='ocrx_word' id='word_1_807' title='bbox 3158 5186 3223 5256; x_wconf 79' lang='grc' dir='ltr'>τῇ</span> <span class='ocrx_word' id='word_1_808' title='bbox 3261 5181 3447 5257; x_wconf 81' lang='grc' dir='ltr'>μονάδι</span> <span class='ocrx_word' id='word_1_809' title='bbox 3489 5179 3584 5235; x_wconf 86' lang='grc' dir='ltr'>τοῦ</span> <span class='ocrx_word' id='word_1_810' title='bbox 3634 5179 3822 5250; x_wconf 73' lang='grc' dir='ltr'>πόρρω</span> <span class='ocrx_word' id='word_1_811' title='bbox 3862 5177 4073 5230; x_wconf 74' lang='grc' dir='ltr'>ἐλάττων</span> 
     </span>
    </p>
   </div>
   <div class='ocr_carea' id='block_1_110' title="bbox 2526 5267 4072 5345">
    <p class='ocr_par' dir='ltr' id='par_1_110' title="bbox 2526 5267 4072 5345">
     <span class='ocr_line' id='line_1_110' title="bbox 2526 5267 4072 5345; baseline -0.01 -13"><span class='ocrx_word' id='word_1_812' title='bbox 2526 5279 2694 5331; x_wconf 69' lang='grc' dir='ltr'>ἐστίν.</span> <span class='ocrx_word' id='word_1_813' title='bbox 2753 5278 2811 5331; x_wconf 87' lang='lat'><strong>&#39;0</strong></span> <span class='ocrx_word' id='word_1_814' title='bbox 2844 5277 2902 5330; x_wconf 87' lang='grc' dir='ltr'><strong>δέ</strong></span> <span class='ocrx_word' id='word_1_815' title='bbox 2933 5292 2994 5344; x_wconf 89' lang='grc' dir='ltr'><strong>γε</strong></span> <span class='ocrx_word' id='word_1_816' title='bbox 3028 5275 3252 5345; x_wconf 83' lang='grc' dir='ltr'>Δίδυμος</span> <span class='ocrx_word' id='word_1_817' title='bbox 3297 5275 3324 5326; x_wconf 91' lang='grc' dir='ltr'><strong>ό</strong></span> <span class='ocrx_word' id='word_1_818' title='bbox 3355 5271 3549 5342; x_wconf 78' lang='grc' dir='ltr'>τυφλὸς</span> <span class='ocrx_word' id='word_1_819' title='bbox 3595 5267 3824 5339; x_wconf 74' lang='grc' dir='ltr'>ἀλλαχοῦ</span> <span class='ocrx_word' id='word_1_820' title='bbox 3872 5267 4072 5339; x_wconf 78' lang='grc' dir='ltr'>εὓρηται</span> 
     </span>
    </p>
   </div>
   <div class='ocr_carea' id='block_1_111' title="bbox 2529 5350 4073 5439">
    <p class='ocr_par' dir='ltr' id='par_1_111' title="bbox 2529 5350 4073 5439">
     <span class='ocr_line' id='line_1_111' title="bbox 2529 5350 4073 5439; baseline -0.01 -18"><span class='ocrx_word' id='word_1_821' title='bbox 2529 5369 2720 5436; x_wconf 79' lang='grc' dir='ltr'>λέγων,</span> <span class='ocrx_word' id='word_1_822' title='bbox 2757 5367 2825 5422; x_wconf 81' lang='grc' dir='ltr'><strong>τὰ</strong></span> <span class='ocrx_word' id='word_1_823' title='bbox 2855 5367 2951 5439; x_wconf 85' lang='grc' dir='ltr'>μὲν</span> <span class='ocrx_word' id='word_1_824' title='bbox 2974 5367 3322 5437; x_wconf 71' lang='grc' dir='ltr'>ἐννενήκοντα</span> <span class='ocrx_word' id='word_1_825' title='bbox 3356 5363 3449 5417; x_wconf 74' lang='grc' dir='ltr'><strong>καὶ</strong></span> <span class='ocrx_word' id='word_1_826' title='bbox 3495 5360 3647 5416; x_wconf 68' lang='grc' dir='ltr'>ἐννέα</span> <span class='ocrx_word' id='word_1_827' title='bbox 3675 5357 3916 5431; x_wconf 67' lang='grc' dir='ltr'>πρόϐατα</span> <span class='ocrx_word' id='word_1_828' title='bbox 3956 5350 4073 5409; x_wconf 75' lang='grc' dir='ltr'>εἶναι</span> 
     </span>
    </p>
   </div>
  </div>
