4176 6308
829 402 923 458 331

828 624 1098 680 corporeze
1150 617 1347 660 nostrcc
1401 607 1845 673 multipartitione
1892 620 1999 657 non
2062 606 2383 672 incongruas

829 701 1084 770 imagines
1115 698 1355 760 haurire,
1388 713 1506 767 qua:
1540 697 1791 751 caelestes
1820 697 2052 748 virtutes
2084 709 2382 762 repraesen-

827 803 961 859 tent,
993 803 1048 845 ut
1072 794 1115 845 si
1155 792 1426 855 dicamus,
1454 790 1670 844 videndi
1713 790 1929 857 quidem
1974 788 2258 841 facultates
2287 788 2378 837 de-

822 885 1029 937 clarare
1070 881 1587 950 perspicacissimam
1613 880 1681 933 ad
1716 879 1896 932 divina
1940 878 2139 930 lumina
2189 889 2372 943 suspe-

823 976 1079 1034 ctionem,
1104 989 1203 1027 nec
1230 990 1334 1027 non
1362 972 1663 1040 simplicem
1688 987 1750 1025 ac
1774 972 2035 1040 liquidam
2058 971 2384 1038 minimeque

820 1067 1207 1135 refragantcm,
1255 1066 1349 1119 scd
1399 1064 1621 1131 agilem,
1680 1078 1986 1131 puramque
2032 1061 2382 1131 patulamque

820 1157 1121 1208 divinarum
1182 1155 1601 1209 illustrationum
1673 1157 1791 1211 sine
1875 1155 2126 1223 passione
2194 1169 2381 1210 susce-

820 1247 1073 1314 ptionem.

887 1336 1191 1389 Olfactuum
1223 1349 1353 1389 vero
1375 1332 1719 1389 discernendi
1764 1333 1911 1387 vires
1945 1334 2055 1387 vim
2089 1345 2229 1390 esse.
2262 1347 2381 1400 quae

818 1438 1050 1479 mentem
1077 1425 1381 1494 superantis
1406 1424 1715 1492 fragrantize
1737 1425 2099 1491 dimisionem,
2120 1438 2382 1494 quantum

819 1517 977 1585 13o
1005 1516 1086 1569 fas
1116 1526 1219 1578 est,
1241 1514 1493 1584 percipit,
1524 1529 1719 1584 resque
1748 1515 1943 1572 fetidas
1978 1518 2151 1585 perite
2177 1517 2384 1570 discer-

816 1606 917 1671 nit,
948 1616 1001 1659 et
1027 1606 1243 1659 omnino
1267 1604 1481 1674 refugit.

882 1698 953 1751 At
989 1698 1197 1750 aurium
1243 1698 1495 1759 virtutes,
1539 1697 1589 1749 id
1620 1696 1761 1764 quod
1812 1697 1865 1750 in
1892 1698 1969 1752 eis
2003 1708 2083 1752 est
2114 1697 2382 1767 particeps

812 1787 1165 1857 cognitionis,
1218 1786 1566 1852 divinamque
1612 1786 1751 1840 scite
1792 1788 2016 1855 suscipit
2067 1788 2380 1855 inspiratio-

812 1897 955 1935 nem.

879 1970 1140 2023 Gustandi
1170 1979 1348 2023 autem
1377 1970 1645 2038 potentias
1675 1969 1805 2037 ipsis
1834 1983 1956 2023 esse
1991 1968 2236 2023 ciborum
2268 1969 2377 2036 spi-

810 2062 1045 2115 ritalium
1079 2062 1403 2127 satietatem,
1450 2071 1504 2115 et
1534 2062 1838 2115 divinorum
1887 2070 2051 2129 atque
2090 2061 2374 2115 deliciosn-

810 2169 928 2207 rum
960 2154 1253 2207 rivulorunt
1286 2156 1702 2222 susceptionem.

880 2243 1113 2298 Tactiles
1138 2259 1297 2312 porro
1326 2246 1683 2308 sensationes,
1714 2244 1765 2297 id
1790 2243 1930 2312 quod
1954 2244 2007 2296 in
2035 2244 2114 2297 eis
2140 2256 2225 2297 res
2252 2260 2377 2313 pro-

809 2334 973 2388 ficuas
1004 2334 1263 2387 noxiasve
1292 2349 1413 2387 cum
1444 2334 1669 2387 scientia
1697 2332 1974 2387 discernit.

880 2426 1174 2496 Palpebras
1229 2437 1284 2481 et
1314 2425 1630 2494 supercilia,
1703 2427 1754 2479 id
1804 2428 1948 2494 quod
1993 2425 2375 2493 intelligendas

809 2520 1163 2588 notionesque
1194 2517 1359 2572 divini
1387 2528 1639 2587 aspectus
1657 2525 1969 2571 conservat.

875 2608 1263 2672 Pubescentem
1286 2616 1500 2661 mtatem
1532 2622 1596 2661 ac
1624 2605 1987 2674 iuventutem,
2019 2608 2126 2661 vim
2156 2606 2372 2661 vitalem

804 2712 923 2767 quae
948 2711 1162 2767 semper
1186 2697 1350 2769 viget.

874 2794 1093 2858 Dentes,
1139 2795 1193 2848 id
1222 2795 1365 2863 quod
1416 2794 1657 2849 alimenti
1709 2792 1936 2847 adhibiti
1979 2788 2368 2861 perfectionem

802 2888 993 2943 dividit
1016 2904 1032 2941 :
1062 2887 1316 2955 quaelibet
1338 2889 1480 2942 enim
1504 2886 1745 2942 esSentia
1780 2883 2042 2953 spiritalis
2066 2882 2367 2937 uniusmodi

803 2978 1236 3048 intelligentiam,
1277 2994 1436 3046 quant
1480 2994 1509 3031 a
1545 2977 1810 3031 diviniore
1842 2974 2101 3028 traditam
2134 2972 2364 3039 accepit,

801 3086 901 3139 pro
929 3068 1201 3123 inferioris
1224 3069 1387 3124 ductu
1432 3078 1704 3137 captuque
1733 3065 1956 3134 provida
1998 3066 2199 3117 virtute
2230 3062 2369 3115 divi-

802 3166 880 3217 dit
915 3163 1367 3232 multiplicatque.

872 3253 1157 3316 llumeros,
1192 3253 1346 3307 ulnas
1369 3261 1424 3305 et
1473 3266 1687 3317 manus,
1728 3248 1963 3307 faciendi
1986 3256 2039 3303 et
2069 3246 2259 3317 agendi
2299 3260 2364 3301 ac
2396 3246 2439 3274 “

800 3345 1143 3418 perpetrandi
1174 3345 1301 3397 vim.

868 3553 973 3607 Cor
1010 3558 1187 3605 autem
1227 3563 1348 3604 esse
1389 3548 1689 3619 symbolum
1730 3547 1857 3601 vita:
1900 3544 2206 3610 deiformis,
2245 3558 2364 3613 quae

798 3644 907 3698 vim
947 3643 1164 3697 vitalem
1211 3656 1364 3696 suam
1400 3640 1743 3695 deiformiter
1786 3640 1840 3694 in
1887 3654 1949 3693 ea
1994 3640 2192 3707 quibus
2233 3650 2365 3691 con-

797 3732 926 3786 sulit
967 3731 1237 3799 dispertit.

868 3822 1038 3876 Porro
1081 3829 1267 3891 pectus
1297 3820 1546 3875 dicamus
1590 3821 1878 3891 designare
1904 3820 2160 3871 virtutem
2211 3815 2363 3869 indo-

798 3915 1071 3979 mabilem,
1103 3923 1157 3968 et
1182 3929 1301 3982 quae
1331 3912 1602 3967 vivificam
1648 3912 2045 3982 quodammodo
2099 3907 2360 3978 suppositi

798 4008 975 4061 cordis
1006 4008 1448 4061 distributionem
1489 4014 1726 4060 tueatur.

869 4100 1095 4153 Dorsum
1123 4107 1325 4161 autem,
1353 4098 1498 4151 illam
1532 4098 1637 4149 vim
1660 4112 1779 4165 quae
1803 4095 2000 4150 vitales
2023 4109 2213 4149 omnes
2246 4092 2357 4146 vir-

797 4197 940 4241 tutes
979 4188 1241 4241 continet.

866 4277 1033 4332 Pedes
1066 4292 1215 4342 vero,
1249 4280 1354 4331 vim
1387 4280 1663 4342 movendi,
1698 4279 2040 4333 celeritatem
2064 4288 2117 4332 et
2140 4290 2356 4330 cursum

796 4371 1107 4439 sempiterni
1154 4379 1353 4433 motus,
1396 4386 1505 4438 quo
1545 4370 1610 4423 ad
1639 4371 1820 4423 divina
1861 4371 2103 4434 cientur;
2137 4376 2359 4437 propter

795 4461 935 4528 quod
986 4461 1147 4514 etiam
1198 4470 1464 4529 pennatos
1515 4466 1826 4513 sanctarum
1876 4459 2353 4529 intelligentiarum

1986 396 2040 451 S.
2081 394 2374 450 DlONYSll
2408 395 2868 451 AREOPAGITE

899 518 1150 585 Quiuimo
1193 516 1273 569 fas
1306 514 1375 567 sit
1414 514 1574 567 etiam
1618 528 1680 567 ex
1722 511 1980 580 qualibet,
2013 523 2072 566 ut
2123 514 2380 577 arbitror,
2412 521 2456 577 Α

3950 402 4045 455 332

2559 514 2711 564 ’Ἐστι
2742 514 2797 565 δὲ
2838 511 2929 563 καὶ
2954 510 3072 563 καθ’
3107 510 3332 564 ἕκαστον
3353 550 3367 573 ,
3408 509 3482 573 ὡς
3509 505 3657 582 οἶμαι
3681 550 3695 573 ,
3724 510 3822 580 τῆς
3864 528 4040 581 σωμα-

2483 607 2637 675 τικῆς
2671 606 2825 675 ἡμῶν
2856 604 3183 673 πολυμερίας
3209 604 3419 665 εἰκόνας
3444 604 3793 673 ἐναρμονίους
3813 603 4043 673 ἐξευρεῖν

2484 699 2591 750 τῶν
2620 700 2885 768 οὐρανίων
2909 698 3209 767 δυνάμεων,
3236 697 3558 765 φάσκοντας,
3582 696 3679 758 τάξ
3704 696 3803 765 μὲν
3824 697 4044 760 annm

2483 788 2762 857 ἐμφαίνειν
2804 787 3075 858 δυνάμεις,
3118 788 3216 857 τὴν
3249 788 3384 856 πρὸς
3410 786 3477 839 τὰ
3523 787 3640 838 θεῖα
3673 786 3825 855 φῶτα
3860 787 4042 838 διειδε-

2486 882 2685 948 στάτην
2714 881 3016 942 ἀνάνευσιν,
3067 879 3157 930 καὶ
3201 874 3352 941 αὖθις
3380 879 3492 949 ιτὴν
3536 877 3712 944 ἁπλῆν
3756 876 3847 929 καὶ
3880 875 4044 946 ὑγρὰν

2484 974 2575 1023 καὶ
2601 972 2700 1022 οὑκ
2728 970 3035 1031 ἀντίτυπον,
3068 968 3180 1020 ἀλλ’
3202 967 3536 1035 ὀξυκίνητον,
3569 966 3661 1018 καὶ
3686 964 3932 1035 καθαρὰν
3957 967 4046 1017 καὶ

2483 1062 2937 1131 ἀναπεπταμένην
2991 1058 3215 1121 ἀπαθῶς
3268 1057 3532 1127 ὑποδοχὴν
3584 1058 3691 1109 τῶν
3746 1056 4044 1126 θεαρχικῶν

2484 1153 2819 1223 ὲλλὰμψεων.

2552 1336 2659 1398 Τὰς
2688 1336 2743 1388 δὲ
2775 1335 2880 1388 τῶν
2903 1332 3220 1405 ὀσφραντῶν
3243 1331 3287 1362 δ’
3313 1328 3651 1400 διακριτικάς
3679 1328 3953 1398 δυνάμεις,
3988 1328 4046 1379 τὸ

2481 1428 2578 1496 τῆς
2610 1428 2746 1497 ὑπὲρ
2778 1428 2897 1479 νοῦν
2924 1427 3154 1489 εὐώδους
3181 1425 3485 1487 διαδόσεως,
3513 1425 3586 1487 ὠς
3623 1424 3856 1492 ἐφικτὸν,
3899 1426 4045 1476 ἀντι-

2482 1518 2737 1588 ληπτικὴν
2768 1517 2993 1570 καὶτῶν
3035 1517 3107 1586 μὴ
3133 1515 3388 1567 τοιούτων
3427 1516 3484 1565 ὲν
3528 1515 3802 1585 ἐπιστήμῃ
3840 1512 4044 1583 διακρι-

2481 1610 2648 1671 τικὸν,
2680 1610 2773 1661 καὶ
2800 1608 2991 1670 ὑλικῶς
3019 1606 3439 1675 ἀποφευκτικόν.

2551 1700 2660 1763 Τὰς
2683 1700 2737 1751 δὲ
2759 1699 2866 1751 τῶν
2895 1699 3042 1750 ὢτων
3064 1696 3341 1767 δυνάμεις,
3368 1696 3429 1749 τὸ
3472 1708 3753 1765 μετοχικον
3785 1694 3878 1745 καὶ
3903 1711 4044 1760 γνω-

2483 1790 2677 1851 στικῶς
2702 1788 3047 1841 ὑποδεκτικὸν
3072 1786 3170 1855 τῆς
3199 1786 3490 1857 θεαρχικῆς
3520 1784 3834 1852 ἐπιπνοίας.¹

2551 1986 2659 2049 Τὰς
2696 1986 2751 2039 δὲ
2781 1983 3085 2052 γευπικάς,
3116 1984 3213 2054 τὴν
3255 1981 3365 2034 τῶν
3410 1980 3613 2051 νοητῶν
3661 1980 3876 2049 τροφῶν
3904 1980 4042 2032 ἀπο-

2479 2080 2752 2151 πλήρωσιν
2773 2119 2786 2142 ,
2816 2079 2907 2131 καὶ
2936 2078 2995 2131 τὸ
3040 2076 3147 2129 τῶν
3196 2076 3353 2128 θείων
3386 2074 3479 2127 καὶ
3527 2072 3804 2144 τροφίμων
3839 2072 4042 2141 ὀχετῶν

2480 2172 2849 2225 ὑποδεκτικόν.

2547 2258 2655 2320 Τὰς
2682 2257 2917 2321 ἀπτικάς
2938 2258 3018 2319 δὲ,
3045 2257 3105 2310 τὸ
3144 2256 3238 2308 τοῦ
3278 2253 3587 2326 προσφυοῦς
3608 2253 3639 2323 ἢ
3662 2252 3754 2305 τοῦ
3779 2252 4041 2321 βλάπτον-

2480 2365 2563 2411 τος
2599 2351 2655 2401 ὲν
2679 2350 2955 2419 ἐπιστήμῃ
2983 2346 3389 2416 διαγνωστικὸν.

2545 2440 2624 2492 Τὰ
2655 2440 2893 2511 βλέφαρα
2922 2441 2976 2493 δὲ
3006 2442 3098 2493 καὶ
3124 2439 3221 2502 τὰς
3254 2438 3477 2509 ὀφρύας,
3506 2438 3567 2489 τὺ
3594 2436 3699 2488 τῶν
3740 2436 4037 2487 θεοπτικῶν

2476 2534 2564 2603 νοή
2574 2550 2708 2585 σεων
2736 2532 3115 2603 φρουρητικόν.

2543 2625 2651 2695 Τὴν
2676 2624 2890 2695 ἡϐῶσαν
2920 2624 2973 2676 δὲ
3001 2626 3093 2676 καὶ
3114 2622 3364 2694 νεανικὴν
3390 2623 3622 2693 ἡλικίαν,
3651 2621 3711 2674 τὸ
3730 2621 3826 2691 τῆς
3862 2620 4033 2671 ἐπακ-

2476 2716 2747 2787 μαζούσης
2771 2702 2856 2769 ἀεὶ
2882 2716 3113 2787 ζωτικῆς
3136 2716 3417 2786 δυνάμεως
3440 2716 3506 2767 ⁸³.

2542 2807 2677 2869 Τοὺς
2720 2806 2935 2869 ὀδόντας
2968 2806 3057 2869 δὲ,
3102 2806 3161 2857 τὸ
3191 2804 3515 2875 διαιρετικὸν
3559 2805 3657 2872 τῆς
3698 2803 4036 2873 ἐνδιδομένης

2470 2897 2733 2968 τροφίμου
2770 2896 3131 2965 τελειότητοςο
3165 2895 3365 2965 ἑκάστη
3394 2894 3501 2964 γὰρ
3542 2894 3697 2945 οὐσία
3729 2895 3902 2964 νοερά,
3934 2894 4037 2962 τὴν

2469 2988 2808 3059 δωρουμένην
2836 2990 2970 3057 αὐτῇ
3013 2988 3147 3059 πρὸς
3176 2988 3272 3057 τῆς
3308 2986 3581 3055 θειοτέρας
3620 2986 3817 3055 ὲνοειδῆ
3848 2986 4036 3053 νόησιν

2472 3080 2795 3149 προνοητικῇ
2819 3077 3041 3146 δυνάμει
3070 3077 3268 3147 διαιρεῖ
3292 3078 3387 3133 καὶ
3407 3074 3744 3144 πληθεύειδκ,
3774 3075 3903 3145 πρὸς
3934 3074 4037 3144 τὴν

2469 3169 2567 3240 τῆς
2594 3169 3021 3239 καταδεεστέρας
3047 3168 3392 3239 ἀναγωγικὴν
3428 3166 3734 3233 ἀναλογίαν.

2540 3263 2677 3324 Τοὺς
2725 3261 2902 3331 ῶμους
2956 3261 3011 3312 δὲ
3062 3260 3154 3313 καὶ
3194 3260 3292 3324 τὰς
3335 3260 3569 3323 ὠλένας,
3611 3261 3702 3312 καὶ
3743 3254 3891 3321 αὖθις
3932 3258 4034 3321 τάς

2469 3357 2684 3424 χεῖρας,
2729 3353 2788 3405 τὸ
2829 3352 3108 3423 ποιητικὸν
3135 3352 3231 3404 καὶ
3276 3350 3620 3422 ἐνεργητικὸν
3661 3351 3752 3402 καὶ
3800 3349 4034 3420 δραστή-

2472 3461 2603 3513 ριον.

2539 3533 2648 3604 Τὴν
2677 3534 2719 3585 δ’
2752 3530 2818 3587 αὖ
2858 3534 3113 3606 καρδίαν,
3159 3534 3422 3605 σύμϐολον
3460 3528 3598 3585 εἶναι
3623 3533 3719 3603 τῆς
3765 3531 4019 3591 θεοιπδο-ᾁί

2467 3625 2627 3697 ζωῆς,
2656 3626 2753 3697 τῆς
2795 3627 2893 3698 τὴν
2934 3626 3140 3680 οίκείαν
3178 3625 3411 3697 ζωτικὴν
3448 3625 3671 3694 δύναμιν
3701 3623 4033 3691 ἁγαθοειδῶς

2466 3719 2544 3781 είς
2569 3718 2635 3770 τά
2670 3719 3037 3789 προνοούμενα
3066 3716 3501 3788 διασπειρούσης.

2535 3810 2615 3862 Τὰ
2647 3810 2839 3880 στέρνα
2859 3810 2913 3861 δὲ
2940 3805 3092 3873 αὖθις
3117 3807 3400 3879 ἐμφαίνειν
3421 3808 3464 3838 "
3486 3807 3546 3859 τὸ
3571 3807 3894 3876 ἁδάμαστον,
3932 3807 4030 3859 καὶ

2462 3902 2522 3955 τὸ
2550 3902 2925 3972 φρουρητικὺν,
2944 3901 3017 3965 ὡς
3043 3902 3134 3954 ἐπὶ
3159 3901 3257 3973 τῆς
3283 3899 3648 3971 ὑποκειμένης
3676 3897 3897 3970 καρδίας
3928 3899 4029 3967 τῆς

2464 3988 2725 4054 ζωοποιοῦ
2752 3991 3054 4054 διαδόσεως.

2532 4102 2613 4154 Τὰ
2636 4102 2691 4153 δὲ
2714 4101 2885 4166 νῶτα,
2908 4102 2981 4155 τὸ
3020 4101 3331 4157 συνεκτικὸν
3356 4101 3463 4155 τῶν
3494 4102 3769 4170 ζωογόνων
3797 4101 4027 4156 ἁπασῶν

2460 4192 2757 4261 δυνάμεων.

2529 4284 2667 4347 Τοὺς
2692 4284 2855 4345 πόδας
2887 4284 2963 4347 δὲ,
2994 4284 3055 4337 τὸ
3078 4284 3373 4354 κινητικὸν,
3408 4284 3500 4335 καὶ
3533 4282 3625 4349 ὀξὺ
3657 4283 3748 4335 καὶ
3774 4283 4024 4353 ἐντρεχὲς

2458 4370 2557 4438 τῆς
2593 4371 2683 4423 ἐπὶ
2726 4370 2795 4423 τὰ
2842 4370 2959 4424 θεῖα
3005 4372 3333 4442 πορευτικῆς
3387 4371 3752 4441 ἁεικινησίας“
3801 4370 3881 4423 διδ
3929 4373 4023 4423 καὶ

2460 4463 2792 4533 ὑποπτέρους
2820 4465 2852 4531 ἡ
2893 4462 3135 4530 θεολογία
3177 4462 3303 4525 τοὺς
3330 4461 3441 4515 τῶν
3482 4460 3648 4528 ἁγίων
3687 4460 3822 4514 νοῶν
3857 4464 4021 4531 ἐσχη-

794 4553 955 4621 pedes
988 4552 1254 4621 theologia
1294 4553 1477 4605 finxit.
1508 4552 1696 4607 Penua
1729 4552 1995 4621 siquidem
2029 4552 2266 4606 declarat
2288 4553 2353 4606 ad

2467 4555 2649 4623 μάτισε
2694 4554 2874 4616 πόδας.
2914 4553 2985 4605 Τὸ
3026 4553 3133 4624 γὰρ
3164 4552 3360 4624 πτερὸν
3388 4552 3642 4623 ἐμφαίνει
3676 4551 3773 4622 τὴν
3808 4553 4021 4622 ἀναγω-

794 4645 1045 4699 sublimia
1100 4646 1329 4698 ducendi
1392 4644 1777 4709 velocitatem,
1830 4652 1882 4696 et
1935 4644 2171 4699 caelestis
2233 4646 2357 4697 vita:

794 4749 1034 4797 cursum,
1064 4735 1129 4787 ad
1177 4735 1448 4789 anteriora
1501 4750 1719 4804 semper
1763 4744 1923 4804 atque
1961 4735 2187 4790 celsiora
2233 4751 2360 4804 pro-

795 4836 1122 4888 moventem,
1144 4833 1198 4878 et
1228 4840 1422 4893 supera
1468 4824 1724 4894 petendo,
1756 4833 1975 4879 terrena
2027 4826 2351 4894 fugientem:

791 4927 1092 4981 pennarum
1129 4915 1272 4968 enim
1315 4914 1503 4969 levitas
1534 4917 1787 4985 designat
1820 4918 1871 4970 id
1915 4919 2056 4985 quod
2105 4916 2247 4968 nulla
2286 4930 2351 4969 ex

793 5012 947 5071 parte
991 5014 1261 5057 terrenum
1286 5017 1387 5067 est,
1421 5006 1512 5060 sed
1543 5022 1601 5060 se
1633 5017 1743 5060 toto
1781 5008 1897 5061 sine
1928 5008 2254 5060 admistione
2287 5021 2351 5059 ac

794 5094 1055 5161 gravitate
1078 5110 1293 5149 sursum
1316 5096 1515 5159 fertur;
1544 5099 1755 5151 nuditas
1783 5112 1913 5152 vero
1936 5098 2351 5166 caiceorumque

793 5181 1043 5251 privatio,
1088 5188 1338 5239 virtutem
1372 5188 1518 5240 illam
1565 5190 1894 5243 abstractam
1934 5200 1987 5243 et
2015 5192 2348 5259 expeditam,

794 5286 845 5326 et
865 5290 1050 5342 puram
1084 5276 1149 5328 ab
1174 5278 1318 5330 omni
1346 5288 1570 5333 externo
1592 5280 1975 5346 additamento,
2007 5297 2126 5350 quae
2155 5280 2349 5334 divinae

792 5366 1139 5435 simplicitati,
1170 5376 1424 5436 quantum
1453 5368 1534 5425 fas
1554 5380 1654 5435 est,
1684 5372 2035 5426 assimilatur.

2460 4645 2618 4716 γικὴν
2662 4643 2927 4715 ὀξύτητα,
2975 4645 3069 4696 καὶ
3108 4643 3168 4695 τὸ
3212 4643 3490 4712 οὐράνιον,
3536 4642 3629 4692 καὶ
3668 4642 3728 4693 τὸ
3778 4641 3916 4710 πρὸς
3960 4641 4020 4692 τὸ

2458 4739 2681 4801 ἄναντες
2706 4738 3087 4809 ὁδοποιητικὺν,
3120 4740 3214 4792 καί⁸
3236 4739 3297 4792 τὸ
3328 4740 3526 4803 παντὸς
3572 4736 3911 4810 χαμαιζήλου
3936 4739 4021 4793 διά

2455 4830 2515 4881 τὸ
2542 4829 2813 4901 άνώφορον
2841 4830 3197 4902 ἐξῃρημένον
3225 4832 3259 4900 ἡ
3283 4830 3339 4883 δὲ
3372 4829 3479 4882 τῶν
3522 4831 3732 4901 πτερῶν
3765 4831 4015 4904 ὲλαφρία,

2454 4922 2514 4973 τὸ
2560 4922 2698 4975 κατὰ
2752 4922 2914 4992 μηδὲν
2967 4922 3289 4992 πρόσγειον,
3352 4922 3465 4974 ἀλλ’
3510 4922 3629 4975 ὅλον
3675 4923 3890 4993 ἀμιγῶς
3929 4926 4018 4977 καὶ

2456 5015 2672 5086 ἀϐαρῶς
2706 5018 2797 5068 ἐπὶ
2826 5017 2885 5069 τὸ
2916 5015 3112 5087 ὑψηλὸν
3143 5016 3473 5087 ἀναγόμενον
3491 5035 3503 5046 ·
3534 5017 3595 5069 τὸ
3614 5017 3668 5069 δὲ
3692 5018 3897 5089 γυμνὸν
3926 5019 4016 5072 καὶ

2455 5107 2795 5170 ἀνυπόδετον,
2824 5108 2883 5159 τὸ
2903 5108 3120 5176 ἄφετον,
3150 5111 3243 5161 καὶ
3269 5107 3510 5171 εὔλυτον,
3539 5110 3631 5161 καὶ
3652 5107 3900 5179 ἄσχετον,
3924 5112 4014 5161 καὶ

2456 5195 2749 5265 καθαρεῦον
2788 5197 2883 5265 τῆς
2911 5195 3017 5247 τῶν
3065 5197 3217 5259 ἐκτὸς
3265 5196 3611 5269 προσθήκης,
3652 5199 3745 5250 καὶ
3780 5198 3841 5250 τὸ
3882 5200 4015 5269 πρὸς

2454 5287 2551 5357 τὴν
2579 5287 2850 5359 ἁπλότητα
2877 5288 2974 5357 τὴν
3000 5287 3147 5341 θείαν
3181 5290 3255 5352 ὡς
3284 5290 3499 5358 ἐφικτὸν
3525 5291 3935 5358 ἁφομοιωτικόν.

2056 5569 2139 5625 VA
2149 5568 2284 5624 ΜΔΕ
2316 5569 2708 5628 LECTIONES.

860 5769 903 5797 “
931 5767 1319 5837 ὀσφραντικῶν,
1349 5764 1416 5823 Μ.
1445 5767 1536 5825 Sc.
1569 5767 1630 5823 Ρ.
1706 5769 1752 5801 ⁸³
1774 5768 1953 5825 subdit
1994 5768 2093 5825 Ch.
2127 5771 2262 5825 νέον.
2340 5772 2383 5803 ⁸⁸
2417 5770 2670 5843 πληθύνει
2691 5813 2704 5839 ,
2733 5771 2793 5828 Ρ.
2826 5773 2886 5828 D.
2910 5773 3009 5829 Ch.
3087 5774 3131 5807 “’
3158 5772 3435 5844 δμφαίνιι,
3460 5772 3527 5829 Π.
