  <div class='ocr_page' id='page_1' title='image "/cluster/home/n/w/nwhite01/storage/ocr_20150623/3/pst.000003853313/177.png"; bbox 0 0 4172 6304; ppageno 0'>
   <div class='ocr_carea' id='block_1_1' title="bbox 713 386 813 406">
    <p class='ocr_par' dir='ltr' id='par_1_1' title="bbox 713 386 813 406">
     <span class='ocr_line' id='line_1_1' title="bbox 713 386 813 406; baseline -0.03 0"><span class='ocrx_word' id='word_1_1' title='bbox 713 386 813 406; x_wconf 63' lang='grc' dir='ltr'><strong>ρνυ</strong></span> 
     </span>
    </p>
   </div>
   <div class='ocr_carea' id='block_1_2' title="bbox 714 405 816 442">
    <p class='ocr_par' dir='ltr' id='par_1_2' title="bbox 714 405 816 442">
     <span class='ocr_line' id='line_1_2' title="bbox 714 405 816 442; baseline -0.02 0"><span class='ocrx_word' id='word_1_2' title='bbox 714 405 816 442; x_wconf 66' lang='grc' dir='ltr'><strong>ὑοῦ</strong></span> 
     </span>
    </p>
   </div>
   <div class='ocr_carea' id='block_1_3' title="bbox 1879 383 2770 442">
    <p class='ocr_par' dir='ltr' id='par_1_3' title="bbox 1879 383 2770 442">
     <span class='ocr_line' id='line_1_3' title="bbox 1879 383 2770 442; baseline 0.001 -5"><span class='ocrx_word' id='word_1_3' title='bbox 1879 385 1935 440; x_wconf 88' lang='lat' dir='ltr'><strong>S.</strong></span> <span class='ocrx_word' id='word_1_4' title='bbox 1972 383 2269 441; x_wconf 79' lang='lat' dir='ltr'><strong>DIONYSII</strong></span> <span class='ocrx_word' id='word_1_5' title='bbox 2309 385 2770 442; x_wconf 57' lang='lat' dir='ltr'><strong>AREOPAGITIE</strong></span> 
     </span>
    </p>
   </div>
   <div class='ocr_carea' id='block_1_4' title="bbox 3849 385 3953 440">
    <p class='ocr_par' dir='ltr' id='par_1_4' title="bbox 3849 385 3953 440">
     <span class='ocr_line' id='line_1_4' title="bbox 3849 385 3953 440; baseline 0.019 -2"><span class='ocrx_word' id='word_1_6' title='bbox 3849 385 3953 440; x_wconf 67' lang='lat'><strong>336</strong></span> 
     </span>
    </p>
   </div>
   <div class='ocr_carea' id='block_1_5' title="bbox 712 498 2270 574">
    <p class='ocr_par' dir='ltr' id='par_1_5' title="bbox 712 498 2270 572">
     <span class='ocr_line' id='line_1_5' title="bbox 712 498 2270 572; baseline -0.001 -17"><span class='ocrx_word' id='word_1_7' title='bbox 712 498 1014 555; x_wconf 75' lang='lat' dir='ltr'><strong>caelestium</strong></span> <span class='ocrx_word' id='word_1_8' title='bbox 1031 499 1508 570; x_wconf 72' lang='lat' dir='ltr'><strong>intelligentiarum</strong></span> <span class='ocrx_word' id='word_1_9' title='bbox 1525 499 1942 555; x_wconf 80' lang='lat' dir='ltr'><strong>deiformitatem</strong></span> <span class='ocrx_word' id='word_1_10' title='bbox 1959 502 2270 572; x_wconf 80' lang='lat' dir='ltr'><strong>designare:</strong></span> 
     </span>
    </p>
   </div>
   <div class='ocr_carea' id='block_1_6' title="bbox 2374 498 3953 574">
    <p class='ocr_par' dir='ltr' id='par_1_6' title="bbox 2381 500 3953 574">
     <span class='ocr_line' id='line_1_6' title="bbox 2381 500 3953 574; baseline -0.001 -17"><span class='ocrx_word' id='word_1_11' title='bbox 2381 504 2714 574; x_wconf 76' lang='grc' dir='ltr'>ἐπωνυμίαν,</span> <span class='ocrx_word' id='word_1_12' title='bbox 2742 500 2905 554; x_wconf 81' lang='grc' dir='ltr'>καὶτὸ</span> <span class='ocrx_word' id='word_1_13' title='bbox 2933 500 3156 563; x_wconf 79' lang='grc' dir='ltr'>Θεοειδὲς</span> <span class='ocrx_word' id='word_1_14' title='bbox 3182 500 3288 552; x_wconf 85' lang='grc' dir='ltr'><strong>τῶν</strong></span> <span class='ocrx_word' id='word_1_15' title='bbox 3313 500 3575 572; x_wconf 75' lang='grc' dir='ltr'>οὐρανίων</span> <span class='ocrx_word' id='word_1_16' title='bbox 3597 502 3733 556; x_wconf 85' lang='grc' dir='ltr'>νὸων</span> <span class='ocrx_word' id='word_1_17' title='bbox 3753 504 3953 574; x_wconf 72' lang='grc' dir='ltr'>ἐμφαί-</span> 
     </span>
    </p>
   </div>
   <div class='ocr_carea' id='block_1_7' title="bbox 695 586 2273 664">
    <p class='ocr_par' dir='ltr' id='par_1_7' title="bbox 695 586 2273 664">
     <span class='ocr_line' id='line_1_7' title="bbox 695 586 2273 664; baseline 0.001 -18"><span class='ocrx_word' id='word_1_18' title='bbox 695 586 981 663; x_wconf 76' lang='lat' dir='ltr'><strong>siquidem</strong></span> <span class='ocrx_word' id='word_1_19' title='bbox 1009 602 1065 647; x_wconf 90' lang='lat' dir='ltr'><strong>et</strong></span> <span class='ocrx_word' id='word_1_20' title='bbox 1107 594 1184 647; x_wconf 82' lang='lat' dir='ltr'><strong>illi</strong></span> <span class='ocrx_word' id='word_1_21' title='bbox 1215 596 1410 651; x_wconf 69' lang='lat' dir='ltr'><strong>divinm</strong></span> <span class='ocrx_word' id='word_1_22' title='bbox 1439 593 1776 648; x_wconf 85' lang='lat' dir='ltr'><strong>elIicaeitatis</strong></span> <span class='ocrx_word' id='word_1_23' title='bbox 1809 594 1987 664; x_wconf 98' lang='lat' dir='ltr'><strong>imago</strong></span> <span class='ocrx_word' id='word_1_24' title='bbox 2032 596 2273 664; x_wconf 72' lang='lat' dir='ltr'><strong>quaadam</strong></span> 
     </span>
    </p>
   </div>
   <div class='ocr_carea' id='block_1_8' title="bbox 714 684 2269 760">
    <p class='ocr_par' dir='ltr' id='par_1_8' title="bbox 714 684 2269 760">
     <span class='ocr_line' id='line_1_8' title="bbox 714 684 2269 760; baseline 0.003 -25"><span class='ocrx_word' id='word_1_25' title='bbox 714 685 857 737; x_wconf 88' lang='lat' dir='ltr'><strong>inest</strong></span> <span class='ocrx_word' id='word_1_26' title='bbox 883 699 945 739; x_wconf 89' lang='lat' dir='ltr'><strong>ac</strong></span> <span class='ocrx_word' id='word_1_27' title='bbox 980 684 1152 756; x_wconf 82' lang='lat' dir='ltr'><strong>ﬁgura</strong></span> <span class='ocrx_word' id='word_1_28' title='bbox 1187 685 1352 758; x_wconf 90' lang='lat' dir='ltr'><strong>(sicut</strong></span> <span class='ocrx_word' id='word_1_29' title='bbox 1375 686 1766 760; x_wconf 83' lang='lat' dir='ltr'><strong>iu&#39;Symbolica</strong></span> <span class='ocrx_word' id='word_1_30' title='bbox 1796 686 2269 758; x_wconf 84' lang='lat' dir='ltr'><strong>Theologia,juxta</strong></span> 
     </span>
    </p>
   </div>
   <div class='ocr_carea' id='block_1_9' title="bbox 714 777 2273 849">
    <p class='ocr_par' dir='ltr' id='par_1_9' title="bbox 714 777 2273 849">
     <span class='ocr_line' id='line_1_9' title="bbox 714 777 2273 849; baseline 0.003 -20"><span class='ocrx_word' id='word_1_31' title='bbox 714 777 1004 845; x_wconf 86' lang='lat' dir='ltr'><strong>mysticam</strong></span> <span class='ocrx_word' id='word_1_32' title='bbox 1069 788 1304 849; x_wconf 89' lang='lat' dir='ltr'><strong>quatuor</strong></span> <span class='ocrx_word' id='word_1_33' title='bbox 1361 780 1754 835; x_wconf 75' lang='lat' dir='ltr'><strong>elementorum</strong></span> <span class='ocrx_word' id='word_1_34' title='bbox 1811 780 2273 849; x_wconf 81' lang='lat' dir='ltr'><strong>explicationem,</strong></span> 
     </span>
    </p>
   </div>
   <div class='ocr_carea' id='block_1_10' title="bbox 714 866 2274 941">
    <p class='ocr_par' dir='ltr' id='par_1_10' title="bbox 714 866 2274 941">
     <span class='ocr_line' id='line_1_10' title="bbox 714 866 2274 941; baseline 0.005 -23"><span class='ocrx_word' id='word_1_35' title='bbox 714 866 872 937; x_wconf 73' lang='lat'><strong>132</strong></span> <span class='ocrx_word' id='word_1_36' title='bbox 923 869 1169 934; x_wconf 82' lang='lat' dir='ltr'><strong>pluribus</strong></span> <span class='ocrx_word' id='word_1_37' title='bbox 1202 885 1229 923; x_wconf 91' lang='lat' dir='ltr'><strong>a</strong></span> <span class='ocrx_word' id='word_1_38' title='bbox 1269 870 1422 925; x_wconf 88' lang='lat' dir='ltr'><strong>nobis</strong></span> <span class='ocrx_word' id='word_1_39' title='bbox 1453 872 1882 926; x_wconf 85' lang='lat' dir='ltr'><strong>demonstratum</strong></span> <span class='ocrx_word' id='word_1_40' title='bbox 1920 870 2056 941; x_wconf 86' lang='lat' dir='ltr'><strong>est),</strong></span> <span class='ocrx_word' id='word_1_41' title='bbox 2087 887 2274 940; x_wconf 84' lang='lat' dir='ltr'><strong>nempe</strong></span> 
     </span>
    </p>
   </div>
   <div class='ocr_carea' id='block_1_11' title="bbox 709 961 2277 1032">
    <p class='ocr_par' dir='ltr' id='par_1_11' title="bbox 709 961 2277 1032">
     <span class='ocr_line' id='line_1_11' title="bbox 709 961 2277 1032; baseline 0.004 -22"><span class='ocrx_word' id='word_1_42' title='bbox 709 961 777 1010; x_wconf 86' lang='lat' dir='ltr'><strong>ob</strong></span> <span class='ocrx_word' id='word_1_43' title='bbox 806 961 1074 1014; x_wconf 88' lang='lat' dir='ltr'><strong>vivilieam</strong></span> <span class='ocrx_word' id='word_1_44' title='bbox 1103 961 1454 1016; x_wconf 75' lang='lat' dir='ltr'><strong>mobilitatem</strong></span> <span class='ocrx_word' id='word_1_45' title='bbox 1486 962 1830 1032; x_wconf 84' lang='lat' dir='ltr'><strong>velocemque</strong></span> <span class='ocrx_word' id='word_1_46' title='bbox 1853 972 1907 1016; x_wconf 89' lang='lat' dir='ltr'><strong>et</strong></span> <span class='ocrx_word' id='word_1_47' title='bbox 1937 963 2277 1032; x_wconf 88' lang='lat' dir='ltr'><strong>insuperabi-</strong></span> 
     </span>
    </p>
   </div>
   <div class='ocr_carea' id='block_1_12' title="bbox 709 1050 2279 1121">
    <p class='ocr_par' dir='ltr' id='par_1_12' title="bbox 709 1050 2279 1121">
     <span class='ocr_line' id='line_1_12' title="bbox 709 1050 2279 1121; baseline 0.004 -19"><span class='ocrx_word' id='word_1_48' title='bbox 709 1050 816 1104; x_wconf 92' lang='lat' dir='ltr'><strong>lem</strong></span> <span class='ocrx_word' id='word_1_49' title='bbox 851 1060 1110 1115; x_wconf 89' lang='lat' dir='ltr'><strong>meatum,</strong></span> <span class='ocrx_word' id='word_1_50' title='bbox 1138 1066 1244 1106; x_wconf 89' lang='lat' dir='ltr'><strong>nec</strong></span> <span class='ocrx_word' id='word_1_51' title='bbox 1291 1067 1399 1106; x_wconf 91' lang='lat' dir='ltr'><strong>non</strong></span> <span class='ocrx_word' id='word_1_52' title='bbox 1430 1053 1822 1121; x_wconf 62' lang='lat' dir='ltr'><strong>inasiaectabile</strong></span> <span class='ocrx_word' id='word_1_53' title='bbox 1852 1052 2133 1108; x_wconf 84' lang='lat' dir='ltr'><strong>latibulum</strong></span> <span class='ocrx_word' id='word_1_54' title='bbox 2162 1069 2279 1108; x_wconf 88' lang='lat' dir='ltr'><strong>mo-</strong></span> 
     </span>
    </p>
   </div>
   <div class='ocr_carea' id='block_1_13' title="bbox 708 1143 2272 1212">
    <p class='ocr_par' dir='ltr' id='par_1_13' title="bbox 708 1143 2272 1212">
     <span class='ocr_line' id='line_1_13' title="bbox 708 1143 2272 1212; baseline 0.004 -20"><span class='ocrx_word' id='word_1_55' title='bbox 708 1143 949 1196; x_wconf 81' lang='lat' dir='ltr'><strong>ventium</strong></span> <span class='ocrx_word' id='word_1_56' title='bbox 997 1143 1388 1212; x_wconf 87' lang='lat' dir='ltr'><strong>principiorum</strong></span> <span class='ocrx_word' id='word_1_57' title='bbox 1432 1160 1494 1199; x_wconf 88' lang='lat' dir='ltr'><strong>ac</strong></span> <span class='ocrx_word' id='word_1_58' title='bbox 1542 1144 2007 1203; x_wconf 81' lang='lat' dir='ltr'><strong>terminalionum.</strong></span> <span class='ocrx_word' id='word_1_59' title='bbox 2053 1144 2272 1205; x_wconf 79' lang='lat' dir='ltr'><strong>Nescis.</strong></span> 
     </span>
    </p>
   </div>
   <div class='ocr_carea' id='block_1_14' title="bbox 708 1233 1991 1305">
    <p class='ocr_par' dir='ltr' id='par_1_14' title="bbox 708 1233 1991 1305">
     <span class='ocr_line' id='line_1_14' title="bbox 708 1233 1991 1305; baseline 0.002 -20"><span class='ocrx_word' id='word_1_60' title='bbox 708 1233 851 1285; x_wconf 87' lang='lat' dir='ltr'><strong>enim</strong></span> <span class='ocrx_word' id='word_1_61' title='bbox 888 1234 1079 1302; x_wconf 87' lang='lat' dir='ltr'><strong>inquit,</strong></span> <span class='ocrx_word' id='word_1_62' title='bbox 1113 1235 1251 1288; x_wconf 81' lang='lat' dir='ltr'><strong>unde</strong></span> <span class='ocrx_word' id='word_1_63' title='bbox 1280 1236 1470 1298; x_wconf 79' lang='lat' dir='ltr'><strong>veniat,</strong></span> <span class='ocrx_word' id='word_1_64' title='bbox 1500 1246 1590 1288; x_wconf 79' lang='lat' dir='ltr'><strong>aut</strong></span> <span class='ocrx_word' id='word_1_65' title='bbox 1619 1253 1720 1305; x_wconf 85' lang='lat' dir='ltr'><strong>quo</strong></span> <span class='ocrx_word' id='word_1_66' title='bbox 1752 1237 1908 1289; x_wconf 74' lang='lat' dir='ltr'><strong>cadat</strong></span> <span class='ocrx_word' id='word_1_67' title='bbox 1941 1248 1991 1288; x_wconf 81' lang='grc' dir='ltr'><strong>ιι.</strong></span> 
     </span>
    </p>
   </div>
   <div class='ocr_carea' id='block_1_15' title="bbox 777 1323 2271 1397">
    <p class='ocr_par' dir='ltr' id='par_1_15' title="bbox 777 1323 2271 1397">
     <span class='ocr_line' id='line_1_15' title="bbox 777 1323 2271 1397; baseline 0.003 -23"><span class='ocrx_word' id='word_1_68' title='bbox 777 1323 916 1388; x_wconf 87' lang='lat' dir='ltr'><strong>Quin</strong></span> <span class='ocrx_word' id='word_1_69' title='bbox 959 1325 1123 1380; x_wconf 89' lang='lat' dir='ltr'><strong>etiam</strong></span> <span class='ocrx_word' id='word_1_70' title='bbox 1165 1326 1245 1381; x_wconf 91' lang='lat' dir='ltr'><strong>eis</strong></span> <span class='ocrx_word' id='word_1_71' title='bbox 1280 1326 1545 1395; x_wconf 74' lang='lat' dir='ltr'><strong>theologia</strong></span> <span class='ocrx_word' id='word_1_72' title='bbox 1594 1327 1751 1383; x_wconf 90' lang='lat' dir='ltr'><strong>nubis</strong></span> <span class='ocrx_word' id='word_1_73' title='bbox 1781 1328 2015 1397; x_wconf 79' lang='lat' dir='ltr'><strong>speciem</strong></span> <span class='ocrx_word' id='word_1_74' title='bbox 2048 1325 2271 1396; x_wconf 78' lang='lat' dir='ltr'><strong>afﬁngit.</strong></span> 
     </span>
    </p>
   </div>
   <div class='ocr_carea' id='block_1_16' title="bbox 708 1415 2275 1488">
    <p class='ocr_par' dir='ltr' id='par_1_16' title="bbox 708 1415 2275 1488">
     <span class='ocr_line' id='line_1_16' title="bbox 708 1415 2275 1488; baseline 0.003 -20"><span class='ocrx_word' id='word_1_75' title='bbox 708 1415 807 1468; x_wconf 88' lang='lat' dir='ltr'><strong>hoc</strong></span> <span class='ocrx_word' id='word_1_76' title='bbox 874 1417 989 1483; x_wconf 87' lang='lat' dir='ltr'><strong>ipso</strong></span> <span class='ocrx_word' id='word_1_77' title='bbox 1053 1432 1237 1472; x_wconf 90' lang='lat' dir='ltr'><strong>sacras</strong></span> <span class='ocrx_word' id='word_1_78' title='bbox 1303 1417 1684 1488; x_wconf 82' lang='lat' dir='ltr'><strong>in‘telligeutias</strong></span> <span class='ocrx_word' id='word_1_79' title='bbox 1741 1421 2022 1475; x_wconf 83' lang='lat' dir='ltr'><strong>declarans</strong></span> <span class='ocrx_word' id='word_1_80' title='bbox 2077 1435 2275 1473; x_wconf 84' lang='lat' dir='ltr'><strong>arcano</strong></span> 
     </span>
    </p>
   </div>
   <div class='ocr_carea' id='block_1_17' title="bbox 705 1501 2272 1581">
    <p class='ocr_par' dir='ltr' id='par_1_17' title="bbox 705 1501 2272 1581">
     <span class='ocr_line' id='line_1_17' title="bbox 705 1501 2272 1581; baseline 0.003 -22"><span class='ocrx_word' id='word_1_81' title='bbox 705 1501 939 1574; x_wconf 82' lang='lat' dir='ltr'><strong>quodam</strong></span> <span class='ocrx_word' id='word_1_82' title='bbox 972 1507 1172 1562; x_wconf 90' lang='lat' dir='ltr'><strong>lumine</strong></span> <span class='ocrx_word' id='word_1_83' title='bbox 1195 1510 1714 1577; x_wconf 87' lang='lat' dir='ltr'><strong>supermundialiter</strong></span> <span class='ocrx_word' id='word_1_84' title='bbox 1744 1512 1994 1580; x_wconf 84' lang='lat' dir='ltr'><strong>repletas,</strong></span> <span class='ocrx_word' id='word_1_85' title='bbox 2025 1513 2272 1581; x_wconf 89' lang='lat' dir='ltr'><strong>primilu-</strong></span> 
     </span>
    </p>
   </div>
   <div class='ocr_carea' id='block_1_18' title="bbox 707 1599 2275 1672">
    <p class='ocr_par' dir='ltr' id='par_1_18' title="bbox 707 1599 2275 1672">
     <span class='ocr_line' id='line_1_18' title="bbox 707 1599 2275 1672; baseline 0.003 -20"><span class='ocrx_word' id='word_1_86' title='bbox 707 1613 826 1652; x_wconf 87' lang='lat' dir='ltr'><strong>cam</strong></span> <span class='ocrx_word' id='word_1_87' title='bbox 859 1599 1005 1652; x_wconf 90' lang='lat' dir='ltr'><strong>illam</strong></span> <span class='ocrx_word' id='word_1_88' title='bbox 1045 1602 1440 1670; x_wconf 88' lang='lat' dir='ltr'><strong>apparitionem</strong></span> <span class='ocrx_word' id='word_1_89' title='bbox 1465 1606 1583 1658; x_wconf 88' lang='lat' dir='ltr'><strong>sine</strong></span> <span class='ocrx_word' id='word_1_90' title='bbox 1609 1602 1749 1656; x_wconf 90' lang='lat' dir='ltr'><strong>fastu</strong></span> <span class='ocrx_word' id='word_1_91' title='bbox 1781 1604 2082 1672; x_wconf 88' lang='lat' dir='ltr'><strong>suscipere,</strong></span> <span class='ocrx_word' id='word_1_92' title='bbox 2109 1615 2275 1672; x_wconf 81' lang='lat' dir='ltr'><strong>atque</strong></span> 
     </span>
    </p>
   </div>
   <div class='ocr_carea' id='block_1_19' title="bbox 706 1689 2272 1763">
    <p class='ocr_par' dir='ltr' id='par_1_19' title="bbox 706 1689 2272 1763">
     <span class='ocr_line' id='line_1_19' title="bbox 706 1689 2272 1763; baseline 0.003 -21"><span class='ocrx_word' id='word_1_93' title='bbox 706 1689 1008 1745; x_wconf 90' lang='lat' dir='ltr'><strong>luculenter</strong></span> <span class='ocrx_word' id='word_1_94' title='bbox 1055 1693 1300 1746; x_wconf 89' lang='lat' dir='ltr'><strong>eamdem</strong></span> <span class='ocrx_word' id='word_1_95' title='bbox 1347 1694 1400 1747; x_wconf 89' lang='lat' dir='ltr'><strong>in</strong></span> <span class='ocrx_word' id='word_1_96' title='bbox 1447 1694 1709 1749; x_wconf 88' lang='lat' dir='ltr'><strong>inferiora</strong></span> <span class='ocrx_word' id='word_1_97' title='bbox 1765 1709 1861 1763; x_wconf 87' lang='lat' dir='ltr'><strong>per</strong></span> <span class='ocrx_word' id='word_1_98' title='bbox 1913 1695 2272 1748; x_wconf 84' lang='lat' dir='ltr'><strong>rcmissiorem</strong></span> 
     </span>
    </p>
   </div>
   <div class='ocr_carea' id='block_1_20' title="bbox 706 1780 2272 1854">
    <p class='ocr_par' dir='ltr' id='par_1_20' title="bbox 706 1780 2272 1854">
     <span class='ocr_line' id='line_1_20' title="bbox 706 1780 2272 1854; baseline 0.004 -22"><span class='ocrx_word' id='word_1_99' title='bbox 706 1780 1120 1836; x_wconf 81' lang='lat' dir='ltr'><strong>illustrationem</strong></span> <span class='ocrx_word' id='word_1_100' title='bbox 1160 1799 1257 1852; x_wconf 83' lang='lat' dir='ltr'><strong>pro</strong></span> <span class='ocrx_word' id='word_1_101' title='bbox 1295 1785 1506 1840; x_wconf 90' lang='lat' dir='ltr'><strong>illorum</strong></span> <span class='ocrx_word' id='word_1_102' title='bbox 1551 1797 1711 1854; x_wconf 89' lang='lat' dir='ltr'><strong>captu</strong></span> <span class='ocrx_word' id='word_1_103' title='bbox 1745 1786 2145 1848; x_wconf 84' lang='lat' dir='ltr'><strong>transfundere,</strong></span> <span class='ocrx_word' id='word_1_104' title='bbox 2173 1801 2272 1839; x_wconf 88' lang='lat' dir='ltr'><strong>nec</strong></span> 
     </span>
    </p>
   </div>
   <div class='ocr_carea' id='block_1_21' title="bbox 707 1867 2275 1945">
    <p class='ocr_par' dir='ltr' id='par_1_21' title="bbox 707 1867 2275 1945">
     <span class='ocr_line' id='line_1_21' title="bbox 707 1867 2275 1945; baseline 0.004 -23"><span class='ocrx_word' id='word_1_105' title='bbox 707 1885 812 1923; x_wconf 87' lang='lat' dir='ltr'><strong>non</strong></span> <span class='ocrx_word' id='word_1_106' title='bbox 859 1871 980 1927; x_wconf 80' lang='lat' dir='ltr'><strong>illas</strong></span> <span class='ocrx_word' id='word_1_107' title='bbox 1016 1874 1237 1944; x_wconf 86' lang='lat' dir='ltr'><strong>insuper</strong></span> <span class='ocrx_word' id='word_1_108' title='bbox 1276 1874 1644 1942; x_wconf 82' lang='lat' dir='ltr'><strong>fecunditate,</strong></span> <span class='ocrx_word' id='word_1_109' title='bbox 1675 1886 1835 1945; x_wconf 89' lang='lat' dir='ltr'><strong>atque</strong></span> <span class='ocrx_word' id='word_1_110' title='bbox 1873 1877 2142 1930; x_wconf 89' lang='lat' dir='ltr'><strong>animandi</strong></span> <span class='ocrx_word' id='word_1_111' title='bbox 2176 1867 2275 1928; x_wconf 52' lang='lat' dir='ltr'><strong>au;</strong></span> 
     </span>
    </p>
   </div>
   <div class='ocr_carea' id='block_1_22' title="bbox 704 1964 2273 2037">
    <p class='ocr_par' dir='ltr' id='par_1_22' title="bbox 704 1964 2273 2037">
     <span class='ocr_line' id='line_1_22' title="bbox 704 1964 2273 2037; baseline 0.003 -21"><span class='ocrx_word' id='word_1_112' title='bbox 704 1964 971 2034; x_wconf 79' lang='lat' dir='ltr'><strong>geudique</strong></span> <span class='ocrx_word' id='word_1_113' title='bbox 1010 1980 1070 2019; x_wconf 86' lang='lat' dir='ltr'><strong>ac</strong></span> <span class='ocrx_word' id='word_1_114' title='bbox 1115 1967 1432 2035; x_wconf 86' lang='lat' dir='ltr'><strong>perficiendi</strong></span> <span class='ocrx_word' id='word_1_115' title='bbox 1480 1970 1678 2022; x_wconf 91' lang='lat' dir='ltr'><strong>virtute</strong></span> <span class='ocrx_word' id='word_1_116' title='bbox 1716 1979 1996 2037; x_wconf 68' lang='lat' dir='ltr'><strong>praestare,</strong></span> <span class='ocrx_word' id='word_1_117' title='bbox 2047 1976 2273 2037; x_wconf 84' lang='lat' dir='ltr'><strong>prepter</strong></span> 
     </span>
    </p>
   </div>
   <div class='ocr_carea' id='block_1_23' title="bbox 703 2052 2268 2129">
    <p class='ocr_par' dir='ltr' id='par_1_23' title="bbox 703 2052 2268 2129">
     <span class='ocr_line' id='line_1_23' title="bbox 703 2052 2268 2129; baseline 0.004 -22"><span class='ocrx_word' id='word_1_118' title='bbox 703 2052 1093 2110; x_wconf 84' lang='lat' dir='ltr'><strong>intellectualis</strong></span> <span class='ocrx_word' id='word_1_119' title='bbox 1125 2057 1319 2112; x_wconf 86' lang='lat' dir='ltr'><strong>imbris</strong></span> <span class='ocrx_word' id='word_1_120' title='bbox 1355 2061 1793 2128; x_wconf 85' lang='lat' dir='ltr'><strong>generatlouem,</strong></span> <span class='ocrx_word' id='word_1_121' title='bbox 1818 2075 1938 2129; x_wconf 74' lang='lat' dir='ltr'><strong>qua:</strong></span> <span class='ocrx_word' id='word_1_122' title='bbox 1968 2059 2268 2128; x_wconf 81' lang='lat' dir='ltr'><strong>subjectum</strong></span> 
     </span>
    </p>
   </div>
   <div class='ocr_carea' id='block_1_24' title="bbox 705 2133 2270 2218">
    <p class='ocr_par' dir='ltr' id='par_1_24' title="bbox 705 2133 2270 2218">
     <span class='ocr_line' id='line_1_24' title="bbox 705 2133 2270 2218; baseline 0.004 -19"><span class='ocrx_word' id='word_1_123' title='bbox 705 2149 805 2202; x_wconf 76' lang='lat' dir='ltr'><strong>sibi</strong></span> <span class='ocrx_word' id='word_1_124' title='bbox 863 2149 1129 2218; x_wconf 79' lang='lat' dir='ltr'><strong>gremium</strong></span> <span class='ocrx_word' id='word_1_125' title='bbox 1184 2149 1651 2217; x_wconf 84' lang='lat' dir='ltr'><strong>impiuguantibus</strong></span> <span class='ocrx_word' id='word_1_126' title='bbox 1700 2133 1897 2217; x_wconf 77' lang='lat' dir='ltr'><strong>pluviis</strong></span> <span class='ocrx_word' id='word_1_127' title='bbox 1949 2153 2017 2204; x_wconf 88' lang='lat' dir='ltr'><strong>ad</strong></span> <span class='ocrx_word' id='word_1_128' title='bbox 2075 2150 2270 2206; x_wconf 76' lang='lat' dir='ltr'><strong>vitales</strong></span> 
     </span>
    </p>
   </div>
   <div class='ocr_carea' id='block_1_25' title="bbox 704 2241 1425 2308">
    <p class='ocr_par' dir='ltr' id='par_1_25' title="bbox 704 2241 1425 2308">
     <span class='ocr_line' id='line_1_25' title="bbox 704 2241 1425 2308; baseline 0 -15"><span class='ocrx_word' id='word_1_129' title='bbox 704 2241 1064 2308; x_wconf 77' lang='lat' dir='ltr'><strong>partitudiues</strong></span> <span class='ocrx_word' id='word_1_130' title='bbox 1095 2241 1355 2296; x_wconf 87' lang='lat' dir='ltr'><strong>informat</strong></span> <span class='ocrx_word' id='word_1_131' title='bbox 1376 2251 1425 2293; x_wconf 80' lang='grc' dir='ltr'>ν.</span> 
     </span>
    </p>
   </div>
   <div class='ocr_carea' id='block_1_26' title="bbox 2377 591 3955 664">
    <p class='ocr_par' dir='ltr' id='par_1_26' title="bbox 2377 591 3955 664">
     <span class='ocr_line' id='line_1_26' title="bbox 2377 591 3955 664; baseline 0 -16"><span class='ocrx_word' id='word_1_132' title='bbox 2377 613 2486 648; x_wconf 90' lang='grc' dir='ltr'>νειν</span> <span class='ocrx_word' id='word_1_133' title='bbox 2506 613 2518 626; x_wconf 87' lang='grc'><strong>·</strong></span> <span class='ocrx_word' id='word_1_134' title='bbox 2548 595 2658 664; x_wconf 74' lang='grc' dir='ltr'>ἔχει</span> <span class='ocrx_word' id='word_1_135' title='bbox 2691 595 2798 664; x_wconf 87' lang='grc' dir='ltr'>γὰρ</span> <span class='ocrx_word' id='word_1_136' title='bbox 2829 595 2922 645; x_wconf 73' lang='grc' dir='ltr'>καὶ</span> <span class='ocrx_word' id='word_1_137' title='bbox 2944 591 3101 644; x_wconf 80' lang='grc' dir='ltr'>τοῦτο</span> <span class='ocrx_word' id='word_1_138' title='bbox 3140 591 3435 661; x_wconf 80' lang='grc' dir='ltr'>Οεαρχικῆς</span> <span class='ocrx_word' id='word_1_139' title='bbox 3468 595 3745 663; x_wconf 76' lang='grc' dir='ltr'><strong>ἐνεργείας</strong></span> <span class='ocrx_word' id='word_1_140' title='bbox 3770 596 3955 648; x_wconf 74' lang='grc' dir='ltr'>εἰκόνα</span> 
     </span>
    </p>
   </div>
   <div class='ocr_carea' id='block_1_27' title="bbox 2379 682 3955 757">
    <p class='ocr_par' dir='ltr' id='par_1_27' title="bbox 2379 682 3955 757">
     <span class='ocr_line' id='line_1_27' title="bbox 2379 682 3955 757; baseline 0.001 -19"><span class='ocrx_word' id='word_1_141' title='bbox 2379 687 2472 739; x_wconf 73' lang='grc' dir='ltr'>καὶ</span> <span class='ocrx_word' id='word_1_142' title='bbox 2497 686 2662 738; x_wconf 84' lang='grc' dir='ltr'>τύπον</span> <span class='ocrx_word' id='word_1_143' title='bbox 2697 686 2789 757; x_wconf 83' lang='grc' dir='ltr'>(ῶς</span> <span class='ocrx_word' id='word_1_144' title='bbox 2825 686 2884 738; x_wconf 84' lang='grc' dir='ltr'><strong>ἐν</strong></span> <span class='ocrx_word' id='word_1_145' title='bbox 2918 682 3215 753; x_wconf 78' lang='grc' dir='ltr'>συμϐολικῇ</span> <span class='ocrx_word' id='word_1_146' title='bbox 3265 682 3528 755; x_wconf 76' lang='grc' dir='ltr'>Θεολογίᾳ,</span> <span class='ocrx_word' id='word_1_147' title='bbox 3560 684 3702 737; x_wconf 81' lang='grc' dir='ltr'>κατὰ</span> <span class='ocrx_word' id='word_1_148' title='bbox 3740 687 3838 756; x_wconf 83' lang='grc' dir='ltr'>τὴν</span> <span class='ocrx_word' id='word_1_149' title='bbox 3863 704 3955 740; x_wconf 88' lang='grc' dir='ltr'>τε-</span> 
     </span>
    </p>
   </div>
   <div class='ocr_carea' id='block_1_28' title="bbox 2376 772 3953 847">
    <p class='ocr_par' dir='ltr' id='par_1_28' title="bbox 2376 772 3953 847">
     <span class='ocr_line' id='line_1_28' title="bbox 2376 772 3953 847; baseline 0.001 -20"><span class='ocrx_word' id='word_1_150' title='bbox 2376 778 2692 847; x_wconf 82' lang='grc' dir='ltr'>τράστοιχον</span> <span class='ocrx_word' id='word_1_151' title='bbox 2737 777 2865 845; x_wconf 79' lang='grc' dir='ltr'>ἡμῖν</span> <span class='ocrx_word' id='word_1_152' title='bbox 2908 774 3276 840; x_wconf 76' lang='grc' dir='ltr'><strong>ἀνακάθαρσιν</strong></span> <span class='ocrx_word' id='word_1_153' title='bbox 3309 772 3397 824; x_wconf 87' lang='grc' dir='ltr'><strong>διά</strong></span> <span class='ocrx_word' id='word_1_154' title='bbox 3450 775 3709 827; x_wconf 85' lang='grc' dir='ltr'>πλειόνων</span> <span class='ocrx_word' id='word_1_155' title='bbox 3754 778 3953 832; x_wconf 78' lang='grc' dir='ltr'>ἀποδὲ-</span> 
     </span>
    </p>
   </div>
   <div class='ocr_carea' id='block_1_29' title="bbox 2377 865 3950 937">
    <p class='ocr_par' dir='ltr' id='par_1_29' title="bbox 2377 865 3950 937">
     <span class='ocr_line' id='line_1_29' title="bbox 2377 865 3950 937; baseline 0.003 -19"><span class='ocrx_word' id='word_1_156' title='bbox 2377 867 2602 925; x_wconf 80' lang='grc' dir='ltr'>δεικται,</span> <span class='ocrx_word' id='word_1_157' title='bbox 2634 866 2844 918; x_wconf 82' lang='grc' dir='ltr'>κατὰτὸ</span> <span class='ocrx_word' id='word_1_158' title='bbox 2868 866 2967 935; x_wconf 79' lang='grc' dir='ltr'>τῆς</span> <span class='ocrx_word' id='word_1_159' title='bbox 2992 865 3204 934; x_wconf 79' lang='grc' dir='ltr'>φύσεως</span> <span class='ocrx_word' id='word_1_160' title='bbox 3237 867 3513 934; x_wconf 85' lang='grc' dir='ltr'>κινητικὸν</span> <span class='ocrx_word' id='word_1_161' title='bbox 3539 870 3631 920; x_wconf 81' lang='grc' dir='ltr'>καὶ</span> <span class='ocrx_word' id='word_1_162' title='bbox 3663 869 3950 937; x_wconf 81' lang='grc' dir='ltr'>ξωογὸνον,</span> 
     </span>
    </p>
   </div>
   <div class='ocr_carea' id='block_1_30' title="bbox 2378 957 3951 1034">
    <p class='ocr_par' dir='ltr' id='par_1_30' title="bbox 2378 957 3951 1034">
     <span class='ocr_line' id='line_1_30' title="bbox 2378 957 3951 1034; baseline 0.003 -25"><span class='ocrx_word' id='word_1_163' title='bbox 2378 960 2470 1010; x_wconf 73' lang='grc' dir='ltr'><strong>καὶ</strong></span> <span class='ocrx_word' id='word_1_164' title='bbox 2514 959 2612 1028; x_wconf 80' lang='grc' dir='ltr'><strong>τὴν</strong></span> <span class='ocrx_word' id='word_1_165' title='bbox 2669 958 2844 1024; x_wconf 81' lang='grc' dir='ltr'>ὀξεῖαν</span> <span class='ocrx_word' id='word_1_166' title='bbox 2903 960 2996 1010; x_wconf 78' lang='grc' dir='ltr'><strong>καὶ</strong></span> <span class='ocrx_word' id='word_1_167' title='bbox 3044 959 3349 1028; x_wconf 74' lang='grc' dir='ltr'>ἀκράτητον</span> <span class='ocrx_word' id='word_1_168' title='bbox 3404 957 3664 1029; x_wconf 82' lang='grc' dir='ltr'>χώρησιν,</span> <span class='ocrx_word' id='word_1_169' title='bbox 3714 963 3806 1014; x_wconf 80' lang='grc' dir='ltr'><strong>καὶ</strong></span> <span class='ocrx_word' id='word_1_170' title='bbox 3849 963 3951 1034; x_wconf 71' lang='grc' dir='ltr'><strong>τὴν</strong></span> 
     </span>
    </p>
   </div>
   <div class='ocr_carea' id='block_1_31' title="bbox 2377 1050 3950 1125">
    <p class='ocr_par' dir='ltr' id='par_1_31' title="bbox 2377 1050 3950 1125">
     <span class='ocr_line' id='line_1_31' title="bbox 2377 1050 3950 1125; baseline 0.001 -21"><span class='ocrx_word' id='word_1_171' title='bbox 2377 1052 2650 1119; x_wconf 75' lang='grc' dir='ltr'><strong>ἄγνωστον</strong></span> <span class='ocrx_word' id='word_1_172' title='bbox 2683 1052 2812 1120; x_wconf 81' lang='grc' dir='ltr'>ἡμῖν</span> <span class='ocrx_word' id='word_1_173' title='bbox 2843 1050 2933 1103; x_wconf 62' lang='grc' dir='ltr'><strong>καὶ¹</strong></span> <span class='ocrx_word' id='word_1_174' title='bbox 2967 1050 3191 1120; x_wconf 87' lang='grc' dir='ltr'>ἀόρατον</span> <span class='ocrx_word' id='word_1_175' title='bbox 3226 1050 3563 1120; x_wconf 84' lang='grc' dir='ltr'>κρυφιότητα</span> <span class='ocrx_word' id='word_1_176' title='bbox 3603 1051 3708 1104; x_wconf 85' lang='grc' dir='ltr'><strong>τῶν</strong></span> <span class='ocrx_word' id='word_1_177' title='bbox 3741 1070 3950 1125; x_wconf 85' lang='grc' dir='ltr'>κινητι-</span> 
     </span>
    </p>
   </div>
   <div class='ocr_carea' id='block_1_32' title="bbox 2377 1141 3951 1217">
    <p class='ocr_par' dir='ltr' id='par_1_32' title="bbox 2377 1141 3951 1217">
     <span class='ocr_line' id='line_1_32' title="bbox 2377 1141 3951 1217; baseline 0.002 -21"><span class='ocrx_word' id='word_1_178' title='bbox 2377 1144 2486 1196; x_wconf 91' lang='grc' dir='ltr'><strong>κῶν</strong></span> <span class='ocrx_word' id='word_1_179' title='bbox 2512 1144 2692 1214; x_wconf 84' lang='grc' dir='ltr'>ἀρχῶν</span> <span class='ocrx_word' id='word_1_180' title='bbox 2722 1143 2813 1196; x_wconf 68' lang='grc' dir='ltr'>καὶ</span> <span class='ocrx_word' id='word_1_181' title='bbox 2845 1141 3332 1213; x_wconf 66' lang='grc' dir='ltr'>ἀποπερατὼσεωνι.</span> <span class='ocrx_word' id='word_1_182' title='bbox 3363 1145 3443 1196; x_wconf 84' lang='grc' dir='ltr'><strong>Οὐ</strong></span> <span class='ocrx_word' id='word_1_183' title='bbox 3466 1142 3572 1214; x_wconf 88' lang='grc' dir='ltr'>γὰρ</span> <span class='ocrx_word' id='word_1_184' title='bbox 3593 1144 3775 1211; x_wconf 82' lang='grc' dir='ltr'>οἶδας,</span> <span class='ocrx_word' id='word_1_185' title='bbox 3793 1147 3951 1217; x_wconf 73' lang='grc' dir='ltr'>φησὶ,</span> 
     </span>
    </p>
   </div>
   <div class='ocr_carea' id='block_1_33' title="bbox 2375 1235 3373 1304">
    <p class='ocr_par' dir='ltr' id='par_1_33' title="bbox 2375 1235 3373 1304">
     <span class='ocr_line' id='line_1_33' title="bbox 2375 1235 3373 1304; baseline 0 -16"><span class='ocrx_word' id='word_1_186' title='bbox 2375 1237 2558 1289; x_wconf 71' lang='grc' dir='ltr'><strong>πεῖθεν</strong></span> <span class='ocrx_word' id='word_1_187' title='bbox 2584 1238 2837 1303; x_wconf 78' lang='grc' dir='ltr'>ἔρχεται,</span> <span class='ocrx_word' id='word_1_188' title='bbox 2869 1235 2965 1288; x_wconf 76' lang='grc' dir='ltr'>καὶ</span> <span class='ocrx_word' id='word_1_189' title='bbox 2997 1235 3113 1289; x_wconf 78' lang='grc' dir='ltr'><strong>ποῦ</strong></span> <span class='ocrx_word' id='word_1_190' title='bbox 3143 1235 3373 1304; x_wconf 77' lang='grc' dir='ltr'><strong>ὑπάγει.</strong></span> 
     </span>
    </p>
   </div>
   <div class='ocr_carea' id='block_1_34' title="bbox 2459 1324 3949 1397">
    <p class='ocr_par' dir='ltr' id='par_1_34' title="bbox 2459 1324 3949 1397">
     <span class='ocr_line' id='line_1_34' title="bbox 2459 1324 3949 1397; baseline 0.001 -21"><span class='ocrx_word' id='word_1_191' title='bbox 2459 1324 2616 1377; x_wconf 83' lang='grc' dir='ltr'>Ἀλλά</span> <span class='ocrx_word' id='word_1_192' title='bbox 2649 1325 2739 1377; x_wconf 64' lang='grc' dir='ltr'><strong>καὶ</strong></span> <span class='ocrx_word' id='word_1_193' title='bbox 2764 1324 2989 1395; x_wconf 74' lang='grc' dir='ltr'>νεφέλης</span> <span class='ocrx_word' id='word_1_194' title='bbox 3023 1325 3204 1386; x_wconf 80' lang='grc' dir='ltr'>αὐτοῖς</span> <span class='ocrx_word' id='word_1_195' title='bbox 3258 1325 3403 1378; x_wconf 75' lang='grc' dir='ltr'>ῐδέαν</span> <span class='ocrx_word' id='word_1_196' title='bbox 3440 1327 3472 1394; x_wconf 80' lang='grc' dir='ltr'>ἡ</span> <span class='ocrx_word' id='word_1_197' title='bbox 3509 1325 3754 1392; x_wconf 78' lang='grc' dir='ltr'>Θεολογία</span> <span class='ocrx_word' id='word_1_198' title='bbox 3785 1343 3949 1397; x_wconf 81' lang='grc' dir='ltr'>περι-</span> 
     </span>
    </p>
   </div>
   <div class='ocr_carea' id='block_1_35' title="bbox 2376 1410 3952 1488">
    <p class='ocr_par' dir='ltr' id='par_1_35' title="bbox 2376 1410 3952 1488">
     <span class='ocr_line' id='line_1_35' title="bbox 2376 1410 3952 1488; baseline 0 -18"><span class='ocrx_word' id='word_1_199' title='bbox 2376 1418 2614 1478; x_wconf 77' lang='grc' dir='ltr'>πλάττει,</span> <span class='ocrx_word' id='word_1_200' title='bbox 2667 1418 3002 1487; x_wconf 75' lang='grc' dir='ltr'>σημαίνουσα</span> <span class='ocrx_word' id='word_1_201' title='bbox 3035 1417 3122 1469; x_wconf 83' lang='grc' dir='ltr'><strong>διά</strong></span> <span class='ocrx_word' id='word_1_202' title='bbox 3164 1410 3375 1480; x_wconf 81' lang='grc' dir='ltr'>τούτου,</span> <span class='ocrx_word' id='word_1_203' title='bbox 3426 1419 3555 1480; x_wconf 74' lang='grc' dir='ltr'>τοὺς</span> <span class='ocrx_word' id='word_1_204' title='bbox 3596 1419 3774 1488; x_wconf 77' lang='grc' dir='ltr'>ἱεροὺς</span> <span class='ocrx_word' id='word_1_205' title='bbox 3817 1420 3952 1481; x_wconf 82' lang='grc' dir='ltr'>νόας</span> 
     </span>
    </p>
   </div>
   <div class='ocr_carea' id='block_1_36' title="bbox 2373 1509 3952 1582">
    <p class='ocr_par' dir='ltr' id='par_1_36' title="bbox 2373 1509 3952 1582">
     <span class='ocr_line' id='line_1_36' title="bbox 2373 1509 3952 1582; baseline -0.001 -20"><span class='ocrx_word' id='word_1_206' title='bbox 2373 1510 2466 1562; x_wconf 72' lang='grc' dir='ltr'><strong>τοῦ</strong></span> <span class='ocrx_word' id='word_1_207' title='bbox 2524 1510 2621 1581; x_wconf 77' lang='grc' dir='ltr'><strong>μὲν</strong></span> <span class='ocrx_word' id='word_1_208' title='bbox 2667 1511 2895 1582; x_wconf 73' lang='grc' dir='ltr'>κρυφίου</span> <span class='ocrx_word' id='word_1_209' title='bbox 2952 1511 3125 1579; x_wconf 76' lang='grc' dir='ltr'>φωτὸς</span> <span class='ocrx_word' id='word_1_210' title='bbox 3177 1510 3558 1580; x_wconf 85' lang='grc' dir='ltr'>ὑπερκοσμίως</span> <span class='ocrx_word' id='word_1_211' title='bbox 3601 1509 3952 1580; x_wconf 85' lang='grc' dir='ltr'>ἀποπληρου-</span> 
     </span>
    </p>
   </div>
   <div class='ocr_carea' id='block_1_37' title="bbox 2377 1602 3954 1674">
    <p class='ocr_par' dir='ltr' id='par_1_37' title="bbox 2377 1602 3954 1674">
     <span class='ocr_line' id='line_1_37' title="bbox 2377 1602 3954 1674; baseline 0 -19"><span class='ocrx_word' id='word_1_212' title='bbox 2377 1603 2568 1674; x_wconf 79' lang='grc' dir='ltr'>μένους</span> <span class='ocrx_word' id='word_1_213' title='bbox 2601 1604 2664 1665; x_wconf 74' lang='grc' dir='ltr'>δ’δ,</span> <span class='ocrx_word' id='word_1_214' title='bbox 2708 1602 2805 1673; x_wconf 79' lang='grc' dir='ltr'><strong>τὴν</strong></span> <span class='ocrx_word' id='word_1_215' title='bbox 2852 1603 3247 1674; x_wconf 77' lang='grc' dir='ltr'>πρωτοφανῆδε</span> <span class='ocrx_word' id='word_1_216' title='bbox 3269 1603 3737 1674; x_wconf 61' lang='grc' dir='ltr'><strong>ἰτρωαιτοφάνειαν1⁵⁸</strong></span> <span class='ocrx_word' id='word_1_217' title='bbox 3786 1605 3954 1655; x_wconf 80' lang='grc' dir='ltr'>ἀνεκ-</span> 
     </span>
    </p>
   </div>
   <div class='ocr_carea' id='block_1_38' title="bbox 2373 1692 3952 1762">
    <p class='ocr_par' dir='ltr' id='par_1_38' title="bbox 2373 1692 3952 1762">
     <span class='ocr_line' id='line_1_38' title="bbox 2373 1692 3952 1762; baseline 0 -18"><span class='ocrx_word' id='word_1_218' title='bbox 2373 1695 2700 1762; x_wconf 75' lang='grc' dir='ltr'>πομπεύτως</span> <span class='ocrx_word' id='word_1_219' title='bbox 2747 1693 3171 1762; x_wconf 73' lang='grc' dir='ltr'>εἰσδεχομένους,</span> <span class='ocrx_word' id='word_1_220' title='bbox 3202 1693 3294 1744; x_wconf 78' lang='grc' dir='ltr'><strong>καὶ</strong></span> <span class='ocrx_word' id='word_1_221' title='bbox 3323 1692 3528 1762; x_wconf 84' lang='grc' dir='ltr'>ταύτην</span> <span class='ocrx_word' id='word_1_222' title='bbox 3574 1693 3819 1761; x_wconf 77' lang='grc' dir='ltr'><strong>ἀφθόνως</strong></span> <span class='ocrx_word' id='word_1_223' title='bbox 3865 1695 3952 1758; x_wconf 76' lang='grc' dir='ltr'>εἰς</span> 
     </span>
    </p>
   </div>
   <div class='ocr_carea' id='block_1_39' title="bbox 2372 1783 3952 1856">
    <p class='ocr_par' dir='ltr' id='par_1_39' title="bbox 2372 1783 3952 1856">
     <span class='ocr_line' id='line_1_39' title="bbox 2372 1783 3952 1856; baseline -0.001 -18"><span class='ocrx_word' id='word_1_224' title='bbox 2372 1786 2438 1838; x_wconf 74' lang='grc' dir='ltr'><strong>τὰ</strong></span> <span class='ocrx_word' id='word_1_225' title='bbox 2487 1784 2712 1856; x_wconf 81' lang='grc' dir='ltr'>δεύτερα</span> <span class='ocrx_word' id='word_1_226' title='bbox 2755 1784 3158 1856; x_wconf 80' lang='grc' dir='ltr'>δευτεροφανῶς</span> <span class='ocrx_word' id='word_1_227' title='bbox 3215 1785 3309 1836; x_wconf 73' lang='grc' dir='ltr'>καὶ</span> <span class='ocrx_word' id='word_1_228' title='bbox 3357 1783 3634 1850; x_wconf 81' lang='grc' dir='ltr'><strong>ἀναλόγως</strong></span> <span class='ocrx_word' id='word_1_229' title='bbox 3687 1784 3952 1855; x_wconf 83' lang='grc' dir='ltr'>διαπορθ-</span> 
     </span>
    </p>
   </div>
   <div class='ocr_carea' id='block_1_40' title="bbox 2379 1875 3948 1949">
    <p class='ocr_par' dir='ltr' id='par_1_40' title="bbox 2379 1875 3948 1949">
     <span class='ocr_line' id='line_1_40' title="bbox 2379 1875 3948 1949; baseline -0.002 -19"><span class='ocrx_word' id='word_1_230' title='bbox 2379 1878 2637 1949; x_wconf 84' lang='grc' dir='ltr'>μεύοντας</span> <span class='ocrx_word' id='word_1_231' title='bbox 2656 1895 2668 1906; x_wconf 72' lang='grc' dir='ltr'><strong>ο</strong></span> <span class='ocrx_word' id='word_1_232' title='bbox 2689 1879 2782 1931; x_wconf 69' lang='grc' dir='ltr'>καὶ</span> <span class='ocrx_word' id='word_1_233' title='bbox 2801 1879 2906 1948; x_wconf 81' lang='grc' dir='ltr'><strong>μὴν</strong></span> <span class='ocrx_word' id='word_1_234' title='bbox 2926 1877 3081 1929; x_wconf 81' lang='grc' dir='ltr'>ὅτιτὸ</span> <span class='ocrx_word' id='word_1_235' title='bbox 3094 1876 3313 1946; x_wconf 84' lang='grc' dir='ltr'>γόνιμον</span> <span class='ocrx_word' id='word_1_236' title='bbox 3334 1877 3535 1940; x_wconf 79' lang='grc' dir='ltr'>αὐτοῖς,</span> <span class='ocrx_word' id='word_1_237' title='bbox 3552 1877 3644 1930; x_wconf 77' lang='grc' dir='ltr'><strong>καὶ</strong></span> <span class='ocrx_word' id='word_1_238' title='bbox 3661 1875 3948 1940; x_wconf 75' lang='grc' dir='ltr'>ζωοποιδν,</span> 
     </span>
    </p>
   </div>
   <div class='ocr_carea' id='block_1_41' title="bbox 2374 1968 3951 2040">
    <p class='ocr_par' dir='ltr' id='par_1_41' title="bbox 2374 1968 3951 2040">
     <span class='ocr_line' id='line_1_41' title="bbox 2374 1968 3951 2040; baseline -0.001 -18"><span class='ocrx_word' id='word_1_239' title='bbox 2374 1972 2466 2024; x_wconf 72' lang='grc' dir='ltr'><strong>καὶ</strong></span> <span class='ocrx_word' id='word_1_240' title='bbox 2493 1970 2800 2039; x_wconf 78' lang='grc' dir='ltr'>αὐξητικὸν,</span> <span class='ocrx_word' id='word_1_241' title='bbox 2832 1970 2925 2022; x_wconf 69' lang='grc' dir='ltr'><strong>καὶ</strong></span> <span class='ocrx_word' id='word_1_242' title='bbox 2953 1969 3292 2037; x_wconf 80' lang='grc' dir='ltr'>τελειωτικὸν</span> <span class='ocrx_word' id='word_1_243' title='bbox 3326 1968 3639 2040; x_wconf 75' lang='grc' dir='ltr'>ἐνυπάρχει,</span> <span class='ocrx_word' id='word_1_244' title='bbox 3678 1968 3818 2020; x_wconf 86' lang='grc' dir='ltr'><strong>κατά</strong></span> <span class='ocrx_word' id='word_1_245' title='bbox 3844 1968 3951 2038; x_wconf 77' lang='grc' dir='ltr'><strong>τὴν</strong></span> 
     </span>
    </p>
   </div>
   <div class='ocr_carea' id='block_1_42' title="bbox 2372 2056 3952 2131">
    <p class='ocr_par' dir='ltr' id='par_1_42' title="bbox 2372 2056 3952 2131">
     <span class='ocr_line' id='line_1_42' title="bbox 2372 2056 3952 2131; baseline -0.003 -16"><span class='ocrx_word' id='word_1_246' title='bbox 2372 2061 2566 2131; x_wconf 82' lang='grc' dir='ltr'>νοητὴν</span> <span class='ocrx_word' id='word_1_247' title='bbox 2606 2060 2985 2130; x_wconf 77' lang='grc' dir='ltr'>ὸμὸρστοκίαν,</span> <span class='ocrx_word' id='word_1_248' title='bbox 3024 2057 3119 2129; x_wconf 85' lang='grc' dir='ltr'>τὴν</span> <span class='ocrx_word' id='word_1_249' title='bbox 3152 2056 3242 2110; x_wconf 81' lang='grc' dir='ltr'><strong>τὸν</strong></span> <span class='ocrx_word' id='word_1_250' title='bbox 3285 2058 3554 2129; x_wconf 83' lang='grc' dir='ltr'>ὲκδόχειον</span> <span class='ocrx_word' id='word_1_251' title='bbox 3589 2059 3787 2112; x_wconf 83' lang='grc' dir='ltr'>κόλπον</span> <span class='ocrx_word' id='word_1_252' title='bbox 3824 2075 3952 2112; x_wconf 77' lang='grc' dir='ltr'>πιαο</span> 
     </span>
    </p>
   </div>
   <div class='ocr_carea' id='block_1_43' title="bbox 2372 2148 3758 2222">
    <p class='ocr_par' dir='ltr' id='par_1_43' title="bbox 2372 2148 3758 2222">
     <span class='ocr_line' id='line_1_43' title="bbox 2372 2148 3758 2222; baseline 0.001 -19"><span class='ocrx_word' id='word_1_253' title='bbox 2372 2151 2509 2215; x_wconf 89' lang='grc' dir='ltr'>λέοις</span> <span class='ocrx_word' id='word_1_254' title='bbox 2529 2153 2702 2214; x_wconf 77' lang='grc' dir='ltr'>ὑετοῖς</span> <span class='ocrx_word' id='word_1_255' title='bbox 2728 2152 2820 2204; x_wconf 74' lang='grc' dir='ltr'><strong>ἐπὶ</strong></span> <span class='ocrx_word' id='word_1_256' title='bbox 2841 2148 3072 2215; x_wconf 72' lang='grc' dir='ltr'><strong>ζαν-στιχὰς</strong></span> <span class='ocrx_word' id='word_1_257' title='bbox 3106 2149 3296 2213; x_wconf 83' lang='grc' dir='ltr'>ὠδῖνας</span> <span class='ocrx_word' id='word_1_258' title='bbox 3337 2152 3758 2222; x_wconf 68' lang='grc' dir='ltr'>ἐκκαλουμένη-θ.</span> 
     </span>
    </p>
   </div>
   <div class='ocr_carea' id='block_1_44' title="bbox 2213 2355 2416 2430">
    <p class='ocr_par' dir='ltr' id='par_1_44' title="bbox 2213 2355 2416 2430">
     <span class='ocr_line' id='line_1_44' title="bbox 2213 2355 2416 2430; baseline 0.015 -16"><span class='ocrx_word' id='word_1_259' title='bbox 2213 2359 2241 2430; x_wconf 82' lang='lat'>§</span> <span class='ocrx_word' id='word_1_260' title='bbox 2277 2355 2416 2417; x_wconf 85' lang='lat' dir='ltr'><strong>vn.</strong></span> 
     </span>
    </p>
   </div>
   <div class='ocr_carea' id='block_1_45' title="bbox 780 2543 2264 2615">
    <p class='ocr_par' dir='ltr' id='par_1_45' title="bbox 780 2543 2264 2615">
     <span class='ocr_line' id='line_1_45' title="bbox 780 2543 2264 2615; baseline -0.001 -17"><span class='ocrx_word' id='word_1_261' title='bbox 780 2543 932 2612; x_wconf 85' lang='lat' dir='ltr'><strong>Quod</strong></span> <span class='ocrx_word' id='word_1_262' title='bbox 963 2545 1008 2601; x_wconf 87' lang='lat' dir='ltr'><strong>si</strong></span> <span class='ocrx_word' id='word_1_263' title='bbox 1030 2559 1247 2615; x_wconf 86' lang='lat' dir='ltr'><strong>quoque</strong></span> <span class='ocrx_word' id='word_1_264' title='bbox 1276 2545 1399 2600; x_wconf 70' lang='lat' dir='ltr'><strong>teris</strong></span> <span class='ocrx_word' id='word_1_265' title='bbox 1429 2553 1484 2599; x_wconf 91' lang='lat' dir='ltr'><strong>et</strong></span> <span class='ocrx_word' id='word_1_266' title='bbox 1517 2545 1702 2599; x_wconf 87' lang='lat' dir='ltr'><strong>electri</strong></span> <span class='ocrx_word' id='word_1_267' title='bbox 1748 2545 2098 2614; x_wconf 84' lang='lat' dir='ltr'><strong>lapidumque</strong></span> <span class='ocrx_word' id='word_1_268' title='bbox 2124 2547 2264 2599; x_wconf 77' lang='lat' dir='ltr'><strong>tntil—</strong></span> 
     </span>
    </p>
   </div>
   <div class='ocr_carea' id='block_1_46' title="bbox 705 2636 2268 2707">
    <p class='ocr_par' dir='ltr' id='par_1_46' title="bbox 705 2636 2268 2707">
     <span class='ocr_line' id='line_1_46' title="bbox 705 2636 2268 2707; baseline -0.001 -16"><span class='ocrx_word' id='word_1_269' title='bbox 705 2636 990 2691; x_wconf 92' lang='lat' dir='ltr'><strong>ticolorum</strong></span> <span class='ocrx_word' id='word_1_270' title='bbox 1035 2638 1272 2706; x_wconf 87' lang='lat' dir='ltr'><strong>speciem</strong></span> <span class='ocrx_word' id='word_1_271' title='bbox 1318 2636 1589 2707; x_wconf 86' lang='lat' dir='ltr'><strong>theologia</strong></span> <span class='ocrx_word' id='word_1_272' title='bbox 1642 2637 1959 2692; x_wconf 74' lang='lat' dir='ltr'><strong>caalestibus</strong></span> <span class='ocrx_word' id='word_1_273' title='bbox 2015 2637 2268 2691; x_wconf 83' lang='lat' dir='ltr'><strong>essentiis</strong></span> 
     </span>
    </p>
   </div>
   <div class='ocr_carea' id='block_1_47' title="bbox 703 2728 2262 2798">
    <p class='ocr_par' dir='ltr' id='par_1_47' title="bbox 703 2728 2262 2798">
     <span class='ocr_line' id='line_1_47' title="bbox 703 2728 2262 2798; baseline 0.001 -17"><span class='ocrx_word' id='word_1_274' title='bbox 703 2728 1072 2782; x_wconf 83' lang='lat' dir='ltr'><strong>accommodat</strong></span> <span class='ocrx_word' id='word_1_275' title='bbox 1115 2745 1128 2781; x_wconf 89' lang='lat'><strong>:</strong></span> <span class='ocrx_word' id='word_1_276' title='bbox 1168 2728 1424 2782; x_wconf 86' lang='lat' dir='ltr'><strong>electrum</strong></span> <span class='ocrx_word' id='word_1_277' title='bbox 1461 2729 1702 2797; x_wconf 87' lang='lat' dir='ltr'><strong>quidem,</strong></span> <span class='ocrx_word' id='word_1_278' title='bbox 1742 2739 1802 2782; x_wconf 92' lang='lat' dir='ltr'><strong>ut</strong></span> <span class='ocrx_word' id='word_1_279' title='bbox 1829 2729 1971 2798; x_wconf 81' lang='lat' dir='ltr'><strong>quod</strong></span> <span class='ocrx_word' id='word_1_280' title='bbox 2019 2730 2138 2782; x_wconf 88' lang='lat' dir='ltr'><strong>auri</strong></span> <span class='ocrx_word' id='word_1_281' title='bbox 2180 2747 2262 2783; x_wconf 89' lang='lat' dir='ltr'><strong>ar-</strong></span> 
     </span>
    </p>
   </div>
   <div class='ocr_carea' id='block_1_48' title="bbox 700 2819 2265 2890">
    <p class='ocr_par' dir='ltr' id='par_1_48' title="bbox 700 2819 2265 2890">
     <span class='ocr_line' id='line_1_48' title="bbox 700 2819 2265 2890; baseline 0 -16"><span class='ocrx_word' id='word_1_282' title='bbox 700 2820 956 2889; x_wconf 80' lang='lat' dir='ltr'><strong>gentique</strong></span> <span class='ocrx_word' id='word_1_283' title='bbox 1000 2820 1230 2874; x_wconf 88' lang='lat' dir='ltr'><strong>formam</strong></span> <span class='ocrx_word' id='word_1_284' title='bbox 1274 2836 1384 2890; x_wconf 76' lang='lat' dir='ltr'><strong>pra:</strong></span> <span class='ocrx_word' id='word_1_285' title='bbox 1431 2835 1491 2874; x_wconf 87' lang='lat' dir='ltr'><strong>se</strong></span> <span class='ocrx_word' id='word_1_286' title='bbox 1539 2819 1717 2886; x_wconf 88' lang='lat' dir='ltr'><strong>ferat;</strong></span> <span class='ocrx_word' id='word_1_287' title='bbox 1753 2820 1807 2874; x_wconf 87' lang='lat' dir='ltr'><strong>in</strong></span> <span class='ocrx_word' id='word_1_288' title='bbox 1849 2835 1980 2874; x_wconf 92' lang='lat' dir='ltr'><strong>auro</strong></span> <span class='ocrx_word' id='word_1_289' title='bbox 2024 2822 2265 2889; x_wconf 86' lang='lat' dir='ltr'><strong>quidem,</strong></span> 
     </span>
    </p>
   </div>
   <div class='ocr_carea' id='block_1_49' title="bbox 703 2910 2267 2982">
    <p class='ocr_par' dir='ltr' id='par_1_49' title="bbox 703 2910 2267 2982">
     <span class='ocr_line' id='line_1_49' title="bbox 703 2910 2267 2982; baseline 0.003 -20"><span class='ocrx_word' id='word_1_290' title='bbox 703 2910 1007 2976; x_wconf 89' lang='lat' dir='ltr'><strong>putredinis</strong></span> <span class='ocrx_word' id='word_1_291' title='bbox 1058 2920 1337 2980; x_wconf 70' lang='lat' dir='ltr'><strong>expertem</strong></span> <span class='ocrx_word' id='word_1_292' title='bbox 1393 2921 1448 2964; x_wconf 88' lang='lat' dir='ltr'><strong>et</strong></span> <span class='ocrx_word' id='word_1_293' title='bbox 1499 2911 1934 2979; x_wconf 85' lang='lat' dir='ltr'><strong>inconsumptum</strong></span> <span class='ocrx_word' id='word_1_294' title='bbox 1989 2913 2267 2982; x_wconf 83' lang='lat' dir='ltr'><strong>minuique</strong></span> 
     </span>
    </p>
   </div>
   <div class='ocr_carea' id='block_1_50' title="bbox 702 3002 2267 3072">
    <p class='ocr_par' dir='ltr' id='par_1_50' title="bbox 702 3002 2267 3072">
     <span class='ocr_line' id='line_1_50' title="bbox 702 3002 2267 3072; baseline 0.004 -19"><span class='ocrx_word' id='word_1_295' title='bbox 702 3002 943 3056; x_wconf 85' lang='lat' dir='ltr'><strong>nescium</strong></span> <span class='ocrx_word' id='word_1_296' title='bbox 987 3011 1150 3072; x_wconf 82' lang='lat' dir='ltr'><strong>atque</strong></span> <span class='ocrx_word' id='word_1_297' title='bbox 1208 3003 1570 3057; x_wconf 74' lang='lat' dir='ltr'><strong>inviolabilem</strong></span> <span class='ocrx_word' id='word_1_298' title='bbox 1625 3002 1962 3071; x_wconf 72' lang='lat' dir='ltr'><strong>splendorem</strong></span> <span class='ocrx_word' id='word_1_299' title='bbox 2007 3020 2023 3059; x_wconf 87' lang='lat'><strong>:</strong></span> <span class='ocrx_word' id='word_1_300' title='bbox 2074 3004 2127 3057; x_wconf 90' lang='lat' dir='ltr'><strong>in</strong></span> <span class='ocrx_word' id='word_1_301' title='bbox 2177 3019 2267 3059; x_wconf 87' lang='lat' dir='ltr'><strong>ar-</strong></span> 
     </span>
    </p>
   </div>
   <div class='ocr_carea' id='block_1_51' title="bbox 702 3093 2271 3163">
    <p class='ocr_par' dir='ltr' id='par_1_51' title="bbox 702 3093 2271 3163">
     <span class='ocr_line' id='line_1_51' title="bbox 702 3093 2271 3163; baseline 0.002 -18"><span class='ocrx_word' id='word_1_302' title='bbox 702 3103 864 3163; x_wconf 84' lang='lat' dir='ltr'><strong>gento</strong></span> <span class='ocrx_word' id='word_1_303' title='bbox 907 3103 1084 3148; x_wconf 89' lang='lat' dir='ltr'><strong>autem</strong></span> <span class='ocrx_word' id='word_1_304' title='bbox 1131 3093 1382 3159; x_wconf 89' lang='lat' dir='ltr'><strong>lucidam,</strong></span> <span class='ocrx_word' id='word_1_305' title='bbox 1424 3093 1804 3162; x_wconf 68' lang='lat' dir='ltr'><strong>coalestcmque</strong></span> <span class='ocrx_word' id='word_1_306' title='bbox 1843 3094 2150 3147; x_wconf 83' lang='lat' dir='ltr'><strong>claritatem</strong></span> <span class='ocrx_word' id='word_1_307' title='bbox 2179 3096 2271 3148; x_wconf 86' lang='lat' dir='ltr'><strong>dc-</strong></span> 
     </span>
    </p>
   </div>
   <div class='ocr_carea' id='block_1_52' title="bbox 704 3189 879 3235">
    <p class='ocr_par' dir='ltr' id='par_1_52' title="bbox 704 3189 879 3235">
     <span class='ocr_line' id='line_1_52' title="bbox 704 3189 879 3235; baseline 0.023 -4"><span class='ocrx_word' id='word_1_308' title='bbox 704 3189 879 3235; x_wconf 83' lang='lat' dir='ltr'><strong>notat.</strong></span> 
     </span>
    </p>
   </div>
   <div class='ocr_carea' id='block_1_53' title="bbox 2445 2541 3951 2613">
    <p class='ocr_par' dir='ltr' id='par_1_53' title="bbox 2445 2541 3951 2613">
     <span class='ocr_line' id='line_1_53' title="bbox 2445 2541 3951 2613; baseline 0 -17"><span class='ocrx_word' id='word_1_309' title='bbox 2445 2545 2506 2597; x_wconf 77' lang='grc' dir='ltr'><strong>ΕΞ</strong></span> <span class='ocrx_word' id='word_1_310' title='bbox 2532 2544 2588 2595; x_wconf 75' lang='grc' dir='ltr'>δὲ</span> <span class='ocrx_word' id='word_1_311' title='bbox 2626 2544 2718 2596; x_wconf 69' lang='grc' dir='ltr'><strong>καὶ</strong></span> <span class='ocrx_word' id='word_1_312' title='bbox 2765 2541 2985 2613; x_wconf 79' lang='grc' dir='ltr'>χαλκοῦ,</span> <span class='ocrx_word' id='word_1_313' title='bbox 3027 2543 3121 2595; x_wconf 73' lang='grc' dir='ltr'><strong>καὶ</strong></span> <span class='ocrx_word' id='word_1_314' title='bbox 3178 2541 3464 2611; x_wconf 72' lang='grc' dir='ltr'>ἠλέκτρου,</span> <span class='ocrx_word' id='word_1_315' title='bbox 3511 2544 3606 2594; x_wconf 70' lang='grc' dir='ltr'>καὶ</span> <span class='ocrx_word' id='word_1_316' title='bbox 3650 2541 3810 2595; x_wconf 76' lang='grc' dir='ltr'>λίθων</span> <span class='ocrx_word' id='word_1_317' title='bbox 3853 2562 3951 2596; x_wconf 80' lang='grc' dir='ltr'>πο-</span> 
     </span>
    </p>
   </div>
   <div class='ocr_carea' id='block_1_54' title="bbox 2373 2631 3949 2704">
    <p class='ocr_par' dir='ltr' id='par_1_54' title="bbox 2373 2631 3949 2704">
     <span class='ocr_line' id='line_1_54' title="bbox 2373 2631 3949 2704; baseline 0 -19"><span class='ocrx_word' id='word_1_318' title='bbox 2373 2634 2741 2704; x_wconf 79' lang='grc' dir='ltr'>λυχρωμάτων</span> <span class='ocrx_word' id='word_1_319' title='bbox 2772 2631 2906 2696; x_wconf 80' lang='grc' dir='ltr'>εἶδος</span> <span class='ocrx_word' id='word_1_320' title='bbox 2938 2636 2972 2702; x_wconf 86' lang='grc' dir='ltr'>ἡ</span> <span class='ocrx_word' id='word_1_321' title='bbox 3007 2633 3249 2700; x_wconf 84' lang='grc' dir='ltr'>Θεολογία</span> <span class='ocrx_word' id='word_1_322' title='bbox 3281 2635 3400 2695; x_wconf 83' lang='grc' dir='ltr'>ταῖς</span> <span class='ocrx_word' id='word_1_323' title='bbox 3424 2632 3698 2703; x_wconf 77' lang='grc' dir='ltr'>οὐρανίαις</span> <span class='ocrx_word' id='word_1_324' title='bbox 3737 2633 3949 2697; x_wconf 76' lang='grc' dir='ltr'><strong>οὐσίαις</strong></span> 
     </span>
    </p>
   </div>
   <div class='ocr_carea' id='block_1_55' title="bbox 2373 2726 3948 2798">
    <p class='ocr_par' dir='ltr' id='par_1_55' title="bbox 2373 2726 3948 2798">
     <span class='ocr_line' id='line_1_55' title="bbox 2373 2726 3948 2798; baseline 0 -20"><span class='ocrx_word' id='word_1_325' title='bbox 2373 2726 2679 2798; x_wconf 70' lang='grc' dir='ltr'>περιτίθησι</span> <span class='ocrx_word' id='word_1_326' title='bbox 2705 2744 2715 2755; x_wconf 90' lang='grc'><strong>·</strong></span> <span class='ocrx_word' id='word_1_327' title='bbox 2746 2727 2805 2779; x_wconf 84' lang='grc' dir='ltr'><strong>τὸ</strong></span> <span class='ocrx_word' id='word_1_328' title='bbox 2833 2728 2929 2797; x_wconf 78' lang='grc' dir='ltr'><strong>μὲν</strong></span> <span class='ocrx_word' id='word_1_329' title='bbox 2956 2727 3234 2797; x_wconf 76' lang='grc' dir='ltr'>ἤλεκτρον,</span> <span class='ocrx_word' id='word_1_330' title='bbox 3257 2727 3332 2789; x_wconf 87' lang='grc' dir='ltr'>ὡς</span> <span class='ocrx_word' id='word_1_331' title='bbox 3365 2726 3671 2797; x_wconf 68' lang='grc' dir='ltr'>χρυσοειδές</span> <span class='ocrx_word' id='word_1_332' title='bbox 3707 2727 3819 2796; x_wconf 77' lang='grc' dir='ltr'><strong>ἅμα</strong></span> <span class='ocrx_word' id='word_1_333' title='bbox 3845 2727 3948 2778; x_wconf 70' lang='grc' dir='ltr'>καὶ</span> 
     </span>
    </p>
   </div>
   <div class='ocr_carea' id='block_1_56' title="bbox 2375 2817 3948 2892">
    <p class='ocr_par' dir='ltr' id='par_1_56' title="bbox 2375 2817 3948 2892">
     <span class='ocr_line' id='line_1_56' title="bbox 2375 2817 3948 2892; baseline -0.002 -20"><span class='ocrx_word' id='word_1_334' title='bbox 2375 2819 2738 2892; x_wconf 75' lang='grc' dir='ltr'>ἀργυροειδὲς,</span> <span class='ocrx_word' id='word_1_335' title='bbox 2783 2819 3034 2887; x_wconf 68' lang='grc' dir='ltr'>ἐμφαίνει</span> <span class='ocrx_word' id='word_1_336' title='bbox 3081 2819 3178 2888; x_wconf 80' lang='grc' dir='ltr'>τὴν</span> <span class='ocrx_word' id='word_1_337' title='bbox 3227 2817 3488 2887; x_wconf 76' lang='grc' dir='ltr'>ἄσηπτον,</span> <span class='ocrx_word' id='word_1_338' title='bbox 3522 2817 3597 2879; x_wconf 85' lang='grc' dir='ltr'>ὼς</span> <span class='ocrx_word' id='word_1_339' title='bbox 3644 2819 3700 2869; x_wconf 79' lang='grc' dir='ltr'>ὲν</span> <span class='ocrx_word' id='word_1_340' title='bbox 3734 2817 3948 2887; x_wconf 79' lang='grc' dir='ltr'>χρυσῷ,</span> 
     </span>
    </p>
   </div>
   <div class='ocr_carea' id='block_1_57' title="bbox 2375 2907 3944 2978">
    <p class='ocr_par' dir='ltr' id='par_1_57' title="bbox 2375 2907 3944 2978">
     <span class='ocr_line' id='line_1_57' title="bbox 2375 2907 3944 2978; baseline -0.003 -15"><span class='ocrx_word' id='word_1_341' title='bbox 2375 2913 2469 2963; x_wconf 73' lang='grc' dir='ltr'><strong>καὶ</strong></span> <span class='ocrx_word' id='word_1_342' title='bbox 2496 2911 2785 2973; x_wconf 77' lang='grc' dir='ltr'>ἀδάπανον,</span> <span class='ocrx_word' id='word_1_343' title='bbox 2804 2909 2895 2961; x_wconf 74' lang='grc' dir='ltr'><strong>καὶ</strong></span> <span class='ocrx_word' id='word_1_344' title='bbox 2916 2909 3204 2978; x_wconf 84' lang='grc' dir='ltr'>ἀμείωτον,</span> <span class='ocrx_word' id='word_1_345' title='bbox 3223 2910 3314 2960; x_wconf 69' lang='grc' dir='ltr'>καὶ</span> <span class='ocrx_word' id='word_1_346' title='bbox 3335 2910 3600 2978; x_wconf 74' lang='grc' dir='ltr'>ἄχραντον</span> <span class='ocrx_word' id='word_1_347' title='bbox 3629 2907 3906 2975; x_wconf 84' lang='grc' dir='ltr'>διαύγειαν</span> <span class='ocrx_word' id='word_1_348' title='bbox 3929 2927 3944 2939; x_wconf 90' lang='grc'><strong>·</strong></span> 
     </span>
    </p>
   </div>
   <div class='ocr_carea' id='block_1_58' title="bbox 2376 2998 3950 3071">
    <p class='ocr_par' dir='ltr' id='par_1_58' title="bbox 2376 2998 3950 3071">
     <span class='ocr_line' id='line_1_58' title="bbox 2376 2998 3950 3071; baseline -0.003 -16"><span class='ocrx_word' id='word_1_349' title='bbox 2376 3003 2468 3055; x_wconf 68' lang='grc' dir='ltr'>καὶ</span> <span class='ocrx_word' id='word_1_350' title='bbox 2519 3001 2616 3071; x_wconf 79' lang='grc' dir='ltr'><strong>τὴν</strong></span> <span class='ocrx_word' id='word_1_351' title='bbox 2667 3001 2856 3070; x_wconf 78' lang='grc' dir='ltr'>φανὴν,</span> <span class='ocrx_word' id='word_1_352' title='bbox 2891 2998 2966 3062; x_wconf 85' lang='grc' dir='ltr'>ὡς</span> <span class='ocrx_word' id='word_1_353' title='bbox 3012 3000 3069 3050; x_wconf 77' lang='grc' dir='ltr'>ὲν</span> <span class='ocrx_word' id='word_1_354' title='bbox 3110 2999 3353 3070; x_wconf 83' lang='grc' dir='ltr'>ἀργύρῳ,</span> <span class='ocrx_word' id='word_1_355' title='bbox 3390 2998 3480 3050; x_wconf 80' lang='grc' dir='ltr'><strong>καὶ</strong></span> <span class='ocrx_word' id='word_1_356' title='bbox 3526 2999 3804 3068; x_wconf 82' lang='grc' dir='ltr'>φωτοειδῆ,</span> <span class='ocrx_word' id='word_1_357' title='bbox 3849 3000 3950 3051; x_wconf 69' lang='grc' dir='ltr'><strong>καὶ</strong></span> 
     </span>
    </p>
   </div>
   <div class='ocr_carea' id='block_1_59' title="bbox 2375 3091 2862 3164">
    <p class='ocr_par' dir='ltr' id='par_1_59' title="bbox 2375 3091 2862 3164">
     <span class='ocr_line' id='line_1_59' title="bbox 2375 3091 2862 3164; baseline -0.01 -18"><span class='ocrx_word' id='word_1_358' title='bbox 2375 3093 2631 3164; x_wconf 75' lang='grc' dir='ltr'>οὐρανίαν</span> <span class='ocrx_word' id='word_1_359' title='bbox 2653 3091 2862 3160; x_wconf 75' lang='grc' dir='ltr'>αἴγλην.</span> 
     </span>
    </p>
   </div>
   <div class='ocr_carea' id='block_1_60' title="bbox 774 3250 2270 3350">
    <p class='ocr_par' dir='ltr' id='par_1_60' title="bbox 774 3274 2267 3350">
     <span class='ocr_line' id='line_1_60' title="bbox 774 3274 2267 3350; baseline 0.002 -21"><span class='ocrx_word' id='word_1_360' title='bbox 774 3274 891 3329; x_wconf 64' lang='lat' dir='ltr'><strong>Eri</strong></span> <span class='ocrx_word' id='word_1_361' title='bbox 924 3276 1243 3347; x_wconf 83' lang='lat' dir='ltr'><strong>vero,juxta</strong></span> <span class='ocrx_word' id='word_1_362' title='bbox 1279 3277 1518 3332; x_wconf 87' lang='lat' dir='ltr'><strong>rationes</strong></span> <span class='ocrx_word' id='word_1_363' title='bbox 1549 3279 1875 3346; x_wconf 85' lang='lat' dir='ltr'><strong>assignatas,</strong></span> <span class='ocrx_word' id='word_1_364' title='bbox 1904 3278 1987 3333; x_wconf 85' lang='lat' dir='ltr'><strong>vel</strong></span> <span class='ocrx_word' id='word_1_365' title='bbox 2019 3277 2158 3350; x_wconf 85' lang='lat' dir='ltr'><strong>ignis</strong></span> <span class='ocrx_word' id='word_1_366' title='bbox 2184 3279 2267 3333; x_wconf 83' lang='lat' dir='ltr'><strong>vel</strong></span> 
     </span>
    </p>
   </div>
   <div class='ocr_carea' id='block_1_61' title="bbox 2374 3250 3946 3350">
    <p class='ocr_par' dir='ltr' id='par_1_61' title="bbox 2438 3267 3946 3346">
     <span class='ocr_line' id='line_1_61' title="bbox 2438 3267 3946 3346; baseline -0.006 -18"><span class='ocrx_word' id='word_1_367' title='bbox 2438 3275 2529 3346; x_wconf 83' lang='grc' dir='ltr'><strong>Τῷ</strong></span> <span class='ocrx_word' id='word_1_368' title='bbox 2561 3274 2616 3327; x_wconf 79' lang='grc' dir='ltr'><strong>δὲ</strong></span> <span class='ocrx_word' id='word_1_369' title='bbox 2651 3271 2855 3344; x_wconf 83' lang='grc' dir='ltr'>χαλκῷ,</span> <span class='ocrx_word' id='word_1_370' title='bbox 2889 3270 3026 3324; x_wconf 84' lang='grc' dir='ltr'><strong>κατά</strong></span> <span class='ocrx_word' id='word_1_371' title='bbox 3053 3269 3181 3332; x_wconf 73' lang='grc' dir='ltr'>τοὺς</span> <span class='ocrx_word' id='word_1_372' title='bbox 3214 3269 3570 3332; x_wconf 76' lang='grc' dir='ltr'>ἀποδοθέντας</span> <span class='ocrx_word' id='word_1_373' title='bbox 3604 3269 3648 3299; x_wconf 74' lang='grc'><strong>⁵⁸</strong></span> <span class='ocrx_word' id='word_1_374' title='bbox 3669 3267 3880 3336; x_wconf 81' lang='grc' dir='ltr'>λόγους,</span> <span class='ocrx_word' id='word_1_375' title='bbox 3910 3269 3946 3340; x_wconf 73' lang='grc' dir='ltr'>ἢ</span> 
     </span>
    </p>
   </div>
   <div class='ocr_carea' id='block_1_62' title="bbox 702 3365 1450 3435">
    <p class='ocr_par' dir='ltr' id='par_1_62' title="bbox 702 3365 1450 3435">
     <span class='ocr_line' id='line_1_62' title="bbox 702 3365 1450 3435; baseline 0.005 -18"><span class='ocrx_word' id='word_1_376' title='bbox 702 3367 818 3418; x_wconf 90' lang='lat' dir='ltr'><strong>auri</strong></span> <span class='ocrx_word' id='word_1_377' title='bbox 847 3366 1057 3435; x_wconf 85' lang='lat' dir='ltr'><strong>species</strong></span> <span class='ocrx_word' id='word_1_378' title='bbox 1082 3365 1450 3421; x_wconf 85' lang='lat' dir='ltr'><strong>attribuenda.</strong></span> 
     </span>
    </p>
   </div>
   <div class='ocr_carea' id='block_1_63' title="bbox 780 3454 2268 3530">
    <p class='ocr_par' dir='ltr' id='par_1_63' title="bbox 780 3454 2268 3530">
     <span class='ocr_line' id='line_1_63' title="bbox 780 3454 2268 3530; baseline 0.004 -24"><span class='ocrx_word' id='word_1_379' title='bbox 780 3454 946 3509; x_wconf 84' lang='lat' dir='ltr'><strong>Porro</strong></span> <span class='ocrx_word' id='word_1_380' title='bbox 973 3455 1211 3524; x_wconf 89' lang='lat' dir='ltr'><strong>lapidum</strong></span> <span class='ocrx_word' id='word_1_381' title='bbox 1241 3455 1610 3512; x_wconf 78' lang='lat' dir='ltr'><strong>inultieolorcs</strong></span> <span class='ocrx_word' id='word_1_382' title='bbox 1646 3459 1873 3527; x_wconf 88' lang='lat' dir='ltr'><strong>species,</strong></span> <span class='ocrx_word' id='word_1_383' title='bbox 1904 3457 1988 3513; x_wconf 81' lang='lat' dir='ltr'><strong>vel</strong></span> <span class='ocrx_word' id='word_1_384' title='bbox 2017 3459 2067 3512; x_wconf 89' lang='lat' dir='ltr'><strong>in</strong></span> <span class='ocrx_word' id='word_1_385' title='bbox 2094 3474 2268 3530; x_wconf 88' lang='lat' dir='ltr'><strong>quan-</strong></span> 
     </span>
    </p>
   </div>
   <div class='ocr_carea' id='block_1_64' title="bbox 704 3545 2268 3617">
    <p class='ocr_par' dir='ltr' id='par_1_64' title="bbox 704 3545 2268 3617">
     <span class='ocr_line' id='line_1_64' title="bbox 704 3545 2268 3617; baseline 0.001 -19"><span class='ocrx_word' id='word_1_386' title='bbox 704 3556 814 3598; x_wconf 90' lang='lat' dir='ltr'><strong>tum</strong></span> <span class='ocrx_word' id='word_1_387' title='bbox 862 3546 1016 3611; x_wconf 61' lang='lat' dir='ltr'><strong>albae,</strong></span> <span class='ocrx_word' id='word_1_388' title='bbox 1076 3545 1205 3615; x_wconf 87' lang='lat' dir='ltr'><strong>quid</strong></span> <span class='ocrx_word' id='word_1_389' title='bbox 1265 3546 1535 3612; x_wconf 84' lang='lat' dir='ltr'><strong>lucidum;</strong></span> <span class='ocrx_word' id='word_1_390' title='bbox 1591 3548 1677 3601; x_wconf 89' lang='lat' dir='ltr'><strong>vel</strong></span> <span class='ocrx_word' id='word_1_391' title='bbox 1729 3564 1832 3617; x_wconf 86' lang='lat' dir='ltr'><strong>qua</strong></span> <span class='ocrx_word' id='word_1_392' title='bbox 1895 3549 2092 3614; x_wconf 63' lang='lat' dir='ltr'><strong>rubrm,</strong></span> <span class='ocrx_word' id='word_1_393' title='bbox 2140 3547 2268 3616; x_wconf 88' lang='lat' dir='ltr'><strong>quid</strong></span> 
     </span>
    </p>
   </div>
   <div class='ocr_carea' id='block_1_65' title="bbox 702 3637 2266 3710">
    <p class='ocr_par' dir='ltr' id='par_1_65' title="bbox 702 3637 2266 3710">
     <span class='ocr_line' id='line_1_65' title="bbox 702 3637 2266 3710; baseline 0.004 -22"><span class='ocrx_word' id='word_1_394' title='bbox 702 3639 953 3706; x_wconf 78' lang='lat' dir='ltr'><strong>igneum;</strong></span> <span class='ocrx_word' id='word_1_395' title='bbox 987 3638 1071 3691; x_wconf 88' lang='lat' dir='ltr'><strong>vel</strong></span> <span class='ocrx_word' id='word_1_396' title='bbox 1107 3653 1211 3708; x_wconf 80' lang='lat' dir='ltr'><strong>qua</strong></span> <span class='ocrx_word' id='word_1_397' title='bbox 1263 3637 1430 3700; x_wconf 71' lang='lat' dir='ltr'><strong>ﬂavm,</strong></span> <span class='ocrx_word' id='word_1_398' title='bbox 1466 3641 1595 3708; x_wconf 90' lang='lat' dir='ltr'><strong>quid</strong></span> <span class='ocrx_word' id='word_1_399' title='bbox 1639 3655 1895 3705; x_wconf 89' lang='lat' dir='ltr'><strong>aureum;</strong></span> <span class='ocrx_word' id='word_1_400' title='bbox 1941 3641 2023 3695; x_wconf 88' lang='lat' dir='ltr'><strong>vel</strong></span> <span class='ocrx_word' id='word_1_401' title='bbox 2050 3655 2158 3710; x_wconf 87' lang='lat' dir='ltr'><strong>qua</strong></span> <span class='ocrx_word' id='word_1_402' title='bbox 2183 3641 2266 3694; x_wconf 88' lang='lat' dir='ltr'><strong>vi-</strong></span> 
     </span>
    </p>
   </div>
   <div class='ocr_carea' id='block_1_66' title="bbox 705 3729 2269 3802">
    <p class='ocr_par' dir='ltr' id='par_1_66' title="bbox 705 3729 2269 3802">
     <span class='ocr_line' id='line_1_66' title="bbox 705 3729 2269 3802; baseline 0.001 -20"><span class='ocrx_word' id='word_1_403' title='bbox 705 3729 1132 3796; x_wconf 81' lang='lat' dir='ltr'><strong>rides,juvenile</strong></span> <span class='ocrx_word' id='word_1_404' title='bbox 1175 3730 1450 3798; x_wconf 84' lang='lat' dir='ltr'><strong>quidpiam</strong></span> <span class='ocrx_word' id='word_1_405' title='bbox 1486 3747 1547 3784; x_wconf 90' lang='lat' dir='ltr'><strong>ac</strong></span> <span class='ocrx_word' id='word_1_406' title='bbox 1587 3731 1767 3801; x_wconf 80' lang='lat' dir='ltr'><strong>vigens</strong></span> <span class='ocrx_word' id='word_1_407' title='bbox 1816 3731 2125 3802; x_wconf 69' lang='lat' dir='ltr'><strong>significare</strong></span> <span class='ocrx_word' id='word_1_408' title='bbox 2169 3746 2269 3801; x_wconf 79' lang='lat' dir='ltr'><strong>pu-</strong></span> 
     </span>
    </p>
   </div>
   <div class='ocr_carea' id='block_1_67' title="bbox 703 3821 2266 3894">
    <p class='ocr_par' dir='ltr' id='par_1_67' title="bbox 703 3821 2266 3894">
     <span class='ocr_line' id='line_1_67' title="bbox 703 3821 2266 3894; baseline -0.001 -17"><span class='ocrx_word' id='word_1_409' title='bbox 703 3823 878 3877; x_wconf 74' lang='lat' dir='ltr'><strong>tanda:</strong></span> <span class='ocrx_word' id='word_1_410' title='bbox 904 3830 1032 3876; x_wconf 87' lang='lat' dir='ltr'><strong>sunt</strong></span> <span class='ocrx_word' id='word_1_411' title='bbox 1059 3839 1075 3876; x_wconf 90' lang='lat'><strong>:</strong></span> <span class='ocrx_word' id='word_1_412' title='bbox 1104 3830 1266 3890; x_wconf 88' lang='lat' dir='ltr'><strong>atque</strong></span> <span class='ocrx_word' id='word_1_413' title='bbox 1298 3821 1371 3875; x_wconf 91' lang='lat' dir='ltr'><strong>ita</strong></span> <span class='ocrx_word' id='word_1_414' title='bbox 1410 3823 1704 3875; x_wconf 86' lang='lat' dir='ltr'><strong>secundum</strong></span> <span class='ocrx_word' id='word_1_415' title='bbox 1730 3838 2000 3894; x_wconf 84' lang='lat' dir='ltr'><strong>quamque</strong></span> <span class='ocrx_word' id='word_1_416' title='bbox 2035 3823 2266 3892; x_wconf 90' lang='lat' dir='ltr'><strong>speciem</strong></span> 
     </span>
    </p>
   </div>
   <div class='ocr_carea' id='block_1_68' title="bbox 700 3913 2266 3984">
    <p class='ocr_par' dir='ltr' id='par_1_68' title="bbox 700 3913 2266 3984">
     <span class='ocr_line' id='line_1_68' title="bbox 700 3913 2266 3984; baseline 0.003 -20"><span class='ocrx_word' id='word_1_417' title='bbox 700 3929 916 3983; x_wconf 91' lang='lat' dir='ltr'><strong>quoque</strong></span> <span class='ocrx_word' id='word_1_418' title='bbox 955 3914 1240 3982; x_wconf 81' lang='lat' dir='ltr'><strong>mysticam</strong></span> <span class='ocrx_word' id='word_1_419' title='bbox 1271 3915 1560 3982; x_wconf 83' lang='lat' dir='ltr'><strong>quamdam</strong></span> <span class='ocrx_word' id='word_1_420' title='bbox 1601 3913 1900 3984; x_wconf 80' lang='lat' dir='ltr'><strong>typiearum</strong></span> <span class='ocrx_word' id='word_1_421' title='bbox 1950 3916 2266 3982; x_wconf 83' lang='lat' dir='ltr'><strong>imaginum,</strong></span> 
     </span>
    </p>
   </div>
   <div class='ocr_carea' id='block_1_69' title="bbox 701 4005 2160 4083">
    <p class='ocr_par' dir='ltr' id='par_1_69' title="bbox 701 4005 2160 4083">
     <span class='ocr_line' id='line_1_69' title="bbox 701 4005 2160 4083; baseline 0.001 -24"><span class='ocrx_word' id='word_1_422' title='bbox 701 4021 822 4076; x_wconf 62' lang='lat' dir='ltr'><strong>quae</strong></span> <span class='ocrx_word' id='word_1_423' title='bbox 849 4005 914 4059; x_wconf 92' lang='lat' dir='ltr'><strong>ad</strong></span> <span class='ocrx_word' id='word_1_424' title='bbox 943 4020 1173 4073; x_wconf 88' lang='lat' dir='ltr'><strong>superna</strong></span> <span class='ocrx_word' id='word_1_425' title='bbox 1202 4015 1439 4068; x_wconf 87' lang='lat' dir='ltr'><strong>revocet,</strong></span> <span class='ocrx_word' id='word_1_426' title='bbox 1479 4006 1715 4075; x_wconf 87' lang='lat' dir='ltr'><strong>reperias</strong></span> <span class='ocrx_word' id='word_1_427' title='bbox 1741 4006 2160 4083; x_wconf 79' lang='lat' dir='ltr'><strong>expositionem.</strong></span> 
     </span>
    </p>
   </div>
   <div class='ocr_carea' id='block_1_70' title="bbox 770 4096 2271 4166">
    <p class='ocr_par' dir='ltr' id='par_1_70' title="bbox 770 4096 2271 4166">
     <span class='ocr_line' id='line_1_70' title="bbox 770 4096 2271 4166; baseline 0.001 -15"><span class='ocrx_word' id='word_1_428' title='bbox 770 4097 878 4152; x_wconf 87' lang='lat' dir='ltr'><strong>Sed</strong></span> <span class='ocrx_word' id='word_1_429' title='bbox 918 4098 1174 4165; x_wconf 84' lang='lat' dir='ltr'><strong>quoniam</strong></span> <span class='ocrx_word' id='word_1_430' title='bbox 1199 4098 1265 4150; x_wconf 90' lang='lat' dir='ltr'><strong>dc</strong></span> <span class='ocrx_word' id='word_1_431' title='bbox 1292 4096 1375 4150; x_wconf 86' lang='lat' dir='ltr'><strong>his</strong></span> <span class='ocrx_word' id='word_1_432' title='bbox 1408 4097 1543 4150; x_wconf 88' lang='lat' dir='ltr'><strong>satis</strong></span> <span class='ocrx_word' id='word_1_433' title='bbox 1573 4112 1600 4150; x_wconf 91' lang='lat' dir='ltr'><strong>a</strong></span> <span class='ocrx_word' id='word_1_434' title='bbox 1634 4097 1791 4152; x_wconf 88' lang='lat' dir='ltr'><strong>nobis</strong></span> <span class='ocrx_word' id='word_1_435' title='bbox 1818 4113 1915 4165; x_wconf 90' lang='lat' dir='ltr'><strong>pro</strong></span> <span class='ocrx_word' id='word_1_436' title='bbox 1950 4097 2089 4150; x_wconf 74' lang='lat' dir='ltr'><strong>virili</strong></span> <span class='ocrx_word' id='word_1_437' title='bbox 2117 4106 2271 4166; x_wconf 84' lang='lat' dir='ltr'><strong>parte</strong></span> 
     </span>
    </p>
   </div>
   <div class='ocr_carea' id='block_1_71' title="bbox 700 4186 2271 4253">
    <p class='ocr_par' dir='ltr' id='par_1_71' title="bbox 700 4186 2271 4253">
     <span class='ocr_line' id='line_1_71' title="bbox 700 4186 2271 4253; baseline -0.001 -12"><span class='ocrx_word' id='word_1_438' title='bbox 700 4187 903 4242; x_wconf 88' lang='lat' dir='ltr'><strong>dictum</strong></span> <span class='ocrx_word' id='word_1_439' title='bbox 929 4201 1049 4242; x_wconf 83' lang='lat' dir='ltr'><strong>esse</strong></span> <span class='ocrx_word' id='word_1_440' title='bbox 1075 4187 1332 4253; x_wconf 89' lang='lat' dir='ltr'><strong>arbitror,</strong></span> <span class='ocrx_word' id='word_1_441' title='bbox 1359 4189 1430 4241; x_wconf 87' lang='lat' dir='ltr'><strong>ad</strong></span> <span class='ocrx_word' id='word_1_442' title='bbox 1458 4201 1675 4241; x_wconf 89' lang='lat' dir='ltr'><strong>sacram</strong></span> <span class='ocrx_word' id='word_1_443' title='bbox 1723 4187 2030 4242; x_wconf 75' lang='lat' dir='ltr'><strong>cmlestium</strong></span> <span class='ocrx_word' id='word_1_444' title='bbox 2069 4186 2271 4241; x_wconf 77' lang='lat' dir='ltr'><strong>intelli-</strong></span> 
     </span>
    </p>
   </div>
   <div class='ocr_carea' id='block_1_72' title="bbox 703 4278 2266 4350">
    <p class='ocr_par' dir='ltr' id='par_1_72' title="bbox 703 4278 2266 4350">
     <span class='ocr_line' id='line_1_72' title="bbox 703 4278 2266 4350; baseline 0 -18"><span class='ocrx_word' id='word_1_445' title='bbox 703 4282 1005 4349; x_wconf 86' lang='lat' dir='ltr'><strong>gentiarum</strong></span> <span class='ocrx_word' id='word_1_446' title='bbox 1037 4296 1131 4350; x_wconf 91' lang='lat' dir='ltr'><strong>per</strong></span> <span class='ocrx_word' id='word_1_447' title='bbox 1161 4278 1461 4335; x_wconf 87' lang='lat' dir='ltr'><strong>bestiarum</strong></span> <span class='ocrx_word' id='word_1_448' title='bbox 1505 4279 1712 4336; x_wconf 81' lang='lat' dir='ltr'><strong>formas</strong></span> <span class='ocrx_word' id='word_1_449' title='bbox 1746 4295 2131 4348; x_wconf 76' lang='lat' dir='ltr'><strong>expressarum</strong></span> <span class='ocrx_word' id='word_1_450' title='bbox 2169 4293 2266 4333; x_wconf 73' lang='lat' dir='ltr'><strong>ex-</strong></span> 
     </span>
    </p>
   </div>
   <div class='ocr_carea' id='block_1_73' title="bbox 704 4373 1596 4442">
    <p class='ocr_par' dir='ltr' id='par_1_73' title="bbox 704 4373 1596 4442">
     <span class='ocr_line' id='line_1_73' title="bbox 704 4373 1596 4442; baseline -0.003 -17"><span class='ocrx_word' id='word_1_451' title='bbox 704 4373 1054 4442; x_wconf 88' lang='lat' dir='ltr'><strong>plicationem</strong></span> <span class='ocrx_word' id='word_1_452' title='bbox 1084 4373 1473 4426; x_wconf 85' lang='lat' dir='ltr'><strong>transeundum</strong></span> <span class='ocrx_word' id='word_1_453' title='bbox 1498 4379 1596 4426; x_wconf 83' lang='lat' dir='ltr'><strong>est.</strong></span> 
     </span>
    </p>
   </div>
   <div class='ocr_carea' id='block_1_74' title="bbox 2374 3359 3640 3434">
    <p class='ocr_par' dir='ltr' id='par_1_74' title="bbox 2374 3359 3640 3434">
     <span class='ocr_line' id='line_1_74' title="bbox 2374 3359 3640 3434; baseline -0.006 -16"><span class='ocrx_word' id='word_1_454' title='bbox 2374 3365 2431 3418; x_wconf 80' lang='grc' dir='ltr'><strong>τὸ</strong></span> <span class='ocrx_word' id='word_1_455' title='bbox 2457 3363 2720 3434; x_wconf 85' lang='grc' dir='ltr'>πυρῶδες,</span> <span class='ocrx_word' id='word_1_456' title='bbox 2759 3361 2790 3431; x_wconf 79' lang='grc' dir='ltr'>ἢ</span> <span class='ocrx_word' id='word_1_457' title='bbox 2820 3361 2879 3413; x_wconf 74' lang='grc' dir='ltr'><strong>τὸ</strong></span> <span class='ocrx_word' id='word_1_458' title='bbox 2910 3359 3221 3431; x_wconf 82' lang='grc' dir='ltr'>χρυσοειδὲς</span> <span class='ocrx_word' id='word_1_459' title='bbox 3250 3360 3640 3431; x_wconf 81' lang='grc' dir='ltr'>ἀπονεμητέον.</span> 
     </span>
    </p>
   </div>
   <div class='ocr_carea' id='block_1_75' title="bbox 2441 3450 3952 3521">
    <p class='ocr_par' dir='ltr' id='par_1_75' title="bbox 2441 3450 3952 3521">
     <span class='ocr_line' id='line_1_75' title="bbox 2441 3450 3952 3521; baseline -0.006 -12"><span class='ocrx_word' id='word_1_460' title='bbox 2441 3457 2552 3520; x_wconf 78' lang='grc' dir='ltr'>Τὰς</span> <span class='ocrx_word' id='word_1_461' title='bbox 2583 3455 2638 3508; x_wconf 71' lang='grc' dir='ltr'>δὲ</span> <span class='ocrx_word' id='word_1_462' title='bbox 2671 3453 2776 3507; x_wconf 85' lang='grc' dir='ltr'><strong>τῶν</strong></span> <span class='ocrx_word' id='word_1_463' title='bbox 2802 3453 2962 3505; x_wconf 81' lang='grc' dir='ltr'>λίθων</span> <span class='ocrx_word' id='word_1_464' title='bbox 2990 3451 3449 3521; x_wconf 81' lang='grc' dir='ltr'>πολυχρωμάτους</span> <span class='ocrx_word' id='word_1_465' title='bbox 3495 3450 3635 3512; x_wconf 81' lang='grc' dir='ltr'>ἰδέας</span> <span class='ocrx_word' id='word_1_466' title='bbox 3659 3451 3952 3520; x_wconf 76' lang='grc' dir='ltr'>ἐμφαίνειν</span> 
     </span>
    </p>
   </div>
   <div class='ocr_carea' id='block_1_76' title="bbox 2369 3542 3946 3619">
    <p class='ocr_par' dir='ltr' id='par_1_76' title="bbox 2369 3542 3946 3619">
     <span class='ocr_line' id='line_1_76' title="bbox 2369 3542 3946 3619; baseline -0.006 -18"><span class='ocrx_word' id='word_1_467' title='bbox 2369 3548 2598 3619; x_wconf 83' lang='grc' dir='ltr'>οἰητέον,</span> <span class='ocrx_word' id='word_1_468' title='bbox 2625 3547 2657 3617; x_wconf 85' lang='grc' dir='ltr'>ἢ</span> <span class='ocrx_word' id='word_1_469' title='bbox 2708 3546 2782 3608; x_wconf 85' lang='grc' dir='ltr'>ὼς</span> <span class='ocrx_word' id='word_1_470' title='bbox 2814 3544 3031 3607; x_wconf 78' lang='grc' dir='ltr'>λευκὰς,</span> <span class='ocrx_word' id='word_1_471' title='bbox 3072 3543 3131 3596; x_wconf 79' lang='grc' dir='ltr'><strong>τὸ</strong></span> <span class='ocrx_word' id='word_1_472' title='bbox 3165 3542 3450 3612; x_wconf 77' lang='grc' dir='ltr'>φωτοειδές</span> <span class='ocrx_word' id='word_1_473' title='bbox 3471 3560 3482 3572; x_wconf 87' lang='grc'>·</span> <span class='ocrx_word' id='word_1_474' title='bbox 3519 3543 3553 3612; x_wconf 81' lang='grc' dir='ltr'><strong>ἢ</strong></span> <span class='ocrx_word' id='word_1_475' title='bbox 3581 3548 3656 3607; x_wconf 76' lang='grc' dir='ltr'><strong>ὡς</strong></span> <span class='ocrx_word' id='word_1_476' title='bbox 3686 3542 3946 3615; x_wconf 72' lang='grc' dir='ltr'>ἐρυθρὰς,</span> 
     </span>
    </p>
   </div>
   <div class='ocr_carea' id='block_1_77' title="bbox 2373 3631 3946 3709">
    <p class='ocr_par' dir='ltr' id='par_1_77' title="bbox 2373 3631 3946 3709">
     <span class='ocr_line' id='line_1_77' title="bbox 2373 3631 3946 3709; baseline -0.006 -17"><span class='ocrx_word' id='word_1_477' title='bbox 2373 3640 2432 3692; x_wconf 79' lang='grc' dir='ltr'><strong>τὸ</strong></span> <span class='ocrx_word' id='word_1_478' title='bbox 2478 3637 2760 3709; x_wconf 85' lang='grc' dir='ltr'>πυρῶδες·</span> <span class='ocrx_word' id='word_1_479' title='bbox 2805 3637 2836 3709; x_wconf 81' lang='grc' dir='ltr'>ἦ</span> <span class='ocrx_word' id='word_1_480' title='bbox 2877 3636 2951 3699; x_wconf 83' lang='grc' dir='ltr'>ὡς</span> <span class='ocrx_word' id='word_1_481' title='bbox 3013 3634 3230 3702; x_wconf 81' lang='grc' dir='ltr'>ξανθὰς,</span> <span class='ocrx_word' id='word_1_482' title='bbox 3289 3636 3348 3688; x_wconf 79' lang='grc' dir='ltr'><strong>τὸ</strong></span> <span class='ocrx_word' id='word_1_483' title='bbox 3399 3632 3735 3704; x_wconf 73' lang='grc' dir='ltr'>χρυσοειδέςο</span> <span class='ocrx_word' id='word_1_484' title='bbox 3776 3631 3809 3700; x_wconf 85' lang='grc' dir='ltr'>ἢ</span> <span class='ocrx_word' id='word_1_485' title='bbox 3862 3634 3946 3698; x_wconf 64' lang='lat' dir='ltr'><strong>1b.;</strong></span> 
     </span>
    </p>
   </div>
   <div class='ocr_carea' id='block_1_78' title="bbox 2373 3725 3949 3803">
    <p class='ocr_par' dir='ltr' id='par_1_78' title="bbox 2373 3725 3949 3803">
     <span class='ocr_line' id='line_1_78' title="bbox 2373 3725 3949 3803; baseline -0.004 -19"><span class='ocrx_word' id='word_1_486' title='bbox 2373 3731 2616 3803; x_wconf 66' lang='grc' dir='ltr'>χλοερᾶς,</span> <span class='ocrx_word' id='word_1_487' title='bbox 2642 3730 2702 3783; x_wconf 83' lang='grc' dir='ltr'><strong>τὸ</strong></span> <span class='ocrx_word' id='word_1_488' title='bbox 2734 3730 2978 3784; x_wconf 77' lang='grc' dir='ltr'>νεανικὸν</span> <span class='ocrx_word' id='word_1_489' title='bbox 3004 3730 3097 3781; x_wconf 70' lang='grc' dir='ltr'><strong>καὶ</strong></span> <span class='ocrx_word' id='word_1_490' title='bbox 3121 3730 3352 3799; x_wconf 85' lang='grc' dir='ltr'>ἀκμαῖον</span> <span class='ocrx_word' id='word_1_491' title='bbox 3377 3745 3389 3758; x_wconf 87' lang='grc'><strong>·</strong></span> <span class='ocrx_word' id='word_1_492' title='bbox 3421 3728 3514 3779; x_wconf 82' lang='grc' dir='ltr'>καὶ</span> <span class='ocrx_word' id='word_1_493' title='bbox 3555 3725 3675 3779; x_wconf 80' lang='grc' dir='ltr'>καθ’</span> <span class='ocrx_word' id='word_1_494' title='bbox 3710 3727 3949 3778; x_wconf 75' lang='grc' dir='ltr'>ἕκαστον</span> 
     </span>
    </p>
   </div>
   <div class='ocr_carea' id='block_1_79' title="bbox 2369 3816 3946 3893">
    <p class='ocr_par' dir='ltr' id='par_1_79' title="bbox 2369 3816 3946 3893">
     <span class='ocr_line' id='line_1_79' title="bbox 2369 3816 3946 3893; baseline -0.005 -17"><span class='ocrx_word' id='word_1_495' title='bbox 2369 3819 2510 3886; x_wconf 81' lang='grc' dir='ltr'>εἶδος</span> <span class='ocrx_word' id='word_1_496' title='bbox 2547 3823 2796 3893; x_wconf 81' lang='grc' dir='ltr'>εὑρήσεις</span> <span class='ocrx_word' id='word_1_497' title='bbox 2841 3819 3186 3890; x_wconf 83' lang='grc' dir='ltr'>ἀναγωγικὴν</span> <span class='ocrx_word' id='word_1_498' title='bbox 3229 3817 3336 3872; x_wconf 81' lang='grc' dir='ltr'><strong>τῶν</strong></span> <span class='ocrx_word' id='word_1_499' title='bbox 3384 3817 3625 3871; x_wconf 84' lang='grc' dir='ltr'>τυπικῶν</span> <span class='ocrx_word' id='word_1_500' title='bbox 3646 3818 3688 3848; x_wconf 83' lang='grc'><strong>³⁷</strong></span> <span class='ocrx_word' id='word_1_501' title='bbox 3715 3816 3946 3868; x_wconf 80' lang='grc' dir='ltr'>εἰκόνων</span> 
     </span>
    </p>
   </div>
   <div class='ocr_carea' id='block_1_80' title="bbox 2374 3913 2764 3984">
    <p class='ocr_par' dir='ltr' id='par_1_80' title="bbox 2374 3913 2764 3984">
     <span class='ocr_line' id='line_1_80' title="bbox 2374 3913 2764 3984; baseline 0 -18"><span class='ocrx_word' id='word_1_502' title='bbox 2374 3913 2764 3984; x_wconf 82' lang='grc' dir='ltr'>ἀνακάθαρσιν.</span> 
     </span>
    </p>
   </div>
   <div class='ocr_carea' id='block_1_81' title="bbox 2457 4089 3943 4164">
    <p class='ocr_par' dir='ltr' id='par_1_81' title="bbox 2457 4089 3943 4164">
     <span class='ocr_line' id='line_1_81' title="bbox 2457 4089 3943 4164; baseline -0.001 -20"><span class='ocrx_word' id='word_1_503' title='bbox 2457 4093 2592 4145; x_wconf 77' lang='grc' dir='ltr'>Ἀλλ’</span> <span class='ocrx_word' id='word_1_504' title='bbox 2620 4092 2812 4163; x_wconf 73' lang='grc' dir='ltr'>ἐπειδὴ</span> <span class='ocrx_word' id='word_1_505' title='bbox 2837 4091 3008 4145; x_wconf 82' lang='grc' dir='ltr'>ταῦτα</span> <span class='ocrx_word' id='word_1_506' title='bbox 3030 4091 3170 4145; x_wconf 83' lang='grc' dir='ltr'><strong>κατά</strong></span> <span class='ocrx_word' id='word_1_507' title='bbox 3200 4091 3426 4161; x_wconf 82' lang='grc' dir='ltr'>δύναμιν</span> <span class='ocrx_word' id='word_1_508' title='bbox 3462 4092 3592 4162; x_wconf 79' lang='grc' dir='ltr'>ἡμῖν</span> <span class='ocrx_word' id='word_1_509' title='bbox 3625 4089 3943 4164; x_wconf 78' lang='grc' dir='ltr'>ἀρκούντως</span> 
     </span>
    </p>
   </div>
   <div class='ocr_carea' id='block_1_82' title="bbox 2373 4181 3942 4265">
    <p class='ocr_par' dir='ltr' id='par_1_82' title="bbox 2373 4181 3942 4265">
     <span class='ocr_line' id='line_1_82' title="bbox 2373 4181 3942 4265; baseline -0.002 -28"><span class='ocrx_word' id='word_1_510' title='bbox 2373 4184 2621 4255; x_wconf 71' lang='grc' dir='ltr'>εἰρῆσθαι</span> <span class='ocrx_word' id='word_1_511' title='bbox 2659 4183 2878 4265; x_wconf 34' lang='grc' dir='ltr'>νομίσζω,</span> <span class='ocrx_word' id='word_1_512' title='bbox 2919 4184 3157 4253; x_wconf 83' lang='grc' dir='ltr'>μετιτέον</span> <span class='ocrx_word' id='word_1_513' title='bbox 3197 4183 3288 4235; x_wconf 76' lang='grc' dir='ltr'><strong>ἐπὶ</strong></span> <span class='ocrx_word' id='word_1_514' title='bbox 3321 4187 3417 4253; x_wconf 76' lang='grc' dir='ltr'>τὴν</span> <span class='ocrx_word' id='word_1_515' title='bbox 3453 4181 3600 4252; x_wconf 67' lang='grc' dir='ltr'>ἱερὰν</span> <span class='ocrx_word' id='word_1_516' title='bbox 3639 4181 3942 4246; x_wconf 80' lang='grc' dir='ltr'>ἀνάπτυξιν</span> 
     </span>
    </p>
   </div>
   <div class='ocr_carea' id='block_1_83' title="bbox 2373 4275 3864 4348">
    <p class='ocr_par' dir='ltr' id='par_1_83' title="bbox 2373 4275 3864 4348">
     <span class='ocr_line' id='line_1_83' title="bbox 2373 4275 3864 4348; baseline -0.003 -18"><span class='ocrx_word' id='word_1_517' title='bbox 2373 4279 2474 4348; x_wconf 80' lang='grc' dir='ltr'>τῆς</span> <span class='ocrx_word' id='word_1_518' title='bbox 2506 4278 2612 4330; x_wconf 85' lang='grc' dir='ltr'><strong>τῶν</strong></span> <span class='ocrx_word' id='word_1_519' title='bbox 2636 4276 2901 4347; x_wconf 71' lang='grc' dir='ltr'>οὐρανίων</span> <span class='ocrx_word' id='word_1_520' title='bbox 2933 4277 3066 4329; x_wconf 88' lang='grc' dir='ltr'>νοῶν</span> <span class='ocrx_word' id='word_1_521' title='bbox 3092 4277 3373 4348; x_wconf 78' lang='grc' dir='ltr'>ἱεροτύπου</span> <span class='ocrx_word' id='word_1_522' title='bbox 3395 4275 3764 4345; x_wconf 73' lang='grc' dir='ltr'>Θηρομορφίας</span> <span class='ocrx_word' id='word_1_523' title='bbox 3796 4275 3864 4326; x_wconf 85' lang='grc'><strong>⁸⁸.</strong></span> 
     </span>
    </p>
   </div>
   <div class='ocr_carea' id='block_1_84' title="bbox 2199 4527 2432 4603">
    <p class='ocr_par' dir='ltr' id='par_1_84' title="bbox 2199 4527 2432 4603">
     <span class='ocr_line' id='line_1_84' title="bbox 2199 4527 2432 4603; baseline 0 -13"><span class='ocrx_word' id='word_1_524' title='bbox 2199 4531 2228 4603; x_wconf 83' lang='lat'><strong>§</strong></span> <span class='ocrx_word' id='word_1_525' title='bbox 2263 4527 2432 4590; x_wconf 84' lang='lat' dir='ltr'><strong>Vlll.</strong></span> 
     </span>
    </p>
   </div>
   <div class='ocr_carea' id='block_1_85' title="bbox 772 4710 2270 4789">
    <p class='ocr_par' dir='ltr' id='par_1_85' title="bbox 772 4718 2266 4789">
     <span class='ocr_line' id='line_1_85' title="bbox 772 4718 2266 4789; baseline -0.001 -17"><span class='ocrx_word' id='word_1_526' title='bbox 772 4719 850 4774; x_wconf 83' lang='lat' dir='ltr'><strong>Ac</strong></span> <span class='ocrx_word' id='word_1_527' title='bbox 888 4718 1060 4775; x_wconf 91' lang='lat' dir='ltr'><strong>leonis</strong></span> <span class='ocrx_word' id='word_1_528' title='bbox 1112 4722 1328 4789; x_wconf 83' lang='lat' dir='ltr'><strong>quidem</strong></span> <span class='ocrx_word' id='word_1_529' title='bbox 1373 4723 1547 4777; x_wconf 87' lang='lat' dir='ltr'><strong>forma</strong></span> <span class='ocrx_word' id='word_1_530' title='bbox 1590 4719 1870 4776; x_wconf 87' lang='lat' dir='ltr'><strong>declarare</strong></span> <span class='ocrx_word' id='word_1_531' title='bbox 1909 4718 2142 4788; x_wconf 87' lang='lat' dir='ltr'><strong>putanda</strong></span> <span class='ocrx_word' id='word_1_532' title='bbox 2183 4727 2266 4773; x_wconf 86' lang='lat' dir='ltr'><strong>est</strong></span> 
     </span>
    </p>
   </div>
   <div class='ocr_carea' id='block_1_86' title="bbox 2374 4710 3942 4789">
    <p class='ocr_par' dir='ltr' id='par_1_86' title="bbox 2437 4710 3942 4788">
     <span class='ocr_line' id='line_1_86' title="bbox 2437 4710 3942 4788; baseline -0.003 -19"><span class='ocrx_word' id='word_1_533' title='bbox 2437 4716 2546 4770; x_wconf 77' lang='grc' dir='ltr'><strong>Καὶ</strong></span> <span class='ocrx_word' id='word_1_534' title='bbox 2576 4718 2672 4787; x_wconf 78' lang='grc' dir='ltr'><strong>τὴν</strong></span> <span class='ocrx_word' id='word_1_535' title='bbox 2699 4716 2796 4788; x_wconf 79' lang='grc' dir='ltr'>μὲν</span> <span class='ocrx_word' id='word_1_536' title='bbox 2835 4717 3043 4780; x_wconf 84' lang='grc' dir='ltr'>λέοντος</span> <span class='ocrx_word' id='word_1_537' title='bbox 3069 4716 3280 4788; x_wconf 75' lang='grc' dir='ltr'>μορφὴν</span> <span class='ocrx_word' id='word_1_538' title='bbox 3317 4713 3599 4784; x_wconf 78' lang='grc' dir='ltr'>ἐμφαίνειν</span> <span class='ocrx_word' id='word_1_539' title='bbox 3636 4710 3846 4781; x_wconf 70' lang='grc' dir='ltr'>οἰητέον</span> <span class='ocrx_word' id='word_1_540' title='bbox 3877 4713 3942 4765; x_wconf 74' lang='grc' dir='ltr'><strong>τὸ</strong></span> 
     </span>
    </p>
   </div>
   <div class='ocr_carea' id='block_1_87' title="bbox 702 4808 2267 4882">
    <p class='ocr_par' dir='ltr' id='par_1_87' title="bbox 702 4808 2267 4882">
     <span class='ocr_line' id='line_1_87' title="bbox 702 4808 2267 4882; baseline 0.001 -21"><span class='ocrx_word' id='word_1_541' title='bbox 702 4810 808 4864; x_wconf 84' lang='lat' dir='ltr'><strong>vim</strong></span> <span class='ocrx_word' id='word_1_542' title='bbox 855 4808 1000 4865; x_wconf 87' lang='lat' dir='ltr'><strong>illam</strong></span> <span class='ocrx_word' id='word_1_543' title='bbox 1035 4811 1387 4882; x_wconf 85' lang='lat' dir='ltr'><strong>principalem</strong></span> <span class='ocrx_word' id='word_1_544' title='bbox 1419 4827 1484 4866; x_wconf 92' lang='lat' dir='ltr'><strong>ac</strong></span> <span class='ocrx_word' id='word_1_545' title='bbox 1513 4811 1787 4864; x_wconf 87' lang='lat' dir='ltr'><strong>robustam</strong></span> <span class='ocrx_word' id='word_1_546' title='bbox 1827 4820 1989 4879; x_wconf 90' lang='lat' dir='ltr'><strong>atque</strong></span> <span class='ocrx_word' id='word_1_547' title='bbox 2021 4809 2267 4865; x_wconf 88' lang='lat' dir='ltr'><strong>indoma-</strong></span> 
     </span>
    </p>
   </div>
   <div class='ocr_carea' id='block_1_88' title="bbox 702 4902 2264 4974">
    <p class='ocr_par' dir='ltr' id='par_1_88' title="bbox 702 4902 2264 4974">
     <span class='ocr_line' id='line_1_88' title="bbox 702 4902 2264 4974; baseline -0.003 -17"><span class='ocrx_word' id='word_1_548' title='bbox 702 4904 887 4970; x_wconf 81' lang='lat' dir='ltr'><strong>bilem,</strong></span> <span class='ocrx_word' id='word_1_549' title='bbox 918 4918 1022 4974; x_wconf 90' lang='lat' dir='ltr'><strong>qua</strong></span> <span class='ocrx_word' id='word_1_550' title='bbox 1062 4903 1152 4957; x_wconf 86' lang='lat' dir='ltr'><strong>isti</strong></span> <span class='ocrx_word' id='word_1_551' title='bbox 1194 4903 1558 4957; x_wconf 88' lang='lat' dir='ltr'><strong>occultissimo</strong></span> <span class='ocrx_word' id='word_1_552' title='bbox 1586 4903 1875 4958; x_wconf 74' lang='lat' dir='ltr'><strong>ineﬂ‘nbilis</strong></span> <span class='ocrx_word' id='word_1_553' title='bbox 1917 4902 2083 4956; x_wconf 84' lang='lat' dir='ltr'><strong>divini</strong></span> <span class='ocrx_word' id='word_1_554' title='bbox 2116 4902 2264 4968; x_wconf 92' lang='lat' dir='ltr'><strong>prin-</strong></span> 
     </span>
    </p>
   </div>
   <div class='ocr_carea' id='block_1_89' title="bbox 701 4993 2263 5065">
    <p class='ocr_par' dir='ltr' id='par_1_89' title="bbox 701 4993 2263 5065">
     <span class='ocr_line' id='line_1_89' title="bbox 701 4993 2263 5065; baseline -0.003 -15"><span class='ocrx_word' id='word_1_555' title='bbox 701 5000 910 5065; x_wconf 86' lang='lat' dir='ltr'><strong>cipatus</strong></span> <span class='ocrx_word' id='word_1_556' title='bbox 941 5009 1140 5050; x_wconf 87' lang='lat' dir='ltr'><strong>arcano</strong></span> <span class='ocrx_word' id='word_1_557' title='bbox 1179 5010 1276 5065; x_wconf 89' lang='lat' dir='ltr'><strong>pro</strong></span> <span class='ocrx_word' id='word_1_558' title='bbox 1307 4995 1449 5049; x_wconf 79' lang='lat' dir='ltr'><strong>virili</strong></span> <span class='ocrx_word' id='word_1_559' title='bbox 1483 4994 1689 5050; x_wconf 87' lang='lat' dir='ltr'><strong>similes</strong></span> <span class='ocrx_word' id='word_1_560' title='bbox 1724 4995 1960 5049; x_wconf 84' lang='lat' dir='ltr'><strong>evadere</strong></span> <span class='ocrx_word' id='word_1_561' title='bbox 1990 4993 2263 5058; x_wconf 82' lang='lat' dir='ltr'><strong>nituntur,</strong></span> 
     </span>
    </p>
   </div>
   <div class='ocr_carea' id='block_1_90' title="bbox 703 5086 2265 5157">
    <p class='ocr_par' dir='ltr' id='par_1_90' title="bbox 703 5086 2265 5157">
     <span class='ocr_line' id='line_1_90' title="bbox 703 5086 2265 5157; baseline -0.002 -16"><span class='ocrx_word' id='word_1_562' title='bbox 703 5087 1024 5157; x_wconf 89' lang='lat' dir='ltr'><strong>spiritalium</strong></span> <span class='ocrx_word' id='word_1_563' title='bbox 1046 5089 1396 5156; x_wconf 85' lang='lat' dir='ltr'><strong>vestigiorum</strong></span> <span class='ocrx_word' id='word_1_564' title='bbox 1416 5087 1764 5156; x_wconf 87' lang='lat' dir='ltr'><strong>coopertioue</strong></span> <span class='ocrx_word' id='word_1_565' title='bbox 1783 5086 2112 5156; x_wconf 85' lang='lat' dir='ltr'><strong>mysticeque</strong></span> <span class='ocrx_word' id='word_1_566' title='bbox 2134 5100 2265 5153; x_wconf 88' lang='lat' dir='ltr'><strong>sup-</strong></span> 
     </span>
    </p>
   </div>
   <div class='ocr_carea' id='block_1_91' title="bbox 703 5173 2263 5253">
    <p class='ocr_par' dir='ltr' id='par_1_91' title="bbox 703 5173 2263 5253">
     <span class='ocr_line' id='line_1_91' title="bbox 703 5173 2263 5253; baseline -0.004 -22"><span class='ocrx_word' id='word_1_567' title='bbox 703 5191 888 5253; x_wconf 85' lang='lat' dir='ltr'><strong>presso</strong></span> <span class='ocrx_word' id='word_1_568' title='bbox 927 5190 1233 5231; x_wconf 83' lang='lat' dir='ltr'><strong>commeatu</strong></span> <span class='ocrx_word' id='word_1_569' title='bbox 1269 5177 1390 5238; x_wconf 69' lang='lat' dir='ltr'><strong>vim.</strong></span> <span class='ocrx_word' id='word_1_570' title='bbox 1431 5191 1549 5243; x_wconf 70' lang='lat' dir='ltr'><strong>qua:</strong></span> <span class='ocrx_word' id='word_1_571' title='bbox 1589 5177 1654 5228; x_wconf 90' lang='lat' dir='ltr'><strong>ad</strong></span> <span class='ocrx_word' id='word_1_572' title='bbox 1693 5177 1864 5244; x_wconf 88' lang='lat' dir='ltr'><strong>ipsum</strong></span> <span class='ocrx_word' id='word_1_573' title='bbox 1895 5190 1991 5244; x_wconf 86' lang='lat' dir='ltr'><strong>per</strong></span> <span class='ocrx_word' id='word_1_574' title='bbox 2027 5173 2263 5228; x_wconf 83' lang='lat' dir='ltr'><strong>divinam</strong></span> 
     </span>
    </p>
   </div>
   <div class='ocr_carea' id='block_1_92' title="bbox 706 5271 1508 5326">
    <p class='ocr_par' dir='ltr' id='par_1_92' title="bbox 706 5271 1508 5326">
     <span class='ocr_line' id='line_1_92' title="bbox 706 5271 1508 5326; baseline -0.002 -4"><span class='ocrx_word' id='word_1_575' title='bbox 706 5273 1119 5326; x_wconf 85' lang='lat' dir='ltr'><strong>illustratiouem</strong></span> <span class='ocrx_word' id='word_1_576' title='bbox 1153 5271 1438 5324; x_wconf 88' lang='lat' dir='ltr'><strong>inducebat</strong></span> <span class='ocrx_word' id='word_1_577' title='bbox 1464 5282 1508 5320; x_wconf 73' lang='grc' dir='ltr'>ι.</span> 
     </span>
    </p>
   </div>
   <div class='ocr_carea' id='block_1_93' title="bbox 779 5428 1964 5494">
    <p class='ocr_par' dir='ltr' id='par_1_93' title="bbox 779 5428 1964 5494">
     <span class='ocr_line' id='line_1_93' title="bbox 779 5428 1964 5494; baseline -0.004 -10"><span class='ocrx_word' id='word_1_578' title='bbox 779 5440 804 5468; x_wconf 72' lang='grc' dir='ltr'><strong><em>η</em></strong></span> <span class='ocrx_word' id='word_1_579' title='bbox 831 5432 985 5486; x_wconf 84' lang='lat' dir='ltr'><strong>.loau.</strong></span> <span class='ocrx_word' id='word_1_580' title='bbox 1014 5447 1104 5494; x_wconf 85' lang='grc' dir='ltr'>ιιι,</span> <span class='ocrx_word' id='word_1_581' title='bbox 1131 5429 1184 5484; x_wconf 91' lang='grc'><strong>8.</strong></span> <span class='ocrx_word' id='word_1_582' title='bbox 1261 5437 1282 5463; x_wconf 77' lang='grc' dir='ltr'><strong><em>τ</em></strong></span> <span class='ocrx_word' id='word_1_583' title='bbox 1309 5428 1476 5494; x_wconf 84' lang='lat' dir='ltr'><strong>Apoc.</strong></span> <span class='ocrx_word' id='word_1_584' title='bbox 1508 5444 1559 5480; x_wconf 75' lang='lat' dir='ltr'><strong>at.</strong></span> <span class='ocrx_word' id='word_1_585' title='bbox 1640 5441 1663 5466; x_wconf 73' lang='grc' dir='ltr'><strong><em>κ</em></strong></span> <span class='ocrx_word' id='word_1_586' title='bbox 1697 5430 1861 5490; x_wconf 77' lang='lat' dir='ltr'><strong>Apoc.</strong></span> <span class='ocrx_word' id='word_1_587' title='bbox 1897 5441 1964 5479; x_wconf 81' lang='grc' dir='ltr'><strong>ιν.</strong></span> 
     </span>
    </p>
   </div>
   <div class='ocr_carea' id='block_1_94' title="bbox 2374 4804 3942 4882">
    <p class='ocr_par' dir='ltr' id='par_1_94' title="bbox 2374 4804 3942 4882">
     <span class='ocr_line' id='line_1_94' title="bbox 2374 4804 3942 4882; baseline -0.005 -19"><span class='ocrx_word' id='word_1_588' title='bbox 2374 4811 2712 4881; x_wconf 77' lang='grc' dir='ltr'>ἡγεμονικὸν,</span> <span class='ocrx_word' id='word_1_589' title='bbox 2750 4813 2842 4863; x_wconf 74' lang='grc' dir='ltr'><strong>καὶ</strong></span> <span class='ocrx_word' id='word_1_590' title='bbox 2885 4810 3181 4882; x_wconf 80' lang='grc' dir='ltr'>ῥωμαλέον,</span> <span class='ocrx_word' id='word_1_591' title='bbox 3236 4809 3330 4861; x_wconf 71' lang='grc' dir='ltr'><strong>καὶ</strong></span> <span class='ocrx_word' id='word_1_592' title='bbox 3369 4806 3695 4876; x_wconf 85' lang='grc' dir='ltr'>ἀδάμαστον,</span> <span class='ocrx_word' id='word_1_593' title='bbox 3728 4804 3821 4856; x_wconf 78' lang='grc' dir='ltr'><strong>καὶ</strong></span> <span class='ocrx_word' id='word_1_594' title='bbox 3877 4805 3942 4857; x_wconf 86' lang='grc' dir='ltr'>τὺ</span> 
     </span>
    </p>
   </div>
   <div class='ocr_carea' id='block_1_95' title="bbox 2375 4896 3937 4972">
    <p class='ocr_par' dir='ltr' id='par_1_95' title="bbox 2375 4896 3937 4972">
     <span class='ocr_line' id='line_1_95' title="bbox 2375 4896 3937 4972; baseline 0.006 -21"><span class='ocrx_word' id='word_1_595' title='bbox 2375 4901 2506 4970; x_wconf 82' lang='grc' dir='ltr'>πρὸς</span> <span class='ocrx_word' id='word_1_596' title='bbox 2529 4902 2625 4971; x_wconf 80' lang='grc' dir='ltr'>τὴν</span> <span class='ocrx_word' id='word_1_597' title='bbox 2659 4902 2990 4972; x_wconf 82' lang='grc' dir='ltr'>κρυφιότητα</span> <span class='ocrx_word' id='word_1_598' title='bbox 3023 4902 3122 4972; x_wconf 78' lang='grc' dir='ltr'>τῆς</span> <span class='ocrx_word' id='word_1_599' title='bbox 3148 4900 3484 4970; x_wconf 73' lang='grc' dir='ltr'>ἀφθέγμονος</span> <span class='ocrx_word' id='word_1_600' title='bbox 3521 4897 3794 4966; x_wconf 76' lang='grc' dir='ltr'>θεαρχιας,</span> <span class='ocrx_word' id='word_1_601' title='bbox 3832 4896 3937 4966; x_wconf 76' lang='grc' dir='ltr'>ὅση</span> 
     </span>
    </p>
   </div>
   <div class='ocr_carea' id='block_1_96' title="bbox 2370 4984 3941 5062">
    <p class='ocr_par' dir='ltr' id='par_1_96' title="bbox 2370 4984 3941 5062">
     <span class='ocr_line' id='line_1_96' title="bbox 2370 4984 3941 5062; baseline -0.001 -22"><span class='ocrx_word' id='word_1_602' title='bbox 2370 4988 2615 5062; x_wconf 80' lang='grc' dir='ltr'>δύναμις,</span> <span class='ocrx_word' id='word_1_603' title='bbox 2646 4990 3039 5060; x_wconf 78' lang='grc' dir='ltr'>ἀφομοιωτικὺν</span> <span class='ocrx_word' id='word_1_604' title='bbox 3061 4993 3126 5060; x_wconf 82' lang='grc' dir='ltr'>τῇ</span> <span class='ocrx_word' id='word_1_605' title='bbox 3154 4990 3260 5042; x_wconf 87' lang='grc' dir='ltr'><strong>τῶν</strong></span> <span class='ocrx_word' id='word_1_606' title='bbox 3288 4985 3487 5057; x_wconf 89' lang='grc' dir='ltr'>νοερῶν</span> <span class='ocrx_word' id='word_1_607' title='bbox 3523 4984 3683 5054; x_wconf 76' lang='grc' dir='ltr'>ἰχνῶν</span> <span class='ocrx_word' id='word_1_608' title='bbox 3713 5001 3941 5054; x_wconf 81' lang='grc' dir='ltr'>περικα-</span> 
     </span>
    </p>
   </div>
   <div class='ocr_carea' id='block_1_97' title="bbox 2372 5077 3943 5152">
    <p class='ocr_par' dir='ltr' id='par_1_97' title="bbox 2372 5077 3943 5152">
     <span class='ocr_line' id='line_1_97' title="bbox 2372 5077 3943 5152; baseline -0.001 -21"><span class='ocrx_word' id='word_1_609' title='bbox 2372 5079 2545 5149; x_wconf 75' lang='grc' dir='ltr'>λύψει,</span> <span class='ocrx_word' id='word_1_610' title='bbox 2582 5084 2674 5134; x_wconf 54' lang='grc' dir='ltr'><strong>καλ⁵</strong></span> <span class='ocrx_word' id='word_1_611' title='bbox 2708 5085 2774 5152; x_wconf 81' lang='grc' dir='ltr'>τῇ</span> <span class='ocrx_word' id='word_1_612' title='bbox 2804 5080 3074 5151; x_wconf 84' lang='grc' dir='ltr'>μυστικῶς</span> <span class='ocrx_word' id='word_1_613' title='bbox 3107 5078 3534 5151; x_wconf 81' lang='grc' dir='ltr'>ἀνεκπομπεύτῳ</span> <span class='ocrx_word' id='word_1_614' title='bbox 3564 5077 3943 5146; x_wconf 32' lang='grc' dir='ltr'><strong>⁸’.ει-..εριεςτολῇ</strong></span> 
     </span>
    </p>
   </div>
   <div class='ocr_carea' id='block_1_98' title="bbox 2370 5170 3940 5242">
    <p class='ocr_par' dir='ltr' id='par_1_98' title="bbox 2370 5170 3940 5242">
     <span class='ocr_line' id='line_1_98' title="bbox 2370 5170 3940 5242; baseline -0.001 -18"><span class='ocrx_word' id='word_1_615' title='bbox 2370 5173 2466 5242; x_wconf 83' lang='grc' dir='ltr'>τῆς</span> <span class='ocrx_word' id='word_1_616' title='bbox 2507 5171 2645 5225; x_wconf 88' lang='grc' dir='ltr'><strong>κατά</strong></span> <span class='ocrx_word' id='word_1_617' title='bbox 2673 5172 2820 5226; x_wconf 81' lang='grc' dir='ltr'>θείαν</span> <span class='ocrx_word' id='word_1_618' title='bbox 2861 5171 3117 5242; x_wconf 74' lang='grc' dir='ltr'>ἐλλαμψιν</span> <span class='ocrx_word' id='word_1_619' title='bbox 3160 5173 3244 5224; x_wconf 69' lang='grc' dir='ltr'><strong>ἐπ’</strong></span> <span class='ocrx_word' id='word_1_620' title='bbox 3269 5173 3442 5241; x_wconf 81' lang='grc' dir='ltr'>αὐτὴν</span> <span class='ocrx_word' id='word_1_621' title='bbox 3487 5170 3810 5238; x_wconf 81' lang='grc' dir='ltr'>ἀνατατικῆς</span> <span class='ocrx_word' id='word_1_622' title='bbox 3838 5187 3940 5222; x_wconf 83' lang='grc' dir='ltr'>πο-</span> 
     </span>
    </p>
   </div>
   <div class='ocr_carea' id='block_1_99' title="bbox 2375 5264 2544 5333">
    <p class='ocr_par' dir='ltr' id='par_1_99' title="bbox 2375 5264 2544 5333">
     <span class='ocr_line' id='line_1_99' title="bbox 2375 5264 2544 5333; baseline 0.012 -17"><span class='ocrx_word' id='word_1_623' title='bbox 2375 5264 2544 5333; x_wconf 84' lang='grc' dir='ltr'>ρείας.</span> 
     </span>
    </p>
   </div>
   <div class='ocr_carea' id='block_1_100' title="bbox 1961 5600 2647 5659">
    <p class='ocr_par' dir='ltr' id='par_1_100' title="bbox 1961 5600 2647 5659">
     <span class='ocr_line' id='line_1_100' title="bbox 1961 5600 2647 5659; baseline -0.009 0"><span class='ocrx_word' id='word_1_624' title='bbox 1961 5603 2192 5659; x_wconf 58' lang='lat' dir='ltr'><strong>VARUS</strong></span> <span class='ocrx_word' id='word_1_625' title='bbox 2233 5600 2610 5656; x_wconf 72' lang='lat' dir='ltr'><strong>LECTIONES</strong></span> <span class='ocrx_word' id='word_1_626' title='bbox 2631 5638 2647 5653; x_wconf 92' lang='lat'><strong>.</strong></span> 
     </span>
    </p>
   </div>
   <div class='ocr_carea' id='block_1_101' title="bbox 781 5719 1732 5794">
    <p class='ocr_par' dir='ltr' id='par_1_101' title="bbox 781 5719 1732 5794">
     <span class='ocr_line' id='line_1_101' title="bbox 781 5719 1732 5794; baseline -0.005 -17"><span class='ocrx_word' id='word_1_627' title='bbox 781 5725 1002 5792; x_wconf 67' lang='lat' dir='ltr'><strong>“(pL-ato;</strong></span> <span class='ocrx_word' id='word_1_628' title='bbox 1057 5722 1603 5794; x_wconf 72' lang='grc' dir='ltr'>ὑπερπληρουμένους</span> <span class='ocrx_word' id='word_1_629' title='bbox 1620 5761 1631 5781; x_wconf 84' lang='grc'><strong>,</strong></span> <span class='ocrx_word' id='word_1_630' title='bbox 1649 5719 1732 5794; x_wconf 77' lang='grc' dir='ltr'>Μ.</span> 
     </span>
    </p>
   </div>
   <div class='ocr_carea' id='block_1_102' title="bbox 713 5792 1491 5864">
    <p class='ocr_par' dir='ltr' id='par_1_102' title="bbox 713 5792 1491 5864">
     <span class='ocr_line' id='line_1_102' title="bbox 713 5792 1491 5864; baseline -0.014 -12"><span class='ocrx_word' id='word_1_631' title='bbox 713 5800 831 5852; x_wconf 83' lang='lat' dir='ltr'><strong>Sar.</strong></span> <span class='ocrx_word' id='word_1_632' title='bbox 903 5798 947 5827; x_wconf 79' lang='grc'><strong>⁵⁸</strong></span> <span class='ocrx_word' id='word_1_633' title='bbox 972 5811 1059 5864; x_wconf 84' lang='grc' dir='ltr'><strong>γρ.</strong></span> <span class='ocrx_word' id='word_1_634' title='bbox 1086 5792 1491 5864; x_wconf 67' lang='grc' dir='ltr'>θηριομορφὶας.</span> 
     </span>
    </p>
   </div>
   <div class='ocr_carea' id='block_1_103' title="bbox 1831 5714 3133 5788">
    <p class='ocr_par' dir='ltr' id='par_1_103' title="bbox 1831 5714 3133 5788">
     <span class='ocr_line' id='line_1_103' title="bbox 1831 5714 3133 5788; baseline 0 -19"><span class='ocrx_word' id='word_1_635' title='bbox 1831 5720 1875 5752; x_wconf 84' lang='grc'><strong>⁸⁸</strong></span> <span class='ocrx_word' id='word_1_636' title='bbox 1905 5719 2296 5788; x_wconf 81' lang='grc' dir='ltr'>φωτοφάνειαν,</span> <span class='ocrx_word' id='word_1_637' title='bbox 2332 5718 2394 5770; x_wconf 86' lang='grc' dir='ltr'><strong>ι).</strong></span> <span class='ocrx_word' id='word_1_638' title='bbox 2467 5716 2514 5747; x_wconf 75' lang='grc'><strong>⁸⁸</strong></span> <span class='ocrx_word' id='word_1_639' title='bbox 2546 5715 2988 5786; x_wconf 84' lang='grc' dir='ltr'>ἀποδεδομένους,</span> <span class='ocrx_word' id='word_1_640' title='bbox 3035 5714 3133 5769; x_wconf 88' lang='lat' dir='ltr'><strong>Ch.</strong></span> 
     </span>
    </p>
   </div>
   <div class='ocr_carea' id='block_1_104' title="bbox 1571 5788 3131 5862">
    <p class='ocr_par' dir='ltr' id='par_1_104' title="bbox 1571 5788 3131 5862">
     <span class='ocr_line' id='line_1_104' title="bbox 1571 5788 3131 5862; baseline -0.003 -20"><span class='ocrx_word' id='word_1_641' title='bbox 1571 5792 1613 5822; x_wconf 79' lang='lat'>”</span> <span class='ocrx_word' id='word_1_642' title='bbox 1637 5792 2064 5862; x_wconf 77' lang='grc' dir='ltr'>ἀνεκπορεύτως,</span> <span class='ocrx_word' id='word_1_643' title='bbox 2106 5789 2172 5842; x_wconf 86' lang='grc' dir='ltr'><strong>Μ.</strong></span> <span class='ocrx_word' id='word_1_644' title='bbox 2202 5789 2258 5842; x_wconf 89' lang='lat' dir='ltr'><strong>S.</strong></span> <span class='ocrx_word' id='word_1_645' title='bbox 2289 5795 2596 5843; x_wconf 88' lang='lat' dir='ltr'><strong>correctum</strong></span> <span class='ocrx_word' id='word_1_646' title='bbox 2626 5795 2803 5839; x_wconf 81' lang='lat' dir='ltr'><strong>tamen</strong></span> <span class='ocrx_word' id='word_1_647' title='bbox 2836 5789 2888 5841; x_wconf 87' lang='lat' dir='ltr'><strong>in</strong></span> <span class='ocrx_word' id='word_1_648' title='bbox 2913 5788 3012 5843; x_wconf 82' lang='lat' dir='ltr'><strong>hoc</strong></span> <span class='ocrx_word' id='word_1_649' title='bbox 3037 5801 3131 5839; x_wconf 61' lang='grc' dir='ltr'><strong>τωι</strong></span> 
     </span>
    </p>
   </div>
   <div class='ocr_carea' id='block_1_105' title="bbox 3212 5710 3939 5777">
    <p class='ocr_par' dir='ltr' id='par_1_105' title="bbox 3212 5710 3939 5777">
     <span class='ocr_line' id='line_1_105' title="bbox 3212 5710 3939 5777; baseline 0.006 -11"><span class='ocrx_word' id='word_1_650' title='bbox 3212 5715 3254 5746; x_wconf 68' lang='grc'><strong>⁵⁷</strong></span> <span class='ocrx_word' id='word_1_651' title='bbox 3283 5713 3623 5777; x_wconf 82' lang='grc' dir='ltr'>τυπωτικῶν,</span> <span class='ocrx_word' id='word_1_652' title='bbox 3658 5713 3716 5768; x_wconf 83' lang='lat' dir='ltr'><strong>S.</strong></span> <span class='ocrx_word' id='word_1_653' title='bbox 3751 5710 3814 5767; x_wconf 86' lang='lat' dir='ltr'><strong><em>P.</em></strong></span> <span class='ocrx_word' id='word_1_654' title='bbox 3869 5715 3939 5770; x_wconf 86' lang='lat' dir='ltr'><strong>D.</strong></span> 
     </span>
    </p>
   </div>
  </div>
