4176 6308
203 385 309 438 5'37

274 495 386 566 Τὴν
417 496 473 550 δὲ
499 497 592 551 τοῦ
617 500 758 568 βοὸς,
781 499 848 552 ’τὸ
875 501 1113 572 ἰσχυρὸν,
1138 506 1228 554 καὶ
1255 506 1508 575 ἀκμαῖον,
1537 508 1630 560 καί
1648 509 1776 572 τοὺς
1805 518 1848 576 Α

200 585 424 658 νοεροὺς
469 587 515 618 ⁸³
561 587 804 653 αὐλακας
855 591 1146 662 ἀνευρῦνον
1198 593 1278 656 είς
1345 595 1607 665 ὑποδοχὴν
1668 598 1774 650 τῶν

199 676 467 746 οὐρανίων
507 678 601 730 καὶ
631 678 993 749 γονιμοποιῶν
1043 679 1282 752 ὄμϐρων,
1318 685 1411 736 καὶ
1437 685 1505 736 τὰ
1549 687 1772 758 κέρατα,

201 765 263 818 τὸ
289 765 652 838 φρουρητικὸν
685 769 778 820 καὶ
801 768 1132 840 ἀκράτητον.

275 855 386 926 Τὴν
411 855 465 908 ἃ
487 856 580 909 τοῦ
613 859 794 923 ἀετοῦ,
821 859 909 922 ,τὸ
956 858 1250 928 βασιλικὸν,
1292 866 1387 917 καὶ
1414 865 1672 938 ὑψίφορον
1707 870 1772 933 σι,

202 947 644 1017 καὶταχυπετὲς,
695 952 788 1003 καὶ
831 950 892 1001 τὸ
923 951 1059 1022 πρὸς
1112 955 1210 1024 τὴν
1263 955 1620 1028 δυναμοποιὸν
1652 977 1776 1031 τρο-

201 1038 312 1108 φὴν
356 1037 471 1102 ὀξὺ,
509 1042 602 1092 καὶ
632 1041 824 1110 νῆφον,
849 1043 943 1094 καὶ
975 1044 1244 1113 ἐντρεχὲς,
1302 1048 1396 1098 καὶ
1450 1049 1771 1120 εὐμήχανον,

200 1133 298 1183 καὶ
331 1131 390 1182 τὸ
414 1131 550 1200 πρὸς
579 1133 678 1204 τὴν
710 1133 940 1202 ἄφθονον
976 1136 1066 1187 καὶ
1093 1135 1405 1206 πολύφαντον
1444 1139 1640 1192 ἀκτῖνα
1674 1142 1774 1212 τῆς

202 1222 500 1292 θεαρχικῆς
549 1223 872 1294 ήλιοϐολίας,
927 1227 984 1278 ἐν
1016 1229 1137 1290 ταῖς
1191 1228 1298 1281 τῶν
1331 1227 1569 1282 ὀτιτικῶν
1615 1230 1773 1285 δυνά-

205 1327 353 1380 μεων
377 1311 668 1384 εὐρώστοις
692 1314 1014 1369 ἀνατάσεσιν
1052 1318 1455 1388 ἀνεμποδίστως
1502 1321 1621 1373 κατ’
1649 1322 1776 1376 εὐθὺ

202 1401 300 1455 καὶ
320 1402 550 1467 ἀκλινῶς
583 1404 933 1476 θεωρητικόν.

277 1493 391 1564 Τὴν
414 1495 470 1548 δὲ
497 1494 604 1548 τῶν
628 1496 834 1561 ἵππων,
861 1497 923 1550 τὸ
964 1498 1232 1564 εὐπειθὲς,
1270 1502 1361 1554 καὶ
1403 1502 1615 1574 εὐήνιον
1634 1521 1646 1534 ·
1686 1507 1777 1558 καὶ

201 1585 437 1662 λευκῶν-
464 1586 562 1657 μὲν
620 1587 810 1655 ὄντων,
856 1589 918 1642 τὸ
969 1589 1236 1661 λαμπρὸν,
1291 1594 1386 1645 καὶ
1426 1594 1501 1658 ὼς
1549 1595 1778 1667 μάλιστα

199 1676 295 1729 τοῦ
329 1677 471 1730 θείου
508 1681 682 1748 φωτὸς
708 1681 962 1749 συγγενές
981 1700 994 1712 ⁸
1031 1684 1245 1737 κυανῶν
1269 1686 1324 1738 δὲ
1349 1685 1535 1751 ὄντων,
1569 1689 1630 1741 τὸ
1657 1691 1780 1760 κρύ-

201 1787 356 1838 φιον-
407 1771 652 1843 ἐρυθρῶν
707 1773 796 1835 δὲ,
855 1774 918 1826 τὸ
973 1777 1219 1847 πυρῶδες
1281 1779 1371 1830 καὶ
1417 1779 1776 1852 δραστήριον·

1193 390 1279 445 DE
1312 390 1632 449 C(ELESTI
1665 393 2112 459 HlEllARCHlA,
2148 397 2302 456 CAP.
2338 402 2458 459 XV.

3339 417 3448 475 338.

1952 517 2003 554 ι’
2027 514 2193 572 Porro
2241 517 2327 570 illa
2351 518 2513 573 bovis
2541 518 2937 592 formaearum
2962 527 3127 582 robur
3163 530 3337 600 signat
3379 549 3442 586 ac

1871 605 2152 673 vigorem,
2192 607 2351 678 idque
2396 626 2505 680 quo
2552 611 2827 681 spiritales
2863 616 3036 673 sulcos
3083 621 3331 675 scindunt
3378 638 3441 678 ac

1879 695 2108 752 dilatant
2131 698 2442 756 ccclestibus
2467 701 2828 776 fecundisque
2854 707 3117 766 imbribus
3141 710 3440 782 suscipien-

1878 786 1994 846 dis:
2023 801 2225 843 cornua
2270 806 2432 860 vero,
2467 797 2816 856 aet-ratricem
2857 796 3224 871 invictamque
3258 805 3364 856 vim
3388 812 3440 857 γ.

1951 878 2107 948 133
2135 879 2203 934 At
2248 883 2438 952 aquila:
2465 884 2633 956 ﬁgura
2666 888 2865 959 regiam
2898 874 3236 962 dignitatem,
3279 904 3442 965 atque

1880 980 2076 1037 supera
2098 978 2368 1038 petentem
2393 974 2734 1048 celeremque
2763 978 2878 1034 vola
2890 988 3000 1033 tum
3025 989 3072 1047 ι,
3091 990 3146 1036 et
3173 985 3237 1038 ad
3261 987 3439 1046 cibum

1878 1059 1969 1126 qui
2003 1060 2146 1115 vires
2179 1063 2414 1127 reficiat,
2453 1065 2771 1134 capiendum
2815 1084 2937 1125 cum
2975 1072 3293 1141 agilitatem,
3327 1084 3438 1130 tum

1878 1164 2116 1218 cursum,
2171 1162 2282 1208 tum
2333 1154 2689 1225 facilitatem,
2737 1169 2850 1217 tum
2902 1163 3174 1236 virtutum,
3204 1167 3441 1224 robustis

1879 1239 2091 1294 videndi
2124 1241 2441 1300 facultatum
2477 1245 2889 1319 intentionibus,
2914 1253 3085 1311 libere
3126 1258 3436 1330 directeque

1879 1338 2040 1400 atque
2070 1334 2321 1392 irretorte
2346 1339 2611 1396 obtu’endi‘
2639 1343 2913 1402 uberrimo
2945 1348 3018 1402 uti
3050 1349 3434 1424 luculentoquc

1883 1423 2049 1490 radio,
2075 1440 2234 1493 quem
2265 1425 2353 1488 sol
2371 1430 2588 1487 divinus
2618 1433 2832 1489 evibrat
2859 1450 2909 1490 ι.

1949 1512 2221 1583 Equorum
2253 1527 2433 1572 autem
2459 1524 2666 1589 species
2699 1523 3064 1584 obedientiam
3096 1529 3342 1601 designat
3385 1544 3440 1587 et

1879 1599 2230 1673 facilitatem;
2262 1621 2325 1660 ac
2360 1611 2714 1666 candidorum
2744 1613 2989 1682 quidem,
3029 1599 3437 1688 ingenuitatem,

1881 1705 2064 1761 utpote
2095 1697 2278 1752 divino
2329 1705 2730 1769 quammaxime
2757 1705 2946 1760 lumini
2984 1720 3302 1779 cognatam;
3332 1730 3437 1768 ca:—

1882 1785 2154 1842 ruleorum
2197 1805 2346 1857 vero,
2387 1805 2658 1849 secretum
2708 1792 2838 1849 illud
2878 1799 3153 1867 abditum;
3201 1805 3437 1861 ruforum

203 1863 528 1934 συμμίκτων
583 1863 638 1915 δὲ
711 1864 846 1934 πρὸς
900 1864 1093 1920 λευκοῦ
1145 1868 1188 1897 ⁶¹
1235 1870 1328 1920 καὶ
1395 1866 1652 1938 μέλανος,
1718 1870 1776 1923 τὸ

1882 1889 2028 1939 vero,
2064 1879 2278 1948 igneum
2325 1883 2563 1952 vigorem
2595 1895 2650 1939 et
2681 1884 3091 1956 eilicacitatem;
3125 1891 3246 1946 albo
3289 1895 3437 1950 deni-

200 1958 266 2025 τῇ
326 1954 798 2027 διαπορθμευτικῇ
868 1957 1094 2028 δυνάμει
1145 1957 1254 2012 τῶν
1300 1960 1482 2029 ἄκρων
1539 1959 1778 2013 συνδετι-

204 2045 330 2107 κὸν,
389 2045 482 2097 καὶ
525 2044 596 2097 τὰ
651 2045 844 2116 πρῶτα
903 2050 1015 2110 τοῖς
1058 2047 1330 2120 δευτέροις
1393 2049 1484 2102 καὶ
1532 2049 1600 2104 τὰ
1659 2049 1779 2104 δεύ-

201 2153 337 2206 τερα
361 2139 473 2200 τοῖς
496 2136 754 2208 πρώτοις,
812 2139 1248 2211 ἐπιστρεπτικῶς
1283 2141 1326 2172 “
1349 2140 1380 2212 ἢ
1409 2141 1777 2214 προνοητικῶς

204 2228 496 2281 συνάπτον.

285 2320 425 2373 Ἀλλ’
447 2324 495 2374 εἰ
535 2323 609 2395 μὴ
636 2325 736 2394 τῆς
763 2321 857 2376 τοῦ
885 2323 1044 2392 λόγου
1093 2326 1600 2397 κατεστοχαζόμεθα
1641 2345 1777 2398 συμ-

204 2415 454 2486 μετρίας,
484 2416 577 2468 καὶ
609 2415 710 2479 τάς
743 2415 886 2468 κατά
943 2418 1108 2489 μέρος
1129 2419 1236 2470 τῶν
1285 2420 1588 2490 εἰρημένων
1624 2417 1776 2483 ζώων

204 2506 490 2577 ἰδιότητας,
520 2508 613 2559 καὶ
642 2509 822 2572 πάσας
845 2509 943 2573 τάς
969 2511 1283 2579 σωματικὰς
1330 2510 1508 2565 αὐτῶν
1551 2511 1774 2564 διαπλά-

201 2616 336 2662 σεις,
364 2599 756 2671 ἐφηρμόσαμεν
784 2601 850 2653 ἂν
881 2601 981 2652 οὐκ
1008 2601 1316 2665 ,ἀπεικότως
1349 2605 1467 2665 ταῖς
1501 2603 1776 2674 οὐρανίαις

199 2691 482 2760 δυνάμεσι,
510 2690 649 2743 κατά
669 2691 767 2755 τάς
791 2693 1074 2762 ἀνομοίους
1099 2693 1437 2764 ὁμοιότητας.
1468 2695 1540 2746 Τὸ
1566 2695 1662 2764 μὲν
1685 2695 1776 2746 θυ-

203 2781 412 2852 μοειδὲς
446 2782 645 2847 αὐτῶν,
684 2785 762 2848 εἰς
816 2786 915 2856 τὴν
967 2784 1159 2856 νοεράν
1212 2786 1455 2856 ἀνδρίαν,
1502 2781 1570 2856 ἧς
1630 2787 1774 2838 ἐστιν

197 2876 478 2945 ἕσχατονό
525 2875 693 2945 θυμὸς
743 2870 1192 2949 dnﬁxmta"1ﬁv
1246 2879 1301 2930 δὲ
1334 2874 1399 2931 αὖ
1458 2878 1770 2949 ἐπιθυμίαν,

198 2970 277 3031 εἰς
310 2968 400 3021 τὸν
436 2967 576 3021 θεῖον
602 2969 806 3041 ἔρωτα·
869 2971 961 3023 καὶ
1023 2968 1322 3040 συλλήϐδην
1368 2972 1558 3033 εἰπεῖν,
1597 2971 1773 3037 πάσας

198 3061 296 3123 τὰς
331 3061 440 3112 τῶν
472 3062 679 3130 ἀλόγων
704 3062 856 3126 ζώων
883 3061 1161 3132 αἰσθήσεις
1193 3081 1250 3116 τε
1287 3065 1377 3118 καὶ
1411 3063 1770 3135 πολυμερείας

199 3157 277 3217 εἰς
304 3154 401 3217 τὰς
427 3154 620 3218 ἀΰλους
664 3155 773 3207 τῶν
828 3155 1092 3226 οὐρανίων
1142 3155 1336 3207 οὐσιῶν
1397 3157 1626 3227 νοήσεις,
1677 3159 1769 3210 καὶ

199 3246 446 3308 ἑνοειδείς
479 3245 731 3314 δυνάμεις
785 3246 1094 3313 ἀνάγοντες.
1145 3245 1326 3317 Ἀρκεῖ
1382 3245 1437 3298 δὲ
1483 3249 1594 3309 τοῖς
1643 3247 1766 3316 ἐχέη

200 3354 390 3408 φροσιν
416 3339 474 3388 οὐ
510 3336 681 3389 ταῦτα
712 3337 890 3406 μόνον,
922 3335 1055 3389 ἀλλὰ
1101 3337 1193 3388 καὶ
1250 3338 1374 3405 μιᾶς
1397 3337 1770 3405 ἀπεμφαινού-

202 3446 298 3499 σης
321 3429 525 3491 εἰκόνος
548 3429 936 3500 ἁνακάθαρσις,
972 3430 1052 3493 είς
1083 3429 1181 3501 τὴν
1214 3428 1318 3481 τῶν
1369 3429 1768 3500 παραπλησίων

200 3522 549 3592 ὁμοιότροπον
575 3521 916 3593 διασάφησιν.

1880 1983 1984 2035 que
2014 1969 2272 2039 nigroque
2320 1973 2428 2041 pilo
2470 1991 2813 2043 aspersorum
2857 1981 3088 2049 species,
3144 1985 3251 2038 vim
3290 1984 3436 2040 illam

1879 2059 2139 2125 denotat,
2189 2078 2292 2131 qna
2351 2067 2572 2122 traduce
2621 2077 2866 2123 extrema
2919 2084 3339 2142 connectuntur,
3387 2091 3440 2132 et

1879 2151 2050 2218 prima
2084 2141 2365 2220 secundis,
2402 2171 2466 2210 ac
2489 2158 2723 2211 secunda
2756 2159 2947 2226 primis
2982 2166 3286 2219 conversim
3314 2182 3439 2236 pro-

1879 2241 2106 2313 videque
2134 2247 2558 2317 conjunguntur.

1952 2333 2153 2392 Verum
2195 2341 2296 2395 nisi
2338 2343 2605 2396 sermonis
2637 2350 2853 2398 modum
2901 2362 3289 2415 quaereremus,
3321 2351 3435 2406 sin-

1879 2428 2033 2497 gulas
2057 2430 2221 2485 etiam
2263 2434 2577 2488 animalium
2619 2438 3012 2493 rccensitorum
3054 2441 3435 2510 proprietates,

1877 2533 2175 2589 omnesque
2212 2536 2507 2592 corporeas
2536 2541 2724 2580 eorum
2753 2526 3182 2596 eﬂ'ormationes,
3221 2547 3324 2586 non
3355 2530 3434 2585 in-

1877 2623 2112 2679 congrue
2141 2613 2454 2669 cmleStibus
2479 2615 2767 2672 virtutibus
2795 2634 2891 2687 per
2924 2620 3212 2676 dissimiles
3247 2623 3409 2677 simili

1879 2700 2094 2755 tudines
2150 2706 2703 2762 accommodaremus.
2761 2707 3042 2776 Siquidem
3095 2713 3201 2765 vim
3250 2727 3434 2770 eorum

1877 2789 2199 2846 irascibilem
2247 2795 2313 2849 ad
2358 2796 2656 2866 spiritalem
2710 2800 3114 2867 fortitudinem,
3158 2804 3311 2874 cujus
3360 2806 3435 2857 ira

1877 2879 2226 2936 novissimum
2285 2888 2571 2957 vestigium
2651 2889 2885 2958 existit;
2942 2896 3435 2964 concupisCentiam

1875 2985 2027 3036 vero,
2064 2973 2129 3026 ad
2169 2988 2409 3029 amorem
2440 2979 2716 3046 divinum;
2749 2996 2812 3035 ac
2844 2986 3153 3038 summatim
3186 2986 3434 3053 dicendo,

1876 3076 2068 3118 sensus
2124 3061 2405 3120 brutorum
2465 3071 2820 3127 animantium
2871 3091 3082 3137 omnes,
3137 3088 3426 3145 partesque

1876 3154 2219 3222 multiplices,
2241 3158 2306 3210 ad
2331 3158 2713 3217 immateriales
2738 3166 3048 3221 caelestium
3075 3169 3431 3225 essentiaruru

1875 3242 2256 3313 intelligentias
2283 3255 2443 3315 atque
2474 3250 2773 3308 uniformes
2817 3256 3047 3313 virtutes
3086 3258 3429 3314 referremus.

1882 3331 2076 3387 Verum
2115 3333 2391 3391 enimvero
2430 3339 2784 3405 prudentibus
2814 3357 2919 3400 non
2944 3348 3044 3401 ista
3078 3358 3305 3417 tantum,
3340 3354 3434 3406 sed

1873 3427 1957 3482 vel
1985 3430 2145 3484 unius
2175 3429 2425 3497 imaginis
2455 3435 2706 3490 obscurae
2730 3442 2954 3511 mystica
2985 3443 3277 3496 declaratio
3300 3446 3430 3499 satis

1873 3521 2068 3584 esl,'ad
2106 3535 2293 3575 eorum
2340 3537 2461 3592 qua
2490 3526 2733 3594 ejusdem
2765 3533 2978 3600 generis
3007 3543 3132 3587 sunt
3171 3535 3426 3603 explana-

1875 3613 2096 3667 tionem.

1727 3771 1753 3841 ξ
1792 3767 1908 3828 ιχ.

276 3912 666 3965 Ἐπισκεπτέον
700 3911 754 3965 δὲ
789 3911 972 3963 καὶτὸ
1018 3909 1290 3980 ποταμοὺς
1337 3909 1608 3980 εἰρῆσθαι,
1669 3917 1762 3965 καὶ

197 4009 538 4079 τροχοὺς,καὶ
551 4007 621 4078 ἀρ
627 4024 770 4077 ματα
784 4023 914 4078 συνη
924 4006 1100 4076 μμένα
1113 4007 1232 4067 ταῖς
1245 4005 1520 4076 οὐρανίαις
1531 4006 1756 4067 οὐσίαις.

1944 3894 2416 3955 Considerandum
2453 3903 2614 3958 modo
2655 3903 2784 3972 quid
2827 3903 2930 3959 sibi
2965 3905 3133 3960 velint
3183 3907 3424 3973 ﬂumina,

1873 3996 2004 4041 rotae
2050 4004 2113 4045 ac
2159 4005 2380 4058 currus,
2407 4009 2527 4063 quas
2551 3995 2862 4052 cmlesnbus
2889 4000 3135 4053 essentiis
3175 4000 3425 4068 adjuncta

197 4104 257 4152 υἱ
294 4101 392 4171 μὲν
419 4099 523 4170 γὰρ
555 4098 810 4169 ἐμπύριοι
833 4098 1066 4165 ποταμοὶ
1109 4097 1433 4167 σημαίνουσι
1455 4098 1578 4160 τοὺς
1603 4097 1763 4167 θεαρ-

1871 4080 2252 4148 perhibentur.
2277 4085 2355 4140 Ac
2381 4084 2602 4170 ﬂumina
2631 4088 2847 4155 quidem
2883 4091 3036 4161 ignea
3064 4091 3276 4146 divinos
3306 4094 3425 4150 illos

199 4193 382 4261 χικοὺς
429 4191 667 4261 ὀχετοὺς,
725 4189 954 4259 ἄφθονον
1011 4188 1198 4252 αὐταῖς
1256 4190 1349 4241 καὶ
1413 4190 1759 4242 ἀνέκλειπτον

197 4283 479 4354 επίῤῥοιαν
533 4282 935 4353 χορηγοῦντας,
983 4283 1076 4334 καὶ
1128 4278 1389 4344 ζωοποιοῦ
1438 4280 1760 4351 θρεπτικοίκ

198 4375 540 4443 γονιμὸτητος
560 4390 572 4402 ·
604 4374 672 4424 τὰ
694 4372 749 4424 δὲ
774 4372 1011 4443 ἅρματα,
1033 4373 1132 4439 τὴν
1160 4369 1477 4443 συζευτικὴν
1504 4369 1609 4422 τῶν
1641 4371 1764 4439 ὁμο-

197 4464 373 4530 ταγῶν
416 4464 462 4492 ⁶⁴
513 4463 821 4514 κοινωνίανο
870 4464 918 4513 οἱ
977 4460 1034 4513 δὲ
1083 4461 1286 4530 τροχοὶ,
1342 4460 1610 4530 πτερωτοὶ
1661 4459 1760 4529 μὲν

1868 4171 2060 4231 latices
2102 4167 2437 4248 significant,
2479 4176 2839 4250 largissimae;
2879 4180 2984 4237 illis
3028 4197 3092 4236 ac
3131 4197 3420 4252 perennem

1870 4261 2237 4332 inundationis
2282 4268 2491 4336 copiam
2529 4266 2959 4338 suppeditantes,
3006 4271 3291 4342 vitalisque
3339 4275 3420 4329 fe-

1869 4355 2162 4411 cunditatis
2207 4357 2440 4424 altores;
2471 4375 2681 4428 currus
2721 4368 2900 4416 autem
2929 4401 2944 4425 ,
2995 4362 3422 4420 confaderatam

1866 4429 2153 4516 aequalium
2178 4450 2535 4517 societatem;
2569 4461 2704 4506 rota:
2727 4466 2853 4506 vero
2882 4454 3058 4522 alata,
3088 4467 3145 4510 et
3172 4458 3240 4510 ad
3272 4466 3422 4511 ante-

196 4553 364 4617 ὄντες,
389 4554 482 4606 ἐπὶ
503 4555 558 4605 δὲ
583 4552 654 4607 τά
688 4553 918 4624 πρόσθεν
955 4553 998 4584 ⁵⁸
1032 4551 1443 4623 ἀνεπιστρόφως
1484 4551 1580 4605 καὶ
1604 4551 1759 4604 ἀκλι-

1871 4539 2013 4592 riora
2053 4540 2386 4599 irremeabili
2424 4553 2592 4614 atque
2636 4544 2894 4602 irrellexo
2935 4557 3085 4609 motu
3119 4547 3418 4610 tendentes.

197 4650 297 4712 νὼς
323 4649 697 4720 πορευόμενοι,
728 4650 828 4718 τὴν
874 4649 996 4707 κατ’
1016 4647 1227 4700 εὐθεῖαν
1275 4648 1371 4699 καὶ
1408 4647 1588 4716 ὄρθιον
1616 4646 1755 4710 όδὸν,

195 4741 287 4809 τῆς
327 4740 654 4812 πορευτικῆς
701 4739 877 4792 αὐτῶν
930 4739 1206 4809 ἐνεργείας
1250 4738 1492 4811 δύναμιν,
1547 4738 1638 4789 ἐπὶ
1663 4738 1754 4789 τὸν

196 4834 348 4886 αὐτὸν
372 4833 565 4902 ἀκλινῆ
614 4832 706 4885 καὶ
752 4831 1000 4902 ἰθύτομον
1031 4827 1183 4901 οἷμον
1212 4830 1428 4900 ἀπάσης
1454 4828 1631 4882 αὐτῶν
1655 4827 1754 4898 τῆς

198 4927 380 4996 νοερᾶς
421 4925 644 4995 τροχιᾶς
669 4923 1049 4994 ὑπερκοσμίως
1088 4922 1426 4992 ἰθυνομένης.

265 5020 419 5071 Ἐστι
464 5017 522 5070 δέ
575 5019 665 5069 καὶ
712 5019 831 5070 κατ’
868 5016 1032 5088 ἀλλην
1081 5016 1366 5086 ἀναγωγὴν
1414 5014 1756 5084 ἀνακαθᾶραι

195 5093 287 5180 τὴν
341 5111 452 5163 τῶν
494 5109 691 5180 νοερῶν
734 5107 942 5178 τροχῶν
988 5107 1430 5177 εἰκονογραφίαψ
1480 5104 1752 5174 ἐπεκλήθη

196 5203 295 5271 γὰρ
338 5203 542 5264 αὐτοῖς,
587 5202 662 5263 ῶς
693 5217 852 5269 φησιν
873 5200 902 5251 ὁ
929 5199 1193 5268 θεολόγος,
1235 5196 1464 5267 Γελγέλ
1488 5213 1501 5226 ⁶
1556 5197 1752 5266 ἐμφαί-

198 5309 268 5346 νει
309 5296 367 5348 δὲ
417 5294 576 5347 τουτο
626 5292 765 5345 κατὰ
815 5293 1076 5364 ἐϐραῖκὴν
1126 5291 1172 5323 ⁸⁸
1216 5289 1434 5360 φωνὴν,
1501 5288 1755 5341 ἀνακυλι-

1865 4630 1972 4685 vim
2001 4632 2271 4703 angelica:
2289 4635 2586 4692 activitatis
2615 4647 2762 4693 recto
2793 4651 3007 4706 semper
3033 4639 3250 4691 tramite
3292 4653 3418 4706 per—

1862 4733 2102 4793 gentem,
2120 4740 2226 4794 qua
2243 4727 2513 4794 spiritalis
2537 4741 2725 4787 eorum
2753 4738 2963 4782 rotatus
2984 4729 3159 4781 omnis
3183 4728 3249 4781 ad
3277 4728 3416 4780 viam

1865 4818 2009 4872 illam
2058 4829 2259 4874 rectam
2287 4821 2627 4890 arduamque
2663 4821 3169 4889 supermundialiter
3227 4822 3414 4890 dirigi—

1864 4918 1969 4964 llll‘.

1931 4999 2082 5056 Licet
2128 5001 2292 5055 etiam
2340 5003 2448 5057 alio
2497 5016 2660 5057 sensu
2709 5003 3002 5072 anagogico
3056 5000 3413 5069 spiritualium

1863 5078 2115 5148 rotarum.
2136 5094 2552 5166 descriptionem
2603 5094 2947 5161 interpretari
2979 5114 2992 5148 :
3025 5103 3109 5148 est
3136 5094 3281 5147 enim
3309 5093 3414 5154 eis,

1863 5196 1917 5242 ut
1945 5188 2202 5258 propheta
2235 5188 2333 5252 ait,
2381 5203 2574 5243 nomen
2618 5188 2845 5242 inditum
2935 5181 3112 5251 Gelch
3183 5186 3235 5250 ι),
3267 5185 3412 5253 quod

1861 5281 2126 5336 Hebraico
2172 5293 2419 5333 sermone
2461 5282 2800 5334 revelationes
2840 5276 2996 5347 135
3046 5270 3402 5324 revelationes.

266 5458 598 5514 1'lizcclnt.
674 5465 702 5504 1
735 5456 901 5525 Apoc.
928 5471 977 5510 ν.
1057 5465 1079 5491 ι
1110 5460 1275 5525 Apoc.
1306 5470 1381 5508 tv.
1456 5465 1481 5493 ι
1515 5453 1710 5509 Ezech.
1742 5469 1776 5517 ις

1871 5463 1988 5517 poc.
2018 5463 2140 5504 tun.
2215 5445 2243 5483 ι)
2268 5441 2464 5498 Ezech.
2492 5455 2548 5505 ι,
2577 5438 2613 5491 2
2637 5449 2691 5492 et
2715 5435 2769 5489 6.

1443 5609 1672 5665 VARUE
1712 5604 2108 5664 LECTIONES.

295 5734 337 5763 ⁶⁹
361 5734 420 5786 D.
447 5734 498 5784 in
528 5745 723 5800 genere
749 5729 1021 5782 feminino.
1042 5729 1139 5791 τὰς
1166 5726 1373 5814 νοερὲις.
1451 5729 1492 5757 ⁸¹
1523 5728 1803 5797 ὑψιφόρον,
1833 5724 1891 5778 S.
1916 5721 1976 5776 Ρ.
2003 5722 2064 5776 D.
2090 5719 2188 5775 Ch.
2228 5717 2318 5772 Sc.
2395 5716 2440 5795 ‘f
2471 5714 2560 5766 καὶ
2619 5711 2756 5807 api)“;
2809 5725 2880 5793 κει

295 5803 508 5836 εις-...ιλιι
549 5803 589 5836 n
686 5802 728 5831 ει
757 5799 850 5836 ριν,
884 5794 1132 5836 finitivi-tu
1165 5798 1203 5836 n
1268 5797 1371 5836 Ιτιῖν,
1417 5798 1741 5836 annm-an.“
1811 5796 1876 5836 tl-
1922 5793 2012 5836 Si-
2061 5791 2117 5836 ll.
2196 5789 2242 5820 "
2265 5803 2352 5836 νο.
2400 5784 2607 5836 ποόσω.
2688 5783 2708 5812 ⁶
2765 5777 2863 5831 καθ

201 5791 608 5870 στρεπτικόνξι).
686 5802 728 5831 ⁵⁵
757 5799 850 5869 τὴν
884 5794 1132 5870 ζὲυτικῄν
1163 5798 1222 5852 D.
1254 5791 1371 5851 Τῶν
1417 5791 1762 5866 ὁμοιοέἡξών,
1809 5796 1876 5848 Μ.
1922 5793 2013 5848 53-
2061 5791 2117 5844 Bo
2196 5791 2242 5820 "
2265 5803 2352 5857 γρ.
2400 5791 2607 5854 ’πρδπυ-
2688 5791 2731 5812 ”“
2765 5795 2832 5831 κα

201 5872 329 5924 κατὰ
365 5872 717 5944 τὴνἸύϐραῖκ.
739 5871 806 5925 υ.

2841 5706 3024 5767 ευκοῦ,
3065 5703 3124 5756 D.
3203 5703 3246 5729 ⁶⁴
3276 5700 3396 5751 ἐπι-

2935 5773 3050 5843 ὶϐρ.
3104 5770 3165 5827 Ρ.
3209 5767 3394 5829 5..Clt.
