4176 6308
222 352 334 406 345

733 350 821 404 DE
854 347 1186 407 C(ISLESTI
1223 349 1660 416 illERAllClllA,
1697 353 1797 407 CA]

1894 354 2070 407 μζ-
2104 311 2442 407 PARAPIIR.
2480 351 2938 410 ΡΜΣΙΙΥΜΕΒᾹΞ.

3359 354 3462 408 53ιὶ

222 468 485 537 εὑρήσεις
508 468 570 519 τὸ
603 467 802 538 θερμόν
825 485 836 496 ·
896 468 1012 530 πῶς
1066 464 1174 537 γάρ
1210 466 1277 518 ἂν
1320 469 1412 523 καὶ
1446 468 1688 538 ἐκινήθη.
1728 468 1797 540 μὴ

1906 468 2169 530 haberet,
2234 468 2382 536 juxta
2443 467 2611 521 illud:
2671 467 2897 534 Spiritus
2931 465 3139 518 Domini
3201 467 3464 534 ferebatur

224 560 352 627 ἕχον
386 556 632 628 πνεῦμας
690 557 830 610 κατά
871 560 961 611 τό·
1017 561 1258 627 Πνεῦμα
1290 559 1436 613 Θεοῦ
1480 560 1794 628 ἐπεφέρετο

223 646 429 700 ἐπάνω
454 647 560 701 τοῦ
602 646 836 712 ὓδατος.
871 647 944 700 Τὸ
974 649 1028 701 δὲ
1055 647 1270 719 πνεῦμα
1303 649 1519 711 πάντως
1549 649 1640 701 τοῦ
1675 650 1796 720 θερ-

228 735 338 809 μοῦ
395 737 629 809 μετέχει.
686 737 856 790 καθ’ὃ
908 740 1002 791 καὶ
1054 738 1333 810 εὐκίνητόν
1385 740 1520 801 ἐστι,
1574 741 1666 794 καὶ
1710 741 1798 794 διὰ

227 833 449 886 πάντων
484 831 660 900 φοιτᾷ,
689 829 826 901 πλὴν
883 830 1128 901 ἀμιγῶς·
1182 831 1302 884 οὐδὲ
1339 830 1448 904 γὰρ
1480 832 1611 884 αὐτὸ
1662 834 1797 903 πρὸς

223 923 330 993 τὴν
357 922 486 994 ὓλην
523 919 849 993 μιγνύμενον
899 924 1321 994 μεταϐάλλεται,
1379 924 1514 977 ἀλλά
1543 925 1642 995 τὴν
1666 924 1795 995 ὓλην

225 1017 314 1082 εἰς
366 1016 523 1073 ἑαυτὸ
579 1017 882 1088 μεθίστησι.
931 1018 1002 1070 Τὸ
1057 1019 1188 1071 αὐτὸ
1244 1019 1336 1072 καὶ⁵
1395 1020 1671 1091 παμφαὲς,
1710 1019 1804 1097 ὄττεο

224 1108 332 1179 τῆς
382 1107 514 1178 ὕλης
544 1108 922 1181 ὲπιδρᾴξεται·
967 1109 1060 1163 καὶ
1113 1110 1341 1181 κρύφιον
1375 1111 1495 1164 καθ’
1520 1112 1671 1184 αυτ-δ,
1724 1111 1798 1182 μὴ

227 1199 598 1272 προκειμένης
624 1200 754 1271 ὕλης
777 1219 789 1231 ·
853 1203 939 1265 τίς
983 1201 1092 1274 γὰρ
1141 1203 1324 1274 βλέπει
1356 1205 1418 1258 τὸ
1448 1205 1506 1258 ὲν
1536 1207 1606 1275 τῇ
1641 1206 1800 1280 πυρί-

223 1293 335 1350 τιδι
361 1291 491 1364 πῦρ,
542 1295 590 1346 εί
621 1294 694 1364 μή
731 1311 794 1364 γε
850 1295 1158 1368 ἐκκρουσθῇ
1213 1300 1308 1352 καὶ
1341 1297 1474 1369 ὕλης
1504 1298 1647 1363 τινὸς
1679 1300 1800 1352 ὲπις-

223 1384 522 1455 δράξηται;
570 1385 661 1456 Μὴ
700 1382 794 1439 οὖν
827 1385 982 1455 λέγε·
1032 1388 1140 1440 Καὶ
1179 1389 1296 1451 πῶς
1341 1389 1462 1459 δίχα
1492 1390 1636 1453 τινὸς
1669 1389 1799 1461 ὕλης

227 1473 528 1546 σπινθῆρες
554 1474 912 1541 ὲξάπτονταις
968 1478 1128 1529 κάκεῖ
1160 1477 1267 1548 γὰρ
1311 1477 1408 1548 ὓλη
1446 1496 1529 1542 τις
1562 1479 1708 1531 εστίν
1729 1496 1740 1506 ·
1770 1481 1798 1531 ό

224 1565 340 1637 γὰρ
371 1567 782 1640 συνθλιϐόμενος
829 1569 956 1639 ἀὴρ,
995 1570 1174 1639 μέσων
1205 1570 1313 1623 τῶν
1349 1571 1794 1642 συνθλιϐομένων,

225 1657 434 1722 ἐκεῖνός
479 1659 624 1711 ἐστιν
649 1659 721 1722 ὡς
747 1658 844 1729 ὕλη
878 1663 991 1723 τοῖς
1023 1661 1487 1732 ἀποπαλλομένοις
1543 1661 1799 1731 σπινθῆρ-

227 1766 336 1812 σιν,
371 1751 450 1814 είς
472 1751 531 1804 ὃν
564 1751 847 1820 ἀναφαίνει
879 1751 940 1804 τὸ
972 1751 1083 1825 πῦρ
1116 1753 1212 1823 τὴν
1244 1755 1450 1808 οἰκείαν
1495 1757 1793 1827 ἐνέργειαν.

230 1838 491 1910 Ἀσχετόν
522 1841 689 1903 ἐστιν,
725 1843 885 1895 οἱονεὶ
941 1843 1206 1914 μηδεμίαν
1249 1846 1440 1916 ἑτέραν
1475 1848 1655 1918 σχέσιν
1677 1848 1796 1918 ἔχον

225 1931 369 2001 πρὸς
401 1931 500 2001 τὴν
559 1931 709 2003 ὓλην,
745 1935 793 1985 εἰ
854 1935 927 2006 μὴ
991 1935 1133 1988 κατὰ
1184 1938 1245 1989 τὸ
1293 1937 1534 2009 δαπανᾷν
1586 1942 1792 2012 αὺτὴνο

226 2021 402 2075 καθ⁹ὃ
465 2024 858 2094 σημαινόμενον
915 2023 1129 2094 λέγεται
1174 2029 1267 2080 καὶ
1325 2028 1570 2094 ἀϐίωτος,
1627 2032 1724 2101 οὐχ
1771 2034 1799 2085 ὁ

225 2110 634 2183 περιφρονητὴς
684 2112 794 2165 τῶν
840 2116 1200 2186 πραγμάτων,
1257 2115 1370 2168 ἀλλ’
1395 2120 1423 2170 ὁ
1464 2118 1543 2187 τῷ
1568 2118 1667 2189 βίῳ
1701 2138 1798 2173 κα-

223 2200 600 2273 ταχρώμενος.
637 2203 758 2256 ’Ὁτι
815 2203 871 2255 δὲ
933 2204 1091 2257 τοῦτο
1120 2206 1269 2276 δηλοῖ
1313 2208 1373 2260 τὸ
1428 2209 1672 2278 ἄσχετον,
1709 2214 1800 2266 καὶ

222 2292 350 2360 οὐχὶ
399 2293 462 2344 τὸ
519 2293 858 2364 ἀκράτητον,
917 2297 980 2348 ὲκ
1037 2296 1130 2349 τοῦ
1188 2298 1364 2367 λέγειν
1429 2301 1586 2354 πάλιν
1657 2303 1799 2367 ίδίως

224 2384 559 2454 ἁκρὰτητον,
588 2385 764 2455 δῆλον.
815 2387 1171 2460 ’Δθεώρητον,
1206 2392 1295 2444 ὅτε
1351 2393 1472 2463 δίχα
1499 2395 1642 2457 τινὸς
1669 2394 1798 2466 ὕλης

223 2478 546 2529 ἐπινοεῖται.
620 2478 1093 2550 Αὑτοκρατητικὸν
1154 2484 1435 2546 ἁπάντων,
1496 2489 1654 2540 οἱονεί
1705 2489 1797 2557 ἀφ’

223 2567 426 2620 ἑαυτοῦ
461 2569 715 2640 κρατοῦν,
750 2572 846 2624 καὶ
902 2574 974 2642 μὴ
1029 2577 1159 2645 παρ’
1199 2575 1384 2647 ἑτέρου
1449 2579 1792 2649 κινούμενον

229 2660 534 2729 ξδιαιτάτην
567 2659 675 2732 γὰρ
717 2661 984 2733 διαφορὰν
1014 2664 1074 2716 τὸ
1099 2664 1298 2738 θερμὸν
1331 2669 1462 2738 ἕχει,
1520 2668 1577 2735 ἐξ
1602 2665 1662 2724 οὗ
1706 2673 1799 2724 καὶ

223 2750 288 2799 ἐν
315 2748 520 2819 ἑτέροις
552 2751 585 2819 ἡ
619 2751 836 2821 κίνησις
863 2752 1090 2820 γίνεται.
1137 2755 1505 2810 Ἀλλοιωτικὸν
1545 2759 1680 2827 πρὸς
1701 2760 1798 2830 τὴν

222 2840 434 2894 οἰκείαν
463 2840 760 2911 ἐνέργειαν,
813 2845 870 2895 ἐν
896 2839 976 2898 οἷς
1010 2845 1075 2898 ἂν
1109 2847 1359 2919 γένηται·
1406 2851 1546 2903 καίει
1579 2852 1686 2923 γάρ
1707 2855 1800 2906 καὶ

222 2934 254 2983 ὁ
292 2930 506 3001 σῶηρος
553 2933 906 3003 ὲκπυρωθείς.
972 2937 1332 2993 Μεταδοτικὸν
1383 2945 1495 3004 τοῖς
1552 2945 1798 2998 ὁπωσοῦν

224 3020 622 3092 πλησιάζουσι·
672 3025 809 3096 πρὸς
851 3026 961 3098 γάρ
1011 3029 1102 3081 τὸν
1146 3031 1179 3101 ἢ
1227 3034 1562 3106 προσεχῆ,ἢ
1612 3036 1799 3108 πόρρω

1919 559 2077 628 138
2109 575 2267 627 super
2300 576 2462 627 aquas
2493 559 2560 611 εἳ
2587 558 2820 628 Spiritus
2847 569 3026 612 autem
3051 557 3274 612 omnino
3294 559 3462 625 parti-

1903 667 2030 718 ceps
2057 659 2139 705 est
2172 651 2390 714 caloris,
2428 665 2525 719 per
2550 665 2708 719 quem
2736 660 2790 704 et
2816 649 3025 704 mobilis
3045 659 3126 704 est
3156 657 3205 703 et
3232 664 3464 731 peronat-

1899 743 1986 796 nia
2041 753 2206 806 meat,
2252 757 2444 796 verum
2501 741 2879 811 impermisle:
2918 755 3090 809 neque
3121 741 3262 794 enim
3327 741 3461 807 ipse,

1895 833 2021 887 dum
2073 847 2197 888 cum
2265 835 2493 891 materia
2549 834 2954 898 commiscctur,
3008 834 3338 898 immutatur,
3368 832 3462 887 sed

1899 927 2185 981 materiam
2222 925 2274 979 in
2306 939 2365 979 se
2393 935 2746 986 transmutat.
2771 925 2917 980 ldem
2961 938 3175 994 quoque
3205 939 3461 993 perquam

1898 1015 2125 1082 lucidus,
2156 1031 2278 1072 cum
2306 1017 2588 1070 materiam
2615 1016 3004 1086 apprehendit;
3028 1023 3081 1070 et
3105 1016 3346 1070 occultus
3369 1031 3465 1085 per

1898 1121 1980 1172 se,
2016 1121 2138 1161 cum
2196 1123 2305 1162 non
2339 1107 2496 1161 adest
2549 1107 2796 1161 materia.
2852 1106 2984 1173 Quis
3029 1106 3173 1160 enim
3225 1105 3371 1159 videt
3409 1105 3462 1159 in

1897 1199 2069 1270 pyrite
2097 1198 2297 1267 ignem,
2326 1198 2428 1254 nisi
2461 1198 2790 1262 excutiatur,
2827 1208 2883 1253 et
2908 1197 3194 1252 materiam
3226 1197 3461 1267 aliquam

1898 1287 2243 1357 prehendat?
2278 1287 2356 1342 Ne
2413 1289 2583 1357 igitur
2627 1297 2773 1359 pete,
2825 1282 3099 1358 quomodo
3139 1288 3258 1343 sine
3285 1288 3464 1358 aliqua

1900 1378 2129 1433 materia
2155 1377 2405 1434 scintillae
2428 1379 2834 1434 accendantur:
2872 1393 2994 1432 nam
3019 1391 3073 1434 et
3097 1380 3171 1434 ibi
3221 1380 3464 1448 quaedam

1898 1479 1982 1524 est
2009 1470 2239 1525 materia
2273 1494 2284 1528 :
2320 1469 2547 1526 collisus
2573 1470 2719 1524 enim
2754 1485 2850 1526 aer
2879 1471 3020 1526 inter
3055 1472 3142 1525 illa
3167 1485 3285 1541 qua
3309 1471 3465 1526 colli-

1901 1561 2118 1627 duntur,
2154 1561 2244 1615 ille
2274 1563 2424 1632 quasi
2452 1563 2679 1618 materia
2710 1564 2963 1619 scintillis
2984 1565 3248 1627 excussis,
3278 1565 3330 1617 in
3359 1578 3467 1633 quo

1898 1664 1951 1706 et
1984 1656 2124 1725 ignis
2167 1670 2320 1710 suam
2348 1655 2723 1714 etﬁcacitatem
2771 1657 3107 1711 manifestat.
3145 1653 3467 1712 Intolerabi-

1899 1747 1962 1802 lis
1985 1758 2088 1812 est,
2122 1757 2181 1803 ιιι
2215 1750 2305 1818 qui
2337 1749 2535 1804 nullam
2574 1750 2736 1804 aliam
2763 1750 3135 1805 habitudinem
3167 1750 3373 1803 haheat
3400 1751 3465 1803 ad

1899 1840 2207 1904 materiam,
2239 1841 2338 1895 nisi
2371 1841 2436 1894 ad
2463 1843 2894 1901 consumendum
2927 1857 3079 1907 eam;
3124 1841 3279 1904 juxta
3305 1855 3466 1910 quam

1899 1933 2350 2002 significationem
2385 1933 2587 1988 dicitur
2619 1935 2782 1987 etiam
2821 1933 3088 1996 ἀϐίωτος,
3125 1934 3176 1986 id
3211 1941 3294 1986 est
3327 1933 3467 2000 quod

1902 2041 2022 2080 cum
2039 2040 2114 2080 ea
2151 2025 2257 2080 vivi
2289 2040 2394 2080 non
2421 2027 2610 2094 possit,
2645 2041 2750 2080 non
2773 2028 2896 2095 quia
2921 2034 3259 2094 contemptor
3278 2037 3360 2080 est
3386 2039 3468 2078 re-

1903 2129 2057 2180 rum,
2104 2119 2195 2170 sed
2246 2118 2370 2185 quia
2424 2117 2534 2171 vita
2600 2118 2855 2173 abutitur.
2905 2116 3017 2170 Hoc
3077 2125 3253 2170 autem
3308 2131 3466 2170 sensu

1899 2205 2001 2259 dici
2053 2204 2282 2276 ἄσχετον
2338 2219 2429 2260 seu
2517 2205 2932 2268 intolerabilem,
2999 2214 3052 2259 et
3114 2221 3218 2260 non
3291 2204 3465 2276 dtxpi—

1897 2314 2096 2367 τητον,
2155 2298 2205 2351 id
2261 2305 2345 2351 est
2395 2298 2824 2360 incontinentem,
2871 2312 2937 2350 ex
2988 2312 3053 2351 eo
3099 2296 3464 2361 manifestum,

1898 2388 2038 2456 quod
2071 2388 2265 2443 iterum
2301 2387 2430 2441 dicit
2481 2388 2788 2458 ἁκράτητον
2814 2428 2828 2452 ,
2864 2403 2956 2441 εευ
3008 2389 3176 2440 teneri
3209 2388 3465 2442 nescium.

1900 2478 2192 2535 Invisibilis
2224 2479 2385 2532 etiam
2445 2488 2546 2543 est,
2580 2478 2794 2547 quando
2847 2479 2964 2532 sine
3003 2479 3178 2546 aliqua
3240 2479 3464 2532 materia

1901 2572 2291 2626 consideratur.
2346 2569 2452 2623 Per
2504 2583 2563 2623 se
2604 2569 2782 2622 omnia
2817 2567 3016 2631 domat,
3043 2579 3290 2637 tanquam
3320 2583 3348 2621 a
3379 2583 3466 2622 se-

1902 2662 2131 2730 metipso
2184 2660 2506 2730 prarvalens,
2556 2668 2610 2715 et
2649 2675 2754 2714 non
2828 2659 2896 2712 ab
2943 2658 3049 2711 alio
3097 2667 3304 2723 motus;
3336 2673 3464 2728 pro-

1904 2753 2181 2822 priissima
2209 2759 2388 2806 autem
2441 2751 2558 2822 ejus
2605 2751 2907 2805 dill'erentia
2937 2759 3018 2803 est
3064 2749 3230 2812 calor,
3256 2765 3322 2803 ex
3360 2765 3467 2818 quo

1899 2846 2060 2899 etiam
2088 2845 2141 2898 in
2173 2842 2294 2897 aliis
2318 2853 2494 2898 motus
2520 2843 2596 2896 ﬁt.
2629 2842 2877 2896 lmmutat
2908 2841 3198 2910 alteratque
3226 2842 3290 2893 ad
3314 2856 3465 2894 suam

1902 2934 2271 3004 operationem
2310 2933 2398 2986 illa
2453 2934 2648 3001 quibus
2683 2932 2988 2986 insederit:
3017 2947 3138 2985 nam
3170 2941 3224 2985 et
3265 2932 3464 2984 ferrum

1902 3027 2125 3095 ignitum
2151 3027 2277 3079 urit.
2310 3025 2698 3093 Quoquomodo
2735 3023 3112 3078 accedentibus
3136 3037 3193 3076 se
3220 3036 3465 3076 comma»

227 3109 338 3182 πλη
347 3114 580 3183 σιασμὺν
612 3115 942 3188 ἐκπυροῦται
964 3120 1024 3172 τὸ
1051 3123 1470 3193 παρακείμενον.
1493 3127 1797 3181 Ἀνανεωτι-

1905 3119 2086 3172 nicat-z
2121 3118 2173 3170 id
2204 3118 2346 3171 enim
2379 3117 2520 3185 quod
2572 3115 2858 3184 apponitur
2898 3127 2994 3182 pro
3038 3115 3244 3167 ratione
3274 3113 3465 3166 vicina:

225 3205 509 3269 κὺν,,καθ’-
537 3206 564 3260 ὃ
603 3208 832 3280 θερμόν·
888 3213 1010 3265 ἐπεὶ
1034 3213 1141 3286 γὰρ
1166 3215 1227 3267 τὸ
1253 3217 1426 3286 γῆρας
1468 3218 1672 3289 ψυχρὸν
1706 3224 1796 3274 καὶ

221 3296 567 3367 δυσκίνητον,
603 3302 634 3370 ἠ
684 3301 872 3372 νεότης
921 3302 1127 3375 θερμή·
1166 3308 1258 3358 καὶ
1306 3304 1642 3380 θερμουργὸς
1673 3315 1700 3364 ὁ
1731 3313 1800 3365 τά

221 3387 322 3439 τοῦ
342 3388 462 3440 νέου
480 3390 859 3461 ἐργαζόμενος.
889 3394 1045 3447 Κατὰ
1071 3395 1226 3449 τοῦτο
1241 3397 1348 3469 γὰρ
1363 3400 1530 3452 καὶτὸ
1554 3401 1799 3456 ὁπωσοῦν

227 3477 433 3548 θερμὸν
455 3481 512 3530 ὲν
534 3482 662 3550 ἡμῖν
683 3481 937 3554 ζὼπυρον
957 3483 1189 3553 λέγεται,
1214 3487 1294 3540 ὄτι
1315 3489 1433 3541 καθ’
1454 3491 1662 3542 αὑτὺ⁷⁰’
1684 3493 1800 3545 νεά-

226 3569 415 3639 ξομεν.
440 3573 766 3627 Φωτιστικόν
790 3577 925 3637 ἐστι,
953 3578 1046 3629 καὶ
1070 3580 1100 3647 ἠ
1130 3579 1389 3649 ἓλλαμψις
1414 3582 1576 3634 αὑτοῦ
1609 3584 1799 3654 ἀπεριη

227 3659 503 3724 καλυπτος
536 3661 657 3714 καθ’
689 3665 876 3734 αὑτήν.
915 3666 1004 3735 Μὴ
1050 3668 1156 3738 γάρ
1206 3685 1294 3738 μοι
1355 3668 1479 3737 λέγε
1501 3670 1572 3723 τὰ
1602 3670 1797 3736 ἔξωθεν

226 3749 678 3822 ἐπικαλύμματα,
733 3755 864 3807 αὐτὸ
909 3755 1017 3827 γὰρ
1052 3758 1209 3811 πάλιν
1253 3761 1577 3827 φωτιστικδν
1625 3765 1794 3832 μένει,

228 3839 335 3888 κᾶν
372 3841 628 3910 μυριάκις
661 3844 1151 3917 περικαλύπτηται.
1221 3848 1576 3920 Ἀκράτητον·
1619 3854 1666 3904 εἰ
1691 3853 1800 3925 γὰρ

228 3932 325 3982 καὶ
361 3934 421 3983 ἐν
472 3935 537 4003 τῇ
575 3933 674 4005 ὕλη
709 3937 1017 4006 κατέχεται,
1075 3940 1187 3993 ἀλλ’
1221 3943 1316 4010 οὐχ
1363 3944 1448 3995 ἵνα
1496 3943 1644 4021 σώσῃ
1667 3948 1798 4000 ταύ-

227 4041 350 4093 την,
387 4025 674 4098 καὶταύτῃ
732 4032 886 4100 συνῇ,
934 4029 1158 4084 ἀλλ’ἵνα
1220 4032 1532 4103 δαπανῆσαν
1562 4037 1795 4107 οἴχηται.

243 4113 471 4181 Ἀμιγές
495 4131 508 4144 ·
555 4117 660 4169 τίνι
705 4117 810 4190 γὰρ
836 4120 930 4172 καὶ
957 4121 1169 4193 μιχθείη
1192 4140 1205 4187 ;
1259 4125 1471 4176 ὑπείκει
1496 4126 1604 4198 γὰρ
1625 4128 1799 4200 τούτῳ

229 4204 413 4255 πάντα
469 4207 559 4258 καὶ
618 4209 861 4278 τήκεται.
932 4212 1308 4282 Διακριτικόνο
1377 4215 1635 4282 διακρίνει
1692 4218 1798 4291 γὰρ

226 4299 333 4358 τὰς
379 4296 541 4361 ὕλας,
587 4296 698 4353 οἷον
741 4304 848 4356 ἀπὸ
879 4303 1119 4382 ἀργύρου
1166 4306 1426 4376 μόλιϐδον.
1491 4310 1801 4367 Ἀναλλοίω-

227 4410 350 4453 τίεν,
401 4393 520 4446 καθ’
566 4395 594 4449 ὃ
628 4398 688 4448 οὐ
721 4397 941 4452 δυνατὸν
981 4399 1230 4468 μένοντος
1273 4401 1367 4454 τοῦ
1405 4404 1757 4472 ὑποκειμένου
1780 4446 1795 4470 ,

225 4483 378 4536 τοῦτ’
408 4484 552 4539 ἐστιν
583 4488 750 4557 αὐτῆς
770 4491 866 4560 τῆς
890 4491 1074 4555 οὐσίας
1105 4492 1199 4546 τοῦ
1231 4495 1418 4564 πυρὸς,
1445 4495 1796 4565 μεταϐάλλειν

227 4573 366 4625 αὐτὸ
415 4575 472 4627 ἐν
518 4580 651 4639 τοῖς
676 4578 937 4642 πάθεσιν,
1002 4578 1110 4635 οἷον
1154 4582 1402 4650 γενέσθαι
1440 4586 1570 4638 αὐτὸ
1597 4602 1792 4656 στρογ-

230 4662 436 4730 γύλον,
487 4665 520 4735 ἢ
575 4668 884 4734 γωνοειὸὲς,
939 4671 1073 4742 ὅπερ
1130 4673 1187 4725 ὲν
1233 4678 1344 4737 τοῖς
1370 4713 1373 4716 -
1397 4675 1600 4745 γηῒνοις
1651 4676 1796 4732 ἔστιν

224 4758 439 4826 εὑρεῖν·
493 4757 525 4826 ἦ
557 4759 748 4813 παθεῖν
781 4760 851 4814 τὰ
877 4761 970 4814 τοῦ
1001 4763 1190 4833 ἀέρος,
1251 4758 1361 4818 οἷον
1400 4765 1672 4838 φθαρῆναι
1708 4769 1797 4822 διὰ

222 4847 340 4901 τῶν
381 4848 829 4919 ἀναθυμιάσεωνο
889 4853 922 4924 ἢ
973 4855 1332 4926 παχυνθῆναι,
1389 4858 1421 4928 ἦ
1475 4861 1567 4914 καὶ
1615 4861 1690 4923 ὡς
1735 4864 1829 4914 τό

229 4940 382 5010 ὕδωρ
427 4942 724 5010 μεταϐολὰς
764 4945 1034 5012 δέξασθαι.
1084 4950 1404 5021 Ἀνὼφορον,
1449 4952 1586 5013 ἀλλά
1631 4955 1798 5022 ὀξέως

227 5031 404 5103 ῥέπον
431 5035 511 5096 εἰς
564 5033 715 5103 ὕψος,
777 5039 868 5091 καί
919 5041 1170 5114 οὐδεμιᾶς
1199 5042 1446 5114 ἀνέχεται
1479 5049 1797 5119 περιπεζίας

225 5120 496 5190 ὑφέσεως.
535 5125 877 5196 Ἀεικίψητον,
941 5129 972 5200 ἦ
1029 5131 1115 5190 διὰ
1154 5132 1251 5203 τὴν
1287 5134 1381 5187 τοῦ
1415 5139 1614 5202 παντὸς
1657 5141 1796 5194 κατὰ

226 5212 535 5282 περιφορὰν
579 5216 810 5285 κίνησιν,
867 5218 901 5287 ῆ
964 5222 1056 5273 καὶ
1101 5222 1231 5278 διότι
1277 5226 1592 5281 ἀεικινεὴαι
1647 5229 1795 5284 ἔνθεν

229 5302 485 5357 κάκεῖθεν
545 5307 644 5375 τὴν
703 5308 834 5378 ὓλην
873 5310 1144 5377 δαπανῶν,
1200 5315 1524 5386 δηλουμένου
1576 5321 1795 5384 ὡσανεὶ,

225 5394 314 5446 ὃτι
389 5393 723 5465 δυσχεραίνει
800 5400 896 5470 τὴν
967 5401 1138 5473 ὓλην,
1211 5408 1303 5460 καὶ
1369 5411 1576 5479 ταχέως
1655 5411 1794 5466 θέλει

226 5485 714 5540 ἀποσκευάσασθαι
744 5489 833 5542 τὸν
865 5491 1076 5563 δεσμόν.
1123 5497 1512 5570 Ταὺτοκίνητον
1532 5520 1544 5532 ·
1594 5505 1792 5575 ταύτην

313 5599 335 5636 ε
366 5597 501 5654 Gen.
535 5615 583 5663 ι,
610 5600 666 5654 2.

1911 3208 1992 3261 vel
2037 3218 2258 3263 remotae
2303 3207 2718 3277 propinquitatis
2771 3207 3017 3276 ignescit.
3076 3206 3344 3269 Renovat,
3412 3204 3464 3256 in

1904 3311 2164 3370 quantum
2192 3301 2401 3355 calidus
2428 3308 2512 3354 est
2544 3321 2554 3354 :
2585 3300 2846 3368 siquidem
2872 3307 3122 3352 senectus
3165 3296 3360 3367 frigida
3384 3304 3466 3349 est

1907 3406 1958 3448 et
1990 3391 2279 3447 difﬁculter
2305 3399 2566 3448 movetur.
2598 3390 2851 3457 juventus
2883 3404 3013 3443 vero
3051 3388 3223 3441 calida
3248 3394 3365 3450 est;
3411 3396 3464 3439 et

1908 3481 2114 3536 fervide
2167 3480 2278 3550 agit
2327 3481 2571 3548 quisquis
2625 3494 2788 3546 opera
2831 3478 2960 3531 facit
3015 3475 3290 3546 juvenilia.
3331 3475 3462 3528 Nam

1899 3572 2084 3634 etiam,
2122 3570 2419 3624 secundum
2465 3571 2588 3631 hoc,
2633 3569 2893 3636 quidquid
2945 3569 2996 3621 in
3049 3567 3204 3621 nobis
3230 3567 3463 3620 calidum

1901 3671 2004 3726 est,
2043 3662 2270 3732 ignitum
2303 3675 2396 3716 seu
2449 3659 2722 3713 viviticum
2753 3661 2974 3724 dicitur,
3009 3659 3132 3728 quia
3165 3661 3462 3714 secundum

1903 3757 2005 3812 boe
2039 3756 2464 3826 juvenescimus.
2514 3754 2752 3808 Lucidus
2779 3763 2888 3816 est,
2917 3753 3154 3822 etipsius
3185 3753 3460 3807 illumina-

1904 3849 1980 3901 tio
2007 3862 2102 3915 per
2142 3861 2200 3899 se
2245 3844 2499 3900 abscondi
2551 3846 2757 3912 nequit.
2809 3841 2992 3911 Neque
3037 3857 3163 3896 vero
3211 3841 3462 3895 alibiali-

1896 3940 2094 4008 jeceris
2123 3939 2427 3991 extrinseca
2453 3936 2734 3999 velamina;
2771 3935 2904 4002 ipse
2931 3934 3072 3988 enim
3119 3948 3308 3986 rursus
3327 3933 3380 3984 in
3407 3946 3464 3986 se

1903 4032 2110 4086 lucidus
2144 4041 2348 4096 manet,
2388 4030 2495 4084 etsi
2529 4028 2721 4082 millies
2751 4036 2979 4097 tegatur.
3013 4023 3209 4080 Tcneri
3235 4024 3460 4093 nequit:

1903 4139 2023 4176 nam
2070 4123 2197 4178 licet
2245 4123 2299 4176 ιιι
2352 4121 2578 4176 materia
2629 4118 2995 4180 contineatur,
3040 4131 3147 4169 non
3197 4124 3376 4169 tamen
3406 4123 3464 4170 ιιι

1900 4225 2079 4271 servet
2103 4216 2273 4278 illam,
2329 4213 2514 4282 illique
2555 4212 2794 4273 uniatur,
2839 4210 2933 4261 sed
2965 4217 3022 4261 ut
3055 4220 3116 4259 ea
3147 4214 3462 4272 consumpta

1903 4310 2142 4373 recedat,
2199 4307 2617 4376 itnperutistus:
2663 4303 2750 4358 cui
2807 4303 2950 4357 enim
3003 4299 3218 4356 misceri
3271 4298 3460 4367 possit,

1900 4421 2022 4458 ctnn
2065 4418 2132 4458 eo
2175 4402 2356 4456 omnia
2409 4401 2747 4469 subigantur,
2795 4409 3100 4466 cunctaque
3137 4410 3465 4451 consuman-

1830 4481 1870 4533 D
1905 4493 2026 4546 tur?
2081 4489 2434 4546 Discerncndi
2493 4493 2600 4543 vim
2659 4489 2860 4558 habet:
2899 4487 3161 4555 siquidem
3209 4486 3462 4539 materias

1904 4593 1962 4638 ιιι
2026 4583 2093 4638 ab
2168 4590 2393 4654 argento
2478 4581 2753 4652 plumbum
2835 4579 3118 4632 discernit.
3202 4575 3462 4630 lmmuta-

1903 4675 2027 4730 hilis
2091 4686 2220 4740 est,
2301 4683 2576 4743 quatenus
2648 4671 2985 4741 impossibile
3060 4679 3143 4725 est
3211 4679 3460 4723 manente

1903 4769 2188 4836 subjecto,
2264 4767 2367 4821 hoc
2433 4777 2516 4821 est
2574 4767 2762 4820 eadem
2824 4767 2962 4837 ignis
3033 4759 3461 4831 natura,139_

1902 4862 2096 4914 mutari
2145 4861 2318 4928 ipsum
2369 4861 2421 4914 in
2469 4860 2907 4929 proprietatibus,
2969 4856 3110 4909 velut
3156 4869 3278 4908 eum
3339 4853 3454 4907 fieri

1900 4954 2187 5007 rotundum
2247 4953 2328 5006 vel
2385 4951 2734 5021 angularem,
2791 4949 2932 5018 quod
2993 4948 3044 5001 in
3112 4945 3459 5000 terrestribus

1899 5045 2140 5098 invenire
2189 5044 2344 5108 licet;
2398 5054 2490 5096 aut
2535 5044 2681 5096 aeris
2731 5040 3088 5111 proprietates
3136 5037 3455 5100 admittere,

1897 5137 2036 5188 sicut
2067 5152 2160 5205 per
2191 5135 2631 5204 evaporationem
2659 5131 2964 5199 corrumpi;
2995 5129 3080 5184 vel
3113 5128 3454 5191 condensari,

1899 5231 1981 5284 vel
2011 5231 2154 5284 sicut
2183 5245 2376 5300 aquam
2405 5230 2730 5284 mutationes
2759 5228 3058 5295 suscipere.
3090 5225 3316 5279 Sursum
3346 5224 3457 5278 fcr-

1899 5333 2005 5389 tur,
2035 5324 2128 5376 sed
2161 5323 2408 5378 celeriter
2430 5323 2482 5377 iu
2513 5321 2678 5375 altum
2714 5335 2962 5388 serpens,
2993 5318 3195 5370 nullam
3223 5317 3445 5371 sustinet

1899 5413 2216 5482 dejectionis
2243 5415 2525 5468 vilitatem.
2556 5412 2784 5481 Semper
2811 5420 3076 5472 movetur,
3109 5409 3228 5464 sive
3257 5423 3448 5462 secun-

1896 5510 2022 5561 dum
2055 5506 2290 5564 universi
2322 5515 2522 5563 motum
2557 5503 2897 5570 circularcm,
2927 5503 3035 5558 sive
3069 5502 3208 5570 quod
3238 5515 3448 5569 semper

1525 5708 1611 5764 ιιι
1621 5707 1755 5765 RM;
1796 5706 2187 5772 ιιεετιολῐδ.

303 5763 347 5800 ⁷⁸
398 5764 458 5828 ι,
500 5768 618 5828 κατ’
653 5767 798 5820 αὐτὸ.
838 5768 928 5822 lin.
966 5768 1129 5828 l‘ns.
