4176 6308
748 361 854 418 547

1876 356 1934 415 S.
1976 358 2276 416 DlONYSll
2306 352 2766 419 ABEOPAGszE

3877 367 3990 424 348

748 472 943 529 ibidem
984 482 1263 527 moveatur
1295 480 1573 525 matemm
1604 473 1993 539 consumendo,
2026 475 2294 543 quodam-

2417 476 2525 547 γὰρ
2560 477 2657 528 καὶ
2688 475 2815 545 μίαν
2842 474 2939 545 τὴν
2984 476 3121 545 πρὸς
3159 476 3228 529 τὰ
3258 477 3368 530 ἄνω
3422 477 3630 547 κίνησιν
3659 478 3785 549 ἔχει.
3816 481 3993 548 Κινιιῖι⁴

748 562 906 619 modo
940 562 1249 633 signiﬁcans
1272 576 1331 617 se
1359 562 1640 616 materiam
1671 563 1937 627 aversari,
1964 572 2020 617 et
2042 565 2153 618 cito
2175 566 2313 621 velle

745 658 859 725 ejus
898 655 1168 709 vinculum
1213 655 1561 721 abrumpere.
1606 650 1800 721 Seipso
1845 664 2132 711 movetur:
2169 643 2312 712 hunc

744 746 891 802 cnim
912 754 965 798 et
986 759 1147 798 unum
1166 744 1231 798 ad
1251 757 1443 811 supera
1465 751 1665 796 motum
1690 744 1871 798 habet.
1894 740 2068 801 Movet
2089 745 2193 799 alia
2217 761 2314 814 per

746 834 980 888 calorem
1011 850 1188 897 suum,
1236 834 1313 887 uti
1345 846 1507 899 supra
1536 830 1788 886 diximus.
1813 832 2312 901 Comprehendendi

747 924 795 977 vi
831 923 1038 995 pollet:
1072 938 1246 991 neque
1282 923 1424 976 enim
1468 922 1751 974 materiam
1798 924 2153 977 subintrando
2181 939 2312 980 con-

746 1014 947 1077 sumit,
988 1014 1274 1073 sedcirca
1329 1012 1473 1066 illam
1531 1022 1785 1065 versatur
1843 1020 1896 1067 et
1944 1014 2308 1081 amplectitur.

746 1105 896 1171 Quod
941 1105 984 1159 si
1034 1104 1281 1173 inquiras
1328 1093 1394 1158 de
1443 1086 1509 1158 iis
1550 1090 1670 1173 quae
1714 1093 2041 1158 intrinsecus
2083 1105 2210 1171 igne
2240 1105 2309 1157 li-

745 1205 1038 1260 quescunt,
1086 1194 1243 1253 scito,
1286 1194 1447 1247 etiam
1482 1194 1553 1247 ibi
1588 1203 1843 1260 exparte
1884 1192 2115 1261 aliquem
2159 1209 2309 1246 coni-

746 1283 960 1351 plexum
1007 1282 1263 1345 existere,
1296 1294 1392 1351 per
1428 1297 1586 1352 quem
1622 1297 1710 1337 res
1762 1282 2002 1351 subjecta
2051 1283 2311 1348 collique-

745 1383 891 1437 seat;
924 1374 1002 1427 sic
1036 1366 1182 1426 enim
1228 1374 1390 1427 etiam
1434 1374 1921 1443 incomprehensus
1947 1373 2164 1427 dicitur.
2198 1374 2309 1429 Etsi

744 1464 887 1515 enim
925 1463 1143 1516 interius
1192 1463 1244 1515 in
1277 1464 1599 1532 quihusdam
1633 1466 1793 1517 rebus
1843 1465 2175 1533 reperiatur,
2215 1480 2304 1517 ve-

746 1562 1047 1607 rumtamen
1074 1560 1127 1607 et
1158 1554 1229 1607 ibi
1257 1554 1723 1623 circumplectitur
1752 1554 2094 1623 coniunctam
2121 1556 2221 1608 sibi
2253 1565 2309 1609 et

746 1660 905 1712 quam
937 1646 1205 1699 consumit
1252 1649 1557 1708 materiam,
1585 1656 1638 1701 et
1667 1647 1732 1700 ab
1762 1662 1823 1699 ea
1868 1646 2087 1699 minime
2136 1647 2310 1701 conti—

745 1748 925 1791 netur.
958 1737 1070 1792 Non
1119 1746 1239 1808 eget
1280 1738 1487 1791 altero:
1526 1753 1697 1805 neque
1733 1739 1873 1790 enim
1915 1737 2171 1789 miscetur
2217 1755 2309 1791 nc-

745 1842 850 1895 que
882 1828 1226 1883 confunditur
1250 1844 1370 1882 cum
1405 1828 1586 1894 aliquo
1614 1829 1721 1881 alio
1747 1828 2033 1891 elemento,
2069 1828 2141 1883 uti
2168 1842 2307 1897 aqua

743 1929 798 1973 et
825 1930 962 1972 terra
986 1936 1000 1982 ;
1026 1932 1353 1987 quapropter
1374 1920 1532 1972 etiam
1560 1921 1610 1972 iu
1639 1920 1923 1974 elementis
1942 1919 2104 1986 aliqui
2135 1921 2304 1987 ipsum

748 2007 1081 2077 μονοούσιον,
1120 2022 1228 2073 seu
1268 2008 1321 2058 in
1346 2007 1641 2060 substantia
1668 2008 1966 2061 solitarium
2028 2022 2303 2074 nuncupa-

746 2108 890 2151 runt.
923 2098 1071 2151 Clam
1121 2111 1179 2150 se
1224 2094 1515 2164 ampliﬁcat
1544 2116 1556 2150 :
1588 2101 1885 2151 secundum
1936 2097 2078 2149 enim
2129 2096 2309 2150 mulli-

744 2188 937 2257 plicem
986 2187 1384 2255 proportionem
1434 2196 1658 2253 augetur
1693 2203 1707 2250 ;
1745 2200 1917 2253 neque
1946 2184 2089 2238 enim
2141 2186 2306 2237 ratiu-

646 2303 653 2315 ν
744 2292 891 2343 nem,
932 2291 1088 2342 quam
1133 2276 1294 2329 habet
1328 2276 1687 2343 pratambusta
1741 2275 1965 2328 materia
1998 2276 2062 2327 ad
2099 2289 2307 2327 assum-

743 2378 889 2436 ptam
918 2368 1181 2428 eamdem,
1215 2367 1377 2421 etiam
1412 2367 1573 2420 habet
1608 2365 1745 2435 ignis
1772 2368 1865 2433 qui
1900 2368 1952 2419 in
1986 2366 2073 2419 illa
2106 2377 2210 2434 est,
2240 2371 2304 2421 ad

745 2460 924 2528 ignem
954 2457 1043 2529 qui
1072 2458 1123 2511 In
1154 2457 1253 2512 hac
1284 2466 1394 2521 est;
1428 2473 1603 2525 neque
1635 2456 1922 2518 rationem,
1958 2472 2116 2525 quam
2148 2460 2307 2511 habet

741 2559 1012 2619 assumpta
1040 2548 1261 2601 materia
1299 2547 1365 2600 ad
1396 2557 1707 2614 utramque,
1735 2548 1940 2599 scilicet
1973 2549 2037 2599 ad
2067 2550 2302 2615 seipsam

742 2649 797 2694 et
829 2639 895 2691 ad
924 2652 1040 2690 eam
1068 2651 1187 2704 qua!
1232 2644 1389 2689 antea
1421 2636 1822 2702 continebatur,
1850 2638 2091 2691 eamdem
2136 2640 2297 2692 etiam

741 2727 1003 2782 rationem
1040 2724 1203 2780 habet
1250 2726 1386 2794 ignis
1434 2726 1521 2792 qui
1557 2736 1742 2794 postea
1774 2741 2034 2780 accensus
2079 2739 2190 2792 est,
2238 2732 2302 2784 ad

741 2830 865 2868 eum
893 2814 983 2883 qui
1016 2828 1275 2868 accensus
1301 2829 1365 2867 ex
1394 2822 1634 2882 .utraque
1662 2812 1905 2870 materia.
1938 2814 2141 2871 Idcirco
2167 2820 2303 2872 dixit

742 2905 989 2969 latenter,
1031 2905 1283 2973 quoniam
1316 2904 1358 2956 si
1395 2910 1635 2972 appOsita
1668 2906 1893 2959 materia
1942 2908 2012 2959 sit
2044 2909 2219 2975 exilis,
2251 2921 2304 2963 et

742 2997 898 3049 valde
928 2996 1151 3063 multum
1186 2995 1235 3046 id
1266 2995 1406 3061 quod
1437 3009 1729 3048 accensum
1761 3006 1863 3058 est,
1890 2996 1941 3049 in
1978 2999 2164 3065 capaci
2194 3014 2305 3050 ma-

744 3088 879 3142 tc:ia
929 3102 1082 3139 suam
1117 3086 1320 3140 indicat
1348 3084 1680 3149 maiestatem
1707 3100 1721 3137 :
1755 3088 2022 3154 siquidem
2053 3091 2301 3141 omnivo-

2416 568 2567 622 τικδν
2587 568 2806 637 ἑτέρων·
2839 567 2977 620 κατά
2997 568 3057 621 τὸ
3071 567 3274 639 θερμὸν
3296 568 3507 631 ἑαυτοῦ,
3531 570 3707 632 καθὼς
3728 571 3992 641 ἀνωτέρω

2416 656 2691 724 ἐλέγομεν.
2743 654 3165 726 Περιληπτικόν·
3220 655 3339 707 οὐδὲ
3380 654 3486 725 γὰρ
3539 656 3684 718 me;
3722 656 3820 725 τῆς
3847 654 3992 722 ῠλης

2418 746 2627 817 χωροῦν
2656 746 2885 816 δαπανᾷ,
2921 745 3055 798 άλλά
3090 747 3214 816 περὶ
3242 746 3411 815 αὐτὴν
3440 746 3676 810 εἱλεῖται,
3704 742 3795 798 καὶ
3821 764 3989 816 περι-

2414 837 2717 905 δράττεται.
2750 837 2811 887 Εί
2842 836 2896 887 δέ
2943 852 3006 904 γε
3050 836 3314 907 ἀποροίης
3360 837 3486 907 περὶ
3524 837 3628 890 τῶν
3655 836 3857 889 ἔνδοθεν
3899 838 3989 905 τῷ

2416 927 2550 996 πυρὶ
2580 926 2953 997 σμυχομένων,
2979 926 3107 990 ῖσθι,
3133 927 3212 979 ὅτι
3243 928 3462 980 κάκεῖσε
3492 929 3683 999 μερική
3712 946 3792 991 τις
3819 930 3988 997 περί-

2413 1016 2572 1085 ληψις
2602 1018 2827 1085 γίνεται,
2858 1016 2977 1069 καθ’
3007 1018 3074 1086 ἢν
3100 1017 3161 1070 τὸ
3190 1018 3541 1087 ὑποκείμενον
3581 1017 3984 1089 ὑποσμύχεταιο

2414 1106 2555 1160 οὕτω
2583 1107 2691 1178 γὰρ
2718 1109 2810 1160 καὶ
2842 1108 3207 1179 ἀπερίληπτον
3232 1106 3467 1175 ¹λέγεται.
3495 1109 3556 1160 Ei
3584 1108 3693 1179 γὰρ
3711 1110 3799 1163 καὶ
3823 1108 3986 1173 ὲντδς

2413 1198 2723 1269 εὑρίσκεται
2771 1198 2829 1251 ἔν
2871 1215 3033 1261 τισιν,
3066 1197 3177 1252 ἀλλ’
3208 1193 3304 1251 οῦν
3348 1198 3567 1251 κάκεῖσε
3617 1198 3846 1268 περιέχει
3871 1198 3987 1268 τὴν

2415 1288 2679 1358 προσεχῆ,
2713 1290 2807 1341 καὶ
2834 1289 2902 1359 ἠν
2930 1289 3143 1358 δαπανᾷ
3188 1287 3337 1358 ὓλην,
3370 1291 3430 1341 οὐ
3473 1289 3601 1359 παρ’
3629 1290 3793 1359 αὐτῆς
3818 1305 3988 1357 περι-

2412 1380 2612 1449 έχεται.
2686 1380 2989 1448 Απροσδεὲς
3037 1372 3251 1449 ἐτέρου·
3281 1379 3402 1431 οὐτε
3438 1379 3546 1451 γὰρ
3577 1378 3818 1449 μίγνυται
3846 1378 3985 1432 οὔτε

2414 1472 2664 1541 κιρνᾶται
2695 1471 2866 1541 ἑτέρῳ
2909 1471 3017 1523 τινὶ
3049 1469 3311 1539 στοιχείῳ,
3345 1471 3421 1532 ὡς
3446 1470 3506 1521 τὸ
3534 1469 3671 1539 ὕδωρ
3697 1470 3786 1521 καὶ
3811 1471 3841 1539 ἡ
3874 1468 3982 1536 γῆ,

2410 1559 2489 1609 διὸ
2518 1560 2625 1611 καιν
2656 1560 2714 1611 ὲν
2755 1560 3038 1628 στοιχείοις
3087 1558 3396 1629 μονοούσιον
3432 1558 3565 1610 αὐτό
3611 1574 3748 1620 τινες
3774 1557 3983 1628 κεκληο

2411 1665 2557 1701 κασι.
2609 1648 2997 1711 Λανθανόντως
3052 1648 3343 1717 αὐξητικὸν
3398 1648 3623 1701 ἑαυτοῦ’
3672 1648 3807 1701 κατὰ
3861 1648 3983 1719 γὰρ

2412 1739 2842 1792 πολλαπλασίονα
2875 1740 3161 1807 ἀναλογίαν
3189 1739 3474 1803 αὐξάνεται
3492 1758 3503 1771 ·
3533 1740 3649 1793 οὐδὲ
3668 1738 3770 1811 γὰρ
3794 1740 3853 1792 ὃν
3878 1740 3983 1807 ,λὸ-

2410 1845 2503 1895 γον
2545 1828 2655 1897 ἔχει
2699 1829 2862 1898 τυχὸν
2902 1831 2934 1899 ἡ
2968 1831 3334 1900 προκαιομένη
3379 1829 3475 1900 ὕλη
3510 1830 3643 1900 πρὸς
3683 1829 3776 1899 τὴν
3805 1846 3984 1900 προσ-

2408 1919 2853 1990 λαμϐανομένην,
2881 1920 3021 1974 οὓτω
3053 1922 3148 1973 καὶ
3179 1923 3238 1973 τὸ
3284 1925 3342 1973 ὲν
3383 1921 3563 1991 ἐκείνῃ
3594 1920 3722 1992 πῦρ,
3752 1921 3886 1992 πρὸς
3916 1923 3982 1973 τὸ

2409 2008 2466 2059 ὲν
2516 2008 2690 2078 ταύτῃ
2736 2007 2881 2081 πῦρο
2916 2010 3034 2062 οὐδὲ
3074 2011 3132 2063 ὃν
3176 2010 3329 2077 λόγον
3371 2010 3479 2079 ἔχει
3509 2013 3541 2080 ὴ
3569 2010 3981 2081 προσλαμϐανο-

2412 2097 2545 2167 μένη
2585 2097 2687 2168 ὓλη
2729 2100 2865 2169 πρὸς
2918 2100 3015 2171 τὴν
3048 2101 3338 2171 συνάμφω,
3385 2104 3580 2171 ἑαυτήν
3628 2119 3687 2153 τε
3731 2103 3821 2154 καὶ
3872 2103 3981 2173 τὴν

2410 2187 2908 2257 προκατεχομένην,
2930 2189 3019 2241 τὸν
3048 2190 3207 2242 αὐτὸν
3236 2188 3387 2257 λόγον
3414 2190 3523 2260 ἔχει
3550 2192 3642 2243 καὶ
3667 2191 3727 2244 τὸ
3753 2190 3979 2261 ὕστερον

2410 2277 2645 2345 ἀναφθὲν
2676 2277 2787 2348 πῦρ
2816 2280 2951 2349 πρὸς
2979 2280 3039 2332 τὸ
3087 2282 3149 2332 ἐκ
3176 2280 3274 2348 τῆς
3304 2282 3563 2350 συνάμφω
3604 2282 3734 2352 ὕλης
3786 2282 3979 2346 ἐξανα-

2410 2368 2691 2438 πτόμενον.
2721 2368 2820 2421 Διά
2846 2369 3000 2422 τοῦτο
3031 2367 3148 2423 εἷπε
3175 2374 3609 2438 λανθανόντως,
3642 2376 3721 2426 ὃτι
3746 2373 3910 2442 τυχὸν
3941 2377 3975 2443 ἡ

2409 2458 2804 2528 προστιθεμένη
2850 2458 2949 2529 ὕλη
2982 2460 3153 2530 ὀλίγη,
3194 2460 3287 2513 καὶ
3331 2459 3392 2511 τὸ
3422 2461 3787 2530 ἀναπτόμενον
3834 2460 3981 2529 πάμ-

2408 2550 2561 2612 πολυ,
2594 2551 2727 2621 πρὸς
2754 2550 2850 2613 τὰς
2884 2550 3280 2621 ὑποδεχομένας
3312 2551 3442 2613 ὔλας
3468 2552 3714 2619 ἐκφαῖνον
3754 2551 3847 2621 τὴν
3881 2568 3971 2619 με·

2406 2639 2726 2710 γαλειότητα
2744 2657 2757 2670 ·
2790 2640 3087 2709 παμφάγον
3115 2642 3223 2712 γάρ
3251 2643 3388 2705 ἐστι,
3415 2642 3507 2693 καὶ
3546 2641 3757 2705 οὐδενὸς
3804 2640 3978 2709 φείδε-

2404 2747 2493 2783 ται
2520 2729 2611 2783 τοῦ
2654 2729 2941 2802 ξηροτέρου
2971 2732 3179 2801 ταχέως
3225 2732 3672 2802 ἀντιλαμϐάνεται
3693 2750 3704 2761 ·
3733 2733 3793 2785 τὸ
3822 2734 3978 2803 ὑγρό-

2405 2836 2559 2886 τερον
2587 2821 2705 2870 κατ’
2740 2818 2915 2887 ὀλίγον
2945 2821 3081 2891 πρὸς
3113 2821 3213 2891 τὴν
3241 2823 3445 2874 οίκείαν
3487 2822 3748 2893 ὑποδοχὴν
3786 2824 3972 2896 ἐπιτή-

2405 2911 2541 2962 δειον
2587 2910 2983 2980 ἀπεργάζεται·
3024 2911 3084 2963 τὺ
3114 2911 3312 2983 Θερμὸν
3341 2912 3651 2975 οἰκειοῦται,
3682 2915 3740 2966 τὸ
3768 2914 3975 2984 ψυχρὸν

2406 3000 2664 3071 ὲκπυροῖο
2697 2994 2793 3053 καὶ
2840 3000 3021 3064 ἁπλῶς
3058 3002 3309 3055 παντοῖόν
3354 3004 3470 3055 ἐστι
3510 3003 3649 3055 κατὰ
3677 3004 3775 3074 τὴν
3821 3004 3976 3057 δύνα-

2410 3108 2520 3160 μιν,
2565 3092 2656 3144 καὶ
2694 3090 3015 3163 δραστήριον
3052 3093 3291 3157 δυνατὸν,
3324 3095 3491 3148 ἅπασι
3533 3095 3789 3165 πάρεστιν
3818 3095 3978 3166 ἀορά-

745 3191 838 3229 rax
868 3186 986 3239 est,
1032 3185 1087 3229 et
1121 3176 1251 3228 nulli
1304 3178 1479 3244 parcit
1515 3199 1524 3229 ;
1564 3175 1614 3229 id
1647 3178 1792 3244 quod
1839 3178 2036 3233 siccius
2066 3190 2147 3234 est
2193 3181 2299 3235 cito

2409 3196 2509 3243 τως
2549 3183 2991 3252 κατεσπαρμένον
3020 3183 3077 3235 ὲν
3105 3182 3183 3253 τῷ
3212 3185 3404 3237 παντί·
3439 3187 3531 3238 καὶ¹
3564 3185 3751 3239 δοκοῦν
3783 3187 3855 3259 μὴ
3894 3182 3974 3241 εἷο

742 3269 1126 3336 apprehendit;
1163 3268 1212 3320 id
1245 3269 1387 3335 quod
1436 3267 1708 3321 humidius
1753 3278 1857 3335 est,
1890 3271 2091 3324 sensim
2120 3273 2185 3325 ad
2215 3273 2295 3327 sui

743 3362 1141 3426 susceptionem
1204 3370 1384 3426 aptum
1435 3358 1597 3412 eliicit
1645 3378 1657 3412 :
1705 3362 1940 3415 calorem
2007 3365 2297 3432 conciliat,

745 3449 910 3518 frigus
940 3448 1246 3513 l'ervcl'acit;
1278 3459 1333 3502 et
1349 3450 1666 3517 simpliciter
1682 3452 1953 3518 quidlibet
1975 3466 2066 3509 est.
2081 3458 2299 3522 virtute,

742 3550 823 3595 est
862 3538 1070 3602 eliicax,
1111 3549 1318 3608 potens,
1345 3540 1591 3595 erunibus
1636 3542 1977 3597 invisibiliter
2005 3548 2178 3612 adest,
2211 3568 2297 3605 as-

739 3651 933 3704 persus
964 3635 1111 3689 omni
1161 3635 1269 3698 rei;
1303 3644 1356 3687 et
1388 3635 1511 3689 dum
1544 3636 1758 3689 videtur
1802 3654 1905 3691 non
1940 3655 2075 3705 esse,
2127 3645 2300 3712 negli-

744 3726 906 3794 gitur,
948 3723 1201 3779 terribilis
1224 3731 1303 3777 est
1331 3733 1385 3776 et
1416 3724 1783 3779 intolerabilis.
1806 3728 2003 3779 Attritu
2037 3731 2179 3783 velut
2214 3734 2299 3784 in-

744 3816 937 3886 dagine
961 3814 1189 3884 quadam
1208 3853 1223 3878 ,
1250 3814 1428 3869 subito
1462 3825 1518 3867 ut
1544 3816 1788 3882 subjecto
1816 3821 2182 3871 connaturalis
2210 3838 2303 3890 ap.

742 3913 916 3972 paret,
943 3916 996 3958 et
1028 3920 1241 3957 rursum
1276 3904 1676 3958 incontinenter
1716 3907 1911 3970 avolat,
1943 3911 2082 3963 sicut
2118 3912 2298 3966 videre

741 3994 870 4049 licet
899 3996 951 4048 in
977 3994 1227 4049 scintillis
1249 4010 1278 4049 e
1307 3995 1454 4049 silice
1480 3994 1637 4065 140
1660 3998 1924 4053 excussis.
1955 3999 2008 4052 lu
2043 4003 2297 4059 omnibus

741 4086 823 4137 sui
856 4086 1349 4150 eommunionihus,
1393 4085 1777 4152 ealelaciendo,
1829 4088 2049 4155 urendo,
2093 4100 2290 4146 astrin-

745 4177 937 4246 gendo,
982 4177 1348 4239 illuminanda,
1383 4178 1701 4245 czeterisquc
1747 4180 1965 4234 minime
2009 4182 2291 4239 minuitur.

2405 3288 2511 3334 ναι,
2541 3272 2837 3341 ἀμελεῖται,
2874 3275 2933 3326 τὸ
2979 3274 3205 3347 φοϐερόν
3252 3292 3309 3328 τε
3340 3277 3431 3337 καὶ
3474 3277 3857 3331 ἀνυπόστατον.
3894 3281 3974 3351 Τῇ

2404 3368 2580 3437 τρίψει
2606 3368 2663 3420 δὲ
2690 3369 2939 3439 καθάπερ
2964 3372 3071 3423 τινὶ
3094 3370 3315 3441 ζητήσει
3342 3370 3597 3441 ἐξαίφνης
3625 3372 3699 3435 ὡς
3729 3373 3975 3442 συμφυὲς

2404 3460 2481 3529 τῷ
2510 3461 2853 3532 ὑποκειμένῳ
2882 3462 3254 3530 ἀναφαίνεται,
3284 3463 3376 3515 καὶ
3404 3459 3557 3525 αὖθις
3581 3463 3974 3533 ἀκαταλήκτως

2407 3553 2723 3620 ὰφίπταται,
2758 3552 2937 3615 καθὼς
2967 3553 3113 3607 ἐστιν
3145 3556 3275 3626 ὀρᾷν
3306 3555 3364 3609 ἐν
3394 3560 3506 3619 τοῖς
3543 3557 3649 3608 ἀπὸ
3684 3556 3777 3609 τοῦ
3826 3555 3970 3609 λίθου

2411 3644 2752 3715 σπινθῆρσιν.
2808 3647 2892 3698 Ἐν
2924 3647 3124 3708 πάσαις
3150 3650 3268 3709 ταῖς
3316 3646 3485 3699 αὐτοῦ
3531 3649 3863 3717 μεταδόσεσι,
3904 3652 3971 3717 τῇ

2409 3734 2615 3806 θερμῇ,
2645 3740 2709 3807 τῇ
2746 3740 3033 3806 καυστικῇ,
3065 3740 3132 3808 τῇ
3168 3742 3518 3808 στεγνωτικῇ,
3549 3741 3613 3811 τῇ
3650 3742 3969 3809 φωτιστικῇ,

2408 3828 2499 3879 καὶ
2536 3831 2655 3890 ταῖς
2693 3828 2877 3892 ἄλλαις
2921 3830 3205 3901 ἀμείωτον.
3237 3831 3344 3882 Kal.
3376 3829 3574 3892 πολλάς
3604 3846 3687 3892 τις
3730 3830 3794 3882 ἃν
3824 3829 3972 3899 εὖροι

2406 3916 2628 3977 τάςτοῦ
2663 3920 2831 3989 πυρὸς
2864 3919 3147 3988 ἰδιότητας,
3179 3920 3390 3982 εἰκόνας
3426 3918 3574 3981 τινὰς
3616 3920 3712 3991 τῆς
3758 3919 3973 3990 θεαρχι-

2406 4009 2508 4078 κῆς
2536 4010 2833 4079 ἐνεργείας,
2867 4013 3001 4083 πρὸς
3031 4013 3097 4075 ἃς
3142 4013 3233 4065 καὶ
3272 4012 3369 4073 τὰς
3414 4012 3670 4081 οὐρανίας
3720 4011 3973 4080 δυνάμεις

2399 4101 2449 4151 οἱ
2490 4100 2731 4169 θεόσοφοι
2764 4102 3192 4166 διαπλάττουσιν,
3246 4104 3595 4173 ἐμφαίνοντες
3631 4103 3831 4169 αὐτῶν,
3878 4105 3972 4157 καὶ

2402 4191 2542 4244 κατά
2574 4193 2730 4245 τοῦτο
2758 4194 2817 4246 τὸ
2862 4194 3087 4256 θεοειδές
3120 4196 3209 4248 καὶ
3253 4196 3327 4256 ὡς
3357 4194 3573 4262 ἐφικτὸν
3624 4194 3967 4264 θεομίμητον,

742 4269 1056 4337 Complures
1107 4271 1233 4323 item
1281 4268 1413 4321 alias
1459 4268 1579 4336 quis
1626 4269 1868 4324 invenire
1918 4281 2096 4340 posset
2157 4276 2295 4342 ignis

2409 4284 2481 4335 ὄτι
2509 4287 2625 4346 ταῖς
2653 4284 2843 4347 εἰκόσι,
2874 4284 2993 4337 καθ’
3023 4285 3088 4346 ἃς
3117 4285 3177 4336 τὸ
3208 4283 3349 4336 θεῖον
3378 4283 3720 4349 είκονίζεται,
3749 4285 3969 4348 ταύταις

744 4362 1133 4428 proprietates,
1182 4361 1325 4414 velut
1388 4360 1645 4427 quasdam
1706 4361 1901 4415 diVinre
1960 4364 2294 4422 eﬂicacilatis

2409 4374 2637 4445 χρῶνται
2667 4378 2760 4428 καὶ
2789 4377 2881 4427 ἐπὶ
2905 4375 3012 4427 τῶν
3034 4376 3300 4446 οὐρανίων
3327 4374 3621 4445 δυνάμεων.

735 4452 1030 4517 imagines,
1065 4450 1131 4502 ad
1158 4466 1291 4519 quas
1330 4451 1485 4518 periti
1534 4466 1711 4503 rerum
1744 4452 2048 4506 divinarum
2093 4459 2339 4515 cmlestcs
2384 4470 2613 4522 virtutes
2653 4467 2933 4535 ellingunt,
2970 4483 3063 4535 per
3095 4468 3195 4519 hoc
3220 4466 3425 4519 illarum
3450 4466 3859 4520 deil'ormitatem
3904 4481 3968 4520 ac

738 4542 998 4604 divinam,
1038 4550 1294 4609 quantum
1327 4539 1429 4603 fas,
1462 4541 1812 4595 imitationem
1853 4544 2206 4612 declarantes,
2261 4552 2385 4605 dum
2418 4554 2607 4609 iisdem
2650 4555 3006 4625 imaginibus,
3058 4556 3252 4623 quibus
3310 4553 3547 4608 divinum
3615 4552 3819 4608 Numen
3870 4570 3966 4609 ex-

736 4635 1005 4702 primunt,
1058 4633 1109 4685 in
1162 4632 1473 4687 cmiestibus
1520 4648 1735 4700 qnoque
1783 4635 2074 4691 virtutibus
2122 4651 2367 4701 utuntur.

810 4727 838 4797 ᾗ
867 4726 950 4783 l.l|.
974 4728 1098 4793 ,Cur
1129 4736 1305 4779 autem
1340 4728 1598 4778 humanas
1632 4726 1831 4780 formas
1866 4729 1931 4783 iis
1954 4732 2284 4787 ascribunt?

2470 4740 2495 4810 §
2530 4740 2614 4794 ill.
2640 4740 2738 4794 Διά
2762 4739 2813 4791 τί
2840 4740 2897 4792 δὲ
2930 4738 3427 4810 ἀνθρωπομόρφους
3454 4738 3852 4809 ἀναγράφουσι;
3879 4738 3968 4792 διὰ

741 4828 962 4887 propter
989 4819 1097 4871 vin.
1134 4818 1483 4885 intelligendi.
1526 4818 1710 4885 Augeli
1754 4820 1898 4873 enim
1948 4822 2043 4874 toti
2090 4832 2294 4879 mentes

2409 4832 2464 4883 τὸ
2494 4836 2698 4904 νοερόν.
2732 4838 2792 4889 Οἱ
2827 4838 2922 4907 μὲν
2954 4837 3062 4907 γὰρ
3090 4836 3327 4904 ἄγγελοι,
3353 4837 3411 4887 τὸ
3442 4838 3547 4888 πᾶν
3570 4836 3685 4899 νόες
3712 4836 3842 4889 εἰσί⁸
3874 4836 3967 4889 καὶ

734 4918 899 4971 sunt;
928 4917 983 4961 et
1015 4908 1266 4974 quoniam
1292 4922 1320 4958 a
1352 4906 1458 4960 Deo
1489 4907 1843 4974 illustrantur,
1885 4910 2214 4979 intelligendi
2249 4913 2296 4965 vi

2409 4924 2460 4975 ὲν
2492 4924 2569 4993 τῷ
2593 4928 2741 4997 παρά
2786 4906 2917 4980 Θεοῦ
2947 4929 3320 4998 ἐλλάμπεσθαι
3339 4929 3521 5000 νοερὸν
3546 4929 3741 4998 ἔχουσι.
3776 4934 3882 4985 Καὶ
3915 4936 3963 4986 oi

738 4997 963 5067 pollent.
1008 4995 1146 5061 Quin
1188 5004 1241 5049 et
1273 4997 1516 5050 homines
1556 5014 1771 5068 quoque
1818 5011 2050 5054 mentem
2100 5002 2299 5055 habent

2409 4995 2681 5087 ἄνθρωποι
2704 5019 2826 5071 νοῦν
2856 5022 2947 5075 τὸν
2971 4995 3214 5090 ἡγεμόνα
3251 5021 3349 5091 τῆς
3377 4995 3691 5090 ψύχῆςξείς
3732 5021 3789 5073 ὃν
3819 5023 3966 5092 πρώ-

740 5090 934 5142 animae
969 5088 1182 5149 ducem,
1227 5089 1278 5163 in
1311 5104 1413 5154 qua
1451 5091 1687 5157 primum
1735 5091 1822 5144 Dei
1863 5092 2152 5146 illustratio
2182 5094 2299 5147 eri-

747 5190 849 5240 tur,
894 5189 1053 5244 atque
1086 5179 1155 5229 ita
1187 5177 1444 5245 spiritalis
1488 5178 1749 5240 elﬁcilur:
1802 5190 1913 5233 tum
1954 5183 2096 5251 quod
2135 5184 2294 5238 homo

744 5268 957 5322 videndi
991 5269 1132 5321 vires
1164 5268 1363 5322 habeat
1405 5270 1469 5323 ad
1513 5271 1789 5325 anteriora
1835 5287 2146 5337 conversas,
2179 5275 2293 5345 (qui

744 5360 884 5413 enim
905 5398 921 5422 ,
946 5358 1095 5426 juxta
1121 5361 1457 5428 prephetam,
1489 5378 1593 5418 non
1622 5373 1699 5417 est
1727 5366 2056 5432 gravi-corde
2096 5366 2167 5428 τ’,
2198 5385 2291 5425 su-

746 5464 873 5515 pera
905 5458 1130 5515 spectat,
1164 5464 1273 5519 pra:
1304 5452 1517 5507 caeteris
1542 5453 1908 5509 animantibus
1938 5470 2057 5523 qua:
2089 5467 2291 5516 terram

746 5551 1088 5609 cuntuentur,
1120 5558 1175 5599 et
1202 5546 1412 5602 videndi
1449 5548 1594 5603 vires
1628 5548 1775 5602 humi
1809 5550 2012 5605 delian
2044 5553 2293 5623 habent);

752 5642 863 5687 tum
896 5636 1055 5687 etiam
1090 5647 1305 5706 propter
1353 5637 1537 5694 forma:
1569 5640 1950 5695 rcctitudinem
1983 5650 2035 5697 et
2072 5646 2297 5701 erectio-

832 5747 877 5785 “
903 5744 1043 5800 Psal.
1072 5762 1147 5811 iv,
1176 5748 1229 5803 5.

2400 5120 2507 5166 τως
2548 5108 2695 5176 καὶὴ
2728 5104 2847 5162 Θεία
2880 5110 3140 5181 έλλαμψις
3171 5111 3408 5179 γίνεται,
3458 5111 3549 5162 κα)⁵
3588 5111 3769 5180 νοερὸς
3812 5103 3961 5175 οὗτος

2400 5194 2821 5249 ἀποκαθίσταται
2840 5215 2851 5227 ·
2891 5200 3073 5269 ἕτερον
3103 5199 3189 5251 διὰ
3232 5200 3291 5252 τὸ
3320 5200 3453 5269 πρὸς
3480 5199 3541 5251 τὸ
3573 5200 3790 5261 ἄναντες
3824 5200 3965 5270 ἔχειν

2400 5281 2497 5344 τὰς
2534 5284 2761 5349 omni;
2807 5288 3059 5358 δυνάμεις
3090 5288 3179 5342 τὸν
3225 5288 3508 5359 ἄνθρωπον
3554 5288 3816 5358 (ἀνανεύει
3857 5288 3965 5357 γὰρ

2402 5376 2430 5425 ὁ
2461 5375 2533 5443 μὴ
2569 5378 2707 5429 κατὰ
2739 5380 2829 5431 τὸν
2863 5381 3567 5452 προφήτηνβαρυκὰρδιος,
3597 5380 3707 5433 ἀνω
3735 5381 3839 5433 τῶν
3871 5383 3963 5435 ἆλ-

2402 5466 2506 5534 λων
2545 5468 2719 5531 ζώων,
2756 5471 2847 5522 καὶ
2882 5472 2959 5533 είς
2988 5473 3089 5541 γῆν
3129 5472 3447 5541 βλεπόντων,
3480 5473 3571 5525 καὶ
3608 5470 3705 5534 τὰς
3735 5471 3960 5534 ὀπτικὼί,

2400 5555 2651 5625 δυνάμεις
2697 5560 2827 5629 πρὸς
2871 5562 2930 5611 τὸ
2978 5563 3237 5626 κάταντες
3284 5562 3562 5632 ἑχόντων),
3606 5562 3731 5615 ἄλλο
3770 5563 3856 5615 διὰ
3901 5562 3963 5613 τὸ

2403 5646 2492 5699 τοῦ
2528 5650 2797 5720 σχήματος
2839 5652 2961 5705 εὐθὺ
3010 5655 3097 5706 καὶ
3126 5653 3300 5725 ὄρθιον
3332 5654 3619 5725 (Edere/2i;
3675 5653 3782 5725 γὰρ
3828 5653 3956 5725 πρὸς
