4176 6308
767 277 864 333 5M

767 482 1014 534 vinarum
1085 478 1523 548 explieationum,
1569 477 1924 547 repletiouem
1972 494 2036 536 ac
2072 480 2328 535 saturita-

772 583 909 636 tem,
955 581 1120 642 atque
1171 572 1394 639 insuper
1440 571 1748 626 divinorum
1797 573 2096 628 rivulorum
2130 588 2193 626 ac
2238 587 2334 643 po—

771 668 973 721 tionum
1024 665 1402 719 delicioSarum
1471 665 1867 733 susceptionem
1916 684 1930 719 :
1993 665 2136 719 sicut
2189 667 2332 719 enim

770 759 922 810 cibus
965 754 1220 818 spiritalis
1260 766 1372 822 est,
1413 755 1492 811 sic
1533 764 1586 809 et
1629 761 1792 824 pottIs
1831 755 1907 810 illi
1951 757 2331 828 preportiona-

772 855 856 899 tus
893 852 994 900 est.

842 936 1074 993 Tactiles
1107 938 1390 994 facultates
1418 940 1634 1009 signant
1663 941 1773 1005 vim
1810 941 2166 1007 dignoscendi
2199 941 2329 1011 quid

771 1032 942 1100 prosit
971 1032 1054 1086 vel
1083 1033 1210 1100 quid
1258 1033 1398 1087 obsit
1423 1048 1439 1086 :
1473 1032 1575 1085 hoc
1603 1039 1784 1086 autem
1813 1041 1895 1086 est
1928 1033 1980 1086 in
2007 1032 2164 1086 nobis
2193 1030 2336 1084 mul-

775 1123 938 1193 tiplex
984 1125 1276 1179 secundum
1307 1126 1485 1178 varias
1516 1125 1834 1193 qualitates.
1881 1132 1940 1176 ut
1969 1123 2237 1186 calidum,
2279 1131 2337 1176 ut

776 1214 1051 1283 frigidum,
1097 1217 1497 1285 atque-iterum
1543 1225 1603 1270 ut
1648 1230 1936 1286 asperum,
1987 1225 2045 1269 ut
2088 1215 2236 1278 leve;
2284 1222 2338 1267 et

775 1323 981 1376 rursus,
1011 1318 1071 1362 ut
1099 1309 1316 1374 durum,
1339 1322 1396 1364 ut
1429 1309 1617 1374 molle;
1647 1309 1953 1378 iterumque
1987 1316 2043 1362 ut
2067 1322 2248 1377 grave,
2281 1317 2339 1362 ut

771 1401 910 1462 leve.
937 1409 990 1454 et
1014 1402 1310 1454 secundum
1339 1399 1473 1453 alias
1501 1400 1761 1468 plurimas
1790 1398 2125 1468 ﬁnalitatesu

841 1492 1118 1562 Palpebrae
1153 1500 1208 1546 et
1257 1491 1550 1562 supercilia
1584 1492 1760 1546 visum
1807 1499 2154 1558 conservant,
2197 1492 2339 1548 unde

774 1586 1056 1656 designant
1088 1585 1162 1640 ibi
1193 1584 1492 1640 custodiam
1521 1582 1999 1652 intelligentiamm

1885 276 1943 333 S.
1979 275 2277 332 DIONYSII
2313 275 2777 332 ABEOPAGITzE

836 390 1038 443 Gustus
1069 386 1272 440 indicat
1318 385 1641 456 spiritalium
1690 387 1970 453 ciborum,
2011 389 2218 443 scilicet
2247 390 2331 442 di-
2357 415 2400 471 Α

3892 283 4002 337 552

2514 389 2576 440 Ἡ
2621 389 2876 458 γευστικὴ
2926 389 3022 460 τὴν
3068 389 3176 441 τῶν
3221 392 3424 459 νοητῶν
3475 392 3707 462 τροφῶν,
3755 391 4000 462 δηλονότι

2432 477 2537 529 τῶν
2572 476 2730 529 Θείων
2758 479 3092 549 είσηγήσεων
3137 479 3524 551 ἀποπλήρωσιν
3571 482 3662 534 καὶ
3689 482 3778 533 τὸν
3811 501 4003 554 χορταο

2435 568 2589 638 σμὸν,
2623 569 2714 621 καὶ
2743 569 2820 621 ἔτι
2850 569 2958 622 τῶν
2980 556 3178 640 ὀχετῶν
3207 572 3298 624 καὶ
3322 573 3530 625 πόσεων
3560 574 3666 626 τῶν
3698 577 3788 627 καὶ
3813 577 4003 629 αὐτῶν

2433 659 2590 712 θείων
2619 659 2713 712 καὶ
2753 662 3034 732 τροφίμων
3061 661 3227 716 ὄντων
3246 680 3259 692 ο
3287 664 3362 728 ὠς
3386 665 3493 737 γὰρ
3535 668 3568 736 ἡ
3607 667 3779 738 τροφὴ
3806 669 4000 738 νοητὴ.

2433 753 2527 808 καὶ
2559 755 2592 823 ἡ
2616 752 2771 817 πόσις
2796 752 3073 820 ἀνάλογος.

2505 931 2570 983 Δί
2601 931 2828 983 ἁπτικαὶ
2863 928 3117 999 δυνάμεις
3138 907 3354 1001 δηλοῦσι
3397 930 3457 982 τὺ
3481 932 3859 1000 διαγνωστικὸν
3903 933 4005 986 τοῦ

2439 1024 2747 1097 προσφυῶς
2777 1027 2811 1096 ἦ
2841 1026 2933 1078 καὶ
2963 1024 3316 1094 βλάπτοντος·
3345 1027 3502 1085 τοῦτο
3523 1029 3580 1080 δέ
3607 1031 3750 1083 ἐστιν
3779 1032 3831 1083 ὲν
3864 1033 4007 1100 ἡμῖν

2438 1116 2718 1188 πολλαχῶς
2749 1135 2808 1170 τε
2854 1119 2947 1171 καὶ
2979 1118 3117 1172 κατὰ
3156 1118 3357 1182 πολλὰς
3385 1106 3701 1189 πδιότητας·
3748 1123 3823 1174 ὅτι
3871 1123 4006 1194 θερ-

2442 1208 2561 1279 μὸν,
2589 1209 2668 1260 ὅτι
2694 1208 2927 1280 ψυχρόν·
2957 1211 3049 1262 καὶ
3073 1205 3226 1266 αὖθις
3250 1210 3329 1263 ὃτι
3362 1212 3555 1282 τραχὺ,
3600 1211 3679 1264 ὅτι
3705 1211 3869 1266 λεῖον·
3911 1219 4008 1267 καὶ

2439 1300 2602 1354 πάλιν
2627 1301 2706 1353 ὅτι
2735 1301 2987 1371 σκληρὸν,
3027 1302 3106 1355 ὅτι
3141 1286 3405 1372 μαλακόν
3436 1303 3527 1356 καὶ
3553 1299 3705 1366 αὖθις
3732 1305 3808 1356 ὅτι
3838 1305 4006 1377 βαρὺ,

2433 1392 2520 1444 ¹ὅτι
2548 1392 2773 1462 κοῦφον·
2798 1392 2892 1444 καὶ
2918 1395 3036 1446 κατ’
3065 1393 3226 1458 ἄλλας
3252 1393 3451 1458 πολλὰς
3483 1395 3789 1465 ποιότητας.

2509 1483 2592 1537 Τὰ
2634 1483 2874 1555 βλέφαρα
2921 1487 3014 1538 καὶ
3037 1487 3091 1538 αἱ
3134 1486 3333 1556 ὀφρύες
3356 1486 3417 1539 τὸ
3458 1487 3705 1558 ὁρατικὸν
3740 1489 4006 1558 φρουροῦ-

2443 1593 2546 1642 σιν,
2574 1576 2694 1630 ὂθεν
2731 1575 2980 1648 δηλοῦσιν
3020 1577 3196 1631 ἐκεῖσε
3235 1578 3298 1632 τὸ
3335 1577 3700 1649 φρουρητικὺν
3736 1579 3838 1632 τῶν
3878 1581 4008 1649 νοή-

2444 1688 2597 1724 σεων.

847 1761 1039 1817 ditatis
1074 1760 1423 1828 pudescenlia
1465 1774 1589 1814 cum
1617 1759 1739 1813 vitae
1785 1767 1899 1812 tum
1935 1755 2093 1827 142
2124 1757 2339 1812 virtutis
2369 1773 2413 1827 Β

2369 1773 2413 1827 Β
2511 1763 2584 1817 Τὸ
2606 1766 2850 1818 νεανικὸν
2884 1766 2981 1836 τῆς
3006 1765 3238 1833 ἡλικίας,
3263 1765 3324 1817 τὸ
3375 1764 3688 1837 ὲπακμάζον
3725 1767 3823 1837 τῆς
3863 1769 4009 1838 ζωῆς

774 1869 974 1906 eorum.
996 1852 1234 1922 vigorem
1267 1850 1545 1915 declarat;
1577 1850 1684 1903 vita
1711 1851 2071 1905 enim'eorum
2117 1848 2339 1903 immor-

778 1945 901 2000 talis
925 1956 1028 2010 est,
1053 1954 1107 1998 et
1134 1945 1308 1998 vlrlus
1335 1942 1564 1997 stabilis.

848 2039 1044 2092 Dentes
1090 2038 1307 2106 signant
1329 2036 1394 2088 'id
1423 2036 1565 2103 quod
1595 2025 1863 2089 discernit
1892 2032 2284 2089 illustrationes
2317 2050 2333 2088 :

775 2131 1030 2201 quaelibet
1072 2129 1214 2182 enim
1265 2127 1563 2183 caelestium
1617 2128 1973 2182 essentiarum
2029 2127 2339 2181 uniusmodi

780 2211 1183 2288 intelligentiam
1236 2218 1336 2273 sibi
1390 2219 1668 2284 traditam,
1710 2233 1812 2286 pro
1858 2217 2132 2273 inferioris
2176 2218 2341 2273 ductu

777 2321 1064 2380 raptuque,
1097 2308 1320 2380 provide
1349 2309 1628 2364 distribuit
1672 2308 2122 2378 multiplicatque.

850 2402 1073 2457 Humeri
1106 2401 1381 2455 declarant
1414 2401 1465 2455 id
1498 2401 1641 2470 quod
1675 2400 1879 2454 similes
1922 2408 2099 2453 motus
2143 2399 2338 2464 edicit;

779 2496 921 2550 nime
950 2509 1081 2550 vero
1114 2493 1224 2547 vim
1253 2494 1533 2562 operandi,
1566 2502 1621 2547 et
1652 2507 1842 2546 manus
1884 2491 2211 2560 exsequendi
2246 2505 2343 2560 po-

781 2586 1027 2639 tentiam.

850 2675 954 2730 Cor
1001 2675 1302 2747 symbolum
1351 2687 1433 2730 est
1481 2675 1606 2728 vita:
1656 2673 2148 2730 deiformiszsicut
2195 2673 2339 2726 enim

778 2784 844 2823 ex
895 2770 1062 2823 corde
1095 2771 1239 2824 vires
1285 2771 1496 2838 corpori
1545 2768 1967 2833 distribuuntur,
2014 2767 2091 2820 sic
2141 2781 2208 2819 ex
2257 2765 2342 2819 his

782 2861 957 2914 vitalis
995 2861 1077 2914 vis
1116 2861 1168 2914 in
1208 2876 1270 2915 ea
1311 2876 1429 2929 qua:
1468 2861 1807 2929 providentia
1847 2869 2110 2929 reguntur
2155 2858 2341 2912 distri-

782 2952 984 3006 buitur.

852 3042 1073 3096 Pectora
1104 3043 1246 3114 (cum
1278 3050 1483 3112 pectus,
1508 3041 1698 3096 Grrece
1722 3040 1941 3111 στέρνον
1971 3040 2038 3093 ἐκ
2063 3039 2157 3092 τοῦ
2175 3037 2314 3106 στεῤ
2330 3070 2344 3078 -

2440 1856 2638 1920 αὐτῶν,
2671 1858 2764 1910 καὶ
2802 1859 2908 1928 τῆς
2925 1858 3200 1928 δυνάμεως
3220 1873 3233 1887 ⁶
3263 1859 3296 1928 ἡ
3321 1856 3429 1930 γὰρ
3474 1857 3586 1928 ζωὴ
3627 1858 4007 1930 ἁτελεύτητος,

2441 1949 2533 2003 καὶ
2560 1950 2749 2021 βεϐαία
2775 1952 2808 2021 ἡ
2835 1945 3078 2022 δύναμις.

2511 2045 2573 2096 Οἱ
2599 2043 2828 2107 ὀδόντες,
2853 2044 2913 2096 τὸ
2939 2044 3263 2116 διαιρετικὸν
3289 2044 3389 2114 τῆς
3429 2043 3770 2114 ἐλλάμψεως·
3804 2045 4009 2114 ἑκάστη

2442 2135 2548 2207 γὰρ
2589 2135 2694 2188 τῶν
2735 2136 2994 2207 οὐρανίων
3039 2136 3234 2188 οὐσιῶν
3270 2137 3368 2208 τὴν
3412 2136 3754 2207 δωρουμένην
3802 2136 4009 2203 ὲνοειδῆ

2441 2227 2653 2286 ἕνωσιν,
2690 2227 3056 2298 προνοητικῶς
3093 2216 3273 2289 ὡς’ἆν
3302 2227 3554 2297 χωρηθῇ,
3598 2228 3690 2280 καὶ
3714 2229 3780 2297 τῇ
3820 2227 4010 2279 ὑποδε-

2443 2319 2656 2390 εστέρα,
2680 2319 2874 2391 διαιρεῖ
2898 2322 2987 2373 καὶ
3011 2321 3088 2382 εἰς
3111 2318 3313 2390 πλῆθος
3340 2319 3794 2390 ἀποκαθίστησιν.

2513 2414 2576 2466 Οἱ
2616 2407 2753 2483 ὦμοι
2782 2414 2842 2464 τὸ
2885 2412 3161 2481 ποιητικὸν
3190 2411 3298 2464 τῶν
3338 2411 3587 2463 τοιούτων
3630 2413 3893 2482 κινήσεων
3913 2427 3927 2440 ο
3953 2413 4010 2463 αἱ

2444 2506 2636 2559 ὠλέναι
2679 2504 2740 2557 τὸ
2779 2504 3161 2575 ἐνεργητικόν⁵
3203 2505 3296 2558 καὶ
3350 2505 3404 2556 αἱ
3447 2507 3624 2573 χεῖρες
3661 2503 3720 2554 τὸ
3775 2503 4010 2574 δραστὴ-

2449 2615 2578 2667 ριον.

2526 2689 2588 2740 Ἡ
2628 2687 2822 2757 καρδία
2864 2671 3126 2757 σύμϐολόν
3156 2687 3270 2739 ἐστι
3301 2685 3398 2756 τῆς
3443 2684 3703 2747 θεοειδοῦς
3733 2682 3906 2754 ζωῆς·
3935 2685 4014 2744 ῶς

2445 2780 2552 2850 γὰρ
2584 2780 2649 2831 ἐκ
2679 2780 2778 2848 τῆς
2829 2779 3051 2850 καρδίας
3101 2777 3497 2846 διασπείρονται
3547 2778 3600 2828 αξ
3650 2776 3904 2845 δυνάμεις
3934 2774 4013 2843 τῷ

2448 2869 2677 2940 σώματι,
2712 2869 2882 2933 οὕτως
2915 2871 2980 2922 ἐκ
3010 2869 3213 2922 τούτων
3246 2869 3280 2939 ἡ
3326 2866 3526 2936 ζωτικὴ
3572 2866 3798 2936 δύναμις
3842 2868 3921 2928 εἰς
3944 2867 4013 2917 τὰ

2447 2962 2672 3033 προνοού
2683 2981 2815 3032 μενα
2837 2962 3140 3016 διαδίδοται.

2517 3053 2596 3106 Τὰ
2625 3055 2817 3125 στέρνα
2854 3055 2994 3123 (ἐπεὶ
3031 3049 3250 3126 στέρνον
3284 3056 3347 3107 ὲκ
3378 3053 3471 3108 τοῦ
3490 3051 3740 3121 στερῥοῦ
3761 3052 4015 3122 ἐτυμολο-

762 3137 900 3208 llo-ﬁ,
927 3135 978 3188 id
1009 3145 1091 3189 est
1122 3151 1186 3187 ea:
1210 3137 1360 3204 ﬁrmo
1397 3137 1691 3197 derivetur,
1719 3144 1773 3188 et.
1804 3135 1868 3188 ad
1901 3134 2128 3202 subjecti
2164 3134 2347 3187 cordis
2374 3121 2411 3176 C

2374 3121 2414 3176 Ο
2449 3147 2644 3210 γεῖται,
2675 3121 2766 3197 καὶ
2800 3121 2878 3209 είς
2912 3121 3152 3216 φυλακὴν
3187 3147 3488 3199 πέπλασται
3519 3145 3616 3214 τῆς
3651 3121 4013 3215 ὑποκειμένης

785 3226 1086 3280 custodiam
1128 3227 1415 3280 formatum
1447 3229 1537 3297 sit)
1586 3225 1871 3294 designant
1909 3225 2018 3278 vim
2069 3225 2348 3294 insupera-

793 3317 944 3370 bilem
973 3327 1025 3371 et
1055 3319 1515 3373 conservatricem
1545 3320 1668 3370 vita:
1695 3316 2020 3371 istiusmodi.

860 3411 1027 3465 Dorsa
1078 3425 1230 3474 vero,
1275 3412 1400 3479 quia
1453 3411 1740 3464 continent
1791 3409 2010 3461 insitam
2057 3409 2347 3470 virtutem,

790 3500 930 3554 sicut
959 3501 1122 3555 etiam
1154 3515 1313 3554 omne
1341 3515 1478 3554 onus
1509 3501 1722 3569 corpori
1749 3501 2082 3568 impositum,
2112 3499 2351 3552 humeris

790 3593 992 3662 imponi
1023 3594 1222 3647 dicitur
1249 3611 1262 3646 :
1289 3592 1430 3646 unde
1457 3603 1510 3645 et
1542 3593 1718 3660 poesis
1748 3593 2059 3646 universum
2091 3607 2228 3646 onus
2261 3592 2353 3646 bu-

791 3688 954 3742 tneris
981 3687 1230 3754 imponit;
1263 3687 1340 3740 ait
1366 3686 1509 3739 enim
1538 3683 1800 3739 Homerus
1827 3701 1840 3736 :

1002 3863 1067 3914 Et
1098 3863 1160 3914 ab
1189 3861 1415 3914 humeris
1448 3876 1600 3912 arma
1639 3859 1997 3925 disponebant;

793 3956 996 4009 ideirco
1027 3958 1184 4009 dorsa
1212 3953 1518 4023 signiﬁcant
1545 3952 1597 4005 id
1627 3951 1771 4021 quod
1802 3950 1945 4004 vires
1981 3949 2243 4015 continet,
2274 3950 2357 4002 in-

797 4049 1020 4100 teriores
1045 4047 1252 4101 scilicet
1273 4062 1336 4098 ac
1363 4045 1574 4098 vitales.

868 4137 1034 4192 Pedes
1064 4130 1170 4191 vim
1206 4138 1486 4190 motricem
1517 4136 1824 4201 insinuant,
1857 4145 1911 4188 et
1955 4149 2175 4188 cursum
2210 4148 2352 4186 sem-

798 4230 989 4298 piterni
1019 4239 1193 4281 motus
1235 4243 1342 4296 quo
1381 4230 1448 4281 ad
1483 4228 1660 4283 divina
1711 4228 1960 4281 cientur:
1995 4243 2118 4279 nam
2154 4228 2357 4280 idcirco

802 4322 963 4376 etiam
999 4337 1028 4373 a
1063 4321 1330 4390 theologia
1365 4321 1524 4390 pedes
1553 4336 1740 4374 eorum
1774 4320 1905 4373 alati
1937 4319 2234 4389 ﬁnguntur.
2260 4317 2354 4370 Ala

797 4414 1062 4480 siquidem
1096 4430 1311 4470 sursum
1358 4415 1556 4475 elevat,
1603 4424 1659 4466 et
1705 4413 1821 4468 leve
1861 4428 1982 4466 esse
2029 4413 2270 4467 declarat
2305 4414 2354 4467 id

802 4509 943 4576 quod
986 4508 1185 4562 alatum
1231 4518 1334 4562 est.
1365 4508 1538 4563 Divini
1583 4508 1767 4576 itaque
1809 4507 2150 4574 illustresque
2182 4506 2354 4575 angeli

797 4605 867 4656 ab
888 4603 1033 4655 omni
1070 4616 1129 4655 re
1163 4588 1410 4655 terrestri
1441 4601 1756 4654 eximuntur
1783 4615 1846 4654 ac
1876 4611 2134 4669 perpetuo
2163 4582 2246 4652 ad
2259 4616 2355 4652 au-

801 4698 1002 4751 tcriora
1027 4704 1082 4750 et
1108 4693 1317 4748 excelsa
1367 4701 1768 4760 pramoventur.
1823 4690 2056 4746 Rursum
2105 4707 2232 4746 vero
2266 4693 2353 4745 illa

798 4790 991 4856 quatth
1023 4788 1261 4842 humeris
1283 4768 1364 4840 est
1389 4785 1599 4838 alarum
1629 4784 1838 4847 levitas,
1870 4784 2086 4853 proprie
2108 4785 2359 4854 designat

803 4898 991 4936 eorum
1024 4879 1348 4950 agilitatem,
1393 4892 1514 4948 quas
1543 4878 1658 4933 sine
1709 4876 2032 4931 admistioue
2075 4878 2359 4944 gravitatis

807 4984 1054 5045 prompte
1080 4988 1293 5028 sursum
1312 4971 1511 5049 .fertur.

878 5067 1100 5122 Nuditas
1146 5076 1274 5119 vero
1333 5065 1743 5135 calceornmque
1808 5061 2360 5136 privatio,virtutem

805 5175 992 5212 eorum
1039 5159 1368 5209 abstractam
1398 5158 1636 5218 denotat,
1677 5167 1729 5211 et
1765 5173 1790 5208 a
1828 5159 1991 5212 rebus
2036 5159 2236 5215 inﬁmis
2265 5178 2361 5214 ex-

809 5251 1042 5317 peditam
1088 5261 1141 5301 ct
1192 5249 1450 5309 liberam,
1493 5248 1646 5316 juxta
1707 5248 1836 5302 illud
1882 5265 1896 5301 :
1949 5249 2102 5304 Solve
2157 5251 2362 5305 calcea-

813 5353 982 5394 mcnta
1025 5344 1087 5392 de
1132 5340 1345 5407 pedibus
1394 5339 1526 5402 tuis,
1571 5338 1716 5392 locus
1753 5340 1928 5403 enim,
1969 5341 2023 5392 in
2073 5358 2177 5411 quo
2223 5353 2361 5410 stas,

811 5444 1020 5488 sanctus
1061 5443 1134 5486 cst
1164 5430 1208 5484 ἱ.
1243 5429 1475 5500 Nudipes
1520 5433 1660 5483 cnim
1693 5431 1830 5484 liber
1868 5443 1950 5486 est
1991 5449 2058 5487 ao
2087 5436 2232 5494 omni
2273 5452 2364 5489 ex-

818 5526 1052 5581 tt'iuscco
1096 5525 1494 5593 impedimento.
1544 5523 1776 5590 Spiritus
1826 5524 2008 5594 itaque
2071 5526 2365 5596 nudipcdcs

925 5709 959 5746 Γ
989 5706 1141 5758 Himl.
1184 5723 1278 5773 ιιι,
1311 5708 1427 5762 1'22.
1498 5717 1510 5757 ι
1551 5705 1720 5761 Exod.
1752 5720 1848 5778 tu,
1878 5706 1927 5761 5.

2453 3235 2719 3308 καρδίας,)
2753 3235 2840 3289 διὰ
2895 3236 3051 3289 τοῦτο
3103 3237 3320 3306 δηλοῦσι
3365 3237 3426 3289 τὸ
3459 3237 3766 3307 ἀδάμαστον
3823 3236 3917 3287 καὶ
3956 3235 4016 3285 τὸ

2453 3329 2810 3399 φρουρητικὸν
2832 3329 2930 3398 τῆς
2954 3329 3206 3403 τοιαύτης
3232 3328 3396 3397 ζωῆς.

2522 3419 2603 3472 Τὰ
2634 3419 2792 3482 νῶτα,
2829 3422 2950 3472 ἐπεὶ
2986 3420 3273 3472 συνεκτικά
3306 3423 3410 3472 εἱσι
3457 3419 3557 3488 τῆς
3589 3419 3828 3488 ἐμφύτου
3864 3419 4016 3471 δυνά--

2457 3531 2621 3584 μεως,
2650 3512 2706 3577 ἐξ
2739 3509 2796 3565 οὗ
2825 3514 2916 3564 καὶ
2950 3514 3056 3564 πᾶν
3092 3511 3254 3582 βάρος
3299 3511 3377 3581 τῷ
3411 3511 3618 3583 σώματι
3653 3511 4014 3579 ἐπικείμενον,

2452 3609 2563 3667 τοῖς
2590 3603 2755 3674 ὤμοις
2779 3602 3079 3658 ἐπικεῖσθαι
3106 3602 3321 3672 λέγεται
3339 3621 3352 3632 ο
3368 3603 3488 3656 ὅθεν
3512 3605 3602 3656 καὶ
3623 3605 3656 3674 ἡ
3685 3603 3900 3671 ποίησις
3923 3602 4016 3669 τὴν

2454 3697 2561 3748 τῶν
2592 3697 2726 3749 ὅλων
2754 3696 3027 3766 βαρύτητα
3059 3697 3172 3758 τοῖς
3203 3693 3373 3767 ὤμοις
3405 3695 3676 3764 ἐπιτίθησι
3695 3711 3708 3724 ·
3744 3694 3889 3762 λέγει
3914 3693 4017 3764 γὰρ

2456 3791 2484 3840 ὁ
2517 3789 2814 3861 Ὄμηρος,-

2642 3919 2654 3931 .
2681 3919 2694 3931 .
2724 3920 2737 3931 .
2766 3919 2777 3930 .
2809 3920 2822 3930 .
2853 3918 2864 3930 .
2894 3876 2988 3930 καί
3015 3877 3114 3930 ἀπ’
3139 3875 3312 3946 ὤμων
3342 3876 3530 3943 τεύχε’
3560 3875 3771 3929 ἕλοντο
3802 3878 3842 3917 i‘
3863 3918 3875 3939 .

2455 3970 2543 4023 διὰ
2572 3970 2728 4023 τοῦτο
2753 3971 2820 4023 τὰ
2853 3971 2995 4029 νῶτα
3025 3969 3244 4047 δηλοῦσι
3286 3970 3348 4022 τὸ
3384 3969 3693 4026 συνεκτικὸν
3727 3968 3834 4020 τῶν
3867 3969 4004 4020 Suvi-

2462 4078 2624 4130 μεων,
2649 4060 2757 4128 τῶν
2782 4060 3036 4130 ἐμφύτων
3065 4058 3259 4130 δηλαδὴ
3286 4057 3382 4112 καὶ
3410 4057 3707 4124 ζωογόνων.

2529 4154 2591 4204 υἱ
2640 4151 2794 4214 πόδες
2826 4152 2885 4203 τὸ
2917 4151 3192 4220 κινητικὸν
3235 4150 3330 4202 καὶ
3381 4147 3632 4218 ὲντρεχὲς
3665 4146 3765 4214 τῆς
3800 4147 3926 4216 περὶ
3956 4145 4017 4195 τὰ

2459 4245 2576 4297 θεῖα
2631 4243 2956 4315 πορευτικῆς
3020 4241 3356 4313 ἀεικινησίας
3423 4231 3884 4309 ὑποσημαίνουσι·
3937 4238 4019 4289 διὰ

2458 4332 2615 4384 τοῦτο
2657 4332 2765 4404 γὰρ
2803 4334 2894 4387 καὶ
2933 4333 3201 4403 πτερωτοὶ
3249 4331 3405 4394 πόδες
3439 4328 3591 4400 παρὰ
3621 4329 3717 4399 τῆς
3750 4328 4016 4394 Θεολογῐας

2463 4423 2801 4477 πλάττονται.
2837 4426 2910 4477 Τὸ
2942 4423 3049 4494 γὰρ
3081 4424 3278 4497 πτερὸν
3321 4424 3532 4491 ἀνάγει,
3567 4421 3659 4474 καὶ
3694 4419 3892 4491 κοῦφον
3923 4419 4019 4473 δει-

2462 4516 2609 4571 κνύει
2635 4516 2696 4569 τὺ
2731 4516 3184 4588 πτερυσσόμενον.
3233 4514 3548 4586 Ἐξῄρηνται
3573 4510 3665 4567 οὖν
3702 4514 3897 4585 παντὸς
3931 4532 4016 4583 χα-

2466 4607 2743 4678 μαιζήλου,
2789 4609 2882 4660 καὶ
2913 4609 3233 4679 ἀεικινήτως
3273 4606 3453 4677 ἔχουσι
3480 4605 3616 4676 πρὸς
3660 4605 3944 4674 ἀναγωγὴν
3975 4606 4017 4657 οἱ

2463 4697 2592 4752 θεῖοι
2638 4700 2728 4751 καὶ
2783 4697 3127 4761 πανευκλεείς
3171 4697 3408 4766 ἄγγελοι.
3471 4697 3636 4764 ἰδίως
3683 4697 3738 4748 δὲ
3790 4697 3946 4749 πάλιν
3990 4698 4018 4763 ἡ

2460 4791 2568 4845 τῶν
2601 4792 2727 4860 περὶ
2758 4792 2884 4853 τοὺς
2917 4789 3095 4861 ὤμους
3128 4790 3341 4862 πτερῶν
3366 4789 3597 4861 ὲλαφρία
3619 4789 3766 4858 δηλοῖ
3794 4791 3854 4842 τὸ
3899 4791 4018 4842 ἀϐα-

2465 4883 2555 4953 ρὲς
2591 4881 2768 4936 αὐτῶν
2796 4882 2887 4934 καὶ
2923 4881 3150 4944 κοῦφον,
3181 4883 3274 4936 καὶ
3298 4881 3434 4954 πρὸς
3468 4880 3529 4934 τὸ
3561 4879 3838 4952 ἀνωφερὲς
3862 4881 4012 4948 ἀνεμ-

2469 4974 2733 5027 πόδισ-τον.

2539 5066 2614 5118 Τὸ
2634 5067 2688 5122 δὲ
2716 5069 2918 5138 γυμνὸν
2945 5073 3035 5123 καὶ
3067 5068 3386 5123 ἀνυπόδετον
3408 5067 3468 5120 τὸ
3501 5066 3695 5135 ἄφετον
3722 5064 3915 5126 αὐτῶν,
3940 5059 4017 5114 καί

2471 5158 2605 5228 πρὸς
2624 5158 2693 5211 τὰ
2725 5160 2872 5212 κάτω
2899 5161 3115 5212 εὖλυτὸν
3137 5177 3196 5213 τε
3229 5160 3321 5213 καὶ
3353 5160 3595 5227 ἄσχετον,
3637 5155 3774 5207 κατὰ
3806 5153 3864 5204 τό
3885 5170 3896 5181 δ
3920 5151 4018 5204 Ai»

2473 5264 2573 5303 σαι
2603 5252 2666 5304 τὸ
2696 5255 2971 5323 ὑπόδημα
3021 5256 3088 5306 ἐκ
3113 5253 3226 5308 τῶν
3253 5251 3452 5304 ποδῶν
3480 5267 3616 5309 σου,
3637 5253 3667 5302 ὁ
3698 5247 3807 5316 γὰρ
3833 5247 4014 5307 τόπος,

2473 5345 2542 5396 ὲν
2583 5343 2630 5408 ᾧ
2689 5347 2930 5400 ἵστασαι
2963 5387 2977 5409 ,
3025 5347 3189 5414 ἅγιός
3245 5343 3506 5397 ἐστιν.ὐ
3541 5340 3648 5410 γὰρ
3681 5336 4017 5408 γυμνοποδῶν

2473 5436 2749 5506 ἐλεύθερός
2777 5440 2889 5491 ἐστι
2922 5439 3117 5501 παντὸς
3157 5433 3479 5506 ἐξωτερικοῦ
3523 5430 3788 5499 ὲφοέκὶου.
3834 5429 4017 5497 Γυμνοο

2480 5530 2651 5583 madv
2704 5532 2800 5599 μὲν
2854 5531 3095 5598 λέγονται
3153 5533 3240 5584 καὶ
3275 5531 3321 5582 οἱ
3357 5534 3493 5591 νόες,
3527 5521 3600 5584 ὡς
3643 5521 3911 5591 ἐλεύθεροι
3937 5519 4016 5585 τῆς
