4172 6304
188 376 292 430 353

683 374 770 428 DE
800 372 1124 429 C(ELESTI
1157 373 1599 439 HlERARClllA,
1635 373 1786 431 CAP.
1826 373 1938 430 XV.
1976 406 2044 416 --
2075 375 2420 432 PARAPHR.
2460 377 2932 436 PACHYMERAfl.

3323 391 3430 446 35‘

185 489 292 540 τῶν
318 489 474 551 ἐκτὸς
501 489 837 560 προσθήκης,
866 491 959 541 καὶ
992 489 1078 542 διὰ
1109 490 1270 543 τοῦτο
1302 490 1626 561 ἁπρόσθετοι
1672 491 1748 542 κα¹

1871 489 2160 555 dicuntur,
2212 502 2468 561 tanquam
2514 493 2668 549 liberi
2724 497 2792 550 ab
2839 497 3158 555 .extrinseco
3215 501 3426 556 addita-

185 581 364 642 ἁπλοῖ,
393 581 533 634 κατὰ
563 582 660 651 τὴν
683 582 755 643 ὡς
789 582 1006 651 ἐφικτὸν
1033 583 1168 652 πρὸς
1191 583 1286 654 τὴν
1313 583 1461 636 θείαν
1487 582 1760 653 ἁπλότητα

183 674 539 742 ἀφομοὶωσιν.

253 878 280 951 §
307 878 395 937 IV.
426 881 808 934 Πολυποίκιλον
835 881 978 950 λέγει
1000 881 1098 952 τὴν
1122 882 1307 951 σοφίαν
1328 880 1421 934 τοῦ
1445 881 1598 944 Θεοῦ,
1621 881 1761 934 κατὰ

177 970 271 1023 τὸν
309 972 484 1041 μέγαν
515 973 811 1026 ἀπόστολον
844 972 1075 1029 Παίλον.
1111 977 1265 1026 Δοκεῖ
1295 975 1348 1026 δὲ
1380 974 1451 1027 τὰ
1481 974 1572 1027 δύο
1605 977 1758 1026 ἐναν-

177 1061 270 1114 τία
317 1059 478 1126 εἶναι,
511 1064 572 1115 τό
610 1082 670 1115 τε
712 1064 915 1118 ἁπλοῦν
959 1065 1053 1118 καὶ
1097 1068 1158 1117 τὸ
1199 1067 1756 1120 πολυποίκιλον.“Αλλ’

176 1152 323 1206 ἔστιν
356 1155 552 1217 εἰπεῖν,
587 1155 668 1208 ὅτι
707 1155 768 1206 τὸ
808 1155 1013 1208 ἁπλοῦν
1063 1157 1160 1225 μὲν
1201 1151 1372 1219 εἶπεν,
1410 1157 1496 1210 ἵνα
1540 1147 1755 1227 δηλώσῃ

172 1242 235 1295 τὸ
267 1244 559 1298 ἀσύνθετον
591 1247 685 1298 τοῦ
719 1248 872 1311 Θεοῦ,
897 1250 989 1301 καὶ
1010 1249 1072 1300 τὸ
1095 1250 1361 1320 μηδεμιᾶς
1388 1249 1610 1319 διπλόης
1643 1253 1760 1303 ὲπι-

173 1336 456 1406 δεόμενον·
505 1342 568 1393 οὐ
615 1342 723 1413 γὰρ
763 1345 828 1395 ὲκ
877 1343 1161 1414 μαθήσεως
1205 1343 1364 1412 σοφὸς
1394 1348 1422 1397 ὁ
1454 1344 1603 1407 Θεὸς,
1639 1344 1756 1397 ἀλλ’

176 1429 503 1500 αὐτόχρημα
536 1434 693 1500 σοφία
725 1434 860 1487 ἐστί.
894 1433 966 1486 Τὸ
997 1435 1054 1486 δὲ
1088 1434 1483 1495 πολυποίκιλον,
1516 1436 1645 1488 διότι
1679 1437 1758 1500 εἰς

176 1521 347 1572 πολλὰ
393 1521 647 1590 γνώσεως
685 1524 801 1594 εἴδη
851 1527 1251 1595 μετατυποῦται
1282 1527 1370 1580 διὰ
1401 1528 1499 1597 τὴν
1529 1528 1636 1580 τῶν
1669 1529 1756 1581 ὲλ-

171 1609 539 1682 λαμπομένων
571 1615 850 1668 ἀσθένειαν
874 1633 886 1645 ·
924 1618 1208 1688 ἀρχιερεὺς
1248 1619 1356 1686 γάρ
1402 1620 1516 1670 ἐστι
1564 1619 1753 1688 μέγας,

172 1705 515 1776 συμπάσχων
561 1711 680 1769 ταῖς
723 1707 880 1776 ἡμῶν
929 1708 1257 1771 ἀσθενείαις⁹
1297 1710 1435 1762 ὥστε
1470 1711 1612 1781 ἁπλῆ
1651 1711 1750 1781 μὲν

168 1795 386 1863 λέγεται
434 1800 594 1868 σοφία
633 1800 765 1853 Θεοῦ
800 1801 939 1854 κατὰ
978 1802 1075 1872 τὴν
1109 1804 1288 1872 φύσιν,
1325 1803 1662 1876 πολύτροπος
1694 1806 1752 1858 δὲ

168 1887 308 1939 κατὰ
358 1889 460 1958 τὴν
503 1889 776 1959 πρόνοιαν.
807 1893 1023 1963 Ἐπειδὴ
1070 1895 1246 1946 τοίνυν
1296 1895 1433 1966 αῦτη
1488 1898 1579 1950 καὶ
1628 1901 1754 1962 τοὺς

165 1981 434 2044 ἁσκεπεῖς
457 1983 698 2050 φυσικῶς
730 1985 1072 2053 ἁμφιὲννυσι,
1091 1988 1184 2038 καὶ
1219 1987 1382 2058 σκεύη
1416 1989 1538 2042 τινὰ
1567 1990 1750 2045 δίδωσι

167 2073 490 2144 περιφέρειν
524 2075 733 2137 αὐτοῖς·
771 2064 902 2147 φέρε
949 2079 1042 2129 καὶ
1081 2080 1148 2131 τὰ
1198 2079 1416 2132 τοιαῦτα
1464 2081 1584 2152 ἱερὰ
1615 2099 1751 2153 προ-

165 2164 426 2235 ϐλήματά
453 2182 512 2217 τε
549 2167 640 2219 καὶ
672 2167 894 2237 ὄργανα,
928 2167 1002 2231 ὡς
1035 2171 1163 2239 ἡμῖν
1197 2171 1310 2224 ἐστι
1343 2172 1584 2236 δυνατὸν,
1620 2174 1750 2225 ἁνα-

165 2255 482 2325 πτύξωμεν.
521 2255 631 2325 Τὴν
669 2255 764 2324 μὲν
797 2255 905 2326 γὰρ
939 2257 1110 2326 φανὴν
1143 2259 1234 2310 καὶ
1268 2257 1490 2329 πυρώδη
1523 2258 1748 2328 ἐσθῆτα,

164 2345 354 2408 καθὼς
387 2347 538 2418 παρὰ
584 2347 840 2417 Ἰεζεκιὴλ
874 2347 965 2400 καὶ
995 2348 1192 2419 Δανιὴλ
1224 2348 1472 2420 εὓρηται,
1507 2351 1752 2422 ὑπολαμ-

164 2436 318 2488 ϐάνω
355 2437 657 2507 σημαίνειν,
678 2437 776 2507 τὴν
802 2438 898 2508 μὲν
918 2436 1138 2510 πυρώδη
1171 2439 1374 2509 ἐσθῆτα
1405 2440 1465 2493 τὸ
1498 2439 1747 2505 θεοειδὲς,

163 2529 308 2582 κατὰ
353 2531 450 2602 τὴν
490 2530 584 2583 τοῦ
617 2531 788 2601 πυρὸς
820 2520 999 2583 εἰκόνα
1029 2531 1210 2593 καθὼς
1244 2533 1530 2602 ἐλέγομεν,
1565 2534 1662 2605 τὴν
1693 2535 1748 2588 δὲ

163 2624 342 2693 φανὴν
387 2625 480 2676 καὶ
530 2624 794 2695 φωτεινὴν
825 2624 885 2676 τὸ
918 2625 1429 2692 φωτιστικόν.Ἐπεὶ
1471 2627 1528 2679 δὲ
1575 2630 1666 2680 καὶ
1715 2630 1747 2698 ἡ

162 2712 334 2782 ἐσθὴς
367 2714 554 2782 κτῆμά
585 2713 637 2764 τί
673 2714 808 2777 ἐστι,
830 2713 1058 2766 καθόλου
1086 2716 1327 2786 περιέχει
1348 2716 1408 2768 τὸ
1432 2715 1608 2785 σῶμα,
1629 2716 1751 2770 ὅθεν

160 2807 261 2858 καὶ
294 2806 574 2874 ἀμπεχόνη
626 2804 860 2872 λέγεται,
895 2806 986 2858 ἐπὶ
1016 2807 1070 2859 δὲ
1102 2808 1209 2858 τῶν
1242 2807 1534 2878 κτημάτων
1566 2825 1622 2860 τε
1657 2811 1749 2862 καὶ

159 2895 468 2969 χρημάτων
516 2899 572 2949 αἱ
622 2897 714 2964 ἀφ’
749 2896 936 2967 ἐτέρου
981 2899 1061 2960 είς
1090 2897 1245 2952 ἄλλον
1278 2897 1627 2970 κληρονομίαι
1660 2899 1746 2967 γί-

159 3007 368 3049 νονται,
401 2990 502 3060 ὅρα
551 2990 604 3042 τί
657 2989 802 3057 λέγει
851 2989 1079 3044 ἐνταῦθα
1123 2991 1260 3061 πρὸς
1299 2991 1470 3045 ταῦτα
1511 2994 1540 3044 ό
1574 2993 1744 3060 ἅγιος.

159 3079 266 3131 Διά
299 3079 351 3130 τί
386 3078 582 3148 tae-im;
619 3079 716 3130 Διὰ
747 3079 845 3141 τὰς
877 3080 933 3132 ἐν
964 3080 1177 3151 οὐρανῷ
1209 3081 1388 3152 λήξεις
1421 3083 1512 3135 καὶ
1547 3082 1745 3154 κληρο-

160 3170 380 3239 νομίας,
401 3168 542 3222 κατὰ
574 3169 634 3221 τό
652 3187 664 3198 ⁸
702 3169 878 3222 Δεῦτε
909 3173 962 3222 οἱ
983 3172 1372 3240 εὐλογημένοι
1394 3173 1498 3226 τοῦ
1520 3176 1748 3241 Πατρός
1780 3207 1820 3266 C

158 3276 301 3326 μου,
324 3259 817 3329 κληρονομήσατε
849 3261 963 3329 τὴν
995 3263 1442 3332 ἡτοιμασμένην
1472 3264 1612 3333 ὑμῖν
1636 3267 1750 3330 βα-

159 3353 410 3405 σιλείαν
461 3353 576 3405 ἀπὸ
626 3352 962 3421 καταϐολῆς
1009 3356 1258 3424 κόσμου.
1296 3345 1413 3419 Τίς
1439 3357 1495 3409 δὲ
1531 3359 1562 3427 ἡ
1598 3357 1750 3427 βασι-

156 3445 317 3507 λείας
356 3444 579 3506 Πάντως
629 3446 802 3498 ἐκεῖνο
855 3446 915 3498 τὸ
964 3445 1105 3498 θεῖον
1150 3448 1244 3499 καὶ⁸
1277 3446 1554 3518 ἁδιάδοχον
1597 3449 1744 3516 φῶςο

157 3536 322 3606 λῆξιν
356 3535 464 3608 γὰρ
497 3537 603 3607 τὴν
631 3537 989 3607 κληρονομίαν
1033 3539 1082 3589 οἱ
1125 3537 1342 3591 παλαιοὶ
1375 3539 1557 3607 ἔλεγον
1578 3557 1591 3570 ο
1629 3538 1750 3593 ὅθεν

159 3630 262 3681 καὶ
302 3627 549 3698 ληγάτοι,
585 3629 679 3680 καὶ
712 3627 1033 3698 ληγατάριοι
1067 3629 1160 3680 καὶ
1191 3629 1536 3702 ληξιαρχικὸν
1567 3630 1748 3702 γράμ-

162 3735 269 3790 μα,
302 3719 364 3771 τὸ
409 3719 683 3790 διδόμενον
733 3722 844 3782 τοῖς
893 3720 1034 3790 ὑπὲρ
1081 3720 1149 3772 τὰ
1194 3720 1469 3774 δεκαοκτὼ
1500 3723 1598 3792 ἔτη
1631 3719 1748 3776 οὖσι

156 3812 276 3865 τῶν
310 3811 678 3883 κληρονόμων,
714 3815 793 3875 εἰς
837 3813 899 3864 τὸ
939 3813 1127 3882 ἄρχειν
1167 3813 1265 3883 τῆς
1304 3813 1508 3876 οἰκείας
1553 3813 1750 3885 κληρο·

158 3901 380 3972 νομίας,
413 3903 501 3954 διὰ
550 3903 612 3955 τὸ
649 3903 749 3974 τῆς
791 3903 1006 3973 ἡλικίας
1036 3903 1258 3956 τέλειον.
1291 3904 1401 3956 Καὶ
1445 3904 1612 3957 ταῦτα
1650 3904 1747 3974 μὲν

159 3991 255 4044 διὰ
287 3993 386 4062 τὴν
419 3991 617 4062 ἐσθῆτα
637 4009 650 4021 ο
685 3991 883 4061 μᾶλλον
915 3991 971 4044 δὲ
1005 3993 1038 4062 ἡ
1073 3990 1233 4061 ἐσθὴς
1265 3990 1352 4044 διὰ
1382 3989 1549 4042 ταῦτα
1580 3985 1750 4059 rapa.-

161 4081 521 4153 λαμϐάνεται.
557 4082 656 4135 Διὰ
700 4083 755 4135 δὲ
797 4083 858 4135 τὸ
899 4082 1066 4152 φανὸν
1099 4083 1191 4134 καὶ
1223 4081 1492 4153 πυρῶδες,
1529 4081 1624 4134 καὶ
1667 4082 1747 4135 ἔτι

161 4172 266 4244 τὴν
301 4173 526 4226 καθόλου
561 4175 821 4245 περιοχὴν
843 4175 942 4243 τῆς
964 4173 1188 4242 ἐσθῆτος
1210 4174 1353 4241 λέγει
1374 4174 1506 4226 ὅπου
1527 4172 1588 4224 τὸ
1609 4172 1743 4241 φῶς.

165 4267 329 4333 mima
364 4265 512 4334 963;;
545 4267 654 4319 Καὶ
685 4265 748 4318 τὸ
779 4264 1008 4318 καθόλου
1043 4264 1344 4334 ἐκλάμπον,
1378 4266 1470 4317 καὶ
1501 4265 1562 4315 τὸ
1595 4263 1748 4317 καθό-

161 4358 264 4410 λου
311 4357 757 4426 ἐκλαμπόμενον·
803 4356 918 4409 ἀλλ’
951 4357 1124 4409 ἐκεῖνο
1179 4356 1296 4426 μὲν,
1331 4356 1466 4426 ὅπερ
1517 4355 1660 4409 ἔστιν
1712 4358 1748 4426 ὴ

162 4450 289 4504 θεία
333 4449 508 4518 φύσις,
542 4449 747 4520 νοητῶς
787 4449 1050 4520 ὲλλάμπει
1075 4467 1088 4480 ο
1123 4448 1278 4502 τοῦτο
1319 4449 1394 4512 δὲ,
1431 4450 1569 4519 ὅπερ
1602 4449 1746 4501 ἐστὶν

163 4546 204 4614 ἡ
255 4542 540 4613 άγγελικὴ,
587 4542 786 4613 νοερῶς
834 4541 1196 4612 ὲλλάμπεται·
1247 4541 1434 4612 νοητὸν
1486 4541 1582 4612 μὲν
1632 4540 1746 4612 γάρ

163 4637 337 4698 ἐστιν,
373 4636 466 4688 ἅτε
507 4637 682 4688 ἐκεῖνο
711 4634 974 4704 τυγχάνον
1005 4634 1064 4686 τὸ
1096 4633 1411 4704 νοούμενον·
1447 4633 1628 4703 νοερὸν
1660 4631 1738 4693 δὲ,

159 4725 230 4778 τὸ
275 4725 677 4797 ἐλλαμπόμενον
711 4728 805 4779 καὶ
836 4725 1006 4780 νοοῦν.
1044 4726 1193 4789 Τέως
1221 4726 1298 4788 δὲ,
1333 4727 1551 4779 κάκεῖνο
1583 4725 1742 4778 καθό-

163 4815 264 4866 λου
297 4814 589 4885 ὲλλάμπον,
624 4816 715 4869 καὶ
746 4815 866 4884 δίχα
895 4814 1040 4877 τινὸς
1071 4813 1356 4882 φειδωλίας
1395 4829 1453 4864 τε
1494 4811 1588 4864 καὶ
1618 4811 1742 4878 γλι-

166 4902 483 4974 σχρότητος,
510 4906 602 4957 καὶ
633 4905 789 4958 τοῦτο
820 4903 1046 4957 καθόλου
1089 4903 1441 4973 ὲλλάμπεται,
1477 4902 1524 4954 εἰ
1557 4902 1650 4954 καὶ
1680 4901 1742 4952 τὸ

165 4996 389 5066 ἐφικτὸν
411 4996 726 5066 ὑποδέχεται
753 4996 893 5068 (οὐδὲ
913 4995 1020 5067 γάρ
1052 4995 1113 5048 τὸ
1146 4996 1365 5066 μέτριον
1395 4993 1738 5063 ὑποδέχεται,

164 5086 306 5140 διότι
340 5088 573 5157 μετρίως
604 5087 955 5158 ὲλλάμπεται,
990 5086 1101 5140 ἀλλ’
1135 5086 1274 5138 οὕτω
1304 5084 1517 5153 λέγεται
1547 5084 1609 5136 τὸ
1644 5083 1740 5153 μέ-

162 5195 321 5252 τριον
366 5179 734 5250 ὑποδέχεσθαι,
769 5181 850 5233 ὅτι
893 5179 1119 5233 καθόλου
1162 5178 1516 5249 ὲλλάμπεται,
1549 5177 1644 5229 καὶ
1675 5175 1737 5227 τὸ

166 5270 447 5340 ἐγχωροῦν
479 5271 931 5342 προσλαμϐάνει)·
981 5273 1152 5324 ἐκεῖνο
1183 5269 1290 5341 γὰρ
1320 5265 1387 5339 ἦν
1421 5268 1485 5321 ἂν
1515 5269 1613 5338 τῆς
1645 5265 1738 5317 τοῦ

167 5363 554 5433 ἑλλάμτωντος,
596 5363 670 5426 ὡς
719 5364 785 5417 ἄν
832 5380 916 5426 τις
963 5362 1126 5426 εῐποι,
1162 5359 1447 5431 φειδωλίας
1497 5360 1589 5410 καὶ
1639 5357 1733 5411 τοῦ

169 5453 390 5524 φθόνου,
424 5456 565 5526 ἅπερ
616 5454 803 5526 πόρῤω
852 5454 958 5507 εἰσὶ
1003 5454 1101 5523 τῆς
1151 5452 1298 5514 θείας
1330 5451 1422 5503 καὶ
1458 5449 1733 5521 μακαρίας

169 5546 412 5614 φύσεωςο
432 5544 590 5597 τοῦτο
609 5544 663 5597 δὲ
690 5545 905 5607 πάντως
926 5545 1038 5596 ἐστὶ
1068 5543 1166 5612 τῆς
1194 5542 1300 5594 τῶν
1331 5540 1737 5610 ὑποδεχομένων

167 5636 468 5708 δυνάμεως.
500 5636 562 5688 Ἡ
588 5637 642 5688 δὲ
671 5636 918 5707 ίερατικὴ
950 5635 1107 5706 στολὴ
1138 5632 1619 5705 παραλαμὸάνεται
1651 5631 1740 5683 διὰ

167 5731 231 5786 τὸ
283 5728 577 5799 προσάγειν
620 5730 744 5790 τοὺς
783 5727 889 5780 τῶν
939 5725 1235 5797 ἀνθρώπων
1276 5724 1455 5789 ἀξίους
1503 5723 1637 5793 πρὸς
1673 5722 1741 5776 τὰ

247 5868 275 5907 ιι
305 5863 494 5922 Matth.
515 5880 636 5922 xxv.
718 5863 806 5917 δι.

1871 590 2072 647 mento,
2117 591 2280 652 atque
2316 584 2436 638 ideo
2487 587 2721 652 expediti
2777 588 3179 658 simplicesque,
3227 607 3422 647 secun-

1865 671 1988 724 dum
2028 688 2146 727 eam
2190 689 2311 744 qua:
2341 675 2539 730 divina:
2576 678 2940 748 simplicitatis
2967 683 3080 737 dari
3127 692 3305 754 polest
3349 686 3422 739 si-

1865 763 2244 821 militudinem.

1932 854 1958 925 §
1989 854 2073 908 IV.
2117 855 2497 913 Multil’ormem
2527 873 2691 928 porro
2718 867 2876 914 vocat
2901 859 2994 914 Dei
3025 859 3179 931 143
3209 861 3424 928 sapien-

1864 946 2012 1011 tiam,
2037 949 2191 1018 juxta
2241 965 2494 1019 magnum
2547 950 2850 1020 apostolum
2893 950 3142 1005 Paulum.
3183 952 3426 1022 Simplex

1860 1048 2040 1091 autem
2072 1048 2124 1092 et
2158 1039 2514 1095 multifarium
2545 1043 2798 1097 videntur
2835 1058 2962 1097 esse
2991 1045 3096 1098 duo
3128 1048 3422 1101 contraria.

1862 1127 2082 1195 Verum,
2111 1130 2290 1186 dicere
2320 1131 2466 1197 licet,
2496 1135 2797 1203 simplicem
2845 1136 3065 1204 quidem
3113 1138 3336 1205 dixisse,
3371 1152 3427 1192 nt

1860 1225 2176 1278 ostenderet
2207 1226 2375 1280 Deum
2425 1243 2546 1282 esse
2585 1229 2701 1282 sine
2753 1232 3164 1298 compositione,
3189 1244 3243 1288 et
3282 1237 3426 1288 nulla

1860 1316 2176 1382 duplicitate
2225 1318 2514 1390 indigere:
2557 1333 2734 1388 neque
2786 1321 2929 1373 enim
2979 1322 3231 1377 discendo
3287 1325 3426 1379 Dens

1861 1407 2078 1475 sapiens
2111 1408 2193 1472 lit,
2223 1410 2314 1462 sed
2348 1419 2432 1462 est
2463 1422 2654 1478 reapse
2704 1411 2992 1479 sapientia.
3047 1413 3424 1469 Multil'ormem

1858 1511 2010 1558 vero,
2040 1497 2166 1564 quia
2218 1498 2270 1552 in
2314 1497 2514 1552 multas
2564 1500 2891 1567 cognitionis
2933 1503 3167 1570 species,
3199 1518 3418 1572 propter

1857 1603 2044 1642 eorum
2077 1591 2167 1657 qui
2206 1591 2545 1644 illustrantur
2578 1593 3023 1658 imbecillitatem,
3055 1597 3411 1650 transforma-

1861 1691 1947 1734 tnr
1975 1695 1990 1733 :
2019 1681 2261 1748 pontifex
2310 1683 2453 1736 enim
2503 1698 2729 1754 magnus
2757 1694 2858 1751 est,
2891 1687 2980 1755 qui
3032 1688 3233 1741 nostris
3263 1688 3422 1741 intir-

1863 1772 2142 1827 mitatibus
2171 1774 2524 1842 compatitur;
2580 1776 2652 1828 ita
2682 1787 2739 1829 ut
2776 1777 2870 1831 Dei
2920 1779 3134 1847 quidem
3162 1780 3424 1846 sapientia

1787 1858 1826 1910 Β
1854 1867 2067 1920 dicatur
2093 1867 2317 1936 simplex
2343 1866 2637 1921 secundum
2664 1877 2935 1932 naturam,
2957 1871 3268 1927 multimoda
3297 1887 3426 1927 vero

1859 1959 2154 2012 secundum
2188 1958 2604 2028 providentiam.
2626 1959 2890 2013 Cznterum
2924 1975 3044 2014 cum
3075 1962 3188 2016 haec
3211 1978 3425 2038 quoque

1858 2061 2045 2106 natura
2083 2066 2179 2106 sua
2210 2053 2384 2104 nudos
2412 2052 2712 2120 coeperint,
2760 2061 2815 2106 et
2852 2053 3096 2122 qna-dam
3133 2055 3198 2112 iis
3228 2061 3426 2114 instrn-

1857 2154 2038 2197 menta
2085 2142 2518 2197 circnml’erenda
2569 2145 2779 2211 tradat;
2825 2148 3053 2216 agedum
3113 2151 3277 2204 etiam
3319 2152 3424 2206 ista

1857 2248 2011 2287 sacra
2040 2235 2376 2303 operimenta
2422 2243 2475 2289 et
2503 2235 2883 2302 instrumenta,
2927 2250 3086 2307 prout
3116 2257 3423 2310 possumus,

1856 2325 2210 2394 explicemus.
2231 2326 2564 2380 Aclucidam
2595 2327 2811 2397 quidem
2843 2330 3166 2399 igneamque
3191 2344 3422 2399 vestem,

1856 2427 1916 2470 ut
1945 2419 2084 2485 apud
2113 2418 2452 2472 Ezechielem
2475 2429 2529 2472 et
2553 2419 2826 2474 Danielem
2859 2423 3152 2492 reperitur,
3183 2424 3423 2478 arbitror

1861 2509 2196 2578 significare,
2224 2518 2492 2577 quatenus
2518 2511 2768 2565 nimirum
2792 2523 2876 2567 est
2893 2514 3065 2582 ignea,
3086 2515 3424 2570 deifortnita-

1857 2600 2156 2667 teni,juxta
2207 2603 2366 2655 istam
2413 2601 2555 2671 ignis
2599 2602 2891 2672 imaginem
2933 2605 2999 2658 de
3030 2622 3132 2675 qua
3164 2609 3374 2676 egimus
3402 2627 3421 2673 ;.

1856 2703 2123 2759 quatenus
2174 2708 2301 2748 vero
2345 2701 2428 2748 est
2470 2694 2772 2762 splendida,
2806 2705 2860 2750 et
2892 2696 3122 2750 lucidam
3154 2699 3261 2752 vim
3295 2701 3415 2754 illn-

1856 2783 2120 2837 minandi.
2152 2785 2287 2838 Cum
2339 2795 2517 2838 autem
2565 2787 2732 2839 etiam
2785 2788 2953 2842 vestis
2999 2791 3290 2858 possessio,
3322 2807 3418 2846 seu

1853 2873 2092 2940 supellex
2121 2875 2366 2942 quaedam
2398 2873 2468 2927 sit
2492 2888 2610 2942 qua:
2640 2884 2808 2926 totum
2841 2890 3039 2943 corpus
3063 2876 3254 2940 ambit,
3280 2877 3420 2930 unde

1853 2975 1907 3018 et
1933 2965 2166 3020 amictus
2208 2975 2303 3020 seu
2347 2966 2718 3021 indumentum
2758 2967 2987 3034 dicitur;
3018 2967 3417 3043 possessionum

1855 3067 2035 3110 autem
2067 3065 2122 3110 et
2186 3055 2602 3127 supellectilium
2628 3059 2697 3111 ab
2724 3057 2828 3112 alio
2859 3058 2926 3112 ad
2948 3058 3110 3111 alium
3141 3059 3420 3116 lizeredita-

1858 3159 1937 3204 tes
1965 3150 2300 3215 derivcntur,
2337 3151 2566 3204 observa
2609 3149 2740 3219 quid
2794 3158 3014 3204 sanctus
3059 3151 3147 3204 hic
3191 3151 3256 3204 ad
3303 3154 3417 3205 haec

1853 3241 2018 3296 dicat.
2051 3242 2129 3295 Ad
2158 3243 2286 3312 quid
2315 3241 2763 3310 vestis?Propter
2790 3250 2965 3296 sortes
2992 3251 3044 3297 et
3073 3235 3417 3311 haereditate!»

1855 3334 1999 3396 creli,
2032 3333 2186 3403 juxta
2215 3332 2346 3387 illud
2377 3332 2896 3398 :Venite,,beuedicli
2925 3331 3109 3386 Putris
3140 3335 3262 3399 mei,
3292 3351 3415 3402 pos-

1853 3427 2015 3480 sidete
2063 3435 2310 3495 paratum
2356 3427 2500 3482 vobis
2546 3442 2762 3494 regnum
2807 3426 2871 3479 ab
2922 3426 3123 3495 origine
3165 3428 3349 3478 mundi
3365 3427 3412 3482 ι.

1853 3518 2134 3584 Quodnam
2162 3533 2323 3587 porro
2348 3517 2612 3587 regnum?
2646 3515 2777 3571 lllud
2806 3517 2989 3586 utique
3016 3517 3256 3570 divinum
3277 3533 3414 3572 sem-

1852 3610 2234 3680 piternumque
2285 3609 2507 3663 lumen:
2542 3610 2752 3676 antiqui
2808 3609 2953 3662 enim
3007 3608 3175 3678 λῆξιν,
3234 3609 3286 3662 id
3336 3619 3418 3664 est

1853 3713 2068 3768 sortem,
2085 3703 2428 3772 appellabant
2453 3703 2851 3768 liaarcditatem;
2879 3703 3019 3757 unde
3044 3704 3203 3757 etiam
3229 3703 3415 3772 legati,

1851 3806 1905 3850 et
1931 3796 2198 3865 legatarii,
2225 3795 2596 3865 scriptumque
2632 3794 2976 3863 legatarium,
3008 3793 3152 3864 quod
3183 3795 3414 3850 Incredi-

1851 3891 1952 3945 bus
1969 3893 2126 3944 datur
2157 3890 2248 3959 qui
2274 3889 2384 3960 jam
2415 3888 2686 3943 decimum
2717 3897 2972 3942 octavum
3003 3903 3201 3941 annum
3228 3903 3414 3944 exces-

1851 3992 2057 4046 serunt,
2090 3989 2150 4036 ut
2179 3979 2510 4035 bazreditatis
2533 3994 2644 4034 suae
2669 3979 3196 4036 administrationem
3226 3995 3289 4037 ac
3318 3995 3415 4054 gu-

1850 4072 2225 4128 bernationem
2277 4080 2497 4141 propter
2541 4069 2717 4124 aetatis
2758 4071 3150 4140 perfectionem
3193 4073 3410 4129 adeant.

1848 4163 2024 4232 Atque
2075 4164 2192 4219 haec
2239 4163 2455 4232 quidem
2510 4172 2730 4234 propter
2780 4174 3020 4230 vestem;
3073 4167 3204 4235 quin
3234 4169 3412 4235 potius

1852 4258 2018 4311 vestis
2043 4266 2264 4325 propter
2295 4256 2410 4310 haec
2443 4256 2757 4309 assumitur.
2799 4253 3034 4325 Propter
3073 4258 3411 4326 splendorem

1851 4359 2031 4401 autem
2057 4346 2462 4415 atque-igneam
2483 4345 2824 4414 qualitatem,
2859 4348 3024 4402 totius
3055 4349 3218 4403 etiam
3246 4353 3413 4406 vestis

1849 4439 2258 4509 amplitudinem
2312 4438 2465 4507 quasi
2520 4437 2696 4491 lucem
2747 4451 2865 4492 esse
2910 4439 3007 4494 ail.
3061 4439 3282 4507 Qualem
3325 4442 3410 4496 lu-

1848 4531 2007 4585 cem?
2034 4530 2164 4597 Qua
2193 4530 2450 4584 nimirum
2493 4545 2591 4598 per
2627 4539 2793 4584 totum
2825 4531 3077 4598 illustrat,
3110 4544 3166 4588 et
3204 4548 3301 4602 per
3328 4544 3408 4588 to-

1847 4632 1956 4676 tum
1993 4621 2298 4676 illustratur
2325 4637 2342 4677 :
2373 4631 2538 4691 atque
2568 4621 2657 4676 illa
2691 4622 2908 4690 quidem
2958 4637 3078 4692 quae
3106 4625 3288 4679 divina
3317 4641 3409 4679 na-

1850 4724 1968 4767 tura
1994 4722 2075 4768 est
2107 4713 2518 4784 intelligibiliter
2557 4711 2823 4777 illustrat;
2852 4712 2967 4767 haec
3009 4727 3138 4767 vero
3169 4729 3286 4783 qua:
3311 4729 3409 4768 an-

1845 4807 2015 4877 gelica
2052 4814 2136 4860 est
2173 4805 2523 4876 intelligendo
2552 4805 2853 4858 illustratur
2897 4821 2912 4859 :
2955 4804 3298 4876 intelligibile
3329 4809 3404 4862 si-

1844 4901 2063 4970 quidem
2107 4899 2236 4954 illud
2277 4910 2360 4954 est
2389 4898 2528 4971 quod
2561 4898 2898 4967 intelligitur,
2933 4897 3241 4969 intelligens
3277 4913 3410 4954 vero

1847 4992 1901 5048 id
1924 4994 2066 5062 quod
2098 4991 2401 5047 illustratur
2450 5002 2506 5045 et
2559 4990 2827 5059 intelligit.
2858 4989 3042 5058 Itaque
3091 5005 3189 5060 per
3233 4999 3404 5046 totum

1846 5085 1975 5139 illud
2001 5084 2237 5138 illustrat
2264 5085 2384 5139 sine
2411 5082 2516 5138 ulla
2544 5082 2872 5151 parcimunia
2898 5081 2985 5137 vel
3006 5078 3404 5146 contractione.

1850 5173 2013 5247 1M
2045 5161 2255 5229 ethoc
2302 5188 2398 5243 per
2441 5182 2610 5228 totum
2642 5171 2965 5240 illustratur,
2990 5172 3115 5236 etsi,
3144 5179 3403 5241 quantum

1846 5266 1929 5322 fas
1977 5275 2082 5333 est,
2110 5266 2370 5334 suscipiat
2422 5265 2638 5335 (neque
2677 5264 2821 5317 enim
2861 5264 3002 5332 quod
3037 5273 3401 5318 mensuratum

1846 5365 1929 5413 est
1958 5357 2204 5426 suscipit,
2227 5358 2354 5426 quia
2385 5365 2696 5410 meusnrate
2725 5353 3050 5418 illustratur,
3079 5353 3176 5409 sed
3215 5355 3293 5409 sic
3323 5354 3400 5408 di-

1847 5449 1989 5502 citur
2019 5447 2358 5520 moderatum
2389 5447 2516 5516 quid
2561 5446 2860 5514 suscipere,
2891 5455 3158 5512 quatenus
3193 5458 3290 5513 per
3329 5454 3400 5498 to-

1847 5547 1960 5593 tum
1993 5539 2320 5603 illustratur,
2345 5547 2398 5603 et
2422 5547 2903 5607 quantum-capere
2925 5543 3124 5604 potest,
3157 5535 3396 5604 accipit):

1844 5644 1968 5682 nam
2001 5628 2132 5683 illud
2159 5629 2481 5683 illustrantis
2511 5637 2671 5693 esset,
2705 5643 2770 5682 ac
2807 5629 2852 5683 si
2886 5628 3007 5697 quis
3029 5627 3254 5690 diceret,
3275 5642 3396 5695 par-

1847 5719 2092 5775 cimonite
2141 5717 2224 5774 vel
2269 5718 2502 5787 invidiae,
2535 5735 2656 5788 qua:
2689 5717 2878 5789 procul
2907 5719 3102 5774 absunt
3143 5732 3173 5771 a
3218 5720 3398 5774 divina
