4176 6308
770 391 887 445 .555

1942 388 2000 444 8.
2036 387 2335 456 DlONYSll
2368 389 2835 446 AREOPAGITIE

3914 394 4015 450 556

780 504 1045 571 heataque
1074 511 1303 567 natura;
1332 503 1434 559 hoe
1474 510 1654 556 autem
1694 500 1916 561 omnino
1960 500 2234 561 facultatis
2260 515 2319 555 es

2444 502 2560 554 Θεῖα
2591 502 2838 576 θεάματα
2868 506 2961 558 καὶ
2994 506 3285 578 μυστήρια,
3319 503 3497 568 καθὼς
3539 507 3631 558 καὶ
3673 506 3897 559 ἐπὶτῶν
3926 506 4019 558 ὲν-

781 594 1222 661 suscipiendum.
1251 593 1425 651 Porro
1454 595 1592 649 stola
1627 594 1982 649 sacerdotalis
2023 594 2324 658 assumitur1

2446 590 2618 642 ταῦθα
2649 592 2835 661 ἱερέων
2866 592 3001 653 ἐστὶ,
3032 591 3097 643 δι’
3123 585 3197 644 ὧν
3235 592 3294 644 τὸ
3327 590 3626 667 βάπτισμα,
3656 593 3722 645 δι’
3748 591 3821 646 ὧν
3848 596 3880 664 ἠ
3906 593 4013 657 ,κά-

777 698 844 741 σο
874 687 1015 753 quod
1042 687 1317 743 adducant
1354 687 1603 762 homines
1632 685 1724 755 qui
1756 693 2039 743 merentur
2063 684 2129 737 ad
2158 683 2338 735 divina

778 776 1085 842 spectacula
1119 778 1523 845 mysteriaque;
1573 776 1715 829 sicut
1767 774 1930 828 etiam
1972 774 2060 828 hic
2088 772 2341 826 usuvenit

776 867 1178 931 sacerdotibus,
1217 883 1313 936 per
1358 883 1507 938 quos.
1540 868 1863 937 baptismus,
1912 865 2173 934 expiatio,
2216 864 2340 917 illu-

774 958 987 1020 stratio,
1031 975 1221 1013 manu
1258 960 1553 1024 impositio.
1585 958 1995 1027 benedictioque
2049 954 2354 1019 ωηΐθτιιιτο

773 1048 845 1100 sit
871 1063 933 1103 ac
965 1050 1329 1105 sanctiﬁcata.

843 1142 1007 1197 Zona
1029 1152 1233 1207 autem,
1268 1142 1718 1212 quemadmodum
1747 1143 1837 1196 hic
1861 1141 2337 1211 memhragenita-

770 1233 847 1287 lia
872 1247 1141 1302 renesque
1182 1234 1530 1304 succingunt,
1560 1235 1638 1287 sic
1667 1244 1723 1288 et
1752 1234 1822 1287 ibi
1856 1235 2119 1288 fecundas
2143 1246 2332 1286 eorum

770 1327 999 1379 virtutes
1024 1326 1343 1379 custodiunt
1370 1341 1384 1377 :
1415 1324 1631 1378 divinos
1677 1324 1821 1377 enim
1860 1323 2174 1393 splendores
2206 1338 2334 1378 suos

766 1417 921 1484 quasi
976 1418 1120 1470 fetus
1169 1417 1453 1484 quosdam,
1504 1432 1625 1470 cum
1672 1429 1812 1471 unus
1864 1415 1997 1469 ordo
2044 1414 2186 1480 aliis,
2218 1424 2332 1469 tum

765 1523 953 1563 omnes
987 1508 1142 1563 nobis
1172 1508 1554 1573 manifestam;
1598 1509 1727 1579 quin
1756 1518 1812 1563 et
1849 1509 2135 1562 collectum
2176 1520 2331 1560 suum

768 1600 1011 1653 habitum
1043 1601 1111 1653 ad
1142 1616 1305 1655 unum
1334 1610 1682 1664 convertunt,
1707 1601 1789 1654 sic
1817 1610 1875 1655 ut
1904 1599 2199 1653 intellectio
2238 1613 2334 1653 eo-

765 1704 887 1743 rum
908 1700 1123 1745 maneat
1150 1691 1438 1753 indivulsa,
1469 1692 1682 1745 tametsi
1712 1691 1831 1745 aliis
1855 1690 2326 1745 communicetur:

2446 680 2657 753 θαρσις,
2680 684 2708 733 ὁ
2732 682 3028 751 φογτισμὸς,
3058 686 3092 753 ἡ
3128 687 3449 755 χειροτονία,
3479 687 3511 755 ἡ
3541 686 3779 753 εὐλογία,
3805 688 3895 738 καί
3921 686 4015 739 ἄλ-

2444 774 2549 836 λως
2577 773 2665 825 διὰ
2690 774 2751 826 τὸ
2778 773 3149 845 ἀφιερωμένον
3181 777 3275 828 καὶ
3304 776 3634 847 ἡγιασμένον
3670 777 3767 846 τῆς
3797 775 4013 842 ἁπάσης

2446 862 2589 932 ζωῆς
2615 862 2814 915 αὐτῶν.

2410 963 2773 1023 praeterquam
2805 954 2969 1008 etiam
3020 954 3163 1023 quod
3192 964 3516 1010 tota.eorum
3550 958 3662 1011 vita
3688 966 4009 1010 consecrata

2505 1135 2570 1187 Al
2598 1134 2653 1187 δὲ
2685 1131 2871 1197 ζῶναι,
2902 1135 2977 1198 ὡς
3018 1134 3252 1189 ἐνταῦθα
3278 1134 3346 1188 τὰ
3374 1136 3568 1203 γόνιμα
3600 1138 3737 1209 μέρη
3768 1140 3891 1202 τοὺς
3922 1158 4013 1195 νε-

2437 1227 2605 1295 φροὺς
2654 1224 3319 1295 περισφίγγουσιν,οὖτως
3360 1226 3538 1279 ὲκεῖσε
3585 1231 4011 1303 περιφρουροῦσι

2433 1316 2533 1379 τὰς
2562 1316 2813 1386 γονίμους
2842 1316 3096 1386 δυνάμεις
3126 1316 3333 1373 αὐτῶν·
3362 1318 3673 1385 ἐκφαίνουσι
3702 1321 3805 1391 γὰρ
3825 1322 4009 1375 αὐτῶν

2434 1408 2508 1471 ὠς
2540 1405 2627 1461 οἷά
2654 1426 2803 1472 τινας
2831 1409 2991 1476 γονὰς
3016 1409 3085 1462 τὰ
3113 1410 3228 1462 θεῖα
3256 1411 3647 1482 ἀμαρύγματα,
3676 1414 3766 1465 καὶ
3791 1414 3843 1465 ἒν
3864 1414 4009 1485 πρὸς

2432 1501 2617 1571 ἕτερον
2645 1500 2751 1553 τῶν
2781 1501 3095 1570 ταγμάτων,
3125 1502 3218 1554 καὶ
3248 1501 3425 1554 πάντα
3452 1504 3585 1573 πρὸς
3613 1505 3783 1573 ἡμᾶς·
3808 1506 3899 1558 καὶ
3926 1504 4007 1558 ἔτι

2437 1595 2823 1663 συστρέφουσιν
2867 1596 2945 1657 εἰς
2985 1595 3043 1646 τὸ
3087 1594 3164 1657 ἓν,
3187 1595 3287 1666 τὴν
3324 1595 3632 1663 συναγωγὸν
3664 1597 3837 1648 αὐτῶν
3861 1596 4002 1662 ἕξιν.

2431 1684 2506 1747 ὡς
2542 1685 2605 1737 ἂν
2634 1688 2665 1754 ἡ
2697 1686 2877 1755 νόησις
2920 1687 3073 1757 μείνῃ
3110 1685 3439 1748 ἀσκέδαστος
3464 1688 3558 1738 καὶ
3584 1690 3751 1759 ταυτὴ
3771 1692 3873 1751 ’,εί
3906 1689 4006 1743 καὶ

764 1780 883 1836 sine
904 1780 1052 1849 lapsu
1074 1781 1221 1835 enim
1248 1790 1302 1835 et
1328 1796 1449 1835 cum
1475 1783 1671 1835 decore
1696 1781 2324 1849 circumvolvitur,quod

2434 1778 2544 1838 τοῖς
2586 1776 2791 1847 ἑτέροις
2816 1768 3263 1849 παραπέμπεται.
3283 1780 3688 1851 Ἀμετάπτωτος
3718 1781 3821 1852 γὰρ
3851 1799 4007 1835 συνε-

757 1871 925 1926 etiam
974 1886 1121 1924 zonae
1158 1873 1373 1935 accidit,
1408 1874 1619 1927 tametsi
1649 1871 2102 1926 communieetur.
2136 1869 2330 1935 Quem-

762 1961 1051 2015 admodum
1079 1963 1220 2016 enim
1256 1964 1440 2016 unitas
1467 1964 1866 2017 communicata
1900 1977 2117 2016 rursum
2146 1970 2329 2016 manet

759 2053 970 2117 eadem,
998 2062 1053 2108 et
1079 2069 1184 2108 non
1212 2056 1434 2116 excidit,
1458 2064 1511 2109 et
1536 2057 1741 2108 circum
1769 2055 2113 2124 semetipsam
2151 2053 2328 2108 revol-

760 2143 925 2207 vitur,
951 2146 1167 2213 quando
1192 2144 1341 2198 verbi
1368 2145 1540 2214 gratia
1572 2145 1769 2199 dicitur
1801 2159 1943 2198 unus
1969 2143 2248 2205 denarius,
2268 2152 2325 2196 et

757 2251 901 2291 unus
944 2236 1315 2300 centenarias,
1357 2244 1411 2288 et
1455 2250 1593 2288 unus
1627 2234 1992 2298 millcnarius;
2028 2233 2107 2286 sic
2138 2239 2194 2285 et
2236 2230 2325 2283 illa

758 2328 938 2381 divina
962 2327 1111 2380 notio
1136 2326 1267 2380 dum
1295 2326 1674 2395 participatur,
1700 2324 1926 2395 simplex
1956 2324 2009 2378 in
2041 2338 2099 2381 se
2123 2332 2323 2388 manet,

754 2429 811 2473 et
843 2434 947 2473 non
980 2418 1206 2473 excidit.

828 2510 857 2582 ς
921 2509 981 2563 ν.
1026 2509 1205 2580 Virga
1274 2511 1577 2580 symbolum
1631 2519 1758 2564 sunt
1811 2503 1985 2580 regni,
2046 2520 2103 2563 et
2157 2520 2323 2569 recte.

751 2599 903 2667 juxta
972 2598 1101 2652 illud
1140 2616 1155 2652 :
1206 2598 1367 2669 Virga
1416 2599 1742 2663 directionis,
1785 2601 1932 2670 virga
1988 2603 2132 2669 regni
2151 2602 2228 2652 tui
2250 2602 2321 2655 κ’.

756 2691 1280 2761 Signiﬁcantitaque
1309 2692 1511 2762 regiam
1550 2692 1892 2761 dignitatem,
1928 2701 1983 2746 et
2026 2708 2055 2745 a
2107 2702 2319 2748 terrens

752 2784 1019 2838 servitute
1062 2782 1391 2838 libertatem.
1418 2782 1551 2839 Cum
1586 2793 1766 2837 autem
1802 2793 2009 2837 rectum
2056 2786 2148 2847 sit,
2181 2784 2323 2854 quod

752 2889 817 2928 ex
846 2889 1002 2944 aquo
1023 2875 1194 2943 signis
1218 2875 1331 2929 suis
1357 2875 1666 2944 respondet,
1692 2887 1745 2930 et
1772 2889 1836 2928 ex
1858 2890 2013 2944 aequo
2042 2878 2321 2941 terminat,

751 2964 1029 3033 virgarum
1063 2964 1331 3018 rectitude
1374 2963 1617 3018 declarat
1649 2978 1743 3018 eos
1793 2972 1939 3019 recte
1983 2974 2179 3019 cuncta
2226 2966 2317 3019 dc-

754 3054 1079 3119 terminare;
1112 3052 1247 3107 nihil
1292 3052 1436 3107 enim
1486 3068 1610 3107 cum
1657 3054 1926 3107 eurvitate
1959 3055 2139 3123 aliqua
2167 3055 2322 3123 perﬁ-

752 3147 925 3200 ciunt.

823 3236 1004 3291 Hasta
1030 3240 1087 3291 et
1108 3251 1327 3291 secures
1356 3237 1612 3292 denotant
1637 3238 1744 3290 vim
1774 3237 2061 3307 inaequalia
2085 3254 2177 3293 seu
2205 3254 2319 3294 ma-

753 3328 964 3383 terialia
1018 3330 1294 3383 dividendi
1342 3346 1356 3383 :
1410 3330 1661 3385 dividunt
1688 3330 1831 3384 enim
1863 3342 1894 3383 a
1926 3330 2067 3384 malo
2092 3331 2315 3385 bonum.

750 3420 887 3476 Nam
934 3421 1048 3474 haec
1096 3429 1179 3475 est
1200 3422 1544 3475 discernendi
1585 3421 1690 3484 vis,
1721 3436 1843 3489 qua:
1878 3435 2108 3475 acumen
2153 3422 2319 3476 habet

750 3519 810 3565 ut
839 3512 1015 3576 hasta,
1043 3520 1098 3566 et
1120 3512 1452 3567 activitatem
1480 3511 1881 3581 eﬂicaciamque
1912 3523 1972 3567 ut
2002 3527 2244 3570 secures.

824 3666 1162 3721 Geometrica
1219 3683 1350 3721 vero
1411 3666 1733 3735 fabriliaque
1795 3668 2155 3725 instrumenta
2229 3668 2318 3722 dc-

750 3743 983 3825 signaut,
1018 3756 1093 3809 uti
1140 3756 1401 3820 diximus,
1446 3756 1891 3825 perpendiculum
1933 3757 2149 3824 quidem
2198 3772 2318 3824 geo-

750 3848 1033 3901 metricum
1094 3847 1351 3901 fundandi
1408 3858 1463 3901 et
1522 3847 1843 3927 adificandi,
1893 3848 2047 3917 juxta
2110 3848 2237 3902 illud
2298 3871 2311 3905 :

750 3937 897 3993 Unus
942 3940 1163 3992 alterum
1202 3936 1512 4008 wdiﬁcatel,
1548 3949 1707 4007 atque
1758 3941 1978 4010 insuper
2004 3938 2313 4010 perficiendi

750 4031 1099 4086 facultatem:
1135 4046 1240 4083 non
1287 4031 1431 4084 enim
1478 4030 1673 4083 dicitur
1702 4032 2021 4095 aediﬁcator,
2054 4034 2144 4101 qui
2190 4034 2313 4086 fun-

747 4123 1058 4175 damentum
1102 4121 1274 4196 solum
1329 4120 1484 4192 15,5
1536 4123 1706 4191 ponit,
1739 4138 1951 4175 murum
2001 4124 2183 4193 erigit,
2218 4126 2310 4179 sed

745 4215 838 4284 qui
862 4214 1077 4267 domum
1114 4212 1329 4284 perlicit
1354 4232 1366 4277 ;
1396 4214 1587 4267 domus
1614 4214 1758 4267 enim
1791 4213 1913 4268 finis
1937 4224 2040 4279 est,
2066 4216 2157 4268 illa
2182 4230 2311 4270 vero

744 4306 1070 4375 principium
1109 4306 1379 4358 duntaxat
1434 4314 1583 4368 sunt,
1615 4314 1670 4358 et
1716 4306 1782 4359 ad
1835 4306 1993 4360 finem
2050 4308 2307 4371 tendunt;

745 4398 950 4451 nullum
996 4406 1176 4453 autem
1226 4397 1548 4465 principium
1602 4408 1686 4451 est
1728 4398 1929 4451 finibus
1956 4414 2218 4462 coaevum,
2250 4408 2309 4451 ut

2433 1865 2692 1929 λίσσεται,
2724 1867 2817 1920 καῖ⁹
2850 1870 2963 1938 μετ’
2994 1870 3463 1942 εὑκοσμίαςώτέερ
3491 1874 3582 1925 καὶ
3612 1873 3741 1925 αὐτὸ
3767 1873 3862 1943 τῆς
3896 1872 4004 1936 ζώ-

2428 1974 2525 2027 νης
2559 1958 2693 2019 ἐστὶ,
2725 1958 2828 2011 κᾶν
2854 1961 2946 2012 καὶ
2980 1962 3327 2030 μεταδίδοται.
3347 1965 3430 2027 Ὦς
3454 1964 3560 2035 γὰρ
3590 1966 3622 2033 ἡ
3651 1963 3817 2035 μονὰς¹
3836 1982 4002 2035 μετα·-

2426 2047 2673 2119 διδομένη
2710 2050 2869 2102 πάλιν
2902 2051 3051 2120 μένει
3077 2054 3253 2124 ταυτή
3266 2071 3325 2106 τε
3355 2057 3449 2109 καὶ
3477 2032 3879 2126 ἀμετάπτωτος,
3908 2060 4003 2111 καὶ

2429 2142 2555 2211 περὶ
2585 2142 2782 2214 ἑαυτὴν
2822 2143 3214 2205 συνελίσσεται,
3243 2146 3333 2198 ὅτε
3360 2147 3556 2218 δηλαδὴ
3600 2148 3697 2217 μία
3724 2148 3881 2211 δεκὰς
3914 2150 4001 2202 λέ-

2412 2230 2579 2292 γεται
2625 2228 2718 2281 καὶ
2762 2229 2861 2299 μία
2905 2231 3216 2295 ὲκατοντὰς,
3247 2235 3341 2286 καὶ
3388 2236 3484 2305 μία
3528 2237 3825 2305 χιλιοστύς·
3855 2238 4000 2292 οὕτω

2427 2317 2649 2387 κάκείνη
2693 2320 2725 2387 ὴ
2776 2316 2892 2369 Θεία
2935 2318 3137 2388 νόησις,
3164 2323 3522 2395 μετεχομένη,
3556 2326 3696 2396 ἁπλῆ
3725 2344 3806 2389 τις
3850 2328 4005 2397 μένει

2426 2407 2520 2459 καὶ
2553 2408 2957 2476 ἀμετάπτωτος.

2497 2499 2523 2568 §
2555 2497 2619 2551 Υ.
2660 2502 2724 2552 Αἱ
2758 2499 2960 2571 ῥάϐδοι,
2993 2503 3254 2572 σύμϐολον
3294 2504 3571 2574 βασιλείας
3608 2510 3733 2571 εἰσὶ,
3768 2510 3861 2562 καὶ
3906 2512 3996 2564 εύ-

2427 2589 2558 2653 Θεῖς,
2604 2592 2742 2643 κατὰ
2786 2592 2867 2655 τὸ,
2896 2594 3130 2660 Ῥάὸὄος
3173 2598 3513 2663 εὐθύτητος,
3551 2600 3588 2665 ὴ
3620 2599 3839 2665 ῥάϐδος
3887 2602 3999 2669 τῆς

2418 2684 2743 2749 βασιλείας
2795 2700 2933 2739 σου.
2988 2686 3218 2756 Δηλοῦσι
3262 2690 3551 2759 τοιγαροῦν
3590 2691 3651 2743 τὸ
3700 2691 3995 2759 βασιλικδν,

2424 2779 2518 2829 καὶ
2551 2778 2684 2848 πρὸς
2716 2778 2782 2831 τὰ
2815 2779 2963 2832 κάτω
2995 2780 3309 2836 ἀδούλωτον.
3339 2784 3486 2834 Ἐπεὶ
3517 2783 3574 2835 δὲ
3608 2784 3733 2836 εύθύ
3767 2785 3902 2846 ἑστι,
3936 2786 3997 2837 th

2424 2867 2483 2932 ἐξ
2515 2869 2629 2921 ἴσου
2662 2874 2773 2933 τοῖς
2804 2872 2888 2940 ἐφ’
2918 2872 3108 2924 ἑαυτοῦ
3147 2874 3396 2942 σημείοις
3426 2875 3693 2944 κείμενον,
3728 2878 3821 2928 καὶ
3846 2878 3909 2928 τὸ
3939 2876 3998 2943 ἐξ

2426 2959 2539 3013 ἴσου
2575 2966 2847 3033 περαῖνον,
2881 2964 2940 3016 τὸ
2978 2963 3083 3015 τῶν
3113 2964 3321 3034 ῥάϐδων
3354 2965 3502 3028 εὐθὺ,
3536 2967 3686 3037 δηλοί
3714 2968 3773 3019 τὸ
3806 2968 3998 3039 περαί-

2424 3066 2534 3102 νειν
2575 3052 2815 3117 ἐκείνους
2854 3054 3028 3107 πάντα
3063 3054 3296 3118 εὐθέως·
3330 3056 3450 3108 οὐδὲ
3482 3055 3588 3128 γὰρ
3615 3058 3825 3111 τελοῦσι
3857 3061 3996 3128 μετά

2349 3135 2392 3189 C
2424 3157 2570 3203 τινος
2598 3144 2957 3215 σκολιότητος.

2493 3231 2573 3283 Τὰ
2614 3232 2811 3303 δόρατα
2856 3236 2949 3287 κα)⁵
2990 3239 3039 3287 οἱ
3088 3237 3316 3301 πέλυκες
3344 3237 3558 3309 δηλοῦσι
3582 3239 3645 3291 τὸ
3671 3239 3995 3311 διαιρετικὸν

2419 3326 2528 3377 τῶν
2555 3328 2841 3397 ἀνομοίων,
2873 3330 3038 3400 ήγουν
3080 3332 3185 3385 τῶν
3231 3332 3465 3385 ὑλικῶν
3496 3331 3760 3402 διαιροῦσι
3796 3332 3903 3402 γὰρ
3932 3334 3994 3385 τὸ

2420 3418 2664 3485 κρεῖττον
2689 3416 2795 3469 ἀπὸ
2820 3418 2911 3470 τοῦ
2947 3412 3381 3489 χείρονος.Τοῦτο
3409 3420 3516 3491 γάρ
3545 3422 3689 3472 ἐστιν
3712 3423 3743 3489 ἡ
3778 3421 3991 3491 διακρι-

2418 3508 2543 3578 τικὴ
2586 3509 2828 3579 δύναμις,
2856 3513 2889 3581 ὴ
2927 3510 3073 3575 ὀξεῖα
3113 3513 3252 3565 κατὰ
3296 3513 3357 3564 τὸ
3395 3512 3541 3583 δόρυ,
3572 3515 3605 3582 ἡ
3636 3512 3859 3583 ἐνεργὴς
3899 3514 3993 3565 καὶ

2425 3599 2728 3669 δραστηρία
2761 3601 2902 3653 κατὰ
2932 3602 3059 3664 τοὺς
3087 3603 3345 3664 πέλυκας.

2487 3689 2568 3742 Τὰ
2612 3690 2669 3742 δὲ
2716 3692 3060 3763 γεωμετρικὰ
3103 3696 3196 3747 καὶ
3239 3688 3524 3748 τεκτονικὰ
3550 3695 3776 3765 ὄργανα,
3802 3694 3987 3758 καθὼς

2416 3780 2692 3850 ἐλέγομεν,
2742 3785 2971 3855 σχοινίον
3014 3787 3400 3857 γεωμετρικὸν,
3450 3786 3511 3839 τὸ
3558 3786 3987 3856 θεμελειωτικὸν,

2417 3875 2508 3925 καὶ
2529 3875 2955 3946 οίκοδομητικὸν,
2970 3877 3110 3929 κατὰ
3128 3878 3187 3930 τό
3205 3896 3218 3908 ο
3236 3880 3337 3944 Εἷς
3350 3880 3456 3932 τὸν
3481 3878 3591 3931 ἕνα
3611 3877 3986 3946 οἰκοδομεῖτε,

2414 3965 2508 4016 καὶ
2549 3964 2626 4017 ἔτι
2669 3967 2729 4018 τὸ
2774 3967 3140 4022 τελειωτικόν·
3176 3969 3294 4022 οὐδὲ
3323 3970 3432 4041 γὰρ
3462 3971 3675 4038 λέγεται
3709 3970 3987 4039 οίκοδόμος

2412 4055 2440 4105 ὀ
2470 4054 2729 4125 θεμελιῶν
2762 4060 2853 4111 καὶ
2878 4040 3077 4123 κτίζων
3101 4062 3279 4131 μόνον,
3316 4040 3428 4115 ἀλλ’
3460 4061 3488 4112 ὁ
3532 4061 3748 4113 τελειῶν
3778 4059 3873 4129 τὴν
3906 4062 3985 4111 ol-

2412 4146 2568 4199 κίαν·
2613 4151 2645 4218 ἡ
2687 4151 2831 4201 οἰκία
2878 4150 2984 4221 γὰρ
3032 4152 3180 4215 τέλος
3218 4153 3383 4215 ἐστὶν,
3417 4153 3597 4205 ὲκεῖνα
3627 4153 3683 4204 δὲ
3711 4153 3850 4222 ἀρχὴ
3891 4152 3983 4203 καὶ

2412 4239 2546 4310 πρὸς
2578 4240 2637 4291 τὸ
2668 4240 2818 4303 τέλος
2838 4258 2849 4269 ⁸
2882 4242 3103 4311 οὐδεμία
3130 4243 3185 4296 δὲ
3226 4243 3367 4314 ἀρχὴ
3404 4241 3663 4311 συγγενὴς
3696 4245 3807 4303 τοῖς
3828 4242 3979 4293 τέλε-

2414 4347 2515 4392 σιν,
2548 4332 2623 4393 ὠς
2654 4332 2774 4383 οὐδὲ
2802 4334 2992 4404 τρόπις
3023 4336 3091 4404 τῇ
3122 4335 3211 4404 νηῒ
3233 4351 3245 4363 °
3281 4334 3368 4387 διὰ
3398 4333 3556 4385 τοῦτο
3592 4331 3721 4399 γοῦν
3753 4332 3982 4402 προστέ-

2412 4418 2582 4471 θειται
2632 4420 2747 4483 καὶ,
2784 4423 2849 4473 Τὸ
2893 4424 3282 4486 τελειωτικὸν,
3317 4423 3409 4475 καὶ
3432 4424 3530 4474 ὃσα
3562 4422 3692 4475 ἄλλα
3722 4423 3817 4491 τῆς
3845 4422 3977 4473 ἀνα-

744 4490 923 4557 neQue
953 4489 1139 4543 carina
1166 4489 1321 4567 navi,
1351 4488 1553 4542 idcirco
1578 4490 1741 4542 etiam
1767 4490 1983 4542 additur
2008 4490 2311 4557 perﬁciendi

2422 4509 2593 4577 γωγοῦ
2628 4512 2881 4579 προνοίας
2913 4510 3019 4563 τῶν
3051 4512 3298 4580 πρώτων,
3317 4514 3409 4566 καὶ
3430 4512 3848 4582 ὲπιστρεπτικῆς
3873 4510 3977 4563 τῶν

746 4580 1069 4647 facultatem,
1088 4590 1505 4649 et-quaecuuque
1534 4580 1659 4645 alia,
1685 4580 1976 4635 inferiores
2007 4582 2309 4644 adducendi

744 4679 797 4725 et
854 4671 1205 4738 convertendi
1254 4670 1647 4739 providentiam
1681 4669 2088 4733 concernentia,
2118 4671 2309 4741 primis

745 4760 851 4816 illis
882 4750 1068 4817 insunt
1092 4762 1148 4815 et
1170 4763 1567 4838 attribuuntur.

812 4853 1028 4908 Accidit
1075 4856 1291 4923 quoque
1332 4865 1825 4925 nonnunquam,ut
1875 4855 2175 4908 istiusmodi
2226 4854 2307 4907 in-

742 4957 1038 5002 strumenta
1075 4946 1377 5001 divinorum
1409 4963 1535 5016 erga
1568 4963 1665 5001 nos
1706 4946 2030 5013 iudiciorum
2062 4945 2302 5016 symbola

741 5042 999 5096 existant.
1024 5022 1274 5109 Ac‘virga
1302 5038 1519 5106 quidem
1546 5053 1643 5106 pro
1666 5038 1998 5101 correctrice
2021 5035 2301 5103 disciplina

742 5135 998 5199 sumitur,
1027 5121 1122 5185 utt'
1150 5146 1271 5185 cum
1321 5130 1535 5184 divinus
1585 5129 1879 5199 Apostolus
1908 5127 1987 5182 ait
2015 5151 2025 5183 :
2055 5128 2121 5181 In
2156 5130 2302 5197 virga

741 5227 938 5280 veniam
975 5226 1041 5277 ad
1070 5241 1176 5288 vos,
1209 5240 1280 5275 an
1304 5224 1357 5275 in
1387 5222 1723 5275 charitate"?
1769 5221 1873 5275 Pro
1910 5221 2302 5275 vindicta—vero

734 5319 959 5385 iustitiae
1000 5316 1228 5387 gladius.
1266 5315 1371 5368 falx
1404 5325 1455 5369 et
1494 5316 1726 5378 securis,
1759 5315 1900 5368 sicut
1928 5312 2093 5365 etiam
2135 5312 2187 5364 in
2220 5325 2305 5363 sa-

2414 4600 2680 4671 δευτέρων
2715 4603 2828 4653 ἐστί
2861 4620 2919 4654 τε
2956 4606 3047 4656 καὶ
3080 4603 3311 4671 λέγεται.

2484 4856 2637 4906 Ἐστι
2684 4856 2739 4907 δὲ
2774 4857 2869 4923 ὅτε
2902 4857 3072 4909 ταῦτα
3105 4857 3171 4910 τὰ
3203 4858 3405 4927 ὃργανα
3432 4854 3701 4927 δηλωτικὰ
3732 4859 3835 4909 είσι
3866 4857 3974 4911 τῶν

2407 4948 2486 5008 εἰς
2535 4948 2679 5016 ἡμᾶς
2730 4947 2961 5017 κρίσεων
3005 4947 3100 5000 τοῦ
3148 4947 3302 4999 Θεοῦ.
3334 4950 3440 5000 Καὶ
3475 4948 3553 5009 εἰς
3596 4948 3839 4999 παιδείαν
3876 4950 3973 5017 μὲν

2406 5038 2844 5107 ὲπανορθωτικὴν
2876 5040 2909 5107 ἡ
2947 5038 3135 5107 ῥάϐδος
3171 5038 3668 5109 παραλαμϐάνεται,
3704 5037 3779 5099 ὥς
3812 5054 3974 5106 φησιν

2403 5130 2431 5180 ὁ
2464 5128 2603 5190 θεῖος
2648 5129 2960 5192 Ἀπόστολος
2983 5146 2995 5157 ·
3018 5131 3109 5179 Ἐν
3132 5127 3330 5195 ῥάϐδῳ
3360 5130 3512 5181 ἔλθω
3543 5128 3691 5195 πρὸς
3724 5128 3895 5196 ὑμᾶς,
3930 5128 3968 5194 ἢ

2404 5221 2472 5273 ἐν
2504 5220 2701 5287 ἀγάπῃ
2726 5236 2741 5281 ;
2775 5220 2866 5283 Είς
2900 5220 2955 5271 δὲ
2988 5218 3123 5288 μετὰ
3153 5218 3492 5287 δικαιοσύνης
3522 5220 3787 5288 τιμωρίαν
3815 5219 3873 5270 τὸ
3899 5218 3973 5281 ξί-

2407 5328 2522 5379 φος,
2556 5311 2614 5362 τὸ
2637 5311 2920 5379 δρέπανον,
2955 5312 3047 5363 καὶ
3075 5314 3104 5362 ὁ
3134 5312 3381 5373 πέλεκυς,
3418 5308 3596 5372 καθὼς
3629 5311 3721 5361 καὶ
3762 5311 3817 5360 ὲν
3860 5312 3971 5371 τοῖς

739 5412 849 5465 cris
881 5406 1182 5476 Evangeliis
1212 5408 1277 5461 de
1321 5406 1421 5459 ficu
1473 5406 1737 5459 inutiliter
1766 5406 1950 5458 locum
1997 5413 2299 5471 occupante

2422 5404 2567 5471 spot;
2601 5400 2947 5467 Εὑαγγελίοις
2980 5400 3105 5470 περὶ
3130 5401 3227 5469 τῆς
3261 5400 3429 5469 συκῆς
3460 5399 3560 5467 τῆς
3594 5397 3969 5467 καταργούσης

742 5501 990 5579 refertur.
1020 5498 1125 5552 Pro
1148 5498 1394 5553 libertate
1416 5513 1545 5550 vero
1577 5498 1644 5551 ab
1674 5497 1884 5552 insidiis
1920 5496 2298 5550 haereditarius

2422 5494 2491 5545 τὸν
2536 5492 2697 5544 τόπον
2740 5492 2981 5561 φέρεται.
3018 5492 3110 5553 Εἰς
3154 5492 3209 5544 δὲ
3254 5490 3560 5561 ἐλευθερίαν
3604 5490 3972 5558 περιστάσεως

741 5591 1029 5654 funiculus,
1054 5589 1205 5659 juxta
1234 5589 1360 5644 illud
1390 5604 1403 5642 :
1438 5587 1730 5642 Funiculus
1756 5588 2080 5641 hirreditatis
2099 5596 2155 5640 ιι.
2192 5587 2295 5641 Ρη

2422 5585 2462 5636 εδ
2482 5581 2836 5653 κληροδοτοῦν
2886 5582 3137 5653 σχοινίον,
3172 5582 3310 5635 κατὰ
3339 5582 3401 5635 τὸ
3424 5621 3438 5644 ,
3469 5580 3796 5647 Σχοινισμα
3828 5580 3970 5645 κλη-

978 5761 1118 5816 Psal.
1152 5778 1293 5826 κων,
1326 5762 1378 5817 7.
1420 5762 1439 5801 ι
1474 5764 1489 5818 l
1522 5763 1708 5821 Thess.
1743 5780 1791 5827 ν,
1824 5765 1905 5821 il.
1955 5770 1989 5793 ⁸
2020 5761 2186 5819 lCor.
2220 5775 2265 5815 iv

2422 5801 2426 5814 .
2506 5774 2533 5801 ι
2567 5760 2721 5815 Deut.
2752 5775 2900 5824 xxxii
2924 5798 2937 5822 ,
2972 5758 3023 5813 9.
