4172 6304
206 403 308 456 557

697 399 783 454 DE
813 395 1135 455 C(ELESTI
1171 397 1616 464 HIERARCHIA,
1653 398 1804 453 CAP.
1841 397 1958 450 XV.
1995 428 2062 437 -—
2102 391 2444 448 PARAPHR.
2477 392 2944 449 PAClnMMi/E.

3331 393 3432 449 558

198 519 507 588 ρονομιάς.
542 518 632 580 Είς
665 517 719 569 δὲ
762 517 910 578 τέλος
941 514 1184 578 παιδείας
1221 515 1378 569 πάλιν
1409 517 1437 568 ὁ
1468 515 1676 585 τέμνων
1709 513 1776 565 τὰ

1882 512 1985 564 [ine
2016 525 2143 564 vero
2175 509 2469 578 disciplinae
2501 507 2692 561 iterum
2723 506 2931 562 securis
2958 519 3076 573 qua!
3121 503 3259 557 mala
3288 519 3431 558 resc-

207 608 421 680 χαλεπά
454 606 649 672 πέλυξ·
684 610 760 669 είς
803 606 859 658 δὲ
901 606 1238 676 ἐπανάληψιν
1263 607 1359 677 τῆς
1394 606 1661 676 προτέρας
1692 604 1778 654 εὑ-

209 692 442 755 παθείας
489 696 521 763 ἡ
570 694 762 764 ῥάϐδος
815 693 995 756 πάλιν,
1031 693 1106 756 ὡς
1153 694 1242 746 τό·
1292 694 1354 748 Ἡ
1383 693 1603 761 ῥάϐδος
1639 699 1804 750 σου,’

210 776 308 838 καί
338 785 379 852 ἠ
405 783 704 851 ,ϐακτηρία
743 797 877 845 σου,
912 784 1088 836 αὗταί
1114 801 1189 853 με
1219 783 1654 851 παρεκάλεσαν.
1687 784 1781 848 Ei;

209 876 265 928 δὲ
287 876 606 947 προσθήκην
633 876 847 946 δωρεῶν
876 873 1149 944 αἰσθητῶν
1179 876 1275 945 μὲν
1306 875 1398 928 καὶ
1429 875 1635 946 μικρῶν
1659 875 1780 926 ὅσον

212 967 356 1020 κατά
383 967 669 1033 ἀναλογίαν
700 966 792 1017 τοῦ
826 953 1074 1027 διδόντος,
1092 966 1152 1017 τὸ
1176 967 1467 1034 ἀμυντικὸν
1496 967 1588 1019 καὶ
1617 983 1781 1036 στρα-

211 1058 464 1111 τιωτικὸν
493 1058 731 1128 φόρημα,
755 1055 932 1120 καθὼς
961 1057 1148 1129 ὠράθη
1176 1058 1253 1128 τῷ
1280 1056 1374 1109 τοῦ
1404 1059 1559 1128 Ναυῆ
1586 1060 1777 1129 Ἰησοῦ·

213 1151 422 1220 νοητῶν
454 1149 510 1201 δὲ
538 1150 627 1201 καὶ
663 1149 931 1218 μεγάλων,
967 1150 1105 1219 ἅπερ
1139 1148 1306 1202 πολλὰ
1338 1152 1446 1212 τοῖς
1488 1150 1661 1218 ἁγίοις
1679 1139 1784 1202 ’καὶ

211 1241 448 1312 διάφορα
490 1241 847 1311 ἐξεφάνησαν.
886 1243 995 1295 Καὶ
1035 1242 1169 1304 ὅλως
1216 1242 1315 1293 οὐκ
1354 1241 1418 1293 ἂν
1461 1243 1785 1312 ἀπορήσειεν

212 1332 242 1382 ὁ
272 1330 584 1392 διαϐατικὸς
627 1329 750 1394 νοῦς
794 1330 1007 1393 οἰκείως
1048 1331 1281 1401 ἁρμόσαι
1321 1334 1431 1393 τοῖς
1464 1331 1691 1400 ἀφανέσι
1718 1332 1786 1383 τὰ

215 1420 536 1490 φαινόμενα.
1162 1413 1168 1418 “

287 1510 434 1582 §VL
477 1512 548 1565 Τὸ
576 1513 632 1565 δὲ
661 1514 754 1565 καὶ
784 1513 1017 1584 ἀνέμους
1048 1515 1244 1577 αὐτοὺς
1279 1514 1658 1585 ὀνομάζεσθαι,
1689 1533 1787 1568 κα-

213 1602 286 1656 τὰ
333 1604 413 1667 τὸ,
445 1605 496 1655 '0
544 1603 879 1670 περιπατῶν
917 1605 1015 1656 ἐπὶ
1058 1607 1360 1674 πτερύγων
1402 1607 1651 1672 ἀνέμων,
1684 1606 1788 1676 τὴν

215 1695 396 1775 ὀξεῖαν
439 1695 615 1748 αὐτῶν
654 1697 847 1766 πτῆσιν
891 1697 1055 1766 δηλοῖ,
1093 1698 1183 1749 καὶ
1217 1697 1398 1767 σχεδὸν
1427 1698 1666 1768 ἀχρόνως
1697 1700 1788 1750 ἐπὶ

219 1786 399 1838 πάντα
412 1786 720 1856 διήκουσαν.
745 1786 938 1849 Καλῶς
957 1787 1012 1838 δὲ
1028 1787 1260 1840 τέθειται
1281 1789 1341 1841 τὸ
1352 1789 1575 1856 σχεδόν
1598 1807 1610 1819 ·
1633 1789 1788 1842 τοῦτο

217 1873 329 1943 γὰρ
357 1873 488 1925 ἴδιον
512 1875 604 1926 καὶ
645 1874 799 1943 μόνον
832 1873 987 1929 Θεοῦ.
1007 1876 1269 1947 Ἀχρόνως
1300 1877 1354 1929 δὲ
1388 1873 1560 1939 εἶπεν,
1591 1879 1670 1930 ὃτι
1699 1879 1789 1930 ἐπὶ

221 1965 323 2033 μὲν
362 1962 472 2016 τῶν
516 1964 803 2035 αἰσθητῶν,
832 1965 1059 2036 έγχρονα
1099 1968 1191 2019 καὶ
1229 1966 1527 2040 βραδύτερα
1558 1969 1625 2021 τὰ
1650 1971 1791 2037 γινό-

225 2070 362 2122 μενα
377 2071 390 2084 °
413 2055 506 2106 ἐπὶ
531 2054 587 2106 δὲ
613 2055 717 2107 τῶν
742 2056 1044 2125 ἀσωμάτων
1071 2058 1164 2109 καὶ
1186 2057 1388 2128 νοητῶν
1411 2060 1683 2130 συντόμως
1700 2061 1790 2113 καὶ

221 2145 458 2214 ἀμελητὶ
482 2145 928 2216 τελεσιουργεῖται
966 2147 1026 2198 τὸ
1067 2149 1646 2218 πραττόμενον.Ἐστιν
1676 2150 1790 2202 ’ἐτε-
1847 2209 1852 2212 _

225 2251 316 2308 ρον
370 2236 564 2305 ἰδίωμα
609 2237 713 2288 τῶν
764 2235 999 2306 ἀνέμων,
1030 2238 1109 2290 ὅτι
1152 2239 1404 2292 παντοίαν
1448 2230 1554 2308 τὴν
1582 2239 1790 2311 κίνησιν

222 2325 430 2394 ἔχουσί,
453 2329 546 2379 καὶ
575 2328 666 2379 ὲπὶ
697 2327 876 2380 παντί.
906 2328 1101 2390 Καλῶς
1129 2327 1236 2399 γὰρ
1263 2328 1373 2397 ἔχει
1404 2330 1497 2380 καὶ
1524 2332 1551 2381 ό
1579 2328 1673 2381 τοῦ
1702 2330 1792 2381 ἀέ-

229 2432 322 2486 ρος
360 2413 582 2486 ὁρισμὸς
624 2417 764 2470 κατὰ
807 2418 1080 2481 Πλάτωνα,
1115 2421 1195 2472 ὅτι
1240 2421 1495 2488 στοιχεῖόν
1538 2422 1702 2483 ἐστιν,
1732 2413 1792 2474 οὗ

227 2508 400 2563 πᾶσαι
431 2509 485 2559 αἱ
514 2508 652 2561 κατά
672 2510 832 2562 τόπον
859 2512 1094 2581 κινήσεις
1114 2512 1253 2564 κατά
1273 2512 1430 2580 φύσιν
1457 2514 1657 2566 είσί.Τὸ
1685 2514 1792 2585 γὰρ

227 2598 345 2668 πῦρ
386 2599 496 2651 ἄνω
534 2597 644 2668 ἔχει
683 2601 781 2670 τὴν
811 2601 949 2652 κατά
978 2601 1136 2668 φύσιν
1167 2603 1396 2673 κίνησιν,
1431 2604 1576 2657 κάτω
1608 2605 1665 2656 δὲ
1693 2607 1792 2678 τὴν

226 2688 385 2760 παρά
413 2679 595 2758 φύσιν·
619 2692 722 2761 ἡδὲ
746 2693 814 2762 γῆ
847 2695 935 2745 καὶ
964 2694 1024 2744 τὸ
1055 2694 1195 2766 ὕδωρ
1227 2696 1517 2749 ἀνάπαλιν·
1542 2698 1570 2748 ό
1599 2698 1654 2750 δὲ
1683 2698 1792 2770 ἀὴρ

226 2781 376 2834 κατά
418 2781 576 2850 φύσιν
619 2787 843 2836 κινεῖται
889 2786 1179 2856 πανταχοῦ.
1220 2785 1386 2839 Τοῦτο
1428 2789 1533 2840 νόει
1574 2791 1664 2841 καὶ
1702 2792 1793 2842 ἐπὶ

224 2872 341 2924 τῶν
390 2872 543 2926 θείων
584 2875 881 2946 δυνάμεων,
917 2877 996 2929 ὅτι
1023 2877 1223 2930 ἄνωθεν
1257 2879 1353 2949 μὲν
1389 2880 1522 2949 πρὸς
1552 2880 1620 2932 τὰ
1646 2880 1795 2932 κάτω

225 2962 334 3032 τὴν
358 2962 504 3014 Θείαν
527 2962 979 3035 διαπορθμεύουσι
1010 2966 1274 3037 βούλησιν,
1308 2968 1546 3022 κάτωθεν
1576 2969 1631 3021 δὲ
1660 2971 1793 3040 πρὸς

225 3051 303 3102 τὰ
335 3050 727 3119 ἄνωάνάγουσι
756 3053 822 3105 τά
861 3054 1102 3125 δεύτερα,
1134 3058 1225 3108 καὶ
1251 3058 1581 3111 ἀνατείνουσι
1599 3058 1790 3123 ταῦτα,

1881 611 1992 664 cat,
2018 612 2072 655 et
2098 603 2246 669 virga
2282 602 2478 654 iterum
2512 614 2608 666 pro
2644 598 2881 665 pristina:
2919 594 3193 650 fclicitatis
3222 595 3431 647 restitu-

1882 690 2045 753 tione,
2069 689 2221 758 juxta
2260 689 2388 742 illud
2426 709 2438 742 :
2487 687 2647 755 Virga
2686 695 2800 746 tua,
2825 694 2871 737 et
2901 684 3116 736 baculus
3147 694 3286 745 tuus,
3323 683 3435 750 ipsa

1880 795 1960 831 me
1996 776 2265 831 consolata
2300 786 2478 830 sunt°.
2507 776 2612 830 Pro
2640 775 2932 829 collatione
2973 789 3101 826 vero
3153 787 3436 826 munerum

1883 866 2160 919 sensilium
2195 866 2408 934 quidem
2439 867 2568 918 etin
2604 863 2797 918 ordine
2818 863 2882 914 ad
2910 859 3084 914 dantis
3115 861 3431 930 dignitatem

1884 952 2312 1021 exiguorum,'ut
2343 964 2616 1005 armatura
2665 966 2759 1004 seu
2812 950 2978 1003 vestis
3016 950 3291 1012 militaris,
3320 963 3438 1015 quin

1885 1045 1997 1097 visa
2044 1054 2125 1098 est
2154 1060 2182 1096 a
2213 1044 2340 1098 Jesu
2376 1043 2550 1105 Nave;
2598 1042 2924 1110 spiritalium
2958 1056 3086 1094 vero
3120 1055 3182 1093 ac
3214 1054 3438 1108 magno-

1887 1147 2027 1195 rum,
2077 1147 2194 1199 quaa
2253 1132 2478 1200 plurima
2531 1133 2782 1197 variaque
2839 1131 3042 1184 sanctis
3099 1128 3437 1181 manifestata

1887 1234 2030 1275 sunt.
2071 1221 2253 1285 Neque
2275 1238 2405 1276 vero
2429 1222 2696 1277 dubitabit
2723 1222 2830 1274 ullo
2860 1221 3021 1273 modo
3053 1235 3205 1272 mens
3235 1223 3442 1287 perspi-

1887 1328 2004 1371 cax.
2039 1313 2269 1366 visibilia
2307 1313 2527 1382 proprie
2570 1314 2730 1366 rebus
2765 1326 2883 1379 quae
2927 1320 3196 1378 aspectum
3233 1310 3452 1380 fugiunt-

1887 1405 2322 1471 accommodare.

1958 1492 1985 1563 ᾗ
2025 1491 2106 1549 Vl.
2150 1493 2302 1559 Quod
2334 1500 2512 1547 autem
2545 1501 2602 1546 et
2632 1492 2774 1546 venti
2813 1495 3178 1555 nominentur,
3205 1492 3356 1559 juxta
3385 1491 3446 1546 il-

1887 1585 1976 1637 lud
2014 1601 2025 1636 :
2063 1584 2162 1649 Qui
2188 1586 2417 1637 ambulat
2445 1597 2602 1653 super
2623 1599 2818 1651 pennas
2844 1595 3110 1636 ventorum
3130 1593 3179 1648 Ρ,
3213 1583 3444 1637 celerem

1889 1689 2072 1729 eorum
2111 1674 2344 1728 volatum
2391 1674 2682 1743 signillcat,
2715 1682 2769 1726 et
2798 1673 2861 1726 ad
2887 1673 3063 1725 omnia
3097 1672 3268 1726 l‘erme
3313 1673 3442 1725 abs-

1889 1781 1993 1835 que
2029 1774 2271 1834 tempore
2299 1774 2695 1832 penetrantem.
2728 1763 2892 1817 Recte
2921 1763 3058 1814 dixit
3083 1756 3246 1829 ferme
3277 1777 3294 1814 :
3323 1777 3443 1814 nam

1820 1847 1861 1899 Β
1892 1858 1991 1909 hoc
2027 1855 2300 1922 proprium
2327 1863 2409 1907 est
2440 1869 2504 1906 ac
2530 1853 2697 1909 solius
2734 1853 2847 1908 Dei.
2871 1854 3073 1921 Absque
3101 1863 3324 1918 tempore
3352 1866 3447 1902 au—

1894 1959 1999 2002 tem
2032 1948 2186 2010 dixit,
2224 1961 2344 2000 nam
2371 1946 2422 1999 in
2448 1947 2738 2000 sensilibus
2769 1961 2855 1999 res
2886 1945 3021 2009 ﬁunt
3057 1946 3266 1998 tardius
3303 1955 3357 1999 et
3387 1946 3439 1999 in

1891 2046 2162 2105 tempore;
2191 2038 2242 2089 in
2293 2037 2628 2101 incorporeis
2668 2046 2846 2090 autem
2893 2043 2943 2088 et
2991 2035 3443 2103 intelligibilibus,

1890 2137 2087 2196 puncto
2125 2128 2377 2197 temporis
2406 2135 2459 2181 et
2481 2127 2598 2181 sine
2627 2142 2775 2179 mora
2804 2126 3078 2194 perﬁcitur
3114 2127 3165 2181 id
3197 2127 3337 2194 quod
3371 2126 3449 2180 fa-

1890 2223 2134 2278 ciendum
2161 2232 2264 2277 eSt.
2297 2222 2390 2276 Est
2412 2231 2466 2276 et
2493 2222 2594 2276 alia
2634 2224 2938 2292 proprietas
2965 2232 3273 2286 ventorum,
3306 2221 3448 2290 quod

1891 2314 2180 2383 quemlibet
2223 2323 2426 2367 motum
2473 2313 2728 2375 habeant,
2778 2323 2830 2367 et
2878 2312 2943 2366 ad
2996 2312 3278 2380 quidlibet.
3340 2313 3448 2373 Aer

1892 2405 2036 2458 enim
2073 2413 2217 2457 recte
2249 2418 2276 2455 a
2307 2402 2532 2456 Platone
2559 2403 2833 2468 delinitur,
2863 2419 2983 2457 esse
3014 2403 3334 2457 elementum
3363 2403 3448 2456 cui

1895 2495 2168 2548 naturales
2214 2495 2324 2547 sint
2370 2509 2556 2547 omnes
2583 2496 2880 2549 secundum
2935 2495 3106 2548 locum
3161 2495 3448 2551 motiones.

1894 2587 2034 2653 Ignis
2065 2586 2328 2654 siquidem
2361 2596 2555 2640 natura
2601 2601 2697 2642 sua
2743 2601 2958 2640 sursum
2994 2595 3262 2647 movetur,
3291 2587 3450 2638 deor-

1894 2696 2010 2734 sum
2041 2693 2166 2732 vero
2197 2686 2382 2731 contra
2412 2687 2700 2745 naturam;
2740 2687 2881 2732 terra
2911 2693 3038 2731 vero
3063 2685 3118 2730 et
3143 2693 3280 2746 aqua
3314 2693 3342 2730 c
3372 2677 3452 2731 di-

1894 2785 2048 2823 νοτεο
2075 2785 2088 2820 ε
2115 2766 2206 2821 88d
2241 2781 2335 2819 aer
2364 2776 2556 2821 natura
2584 2782 2680 2822 sua
2703 2781 3136 2836 quaquaversum
3173 2776 3441 2821 movetur.

1893 2860 2034 2913 Idem
2064 2858 2225 2911 etiam
2252 2858 2479 2911 observa
2525 2857 2580 2909 in
2622 2857 2936 2910 coelestibus
2974 2856 3281 2919 virtutibus,
3318 2870 3454 2923 qun-

1894 2953 2038 3005 niam
2065 2951 2295 3020 desuper
2327 2949 2543 3017 quidem
2575 2949 2824 3002 deorsum
2867 2948 3103 3001 divinum
3140 2949 3449 3002 mandatum

1898 3041 2244 3106 transferant,
2275 3040 2486 3095 inferne
2513 3052 2638 3093 vero
2670 3052 2882 3093 sursum
2928 3040 3199 3093 adducant
3231 3039 3451 3094 inferio-

229 3143 332 3194 καὶ
361 3144 518 3195 πάλιν
549 3144 818 3198 κινοῦνται
861 3147 994 3217 πρὸς
1033 3147 1132 3216 τὴν
1176 3147 1282 3200 τῶν
1332 3150 1630 3218 ὑφειμένων
1665 3150 1793 3221 πρό-

1896 3147 1990 3197 ra;
2037 3133 2334 3200 eademque
2378 3132 2763 3195 corroborent,
2799 3144 2862 3182 ac
2902 3145 3114 3183 rursum
3144 3137 3455 3184 moveantur

228 3250 403 3285 νοιαν.
427 3235 580 3288 Εἴποι
601 3236 852 3300 δ’ἀντις,
871 3240 948 3290 ὅτι
979 3241 1010 3309 ὴ
1038 3240 1258 3309 τοιαύτη
1285 3240 1390 3293 τῶν
1420 3243 1634 3311 ἀνέμων
1663 3244 1779 3294 ὲπω

230 3341 296 3374 νυ
305 3322 400 3394 μία
430 3325 520 3376 καὶ
562 3325 621 3378 τὺ
655 3325 879 3390 θεοειδές
927 3329 1200 3397 ἐκφαίνει·
1233 3329 1343 3398 ἔχει
1372 3330 1479 3399 γὰρ
1519 3332 1609 3382 καὶ
1643 3330 1798 3383 τοῦτο

231 3415 449 3487 εἰκόνας
479 3415 623 3477 θείας
653 3417 948 3488 ἐνεργείας,
972 3420 1151 3482 καθὼς
1182 3405 1240 3471 έν
1270 3421 1437 3490 ἑτέρῳ
1468 3423 1796 3492 συντάγματι

231 3506 634 3577 παραδέδωκεν,
656 3509 683 3560 ὂ
710 3509 773 3579 δὴ
805 3511 864 3562 οὐ
897 3511 1118 3581 φέρεται
1152 3513 1405 3582 σήμερον.
1439 3514 1545 3564 Καὶ
1569 3513 1796 3566 ἐνταῦθα

233 3596 407 3663 λέγει,
430 3597 509 3649 ὅτι
534 3596 593 3648 τὸ
622 3595 835 3667 πνεῦμα
863 3603 1016 3662 κινεῖ,
1047 3601 1140 3652 καὶ
1161 3599 1413 3668 ζωογονεῖ
1431 3619 1443 3630 ·
1477 3601 1617 3654 κατά
1643 3602 1798 3656 τοῦτο

231 3687 348 3758 γὰρ
397 3689 490 3740 καὶ
538 3689 632 3741 τὸν
671 3690 806 3759 ἀέρα
855 3691 1191 3761 ἀναπνέομεν
1217 3693 1293 3754 εἰς
1323 3693 1419 3762 τὴν
1449 3694 1549 3762 τῆς
1577 3694 1798 3764 καρδίας

232 3776 584 3848 ἀναρρίπισιν
603 3796 615 3808 ·
645 3779 742 3832 καὶ
771 3779 936 3844 ὀξέως
959 3781 1050 3832 καὶ
1079 3782 1393 3852 ἀκρατήτως
1421 3787 1603 3852 χωρεῖ,
1635 3786 1799 3856 ἀορά-

217 3884 348 3929 τως
376 3869 468 3920 καὶ
495 3868 756 3939 κρυφίως,
788 3869 880 3920 καὶ
907 3867 1166 3936 ᾶγνωστοί
1194 3872 1296 3922 είσι
1337 3872 1524 3925 τούτου
1555 3875 1610 3925 αἱ
1637 3874 1800 3944 ἀρχαὶ

235 3959 337 4012 καὶ
378 3960 434 4011 αἱ
461 3958 923 4029 ἀποπερατώσεις,
953 3958 1132 4022 καθὼς
1163 3959 1432 4014 λέλεκται’
1472 3963 1537 4015 Τὸ
1568 3964 1800 4032 πνεῦμα

235 4049 395 4104 ὅπου
423 4049 578 4103 θέλει
607 4050 760 4114 πνεῖ,
792 4053 862 4105 οὺ
889 4052 997 4119 γὰρ
1023 4051 1188 4118 οἶδας
1215 4054 1397 4106 πόθεν⁴
1422 4055 1672 4121 ἔρχεται,
1704 4056 1802 4109 καὶ

235 4140 360 4200 ,ποῦ
396 4140 626 4210 ὑπάγει.
659 4141 842 4195 Ταῦτά
887 4143 1023 4194 εἰσιν
1060 4143 1260 4206 εἰκόνες
1293 4143 1458 4196 Θεοῦ·
1494 4148 1634 4197 κινεῖ
1657 4146 1802 4217 «πρὸς

239 4232 533 4303 σωτηρίαν,
553 4233 802 4302 ζωογονεί
829 4236 967 4288 κατά
991 4251 1049 4286 τε
1078 4235 1234 4304 σῶμα
1263 4237 1355 4289 καὶ
1385 4237 1618 4308 πνεῦμα,
1638 4239 1800 4304 ὀξέως

1900 3225 1964 3273 ad
1985 3222 2049 3274 iis
2078 3221 2489 3291 providendum.
2517 3219 2706 3274 Posset
2728 3219 2894 3274 etiam
2922 3222 3043 3288 quls
3069 3222 3268 3288 dicere,
3296 3221 3456 3292 146

1898 3315 2222 3384 ejnscemodi
2255 3323 2542 3369 ventorum
2593 3325 2786 3367 nomen
2819 3312 3102 3366 declarare
3125 3329 3308 3368 eorum
3343 3318 3454 3368 dei-

1900 3408 2230 3460 iormitatem
2262 3448 2277 3471 ,
2337 3405 2602 3474 siquidem
2651 3415 2706 3458 et
2752 3405 2825 3457 illi
2877 3406 3070 3458 divinae
3121 3406 3454 3461 efﬁcacitatis

1899 3497 2159 3566 imagines
2191 3495 2437 3565 quaedam
2469 3497 2673 3562 insunt,
2703 3497 2850 3549 sicut
2892 3497 2942 3547 in
2974 3495 3080 3548 alio
3105 3481 3287 3567 opere,
3313 3499 3454 3565 quod

1901 3589 2054 3642 hodie
2097 3603 2201 3641 non
2247 3596 2447 3650 exstat,
2498 3589 2700 3657 scripto
2745 3589 2985 3642 tradidit.
3024 3591 3203 3657 Atque
3249 3589 3337 3642 hic
3381 3590 3457 3644 ait

1905 3679 2157 3747 spiritum
2181 3695 2399 3732 movere
2424 3689 2480 3731 et
2505 3679 2778 3731 vivificare
2805 3696 2818 3732 :
2850 3679 3111 3747 siquidem
3146 3680 3245 3732 hoc
3274 3671 3453 3732 aereiu

1898 3770 2165 3840 spiramus
2195 3769 2259 3822 ad
2303 3783 2398 3822 cor
2432 3765 2841 3823 rel'ocillandum
2872 3789 2898 3825 ιι
2920 3779 2972 3824 et
3007 3770 3257 3842 celeriter
3279 3781 3332 3824 et
3362 3771 3450 3825 in-

1899 3861 2236 3914 continenter
2269 3869 2321 3913 et
2351 3859 2693 3914 invisibiliter
2723 3871 2776 3916 et
2817 3850 3026 3916 occulte
3072 3862 3287 3926 transit,
3311 3862 3474 3931 ejus-‘

1899 3968 2003 4022 que
2033 3953 2294 4023 principia
2336 3967 2399 4006 ac
2447 3953 2659 4006 termini
2712 3953 2930 4006 minime
2961 3963 3276 4019 noscuntur,
3316 3953 3456 4006 sicut

1899 4050 2099 4103 dictum
2122 4057 2204 4101 est
2235 4066 2249 4100 :
2287 4047 2519 4116 Spiritus
2561 4045 2650 4099 ubi
2681 4048 2786 4101 vult
2817 4048 3007 4122 spirat,
3037 4055 3087 4100 et
3127 4048 3290 4099 nescis
3317 4045 3457 4100 unde

1898 4144 2092 4205 veniat,
2122 4152 2212 4194 aut
2243 4157 2345 4211 quo
2362 4140 2582 4193 vadata.
2608 4137 2698 4193 lite
2726 4148 2853 4193 sunt
2881 4121 3142 4209 iinagines
3181 4139 3308 4204 Dei;
3343 4153 3459 4192 mo-

1899 4242 1990 4286 vet
2023 4233 2087 4286 ad
2112 4231 2362 4298 salutem,
2391 4230 2625 4286 viviﬁcat
2654 4230 2948 4284 secundum
2978 4245 3174 4300 corpus
3207 4240 3263 4304 et
3293 4232 3444 4299 spiri-

237 4325 338 4379 καὶ
382 4325 701 4396 ἀκρατήτως
746 4330 946 4399 χωρεῖ·
997 4327 1054 4380 ἓν
1096 4321 1491 4399 ἀποδιοπομπεῖ
1527 4330 1730 4394 τοῦτον,
1767 4333 1793 4402 ἡ

1904 4333 2036 4388 tum,
2068 4323 2175 4378 cito
2222 4333 2276 4377 et
2320 4324 2722 4378 incontinenter
2765 4332 3054 4392 penetrat;
3108 4315 3270 4377 unum
3314 4326 3456 4396 quod

237 4419 445 4485 παχεῖα
494 4417 822 4488 συνείδησις·
877 4417 1104 4489 κρύφιός
1145 4419 1257 4471 ἐστι
1302 4420 1440 4473 κατά
1487 4420 1793 4474 τό·”Εθετο

1901 4430 2023 4468 eum
2055 4424 2159 4467 non
2191 4415 2451 4479 admittit,
2479 4424 2562 4468 est
2607 4430 2786 4470 crassa
2816 4415 3147 4470 conscientia
3173 4431 3188 4478 ;
3215 4417 3460 4470 occultus

237 4507 464 4571 σκότος
488 4507 842 4577 ἀποκρυφὴν
866 4502 1048 4562 αὐτοῦ
1068 4526 1081 4538 ·
1119 4509 1345 4581 ἀόρατός
1369 4529 1450 4575 τε,
1478 4512 1574 4564 κα)⁸
1603 4513 1793 4568 ἀκατά-

1868 4509 1877 4552 l
1908 4515 2011 4571 est,
2036 4506 2188 4573 juxta
2231 4505 2354 4563 illud
2392 4527 2405 4562 :
2447 4505 2632 4559 Posuit
2678 4508 2918 4560 tenebras
2947 4503 3220 4559 latibulum
3243 4524 3392 4587 suum
3411 4518 3457 4572 τ;

239 4595 446 4667 ληπτος
473 4599 566 4650 καὶ
593 4598 776 4660 ἀΐδιος.

313 4687 672 4758 Περιπλάττει
711 4692 806 4742 καὶ
836 4691 1060 4761 νεφέλης
1091 4691 1232 4744 ίδέαν
1259 4694 1291 4761 ὴ
1325 4691 1444 4763 ἱερὰ
1475 4693 1663 4765 Γραφὴ
1691 4697 1802 4758 τοῖς

240 4781 514 4848 ἀγγέλοις,
543 4781 684 4834 κατά
728 4779 817 4832 τό’
865 4781 975 4834 Καὶ
1014 4781 1236 4849 νεφέλη
1279 4783 1577 4836 ὑπέλαϐεν
1618 4785 1803 4837 αὑτὸν

240 4869 360 4920 ἀπὸ
401 4867 518 4920 τῶν
555 4869 872 4937 ὀφθαλμῶν
900 4869 1113 4924 αὐτῶν.
1153 4869 1411 4940 Σημαίνει
1448 4873 1523 4934 δὲ,
1549 4873 1629 4925 ὅτι
1670 4890 1802 4944 κρυ-

243 4959 372 5028 φίου
413 4959 506 5012 καὶ
542 4959 684 5012 θείου
717 4960 890 5029 φωτὸς
917 4961 1374 5032 ἀποπληροῦνται,
1406 4965 1499 5016 καὶ
1525 4963 1624 5035 τὴν
1653 4981 1803 5034 πρω-

240 5049 452 5120 τοφανῆ
486 5045 738 5105 τοῦΘεοῦ
769 5050 1134 5122 φωτοφάνειαν
1162 5053 1403 5123 δέχονται
1422 5071 1435 5083 ·
1469 5055 1568 5106 οὐκ
1595 5054 1802 5124 ἐκπέμ-

243 5155 410 5193 πουσι
435 5141 489 5193 δὲ
514 5141 713 5212 ταύτην
729 5142 1115 5213 (ἀναπόϐλητον
1141 5142 1247 5213 γὰρ
1272 5145 1328 5196 ὲν
1348 5143 1541 5216 νεφέλῃ
1563 5144 1622 5196 τὸ
1644 5143 1803 5215 φῶς),

244 5231 387 5288 ἀλλά
409 5232 856 5305 διαπορθμεύουσι
887 5234 1023 5305 πρὸς
1048 5234 1117 5288 τὰ
1148 5235 1391 5306 δεύτερα,
1413 5236 1486 5300 ὡς
1515 5235 1607 5290 καὶ
1632 5233 1805 5290 ταῦτα

247 5326 394 5397 ἔχειν
420 5326 518 5395 τὴν
543 5327 968 5397 πρωτοφάνειαν,
985 5327 1076 5380 καὶ
1102 5326 1278 5388 ἄλλοις
1318 5327 1805 5398 έπιχορηγεῖν.Καὶ

249 5415 363 5486 μὴν
389 5413 477 5468 καὶ
503 5414 675 5480 ἄλλως
699 5415 913 5486 νεφέλαι
950 5417 1213 5484 λέγονται,
1245 5414 1333 5468 διὰ
1357 5417 1417 5469 τὸ
1444 5417 1681 5486 γόνιμον,
1707 5417 1802 5470 καὶ

247 5504 528 5572 Comm,
557 5506 651 5560 καὶ
687 5507 992 5579 αὐξητικὸν,
1024 5498 1128 5563 καὶ·
1159 5507 1496 5578 τελειωτικδν
1534 5507 1641 5560 τῶν
1671 5523 1805 5576 καρ-

248 5593 391 5658 πῶν,
419 5595 506 5650 διὰ
544 5597 650 5650 τῶν
687 5599 1027 5669 ἐκχεομένων.
1045 5599 1152 5652 ἀπὸ
1179 5600 1284 5652 τῶν
1313 5598 1544 5668 νεφελῶν
1574 5598 1806 5671 ὑδάτων,

245 5685 359 5740 τῶν
386 5688 793 5758 ἐκκαλουμένων
832 5691 923 5742 ἐπὶ
961 5689 1193 5755 ζωτικάς
1231 5690 1422 5752 ὠδῖνας
1451 5689 1540 5744 τὸν
1571 5688 1804 5758 ὲκδόχιον

1909 4596 2200 4653 invisibilis
2230 4608 2334 4662 est,
2371 4606 2425 4652 et
2458 4599 3017 4669 incomprehensibilis
3041 4607 3094 4653 et
3121 4608 3376 4655 internus.

1978 4688 2146 4744 Sacra
2171 4705 2380 4759 quoque
2410 4688 2687 4759 Scriptura
2729 4689 2889 4744 nubis
2937 4690 3324 4761 proprietatem
3364 4707 3460 4746 an-

1907 4780 2252 4853 gelisvaﬂigit,
2286 4779 2442 4846 iuxta
2465 4779 2591 4833 illud
2619 4797 2634 4834 :
2667 4778 2737 4833 Et
2774 4781 2935 4834 nubes
2976 4783 3197 4849 suscepit
3228 4797 3344 4856 eum
3392 4783 3456 4834 ab

1908 4872 2074 4925 oculis
2096 4887 2273 4925 eorum
2296 4882 2340 4925 ι.
2373 4869 2657 4940 Signiﬁcat
2681 4882 2883 4934 autem,
2915 4885 3007 4926 eos
3048 4871 3256 4928 occulto
3281 4887 3344 4926 ac
3372 4874 3456 4926 di-

1907 4961 2035 5014 vino
2061 4960 2260 5026 lumine
2291 4960 2508 5030 repleri,
2538 4968 2705 5029 atque
2729 4961 3063 5031 primilucam
3094 4961 3184 5020 Dei
3215 4960 3454 5015 illustra-

1909 5045 2107 5105 tionem
2139 5051 2412 5120 accipere;
2442 5064 2627 5106 verum
2660 5053 2800 5106 hanc
2830 5052 3050 5106 minime
3078 5051 3311 5120 produnt
3340 5050 3454 5119 (lux

1907 5143 2050 5196 enim
2076 5143 2128 5197 in
2159 5143 2300 5198 nube
2328 5158 2428 5196 non
2464 5143 2785 5212 amittitur),
2813 5145 2905 5197 sed
2934 5142 3314 5197 transfundunt
3337 5157 3457 5198 eam

1908 5233 1973 5286 ad
2016 5231 2296 5298 inferiora,
2331 5243 2387 5287 ut
2427 5222 2482 5288 et
2515 5233 2627 5292 haec
2658 5235 2888 5306 primam
2916 5232 3328 5287 illustrationetn
3359 5234 3458 5289 ba-

1905 5323 2090 5386 beant,
2118 5332 2278 5392 atque
2310 5323 2436 5378 aliis
2467 5324 2952 5395 impertiant.Quin
2982 5333 3036 5378 et
3059 5324 3218 5378 aliter
3245 5337 3459 5394 quoque

1911 5413 2082 5475 nubes
2113 5415 2386 5478 dicuntur,
2418 5426 2639 5486 propter
2677 5417 2784 5471 vim
2830 5415 3178 5478 fecundandi,
3199 5423 3254 5470 et
3285 5414 3460 5491 viviti-

1911 5504 2090 5569 candi,
2117 5513 2170 5572 et
2199 5506 2455 5574 augendi,
2483 5520 2548 5561 ac
2576 5505 3121 5577 perliciendilfructus
3150 5519 3246 5574 per
3287 5521 3460 5586 aquas

1911 5611 2030 5666 quae
2055 5611 2086 5651 e
2133 5597 2367 5652 nubibus
2398 5596 2732 5668 funduntur,
2760 5599 2959 5669 quibus
2995 5597 3250 5651 nimirum
3280 5596 3459 5666 subje-

1910 5695 2054 5742 ctum
2078 5698 2233 5745 teme
2251 5691 2511 5758 gremium
2536 5689 2741 5761 piuvias
2760 5689 3033 5760 excipiens
3050 5687 3116 5744 ad
3131 5689 3320 5744 vitales
3340 5702 3458 5758 pro-

296 5875 322 5901 °
378 5863 526 5924 Psal.
552 5867 750 5932 ηιμ.
826 5877 854 5917 ι»
883 5866 1022 5923 Psal.
1048 5869 1227 5935 cm,5.
1259 5880 1285 5920 ιι
1315 5868 1469 5924 Joan.
1502 5883 1561 5924 ut
1594 5909 1607 5934 ,
1640 5869 1692 5926 8.
1769 5878 1789 5907 τ
1823 5868 1963 5926 Psal.
2037 5882 2145 5924 xvu
2170 5908 2184 5937 ,
2218 5867 2310 5924 ﬁ.
2389 5881 2412 5910 ο
2441 5866 2567 5925 Act.
2599 5867 2734 5940 t._9.
