4172 6304
195 374 292 431 561

696 371 781 426 DE
817 367 1140 426 C(ELESTI
1177 357 1616 429 HIERARCH‘IA,
1653 363 1804 421 CAP.
1840 363 1956 420 xv.
1991 392 2059 404 --
2092 364 2435 419 ΡΑιιΑιηιιι.
2473 347 2940 419 ιιςιειιγιιεῑυις.

3332 362 3434 421 562

195 489 526 558 ἀνατατικῆς
571 487 792 558 πορείας
836 489 885 539 οἰ
924 487 1057 538 θεῖοι
1102 486 1219 548 νὸες
1259 483 1764 554 καταλαμϐάνουσι,

1877 484 2106 553 mystice
2136 484 2429 547 occultent,
2462 493 2515 536 ct
2557 483 2672 536 sine
2701 485 3062 539 ostentatione
3097 497 3433 551 conservent,

192 581 352 634 τοῦτο
380 579 542 634 πάλιν
571 577 1034 648 περικαλύπτουσι
1065 576 1342 646 μυστικῶς
1374 576 1466 628 καὶ
1495 573 1773 644 ἀνεκπόμ-

196 689 369 727 πευτα
422 669 734 742 διατηροῦσι
761 710 794 734 ,ε
833 669 884 721 τί
933 670 997 722 ἂν
1046 669 1130 739 εἴη
1199 667 1408 728 τούτοις
1452 667 1513 718 τὸ
1572 666 1774 719 ἀκατά-

196 765 421 834 ληπτον,
453 764 544 816 καὶ
568 761 628 813 τὸ
652 761 758 813 τῶν
784 760 942 813 θείων
966 759 1100 812 ὁδῶν
1126 758 1518 842 ἀνεξιχνίαστον
1545 775 1559 824 ;

277 857 343 909 Ἡ
368 856 425 908 δὲ
450 853 543 907 τοῦ
573 853 692 922 βοὸς
716 853 930 905 εἰκασία
955 851 1063 904 τῶν
1091 851 1333 920 ἀγγέλων
1353 849 1413 903 τὸ
1433 851 1650 922 ἰσχυρὸν
1682 851 1774 903 καὶ

193 949 431 1018 ἀκμαῖον
480 941 660 1016 δηλοῖ,
716 944 835 997 καθ’
883 944 912 996 ὃ
967 944 1058 996 καὶ
1110 944 1235 1007 τοὺς
1280 942 1497 1013 νοεροὺς
1535 942 1772 1008 αὔλακας

191 1034 499 1107 ἀρσενικῶς
520 1076 532 1096 ,
577 1035 654 1098 ὡς
680 1034 874 1097 εἰπεῖν,
910 1033 1284 1104 ἀνευρύνουσι,
1313 1032 1411 1096 τὰς
1441 1035 1642 1098 οἰκείας
1675 1034 1770 1105 δηο

189 1128 328 1199 λαδὴ
373 1127 643 1190 διανοίας,
686 1127 766 1188 είς
817 1126 1081 1197 ὑποδοχὴν
1126 1125 1234 1178 τῶν
1276 1127 1637 1202 γονιμοποιῶν
1677 1128 1771 1180 καὶ

190 1217 358 1268 θείων
385 1216 603 1287 δμδρων
626 1232 639 1246 ⁸
667 1213 737 1268 τὰ
760 1214 816 1266 δὲ
845 1215 1055 1285 κέρατα
1078 1213 1293 1284 δηλοῦσι
1319 1215 1377 1268 τὸ
1410 1218 1770 1287 φρουρητικὸν

191 1304 290 1359 καὶ
320 1307 625 1378 ἀκράτητον
646 1324 658 1337 ·
692 1306 1050 1378 φρουροῦνται
1077 1307 1186 1377 γὰρ
1214 1308 1260 1359 οἱ
1288 1306 1406 1376 βόες
1435 1308 1523 1360 διὰ
1543 1307 1767 1373 τούτων,

189 1397 289 1449 καὶ
317 1395 378 1448 τὸ
411 1395 564 1466 παρά
591 1396 698 1448 τῶν
724 1396 896 1450 ἀλλων
935 1397 1243 1467 ἀκράτητον
1271 1396 1472 1465 ἔχουσι.

261 1486 400 1555 Φέρε
426 1527 439 1549 ,
490 1487 584 1538 καὶ
617 1485 714 1557 τὴν
743 1487 837 1539 τοῦ
892 1485 1050 1539 ἀετοῦ
1102 1487 1284 1540 εἰκόνα
1325 1488 1649 1557 κατίδωμεν.
1699 1492 1770 1542 Τὸ

193 1575 472 1645 βασιλικὸν
504 1579 612 1649 γὰρ
647 1580 741 1631 καὶ
771 1564 1031 1648 ῦςίιιφόρον
1066 1578 1245 1648 ἔχουσι
1277 1579 1370 1631 καὶ
1413 1582 1460 1631 oi
1505 1577 1725 1647 ἄγγελοι
1753 1621 1765 1642 ,

191 1669 286 1720 καὶ
308 1668 371 1721 τὸ
397 1670 694 1739 ταχυπετὲς
724 1670 944 1742 ὁμοίως.
977 1671 1084 1724 Καὶ
1119 1671 1308 1742 ὥσπερ
1334 1674 1550 1734 ἐκεῖνοι,
1609 1673 1764 1744 ὑψόθι

188 1759 294 1830 τὴν
337 1761 532 1830 πτῆσιν
571 1761 918 1833 ποιούμενοι,
961 1764 1100 1830 ὀξεῖς
1133 1767 1236 1817 εἰσι
1263 1766 1356 1817 καὶ
1388 1767 1642 1836 νηφαλίοι
1675 1769 1765 1819 καὶ

1877 574 2134 639 quidnam
2166 574 2232 626 iis
2264 589 2381 629 esse
2415 576 2581 642 possit
2606 575 3163 643 incomprcltensibile,
3194 587 3248 629 et
3277 577 3325 631 in
3356 579 3438 631 di-

1879 665 2019 719 vinis
2044 665 2143 718 viis
2173 665 2581 734 intrestigabile?

1947 755 2113 810 Porro
2140 755 2294 809 bovis
2324 755 2493 810 forma
2518 798 2532 821 ,
2560 762 2879 827 angelorum
2914 762 3074 814 robur
3107 777 3168 814 ac
3198 763 3434 830 vigorem

1875 849 2072 917 signat,
2097 862 2203 917 quo
2235 849 2515 917 spiritales
2552 851 2732 906 sulcos
2759 852 3009 918 viriliter,
3045 863 3101 914 ut
3131 857 3207 910 sic
3235 857 3434 918 dicam,

1874 939 2122 1003 dilatant,
2179 941 2446 1008 preprias,
2497 942 2749 1010 inquam,
2796 957 3024 1010 mentes,
3069 949 3132 999 ad
3174 949 3433 1003 fecundos

1876 1030 2191 1099 divinosque
2225 1031 2424 1087 imbres
2451 1034 2860 1102 suscipiendos;
2907 1051 3105 1091 cornua
3145 1054 3272 1094 vero
3315 1058 3434 1096 ser-

1879 1122 2138 1176 vatricem
2174 1122 2539 1192 invictamque
2566 1125 2671 1180 vim
2698 1128 2997 1193 declarant,
3047 1131 3308 1200 siquidem
3349 1136 3432 1189 his

1874 1210 2037 1266 boves
2074 1229 2133 1267 se
2161 1214 2472 1282 defendunt,
2518 1231 2581 1270 ac
2627 1219 2828 1274 habent
2857 1230 2914 1274 tit
2948 1224 3014 1277 ab
3042 1223 3160 1277 aliis
3190 1229 3431 1294 superari

1873 1314 1976 1354 non
2003 1303 2235 1372 possint.

1945 1475 2103 1547 148
2142 1478 2272 1545 Age,
2309 1480 2473 1531 etiam
2503 1483 2692 1545 aquilae
2724 1485 3010 1556 imaginem
3056 1503 3428 1548 contueantur.

1872 1562 2092 1633 Regiam
2122 1569 2262 1620 enim
2289 1567 2607 1638 dignitatem
2630 1582 2682 1627 et
2704 1575 2985 1631 sublimem
3010 1582 3244 1638 volatum
3267 1590 3428 1640 etiam

1872 1657 2070 1710 habent
2099 1659 2298 1727 angeli,
2338 1662 2413 1713 uti
2452 1671 2505 1714 et
2537 1663 2896 1722 velocitatem.
2934 1670 2999 1724 Et
3030 1674 3170 1726 sicut
3215 1679 3430 1745 aquilm,

1868 1747 1992 1800 dum
2025 1749 2076 1802 in
2107 1749 2324 1804 sublimi
2359 1752 2558 1818 volant,
2590 1770 2748 1810 acres
2779 1769 2926 1822 sunt,
2961 1773 3014 1814 et
3045 1764 3349 1833 vigilantes,
3378 1779 3434 1824 et

188 1849 484 1922 ὲντρεχεῐς,
513 1854 606 1906 καὶ
635 1853 930 1926 εὐμήχανοι
964 1859 1041 1919 εἰς
1078 1858 1140 1910 τὸ
1171 1857 1402 1928 θηρᾶσαι
1433 1860 1531 1929 τὴν
1558 1860 1762 1930 τροφὴν

1871 1839 2122 1906 intentae,
2179 1841 2471 1912 facilesque
2508 1845 2573 1898 ad
2621 1850 2854 1914 pnedam
2895 1859 3238 1921 qttccrcudam
3269 1863 3432 1926 (unde

189 1941 352 2012 (ὅθεν
390 1943 511 1995 οὐδὲ
551 1943 740 2015 λέληθε
774 1947 995 2010 τούτους
1025 1948 1116 2018 ῦψι
1153 1952 1481 2019 πετομένους
1526 1952 1620 2003 καὶ
1662 1951 1767 2004 ὑπὸ

189 2032 414 2104 θάμνων
444 2035 812 2106 κρυπτόμενον
840 2036 1038 2108 ζῶον)·
1072 2039 1242 2102 οὕτως
1273 2041 1509 2093 κάκεῖνοι
1539 2042 1769 2094 τοιοῦτοί

189 2127 301 2178 εἰσι
328 2109 462 2198 προς
484 2127 582 2198 τὴν
612 2125 821 2192 ἑαυτοῖς
848 2129 1226 2202 προσήκουσαν
1249 2133 1341 2184 καὶ
1365 2132 1512 2186 Θείαν
1541 2136 1764 2206 τροφήν.

190 2209 344 2284 Ηλὴν
375 2211 515 2270 οῦτοι
553 2215 658 2286 μὲν
699 2218 940 2272 κάτωθεν
974 2219 1073 2290 τὴν
1111 2221 1318 2291 τροφὴν
1357 2223 1765 2293 ὲκπορίζονται,

185 2308 306 2368 τοῖς
331 2305 387 2359 δὲ
420 2308 672 2376 ἀγγέλοις
703 2307 910 2362 ἄνωθέν
935 2311 1081 2362 ἔστιν
1110 2313 1142 2382 ἡ
1167 2311 1520 2382 δυναμοποιὸς
1558 2317 1763 2386 τροφή·

189 2397 347 2450 πᾶσα
389 2398 497 2469 γὰρ
532 2399 747 2470 τροφὴ,
799 2400 873 2470 μὴ
921 2400 1079 2471 μόνον
1107 2400 1303 2470 ἄρτος,
1352 2402 1448 2472 τὴν
1485 2403 1579 2456 τοῦ
1631 2403 1768 2467 ζώου

191 2487 421 2559 καρδίαν
445 2489 704 2559 στηρίξει.
731 2491 952 2562 Ἔχουσι
981 2490 1074 2542 καὶ
1099 2491 1159 2545 τὸ
1187 2491 1515 2563 θεωρητικὸν
1538 2496 1768 2560 ἀκλινῶς

187 2578 331 2650 πρὸς
360 2582 459 2651 τὴν
487 2579 715 2647 ἄφθονον
761 2583 854 2634 καὶ
883 2581 1174 2652 πολύχυτον
1216 2583 1407 2638 ἀκτῖνα
1447 2587 1546 2656 τῆς
1583 2587 1768 2657 θεῖκῆς

188 2669 496 2742 ήλιοϐολίας
520 2673 577 2724 ὲν
641 2676 760 2736 ταῖς
804 2673 1126 2744 εὐρωστίαις
1167 2673 1274 2727 τῶν
1307 2677 1545 2730 όπτικῶν
1589 2681 1768 2734 αὐτῶν

186 2762 472 2832 δυνάμεων
493 2779 506 2791 ·
540 2763 696 2830 λόγος
733 2764 874 2836 γὰρ,
908 2766 1032 2827 τοὺς
1063 2765 1252 2829 ἀετοὺς
1289 2766 1397 2820 τῶν
1438 2771 1768 2840 τικτομένων

186 2854 259 2906 τά
283 2857 482 2924 γνήσια
508 2853 572 2906 ὲκ
597 2855 708 2907 τῶν
743 2854 911 2908 νόθων
953 2855 1094 2909 οὕτω
1127 2858 1419 2929 διακρίνειν
1438 2877 1450 2891 ·
1498 2859 1621 2914 Ἐὰν
1649 2863 1769 2916 ἀτε-

186 2940 409 2994 νίσωσιν
436 2942 852 3013 ἀσκαρδαμυκτὶ
889 2929 1024 3016 προς
1051 2945 1142 2999 τὸν
1168 2946 1338 3016 ἥλιον,
1371 2949 1570 3020 γνήσιά
1595 2952 1730 3004 είσιν
1750 2970 1764 2984 ο

186 3036 236 3086 εἰ
265 3034 325 3087 δὲ
359 3035 434 3104 μὴ
459 3074 474 3097 ,
517 3036 592 3097 ὡς
629 3035 755 3088 νόθα
804 3038 896 3089 καὶ
931 3038 1088 3108 ξένης
1133 3041 1294 3110 γονῆς
1317 3081 1331 3105 ,
1373 3041 1762 3098 ἀποδάλλονται

186 3125 289 3195 τῆς
320 3125 531 3188 καλιᾶς.
560 3126 746 3189 Οὕτως
775 3124 866 3180 οῦν
895 3116 988 3180 καί
1014 3131 1042 3181 ὁ
1066 3129 1138 3200 μὴ
1158 3129 1449 3200 δυνάμενος
1473 3131 1552 3202 τῷ
1590 3131 1753 3202 Ἡλίῳ

186 3308 530 3378 εὑρίσκεται·
555 3310 601 3361 οἱ
622 3308 678 3361 δὲ
703 3309 836 3362 θεῖοι
854 3310 998 3373 νόες,
1020 3311 1432 3382 ἀσκαρδαμυκτί
1450 3312 1525 3376 ὼς
1546 3311 1767 3382 ἐφικτὸν

188 3399 564 3465 ἀτενίζοντες,
599 3401 809 3471 γνήσιοί
841 3402 996 3454 εἰσιν.

269 3491 335 3543 Ἦ
363 3490 421 3543 δὲ
449 3491 560 3543 τῶν
589 3491 772 3546 ἵππων
817 3491 980 3544 εἰκὼν
1001 3494 1061 3546 τὸ
1099 3494 1341 3557 εὐπειθὲς
1378 3495 1630 3565 σημαίνει
1674 3498 1767 3549 καί

186 3581 400 3650 εὺὴνιον
426 3581 536 3634 τῶν
558 3582 824 3649 ἀγγέλων,
852 3582 975 3635 καθ’
1009 3583 1036 3635 δ
1064 3583 1303 3654 εἴρηται·
1340 3585 1396 3636 '0
1423 3584 1638 3654 κρατῶν
1667 3584 1766 3648 τὰς

184 3673 346 3740 ἡνίας
379 3672 488 3726 τῶν
522 3672 802 3742 ἀχράντων
838 3673 1141 3742 δυνάμεων.
1187 3676 1296 3728 Καὶ
1336 3674 1545 3728 λευκῶν
1575 3675 1760 3738 ὄντων,

183 3756 247 3817 τὺ
270 3763 518 3834 λαμπρὸν
544 3763 843 3834 παραδηλοῖ
869 3764 963 3816 καὶ
990 3765 1065 3828 ὡς
1113 3765 1343 3834 μάλιστα
1382 3769 1639 3834 συγγενὲς
1668 3767 1762 3819 τοῦ

185 3854 331 3907 θείου
374 3852 549 3921 φωτός
572 3870 585 3883 ·
640 3853 852 3906 κυανῶν
898 3854 992 3919 δὲ,
1031 3856 1192 3908 οἱονεὶ
1226 3855 1494 3925 μελάνων,
1524 3857 1584 3908 τὸ
1625 3857 1761 3928 κρύ-

185 3961 342 4012 φιον·
395 3945 456 3998 τὸ
507 3944 616 4016 γάρ
683 3945 844 4015 μέλαν
916 3947 1008 3997 καὶ
1056 3947 1322 4001 σκοτεινὸν
1369 3949 1461 4001 καί
1511 3945 1758 4018 κρύφιον.

195 4036 476 4109 Ἐρυθρῶν
503 4038 560 4090 δὲ
578 4078 592 4101 ,
622 4038 743 4090 ἐπεὶ
780 4039 957 4091 καὶτὸ
988 4039 1098 4108 πῦρ
1126 4040 1374 4110 ἐρυθρὸν,
1403 4039 1464 4091 τὸ
1493 4039 1759 4116 πυρῶδες,

184 4129 288 4182 καὶ
318 4127 408 4179 διὰ
429 4128 588 4181 τοῦτο
615 4129 935 4200 δραστήριον
955 4145 968 4160 ο
1005 4131 1324 4199 συμμίκτων
1349 4130 1405 4182 δὲ
1435 4128 1542 4181 ἀπὸ
1567 4129 1760 4183 λευκοῦ

181 4237 244 4272 τε
270 4221 362 4281 καὶ
396 4220 638 4290 μέλανος,
660 4219 899 4290 δηλονότι
929 4220 1122 4290 φαιῶν,
1152 4223 1260 4275 τῶν
1292 4221 1612 4289 συνδετικῶν
1651 4220 1759 4273 τῶν

182 4314 370 4384 ἄκρων
403 4314 462 4364 ὲν
493 4316 558 4384 τῇ
605 4313 1068 4384 διαπορθμευτικῇ
1111 4314 1370 4385 δυνάμει,
1417 4314 1538 4367 καθ’
1586 4315 1651 4384 ἢν
1693 4314 1760 4368 τά

182 4408 380 4479 πρῶτα
413 4409 524 4472 τοῖς
566 4410 839 4480 δευτέροις
868 4407 1274 4480 προνοητικῶς,
1300 4409 1394 4460 καὶ
1432 4407 1500 4461 τά
1535 4405 1757 4478 δεύτερα

181 4500 300 4561 τοῖς
331 4495 563 4569 πρώτοις
589 4498 1024 4569 ἐπιστρεπτικῶς
1058 4500 1436 4553 συνάπτονται.

278 4781 410 4838 Ἀλλ’
440 4787 488 4837 εί
521 4786 594 4856 μὴ
635 4784 1135 4862 κατεστοχαζόμεθα
1169 4785 1266 4855 τῆς
1299 4786 1635 4857 συμμετρίας
1662 4787 1754 4839 τοῦ

182 4879 346 4943 λόγου
381 4873 574 4946 (κόρος
601 4876 709 4945 γὰρ
740 4857 900 4943 λόγου
938 4858 1188 4944 πολέμιος
1217 4872 1436 4945 ἀκοαῖς)
1462 4915 1477 4939 ,
1524 4877 1618 4929 καὶ
1657 4875 1756 4939 τὰς

184 4967 330 5020 κατά
364 4951 523 5036 μέρος
560 4966 824 5035 ἰδιότητας
855 4965 962 5017 τῶν
993 4966 1164 5029 ζώων,
1196 4967 1287 5018 καὶ
1324 4968 1500 5030 πάσας
1530 4966 1635 5030 τάςι
1654 4984 1756 5019 σω-

187 5052 422 5124 ματικάς
465 5051 642 5105 αὐτῶν
683 5052 1034 5116 διαπλάσεις,
1086 5053 1474 5124 ἐφηρμόσαμεν
1521 5053 1588 5108 ἂν
1635 5060 1752 5118 ταῖς

183 5129 465 5215 ούρανίαις
504 5143 794 5213 δυνάμεσιν
829 5143 1138 5210 ἀναλόγως,
1185 5143 1323 5196 κατά
1360 5144 1458 5208 τὰς
1501 5145 1751 5217 ῥηθείσας

186 5234 471 5304 ἀνομοίους
507 5233 826 5305 ὁμοιότητας
857 5235 1171 5305 (ἀνομοίους
1209 5238 1326 5307 μὲν,
1355 5238 1436 5289 ὃτι
1467 5240 1519 5290 αἰ
1548 5238 1752 5301 εἰκόνες

186 5326 371 5379 ὑλικαὶ
425 5327 520 5378 καὶ
567 5324 701 5376 πολὺ
758 5326 1231 5396 ἀπεμφαίνουσαι’
1285 5328 1603 5399 ὁμοιότητας
1655 5329 1750 5394 δὲ,

187 5417 330 5470 κατά
350 5416 447 5486 τὴν
477 5416 766 5486 νοουμένην
789 5415 1110 5487 ἀλληγορίαν
1140 5417 1230 5470 καὶ
1255 5419 1351 5489 τὴν
1376 5422 1750 5490 προσήκουσαν

185 5508 299 5570 τοῖς
331 5506 707 5576 ὑποκειμένοις
744 5507 1056 5577 πράγμασιν
1082 5509 1439 5578 ἀναγωγὴν),
1475 5509 1567 5560 καὶ
1606 5508 1750 5578 εἴχο-

190 5615 289 5666 μεν
316 5598 496 5666 λέγειν
521 5598 646 5668 περὶ
670 5597 764 5651 τοῦ
799 5598 1112 5668 θυμοειδοῦς
1145 5598 1327 5660 αὑτοῦ,
1359 5601 1439 5651 ὅτι
1481 5599 1639 5669 νοερά
1668 5615 1751 5660 τις

187 5686 380 5758 ἀνδρία
412 5688 557 5752 ἐστὶ,
599 5687 691 5739 καὶ⁸
726 5688 822 5757 οὐχ
857 5686 1039 5750 ἁπλῶς
1068 5688 1245 5757 ψυχῆς
1274 5687 1441 5758 ἀρετὴ
1464 5726 1478 5750 ,
1514 5687 1648 5757 πρὸς
1682 5685 1751 5738 τὰ

188 5780 642 5853 παρεμπίπτοντα
686 5778 816 5850 ἡδέα
864 5780 958 5832 καὶ
986 5781 1201 5851 λυπηρά
1244 5781 1326 5835 ἀεὶ
1361 5779 1622 5851 μενούσης
1657 5779 1746 5832 ἐπὶ

469 5871 738 5933 Pauor”
787 5873 904 5934 Gn.
947 5871 1053 5933 lli.-

185 3215 287 3285 τῆς
324 3216 670 3287 δικαιοσύνης
696 3218 961 3283 ἀτενίσαι,
991 3219 1141 3282 νόθος
1169 3220 1266 3289 τῆς
1308 3219 1470 3273 αὑτοῦ
1514 3219 1766 3288 γνώσεως
1794 3193 1835 3250 C

1877 1931 2020 1999 ipsas
2057 1933 2111 1986 in
2149 1934 2364 1987 sublimi
2394 1936 2679 1993 volitantes
2706 1957 2879 2010 neque
2904 1945 3006 2000 sub
3036 1949 3271 2004 arbustis
3310 1955 3431 2007 lati-

1874 2030 1993 2085 tans
2026 2023 2412 2078 animalculum
2461 2026 2651 2096 fugit);
2686 2033 2765 2085 sic
2804 2045 2856 2087 et
2888 2037 2970 2105 ips
3033 2043 3264 2108 expediti
3309 2059 3425 2098 sunt

1871 2113 1938 2164 ad
1979 2114 2387 2168 convenientem
2435 2118 2534 2170 sibi
2585 2134 2650 2174 ac
2692 2119 2930 2178 divinum
2982 2126 3158 2184 cibum
3210 2136 3428 2202 capien-

1871 2204 2018 2258 dum.
2052 2205 2247 2260 Verum
2278 2211 2472 2277 aquila:
2500 2213 2751 2267 deorsum
2782 2217 3071 2284 exquirunt
3095 2224 3427 2291 alimentum,

1872 2305 1928 2346 at
1972 2297 2177 2362 angelis
2221 2313 2432 2352 sursum
2484 2315 2565 2356 est
2614 2304 2765 2357 cibus
2819 2310 3165 2376 potentiilcus
3201 2333 3214 2368 :
3256 2318 3431 2373 cuiuis

1870 2387 2012 2439 enim
2048 2389 2218 2456 cibus,
2250 2402 2306 2445 et
2358 2409 2462 2446 non
2493 2394 2640 2450 solus
2687 2402 2860 2466 panis,
2891 2417 2984 2455 cor
3014 2406 3260 2464 animalis
3296 2428 3427 2466 con-

1872 2479 2066 2533 ﬁrmat.
2099 2480 2310 2537 Habent
2339 2501 2551 2554 quoque
2596 2491 2726 2556 vim,
2778 2494 3010 2549 robustis
3041 2475 3319 2556 oculorum
3351 2508 3430 2558 itt-

1871 2571 2224 2637 tentionibus,
2256 2574 2501 2631 irreliexe
2540 2582 2934 2652 contemplandi
2969 2587 3298 2646 uberrimum
3350 2595 3431 2650 la-

1872 2673 2033 2741 teque
2065 2663 2320 2722 dill‘usum
2360 2668 2591 2743 radium,
2620 2687 2776 2741 quem
2804 2690 2869 2729 cx
2901 2692 2960 2732 se
2983 2679 3194 2737 divinus
3235 2685 3321 2739 ille
3349 2693 3427 2744 sol

1868 2753 2079 2808 evibrat
2113 2769 2128 2807 :
2160 2754 2342 2809 ferunt
2369 2758 2536 2823 enim,
2565 2759 2773 2828 aquilas
2800 2763 2972 2832 pullos
3009 2783 3139 2825 suos
3169 2776 3432 2842 genuinos

1870 2862 1898 2897 ιι
1933 2849 2114 2905 nothis
2146 2850 2218 2902 ita
2251 2851 2584 2909 discernere.
2631 2857 2687 2912 Si
2719 2860 3001 2917 irretortos
3033 2868 3301 2924 oculos'in
3339 2888 3428 2928 so-

1869 2937 1972 2991 lem
2019 2942 2332 3009 intendunt,
2385 2949 2604 3013 genuini
2657 2951 2952 3020 habentur;
3008 2958 3090 3011 sin
3129 2976 3326 3031 secus,
3376 2975 3428 3021 ut

1871 3032 2018 3084 nothi
2061 3042 2114 3086 et
2155 3035 2444 3090 adulterini
2472 3054 2503 3093 e
2535 3041 2658 3094 nido
2688 3040 3059 3107 deturbantur.
3108 3051 3303 3108 Eadem
3339 3059 3426 3111 ita-

1881 3139 1984 3189 que
2017 3126 2244 3190 ratione,
2271 3129 2360 3195 qui
2402 3128 2624 3198 justitite
2664 3133 2777 3188 Soli
2813 3152 2917 3190 non
2951 3140 3092 3194 valet
3121 3145 3354 3213 obtueri,
3398 3165 3426 3204 a

1870 3213 2175 3283 roguitione
2205 3217 2323 3285 ejus
2355 3220 2566 3276 alienus
2595 3239 2660 3279 ac
2686 3227 2885 3282 nothus
2909 3234 3206 3303 reperitur;
3247 3253 3424 3295 verum

1868 3301 1972 3355 illae
2022 3307 2218 3361 divina:
2262 3320 2500 3376 mentes,
2549 3330 2667 3383 qua:
2699 3317 2845 3371 illum
2882 3322 3132 3379 irretorta
3168 3301 3422 3395 quantum

1868 3393 1949 3450 fas
1979 3407 2059 3451 est
2090 3401 2204 3454 acie
2233 3403 2694 3472 coutemplantur,
2723 3412 2969 3480 genuina:
3004 3427 3147 3469 sunt.

1940 3483 2217 3552 Equorum
2269 3499 2447 3543 autem
2504 3493 2672 3562 figura
2736 3499 3008 3569 signiﬁcat
3065 3508 3422 3566 obedientiam

1867 3582 1920 3626 et
1946 3574 2345 3632 observantiam
2371 3581 2708 3650 angelorum,
2739 3574 2888 3654 juxta
2915 3592 3056 3660 quod
3082 3595 3281 3649 dictum
3307 3612 3416 3654 est:

1866 3665 1966 3732 Qui
2028 3669 2272 3724 continet
2328 3671 2477 3725 frena
2530 3675 2970 3734 intemeratarum
3028 3686 3305 3742 virtutum.
3367 3693 3424 3746 Et

1864 3762 2110 3819 alborum
2147 3768 2365 3834 quidem
2402 3772 2691 3825 candorem
2730 3774 2987 3839 denotat,
3023 3787 3212 3847 utpote
3248 3782 3424 3837 divine

1865 3855 2052 3911 lumini
2093 3860 2323 3913 maxime
2359 3861 2615 3928 amnem;
2651 3865 3001 3920 caaruleorum
3028 3881 3177 3935 vero,
3209 3881 3261 3926 et
3295 3891 3413 3942 quo-

1863 3948 2149 4004 dammodo
2188 3952 2465 4020 nigrorum
2492 3994 2506 4017 ,
2545 3956 2783 4009 divinum
2842 3959 2970 4012 illud
3021 3978 3309 4031 arcanum;
3349 3969 3421 4019 si-

1862 4041 2075 4106 quidem
2114 4039 2164 4094 id
2198 4045 2342 4111 quod
2379 4046 2592 4114 nigrum
2616 4085 2633 4112 ,
2669 4057 2721 4100 et
2754 4047 3042 4104 obscurum
3096 4062 3178 4107 est
3225 4066 3279 4108 et
3329 4072 3421 4111 oo-

1862 4130 2062 4185 cultum
2094 4151 2106 4186 :
2145 4127 2436 4189 rtibrorum
2474 4148 2677 4204 autem,
2710 4154 2832 4192 cum
2868 4141 3029 4196 etiam
3078 4146 3215 4212 ignis
3265 4150 3427 4204 ruber

1859 4224 1948 4286 sit,
1984 4225 2111 4292 quid
2148 4227 2362 4296 igneum
2392 4238 2556 4298 atque
2593 4214 2734 4285 adeo
2768 4233 2953 4288 eﬂicax
2987 4253 2998 4287 :
3038 4237 3159 4290 albo
3193 4239 3417 4310 denique

1860 4313 2121 4383 nigroque
2155 4314 2336 4370 colore
2385 4321 2798 4376 commistorum
2828 4365 2844 4391 ,
2892 4341 2985 4378 seu
3037 4329 3310 4384 ruscorum
3359 4333 3410 4385 li-

1859 4417 2011 4471 gura,
2053 4404 2321 4486 signiﬁcat
2377 4408 2428 4460 id
2477 4413 2616 4477 quod
2664 4422 2906 4467 extrema
2940 4416 2992 4469 vi
3047 4418 3277 4484 quadam
3316 4430 3422 4473 Ira-

1789 4517 1833 4573 D
1861 4488 1994 4546 duce
2028 4496 2325 4560 couneCtit,
2357 4499 2652 4553 secundum
2691 4517 2854 4570 quam
2903 4507 3072 4571 prima
3111 4514 3421 4574 posteriori-

1863 4584 1961 4636 bus
1998 4585 2329 4653 provideudo
2352 4631 2366 4655 ,
2415 4599 2468 4643 et
2503 4592 2804 4661 posteriora
2842 4596 3030 4662 primis
3064 4608 3419 4659 convertenda

1860 4692 1960 4729 con
1971 4687 2281 4732 nectuntur.

1936 4767 2126 4823 Verum
2167 4773 2270 4826 nisi
2303 4776 2571 4828 Sermonis
2620 4778 2835 4830 modum
2891 4795 3256 4847 quaereremus
3304 4787 3416 4856 (sa-

1861 4861 2019 4914 tietas
2065 4861 2207 4913 enim
2245 4862 2496 4917 dictionis
2527 4865 2743 4919 inimica
2775 4879 2858 4922 est
2895 4871 3278 4943 auditoribus),
3308 4876 3396 4928 sin.

1858 4952 2010 5018 gulas
2033 4953 2194 5006 etiam
2222 4955 2534 5008 animalium
2565 4959 2943 5026 proprietates,
2968 4975 3262 5030 oumesque
3297 4980 3403 5018 ear-

1857 5058 2049 5111 poreas
2097 5057 2281 5097 eorum
2327 5044 2554 5114 efﬁgies,
2606 5050 2919 5104 caelestibus
2969 5053 3259 5107 virtutibus
3293 5071 3408 5122 pro-

1857 5134 2104 5201 portione
2139 5135 2370 5204 quadam
2408 5138 2566 5192 dictis
2601 5140 2950 5196 dissimilibus
2976 5143 3410 5201 Similitmlinibus

1858 5228 2396 5283 accommodat-emus
2441 5230 2830 5299 (dissimilibus
2865 5235 3120 5303 quidem,
3156 5238 3405 5305 quoniam

1857 5303 2119 5384 imagines
2169 5318 2475 5373 tuateriales
2538 5320 2764 5374 multum
2821 5324 2888 5377 ab
2948 5326 3011 5378 iis
3067 5303 3406 5394 discrepant;

1855 5406 2297 5460 similitudinibus
2347 5417 2558 5476 tamen,
2595 5410 2744 5477 juxta
2783 5415 3057 5484 cognitam
3092 5415 3404 5485 allegoriam

1853 5508 1906 5553 et
1974 5497 2388 5552 convenientem
2457 5502 2619 5556 rebus
2678 5507 2963 5572 propositis
3018 5521 3299 5574 anagogeu
3341 5509 3395 5580 ):

1852 5606 2243 5660 possemusque
2290 5593 2468 5648 dicere
2516 5595 2580 5649 de
2629 5596 2839 5650 illorum
2894 5601 3208 5663 iracundia,
3261 5601 3402 5654 illam

1853 5697 1974 5736 esse
2008 5682 2303 5750 spiritalem
2341 5687 2628 5750 quamdam
2667 5685 3051 5753 fortitudinem,
3089 5689 3246 5761 149
3282 5706 3397 5744 ευιι

1853 5790 1914 5830 ca
1943 5789 2048 5830 non
2079 5773 2302 5843 simplex
2338 5777 2409 5833 sit
2441 5779 2611 5834 virtus
2646 5781 2857 5846 anima»,
2895 5784 2944 5835 in
2981 5782 3168 5837 eodem
3197 5790 3407 5853 semper

3020 5874 3096 5934 Β
