4172 6304
746 330 852 390 383

1932 342 1990 399 Β.
2030 344 2327 401 DIONYSII
2360 342 2819 404 A'REOPAGITzi-J

3888 360 3999 417 σοι

748 460 891 507 statu
933 453 1301 521 permanentis
1351 453 1464 510 sive
1506 455 1744 523 jucunda
1803 459 1914 514 sive
1962 463 2132 518 tristia
2178 464 2282 517 inci

2414 463 2475 517 τὸ
2506 466 2672 529 αὐτὸ,
2708 468 2844 537 μήτε
2889 470 2999 531 τοῖς
3040 469 3189 539 ἡδέσι
3237 473 3646 545 χαυνουμένης,
3695 478 3827 546 μήτε
3880 481 3998 543 rei;

748 546 900 607 dant,
937 554 996 599 ut
1029 560 1206 614 neque
1232 544 1484 612 jucundis
1532 546 1692 603 rebus
1738 550 2091 618 dissolvatur,
2134 568 2309 625 neque

748 636 1001 691 tristibus
1059 636 1373 704 dejiciatur,
1430 639 1582 707 cujus
1633 641 1971 700 fortitudinis
2030 646 2308 702 iracundia

743 728 1019 797 quoddam
1049 733 1353 783 extremum
1384 738 1467 783 est
1503 732 1814 801 vestigium.
1851 734 2023 791 Porro
2064 738 2312 794 dicamus

743 823 1019 889 primum,
1076 822 1347 890 quomodo
1382 823 1662 878 iracundia
1710 840 1807 894 pro
1854 828 2203 898 fortitudine,
2260 840 2314 885 et

743 930 852 965 non
906 930 1001 982 pro
1036 914 1136 966 alia
1189 915 1388 968 virtute
1422 915 1603 984 aliqua
1652 919 1973 989 accipiatur.
2022 920 2307 975 Sciendum

745 1018 854 1061 tres
895 1022 1017 1062 esse
1052 1007 1247 1063 animm
1284 1010 1612 1078 portiones,
1662 1011 1979 1066 rationalem
2027 1013 2310 1077 videlicet,

744 1102 1067 1157 irascibilcm
1121 1112 1175 1158 et
1230 1105 1775 1172 concupiscibilem,
1807 1116 1863 1161 et
1917 1116 2149 1176 quatuor
2196 1122 2313 1163 esse

740 1196 971 1249 virtutes
1015 1196 1331 1265 originales,
1366 1196 1576 1251 scilicet
1618 1199 1961 1267 prudentiam
1984 1238 1999 1264 ,
2036 1198 2310 1254 fortitudi-

740 1303 898 1352 nem,
935 1288 1354 1358 temperantiam
1390 1298 1445 1343 et
1471 1289 1760 1358 justitiam.
1816 1290 2163 1359 Unaquaaque
2208 1292 2311 1344 ita-

737 1394 842 1446 que
885 1380 1058 1433 virtus
1105 1380 1399 1448 quamlibet
1448 1380 1641 1436 anima:
1695 1382 1998 1451 portionem
2052 1393 2214 1437 ornat
2259 1393 2312 1437 et

733 1472 942 1542 dirigit,
970 1472 1256 1541 prudentia
1290 1470 1633 1536 rationalem,
1672 1470 1933 1529 fortitudo
1962 1475 2307 1542 irascibilem,

737 1563 1090 1635 temperantia
1118 1564 1596 1632 concupiscibilem
1620 1584 1633 1632 ;
1658 1547 1870 1634 iustitia
1903 1581 2033 1621 vero
2065 1583 2312 1623 commu-

734 1656 816 1710 nis
850 1665 935 1709 est
962 1653 1232 1709 omnibus.
1262 1654 1491 1722 Quando
1529 1655 1673 1711 enim
1719 1657 2008 1725 prudentia
2047 1658 2309 1714 rationem

2414 554 2674 627 λυπηροῖς
2726 560 3199 630 καταπιπτούσης·
3269 557 3485 633 ἧστινος
3553 566 3653 636 τῆς
3703 566 3918 639 ἀνδρίας
3968 572 3998 623 6

2418 646 2581 718 θυμὸς
2612 650 2835 719 ἔσχατόν
2862 654 3009 705 ἐστιν
3036 655 3327 726 ἀπήχημα.
3383 656 3540 709 Ἀλλά
3580 660 3795 730 πρῶτον
3828 662 3997 715 εἴπω-

2416 756 2537 809 μεν,
2564 740 2680 805 πῶς
2706 741 2767 793 τὸ
2809 741 3088 812 θυμοειδὲς
3119 746 3197 807 είς
3235 744 3454 817 ἀνδρίαν
3488 749 3998 821 παραλαμϐάνεται,

2412 832 2507 884 καὶ
2539 831 2637 883 οὐκ
2690 834 2768 895 είς
2801 831 2965 903 ἀλλην
3013 834 3137 887 τινά
3185 836 3401 908 ἀρετήν.
3475 840 3699 905 Ἱστέον,
3743 843 3821 895 ὅτι
3866 843 3998 914 τρία

2416 923 2555 994 μέρη
2590 924 2695 976 εἰσὶ
2735 924 2833 993 τῆς
2876 922 3052 993 ψυχῆς
3074 964 3086 987 ,
3129 924 3365 992 λογικὸν,
3395 926 3643 997 θυμικὸν,
3677 931 3768 984 καί
3800 934 3995 987 ἐπιθυ-

2417 1014 2674 1084 μητικόνο
2728 1014 2820 1066 καὶ
2864 1015 3126 1084 τέσσαρες
3172 1008 3615 1087 γενὶκαὶάρεταὶ
3640 1057 3655 1081 ,
3694 1020 3995 1091 φρόνησις,

2414 1107 2626 1177 ἀνδρία,
2661 1104 2978 1175 σωφροσύνη
3030 1106 3124 1158 καὶ
3147 1105 3481 1177 δικαιοσύνη.
3517 1108 3628 1161 Μία
3660 1111 3834 1164 τοίνυν
3861 1112 3997 1166 ἑκά-

2415 1215 2511 1268 στη
2546 1197 2654 1250 τῶν
2687 1197 2898 1267 ἀρετῶν
2932 1196 3160 1249 ἕκαστον
3190 1199 3354 1270 μέρος
3375 1200 3473 1270 τῆς
3505 1200 3684 1272 ψυχῆς
3713 1206 3908 1273 κοσμεῖ
3929 1220 3993 1259 τε

2413 1290 2506 1342 καὶ
2535 1289 2760 1352 εὐθετεῖ,
2798 1291 2829 1359 ἡ
2866 1288 3123 1359 φρόνησις
3158 1289 3218 1341 τὸ
3263 1289 3497 1358 λογικὸν,
3534 1295 3566 1363 ἡ
3602 1294 3789 1365 ἀνδρία
3812 1298 3871 1349 τὺ
3896 1297 3995 1351 θυ-

2417 1377 2591 1448 μικὸν,
2629 1380 2662 1448 ὴ
2709 1378 3026 1450 σωφροσύνη
3064 1378 3124 1431 τὸ
3163 1378 3587 1452 ἐπιθυμητικόν·
3610 1383 3750 1457 ¹είγδὲ
3783 1386 3989 1440 δικαιο-

2415 1464 2545 1538 σύνη
2576 1467 2726 1537 κοινὴ
2753 1468 2915 1520 πᾶσίν
2942 1470 3106 1522 ἐστιν.
3145 1471 3273 1523 Ὅτε
3306 1471 3477 1544 γάρή
3510 1474 3607 1545 μὲν
3640 1477 3898 1546 φρόνησις
3926 1480 3994 1534 τὸ

2412 1556 2626 1623 λογικὸν
2650 1560 2867 1625 κοσμεῖ,
2961 1557 3015 1610 δὲ
3038 1558 3228 1629 ἀνδρία
3250 1561 3309 1613 τὸ
3339 1561 3587 1633 θυμικὸν,
3624 1568 3655 1637 ἠ
3680 1566 3736 1618 δὲ
3774 1583 3993 1639 σωφρο-

2414 1646 2546 1717 σύνη
2576 1647 2640 1699 τὸ
2674 1648 3085 1718 ἐπιθυμητικὸν,
3125 1650 3347 1715 δικαίως
3377 1654 3496 1707 τότε
3520 1659 3548 1710 ὁ
3580 1657 3861 1729 ἄνθρωπος
3894 1676 3992 1715 πο-

730 1758 929 1820 ornat,
977 1746 1239 1820 fortitudo
1291 1753 1470 1800 autem
1519 1746 1894 1813 iracundiam,
1949 1750 2289 1819 temperanti:

2412 1738 2713 1803 λιτεύεται,
2754 1743 2849 1794 καὶ
2892 1743 3097 1809 δίκαιος
3143 1747 3208 1801 ἂν
3248 1748 3475 1817 λέγοιτο.
3520 1750 3758 1813 Εἰκότως
3794 1746 3888 1805 οὖν
3922 1752 3992 1805 τὸ

731 1814 859 1894 vero
894 1839 1416 1907 concupiscentiam,
1448 1850 1579 1895 tunc
1607 1842 1768 1894 homo
1813 1855 1880 1893 ex
1910 1839 2119 1907 justitia
2157 1842 2289 1911 regit

2407 1829 2634 1900 θυμικὸν
2656 1834 2736 1896 είς
2763 1835 2860 1905 τὴν
2886 1837 3194 1911 κοσμοῦσαν
3230 1814 3360 1895 αὐτὸ
3386 1842 3605 1911 ἀνδρίαν
3635 1843 3991 1915 μεταλαμϐά-

732 1943 839 2000 tur,
874 1929 1128 1999 etjustus
1177 1930 1284 1984 dici
1323 1932 1516 1999 possit.
1553 1930 1748 1985 Merito
1778 1931 1939 2001 igitur
1968 1931 2303 1985 iracundiam

731 2025 979 2093 accipere
1034 2021 1194 2077 liceat
1243 2035 1344 2091 pro
1394 2022 1715 2077 fortitudine
1748 2038 1869 2091 quia
1905 2024 2073 2091 ipsam
2123 2035 2300 2078 ornat.

728 2115 822 2168 Sic
862 2124 993 2169 vero
1038 2113 1114 2166 ira
1155 2109 1407 2166 ultimum
1459 2110 1747 2178 vestigium
1795 2121 1877 2165 est
1933 2107 2301 2174 fortitudinis,

725 2208 853 2277 quia
890 2207 970 2262 ira
996 2214 1079 2262 est
1114 2204 1359 2275 quaedam
1404 2203 1655 2259 ebullitio
1687 2204 1972 2274 sanguinis
1994 2203 2140 2259 circa
2168 2219 2304 2273 pra:-

725 2300 933 2363 cordia,
972 2315 1037 2354 ex
1086 2298 1327 2368 appetitu
1364 2297 1638 2353 vindictae.
1674 2286 1945 2367 Corporea
1993 2298 2175 2365 itaque
2211 2312 2303 2350 ira:

722 2391 977 2455 materia,
1004 2402 1088 2445 est
1118 2390 1337 2459 sanguis
1364 2389 1456 2458 qui
1483 2391 1629 2443 circa
1657 2387 1953 2456 praecordia
1982 2398 2099 2453 est;
2130 2386 2300 2441 forma

722 2496 857 2535 vero
882 2480 1145 2551 spiritalis
1166 2489 1219 2534 et
1244 2480 1587 2548 incorporea,
1614 2488 1697 2534 est
1721 2478 1991 2548 appetitus
2016 2479 2296 2537 vindictae:

720 2572 1015 2628 irascibilis
1060 2580 1243 2625 autem
1282 2572 1459 2640 portio
1492 2570 1718 2635 anima,
1749 2582 1877 2639 pars
1911 2578 1991 2623 est
2024 2570 2217 2624 anima:
2247 2580 2300 2624 et

719 2668 1073 2733 incorporea.
1119 2662 1404 2717 Fortitudo
1451 2662 1639 2731 igitur,
1691 2677 1817 2715 cum
1866 2660 2085 2715 habitus
2133 2662 2202 2714 sit
2245 2672 2301 2715 et

718 2751 932 2813 virtus,
983 2749 1428 2818 irascibilemque
1482 2761 1684 2803 motum
1740 2749 1956 2803 ordinet
2003 2757 2057 2803 et
2104 2759 2296 2815 ornet,

719 2842 949 2896 minime
987 2840 1250 2895 transfert
1280 2839 1430 2893 illum
1466 2839 1531 2892 ad
1569 2839 1803 2906 aliquam
1847 2839 2164 2907 mollitiem,
2206 2849 2298 2895 aut

717 2935 874 3004 quasi
903 2950 932 2986 a
962 2942 1153 2988 natura
1185 2932 1401 2987 abducit
1432 2950 1445 2984 :
1476 2931 1618 2985 unde
1644 2932 1805 2985 etiam
1832 2932 1961 2985 sinit
1991 2932 2140 2985 illum
2171 2948 2296 3003 pro-

715 3028 949 3096 prietate
972 3042 1065 3081 sua
1094 3026 1191 3090 uti,
1216 3032 1590 3079 verumtamen
1614 3024 1888 3089 decenter,
1909 3034 1963 3079 et
1985 3037 2041 3079 ut
2061 3034 2289 3094 oportet.

2407 1938 2564 1974 νοιτο.
2600 1923 2889 1994 Ἀπήχημα
2909 1925 2962 1978 δέ
2988 1927 3134 1993 ἐστιν
3149 1928 3371 2000 ἔσχατον
3387 1933 3414 1985 ὁ
3435 1932 3602 2003 θυμὸς
3621 1933 3723 2003 τῆς
3734 1934 3989 2005 ἀνδρίας,

2405 2011 2580 2065 οὕτω·
2620 2013 2806 2084 θυμός,
2837 2016 2952 2070 ἐστι
2995 2019 3141 2084 ζέσις
3185 2020 3279 2074 τοῦ
3321 2024 3669 2095 περικαρδίου
3714 2027 3985 2098 αἵματος,

2408 2105 2541 2176 πρὸς
2586 2104 2765 2177 ὄρεξιν
2812 2107 3242 2181 ἀντιλυπήσεως.
3296 2113 3482 2167 Ἔστιν
3526 2111 3618 2167 οὖν
3665 2116 3759 2168 τοῦ
3805 2115 3987 2187 Θυμοῦ

2407 2196 2505 2267 ὕλη
2560 2198 2655 2268 μὲν
2708 2200 2992 2271 σωματικὴ
3041 2201 3103 2253 τὺ
3153 2204 3499 2275 περικάρδιον
3546 2200 3714 2275 αἷμαε
3751 2203 3888 2270 εἶδος
3922 2209 3987 2261 δὲ

2402 2289 2630 2360 ψυχικὸν
2663 2292 2756 2344 καὶ
2794 2291 3083 2363 ἀσώματον
3119 2296 3152 2364 ἠ
3186 2294 3363 2365 ὄρεξις
3405 2296 3501 2365 τῆς
3533 2294 3946 2367 ἀντιλυπήσεως
3967 2314 3981 2328 ·

2402 2383 2461 2436 τὸ
2494 2384 2550 2436 δὲ
2583 2385 2810 2454 θυμικὸν
2839 2387 2939 2457 τῆς
2961 2388 3159 2459 ψυχῆς,
3182 2389 3344 2459 μέρος
3375 2388 3552 2458 ψυχῆς
3574 2389 3689 2440 ὲστι
3712 2389 3803 2440 καὶ
3833 2388 3987 2441 ἀσώ-

2405 2493 2590 2545 ματον.
2635 2478 2696 2529 Ἡ
2732 2474 2824 2531 οὖν
2856 2479 3064 2548 ἀνδρία,
3109 2478 3222 2544 ἕξις
3254 2479 3346 2532 καὶ
3379 2480 3547 2550 ἀρετὴ
3574 2474 3736 2542 οὖσα,
3775 2482 3871 2536 καὶ
3919 2482 3989 2534 τὸ

2402 2567 2628 2638 θυμικὸν
2656 2571 2921 2622 τάττουσα
2945 2571 3037 2623 καὶ
3056 2569 3354 2640 κοσμοῦσα,
3382 2570 3441 2622 οὐ
3470 2569 3789 2640 μεταϐάλλει
3818 2569 3986 2624 τοῦτο

2399 2661 2537 2731 πρὸς
2565 2660 2945 2732 μαλθακότητά
2967 2678 3107 2725 τινα,
3135 2662 3228 2713 καὶ
3254 2656 3364 2714 οἷον
3387 2662 3485 2731 τῆς
3513 2661 3724 2730 φύσεως
3754 2660 3944 2732 ὲξιστᾷ
3962 2680 3978 2692 υ

2398 2752 2518 2805 ὅθεν
2561 2754 2652 2805 καὶ
2696 2753 2888 2823 ἀφίησι
2927 2752 3083 2805 τοῦτο
3114 2755 3181 2823 τῇ
3223 2752 3398 2822 οἰκείᾳ
3451 2752 3671 2822 ἰδιότητι
3714 2752 3976 2822 χρῆσθαι,

2399 2847 2538 2919 πλὴν
2581 2849 2963 2919 προσηκόντως
2996 2847 3090 2899 καὶ
3136 2847 3210 2909 ὼς
3252 2847 3347 2898 δεῖ.
3374 2846 3653 2915 Λαμὸἀνει
3683 2846 3781 2916 τὴν
3814 2844 3974 2917 ὕλην,

2395 2938 2455 2991 τὸ
2495 2940 2841 3010 περικάρδιον
2880 2938 3077 3010 δηλαδὴ
3118 2934 3287 3009 αἷμα,
3338 2936 3479 2990 θέλει
3527 2938 3857 3009 είδοποιῆσαι
3906 2940 3977 3008 τῇ

2396 3031 2585 3102 ἀνδρίᾳ
2639 3030 3004 3101 διοικούμενον
3054 3030 3233 3101 ὄρεξεν
3285 3048 3405 3083 τινα
3451 3034 3827 3100 προσήκουσαν
3877 3029 3978 3082 καὶ

713 3120 928 3189 Accipit
967 3120 1274 3182 materiam,
1322 3116 1374 3170 id
1405 3125 1488 3169 est
1517 3114 1834 3185 sanguinem
1861 3116 2289 3185 praecordialem,

2396 3122 2649 3192 ἐπωφελῆ
2670 3164 2684 3186 ,
2721 3122 3127 3193 καταφρονῆσαι
3162 3120 3441 3193 λυπηρῶν,
3476 3121 3741 3191 ἀλογῆσαι
3775 3120 3972 3192 ἡδέων,

712 3210 934 3279 vultque
958 3207 1243 3262 eﬂ'ormare
1272 3207 1567 3275 appetitqu
1589 3206 1880 3273 quemdam
1906 3206 2089 3261 utilem
2114 3220 2177 3261 ac
2201 3207 2291 3261 de-

710 3310 948 3366 centem,
973 3301 1064 3371 qui
1091 3300 1414 3356 fortitudine
1439 3311 1680 3370 regatur,
1705 3300 1773 3355 ad
1796 3312 1882 3355 res
1902 3300 2082 3354 tristes
2106 3298 2290 3369 despi-

708 3394 929 3450 ciendas
946 3392 1285 3462 etjucundas
1310 3392 1759 3458 contemnendas,
1798 3393 1851 3446 in
1882 3393 2069 3447 arduis
2091 3393 2288 3461 perdu‘

710 3488 901 3551 rando,
934 3485 1274 3556 passionibus
1304 3484 1660 3550 moderando,
1691 3501 1779 3541 res
1819 3486 2074 3541 honestas
2114 3500 2284 3540 annu-

709 3578 889 3645 lando,
924 3594 1009 3633 res
1042 3593 1239 3647 pravas
1273 3580 1561 3644 abolendo,
1597 3592 1783 3634 verum
1831 3580 2038 3634 hostem
2067 3578 2286 3649 propul-

705 3674 910 3736 saudo,
955 3686 1077 3741 qtae
1112 3671 1299 3741 utique
1328 3671 1548 3737 omnia,
1600 3672 1705 3726 nisi
1745 3675 1949 3727 circum
1985 3672 2279 3741 praecordia

703 3763 921 3831 sanguis
938 3760 1339 3825 effervesceret,
1356 3776 1696 3830 nequaquam
1711 3761 1955 3832 profecto
1970 3776 2280 3818 successum

703 3863 909 3907 rectum
931 3853 1281 3908 sortirentur.
1309 3848 1422 3903 Hoc
1450 3855 1595 3909 enim
1619 3864 1672 3909 et
1692 3854 1859 3910 David
1878 3856 1955 3909 ait
1983 3872 1996 3908 :
2031 3856 2278 3910 Accendit

702 3964 781 3999 me
816 3948 957 4001 zelus
984 3958 1103 4001 tuus
1126 3953 1153 3985 ν
1181 3968 1193 4013 ;
1226 3956 1281 4003 ει
1311 3965 1326 4001 :
1353 3948 1512 4003 Zelus
1540 3950 1725 4002 domus
1757 3958 1860 4001 tum
1881 3949 2100 4003 comedit
2130 3967 2207 4004 me
2228 3964 2276 4005 κ.

706 4041 842 4094 Ecce
866 4042 1067 4110 itaque,
1094 4042 1370 4110 proposita
1399 4029 1623 4095 materia
1645 4041 1948 4096 secundum
1980 4044 2096 4098 haec
2123 4042 2279 4097 effor-

703 4143 847 4185 mala
871 4173 885 4197 ,
922 4134 1167 4201 quaedam
1218 4134 1327 4191 alia
1368 4126 1915 4202 speciessubintrat,
1951 4148 2145 4204 nempe
2176 4150 2274 4207 ap-

701 4229 904 4295 petitus
952 4220 1249 4279 vindictre':
1285 4235 1337 4279 et
1370 4225 1513 4294 quod
1549 4225 1616 4279 ad
1664 4223 2041 4279 fortitudinem
2088 4226 2273 4297 dirigi-

704 4332 808 4383 tur,
840 4318 899 4372 fit
935 4316 1239 4371 iracundia.
1288 4316 1584 4386 Sanguinis
1614 4316 1758 4370 enim
1794 4317 2062 4372 fervorem
2106 4318 2274 4372 infor-

701 4423 812 4463 mat
865 4411 1180 4479 appetitus,
1234 4408 1330 4463 sed
1388 4409 1442 4462 in
1504 4407 1613 4462 alio
1672 4408 1908 4477 quodam
1970 4408 2268 4465 dissimili:

2394 3217 2725 3288 καρτερῆσαι
2758 3214 2966 3279 δεινῶν,
2999 3214 3427 3285 ὲμφιλοσοφῆσαι
3467 3215 3581 3275 τοῖς
3626 3212 3839 3277 πάθεσι,
3870 3211 3974 3282 ζη-

2391 3315 2560 3369 λῶσαι
2596 3315 2733 3385 πρὸς
2772 3314 2840 3366 τά
2871 3313 3040 3377 καλά,
3083 3310 3474 3384 παραζηλῶσαι
3511 3309 3649 3387 πρὸς
3690 3309 3757 3361 τὰ
3800 3314 3970 3377 κακὰ,

2389 3407 2697 3480 ἀμύνασθαι
2730 3406 2819 3458 τὸν
2851 3406 3017 3469 ὅντως
3052 3392 3343 3475 πολέμιονί
3379 3401 3413 3456 ἀ
3455 3402 3517 3473 δὴ
3553 3402 3726 3455 πάντα
3748 3442 3763 3465 ,
3804 3402 3851 3454 εί
3892 3403 3971 3474 μὴ

2388 3500 2535 3552 ἔστιν
2578 3502 2609 3569 ἡ
2661 3500 2788 3570 περὶ
2836 3498 2935 3570 τὴν
2973 3496 3199 3568 καρδίαν
3249 3496 3475 3564 αἵματος
3529 3493 3709 3557 ξέσις,
3755 3493 3857 3546 οὐκ
3899 3494 3969 3546 ἂν

2387 3589 2702 3642 εύοδωθείεν
2744 3588 2942 3650 ποσῶς.
2986 3587 3157 3639 Τοῦτο
3187 3585 3295 3657 γὰρ
3320 3586 3347 3637 δ
3389 3584 3484 3637 καὶ
3522 3586 3550 3638 ὁ
3583 3583 3743 3637 Δαὸὶδ
3775 3584 3925 3652 λέγει
3948 3600 3968 3612 ο

2399 3682 2720 3743 Ἐξέκαυσέ
2747 3696 2823 3749 με
2866 3683 2897 3733 ό
2939 3678 3117 3746 ζ’ἦιιός
3158 3693 3305 3731 σου’
3361 3678 3475 3739 καὶ,
3535 3677 3595 3729 '0
3638 3675 3814 3743 ζῆλος
3854 3675 3967 3729 τοῦ

2383 3752 2550 3826 οἴκου
2580 3787 2695 3825 σου
2729 3771 3018 3845 κατέεςαγέ
3048 3787 3143 3839 με.
3192 3769 3321 3821 Ἰδοὺ
3345 3769 3521 3838 χοῦν,
3558 3767 3814 3838 κειμένης
3858 3769 3963 3840 τῆς

2384 3864 2513 3935 ὕλης
2544 3861 3095 3935 είδοποιηθησομένης
3128 3862 3269 3915 κατὰ
3307 3860 3482 3914 ταῦτα
3506 3901 3520 3925 ,
3567 3860 3863 3931 ὑπέρχεται
3906 3878 3962 3913 τι

2380 3958 2565 4028 ἕτερον
2599 3953 2756 4021 εἶδος,
2791 3959 2823 4027 ἡ
2850 3957 2961 4049 τῆςψ
2981 3954 3386 4025 ἀντιλυπήσεως
3420 3953 3597 4024 ὄρεξις
3618 3968 3630 3982 ⁸
3670 3954 3760 4005 καί
3791 3953 3853 4004 τὸ
3873 3955 3961 4017 εις

2379 4049 2597 4120 ἀνδρίαν
2620 4044 2897 4117 οίκονομού
2907 4044 3063 4117 μενον
3097 4044 3263 4115 θυμὸς
3287 4045 3516 4112 γίνεται.
3558 4044 3821 4096 Εἰδοποιεζ
3845 4045 3959 4116 γὰρ

2376 4142 2475 4214 την
2515 4142 2661 4205 ζέσιν
2706 4140 2799 4193 τοῦ
2830 4138 3060 4210 αἵματος
3097 4140 3129 4208 ἠ
3179 4136 3359 4206 ὄρεξις
3381 4177 3394 4199 ,
3430 4135 3542 4189 ἀλλ’
3570 4136 3626 4187 ἐν
3668 4135 3810 4204 ἄλλῳ
3845 4136 3959 4188 τινι

2376 4236 2771 4305 ἀπεμφαίνοντι
2798 4250 2810 4261 ·
2839 4233 2927 4285 διὰ
2966 4231 3124 4283 τοῦτο
3154 4230 3367 4298 λέγεται
3405 4229 3433 4279 ὁ
3460 4227 3639 4296 θυμὸς
3670 4228 3959 4297 κάπήχημαν

2374 4326 2473 4396 τῆς
2515 4325 2755 4397 ἀνδρίας,
2785 4323 2859 4387 ὡς
2889 4322 2954 4376 ἀν
2974 4339 3067 4384 τις
3099 4320 3242 4372 εἴποι
3271 4318 3453 4388 φωνῆς
3488 4319 3753 4388 ἀπήχημα
3792 4314 3951 4387 ἦχον,

2378 4416 2450 4484 μὴ
2477 4414 2595 4484 ἔχον
2616 4415 2681 4470 ,τὸ
2700 4414 2850 4474 τέλος
2873 4414 2969 4481 τῆς
2998 4410 3179 4479 φωνῆς
3198 4426 3210 4437 ’
3245 4407 3396 4469 τέλος
3417 4404 3525 4475 γάρ
3551 4405 3731 4474 φωνῆς
3753 4405 3814 4456 τὸ
3848 4421 3950 4477 οη..

699 4508 915 4569 propter
977 4499 1120 4568 quod
1158 4499 1266 4555 .ira
1326 4498 1526 4552 dicitur
1578 4506 1881 4552 extremum
1936 4499 2269 4556 fortitudinis

2392 4505 2541 4558 ιᾶναί
2585 4522 2655 4556 τι.
2716 4502 2870 4556 Οὕτω
2924 4503 3018 4554 καὶ
3065 4498 3297 4553 ἐνταῦθα
3352 4496 3497 4560 ζέσις
3552 4495 3818 4565 αἵματος,
3873 4497 3950 4567 μὴ

695 4592 1006 4659 vestigium,
1041 4588 1199 4659 150
1234 4606 1298 4645 ac
1326 4590 1369 4644 si
1398 4588 1519 4661 quis
1567 4600 1872 4645 extremum
1922 4594 2070 4647 vocis
2097 4594 2268 4648 vesti-

695 4686 863 4751 gium,
898 4694 1051 4737 vocet
1078 4698 1292 4748 sonum,
1324 4698 1446 4736 cum
1495 4684 1644 4737 vocis
1688 4684 1848 4736 finem
1883 4699 1986 4737 non
2024 4684 2221 4737 habeat
2250 4703 2262 4737 :

696 4791 819 4828 nam
870 4776 1020 4829 vocis
1066 4774 1189 4827 linis
1227 4783 1309 4828 est
1352 4773 1630 4843 quidpiam
1685 4774 2012 4843 significare.
2062 4771 2265 4829 Eodem

695 4868 854 4921 modo
886 4866 974 4921 hic
1008 4866 1188 4921 fervor
1221 4869 1501 4937 sanguinis
1524 4906 1541 4933 ,
1583 4884 1705 4921 cum
1739 4883 1847 4921 non
1878 4868 2073 4921 habeat
2101 4866 2262 4921 finem

694 4959 1007 5027 proprium;
1050 4958 1173 5013 finis
1214 4970 1391 5012 autem
1434 4959 1569 5026 ejus,
1610 4968 1694 5013 est
1749 4974 1909 5013 omne
1957 4960 2266 5023 bonum,ut

693 5053 968 5109 Aristoteli
988 5054 1183 5122 placet.
1208 5052 1407 5106 Habuit
1428 5054 1609 5121 itaque
1629 5054 1812 5117 finem,
1833 5054 1925 5108 sia
1949 5055 2264 5109 fortitudine

695 5142 923 5199 formam
955 5146 1248 5215 acceperit,
1281 5155 1333 5197 et
1362 5150 1584 5198 honeste
1610 5148 1673 5199 ad
1708 5147 1759 5200 id
1790 5150 1931 5216 quod
1957 5147 2262 5217 oportebat,

692 5248 747 5290 et
786 5253 847 5291 ea
878 5253 998 5305 qua:
1025 5238 1247 5290 decebat
1276 5237 1485 5290 ratione
1508 5246 1651 5291 mota
1678 5235 1860 5291 fuerit.
1900 5234 2143 5292 Rursum
2171 5252 2264 5291 cu-

693 5332 970 5398 piditatem
1015 5330 1081 5382 ad
1125 5330 1367 5383 divinum
1403 5343 1639 5382 amorem
1682 5330 1941 5385 reducere
1976 5332 2257 5387 debemus.

698 5424 889 5490 thuid
948 5430 1126 5475 autem
1162 5439 1263 5476 non
1304 5424 1370 5477 ad
1400 5424 1836 5491 temperantiam,
1866 5425 2006 5478 sicut
2037 5425 2258 5478 iracun—

694 5520 833 5569 diam
888 5515 953 5567 ad
1014 5514 1431 5569 fortitudinem?
1482 5516 1610 5585 quia
1660 5517 1919 5569 nimirum
1976 5518 2254 5572 iracundia

695 5625 797 5662 non
828 5608 1023 5663 dicitur
1052 5608 1117 5661 ad
1148 5608 1373 5677 aliquid,
1410 5622 1583 5677 neque
1612 5609 1755 5661 enim
1786 5608 1985 5663 dicitur
2022 5611 2249 5679 alicujus

858 5780 1032 5838 't’sal.
1059 5799 1288 5844 uxvni.
1318 5782 1368 5837 5.
1454 5798 1477 5823 ι
1509 5783 1649 5839 Psal.
1683 5800 1843 5839 vam
1871 5827 1884 5847 ,
1932 5786 2015 5839 ιο.

2373 4598 2568 4667 ἔχουσα
2597 4596 2656 4649 τὸ
2685 4598 2877 4649 οίκεῖον
2899 4594 3049 4657 τέλος
3070 4611 3082 4623 ·
3105 4593 3254 4654 τέλος
3281 4590 3357 4652 δὲ,
3387 4590 3492 4641 πᾶν
3515 4586 3734 4655 ἀγαθὸν,
3764 4586 3949 4651 καθὼς

2370 4694 2465 4745 καὶ
2498 4692 2577 4761 τῷ
2629 4686 2983 4759 Ἀριστοτέλει
3017 4686 3178 4737 δοκεῖ.
3216 4678 3343 4750 Εἶχε
3377 4680 3431 4733 δὲ
3464 4678 3525 4731 τὸ
3570 4677 3721 4738 τέλος
3745 4715 3759 4737 ,
3795 4678 3843 4728 εἰ
3886 4677 3949 4730 τὺ

2370 4783 2510 4835 κατά
2543 4783 2640 4853 τὴν
2675 4782 2895 4850 ἀνδρίαν
2930 4776 3064 4841 εἶδος
3097 4775 3467 4846 ἀπελάμϐανε,
3503 4774 3595 4825 καὶ
3627 4770 3805 4833 καλῶς
3825 4772 3945 4822 ἐκι-

2368 4879 2509 4928 νεῖτο
2543 4875 2677 4946 πρὸς
2710 4875 2736 4926 ὃ
2770 4874 2969 4943 ἐχρῆν,
3017 4873 3108 4924 καὶ
3142 4870 3216 4932 ὡς
3252 4869 3376 4922 ἔδει.
3414 4864 3579 4920 Πάλιν
3615 4864 3713 4933 τὴν
3748 4864 3942 4915 ἐπιθυ-

2371 4967 2497 5037 μίαν
2541 4968 2757 5037 εἴχομεν
2789 4965 2981 5030 ἀνάξαι
3010 4967 3087 5026 είς
3123 4963 3263 5015 θεῖον
3308 4961 3503 5032 ἔρωτα.
3545 4956 3643 5009 Διά
3663 4955 3803 5008 τίδὲ
3840 4956 3945 5007 οὐκ

2366 5060 2445 5122 εἰς
2475 5058 2843 5131 σωφροσύνην,
2880 5058 2953 5121 ὼς
2978 5057 3069 5108 καὶ
3099 5055 3158 5107 τὸ
3194 5054 3421 5124 θυμικὸν
3452 5050 3532 5112 είς
3557 5049 3654 5119 τὴν
3678 5046 3937 5117 ἀνδρίαν;

2364 5152 2538 5203 ὅτιτὸ
2574 5151 2670 5220 μὲν
2706 5149 2934 5220 θυμικὸν
2974 5149 3032 5200 ού
3078 5147 3213 5218 πρός
3260 5162 3311 5197 τι
3359 5143 3603 5208 λέγεται’
3658 5138 3778 5191 οὐδὲ
3829 5138 3945 5207 γὰρ

2365 5244 2577 5313 λέγεταί
2628 5261 2768 5307 τινος
2818 5244 3141 5315 πράγματος
3199 5237 3455 5308 Θυμικόν*
3512 5235 3633 5287 ὅθεν
3674 5233 3768 5285 καὶ
3814 5231 3939 5282 καθ’

2363 5337 2493 5390 αὐτὸ
2526 5336 2585 5389 ὃν
2620 5338 2697 5398 είς
2719 5336 2818 5407 τὴν
2847 5335 3067 5407 ἀνδρίαν
3097 5329 3495 5405 μετεῦιόάζετο,
3530 5323 3806 5394 ἀρκούσης
3837 5321 3941 5391 τῆς

2362 5429 2563 5497 ἀρετῆς
2602 5431 2679 5491 εἰς
2712 5431 2810 5497 τὴν
2844 5428 3030 5479 τούτου
3066 5423 3391 5493 ἀναγωγήν
3429 5420 3489 5470 τὸ
3523 5418 3579 5469 δὲ
3612 5415 3940 5483 ἐπιθυμητι-

2362 5521 2456 5572 κὸν
2483 5522 2615 5590 πρός
2645 5538 2701 5571 τι,
2716 5520 2927 5587 λέγεται
2963 5516 3207 5589 ἐραστον,
3241 5514 3269 5565 ὃ
3302 5512 3393 5565 καὶ
3418 5506 3809 5578 ἐπιθυμητικὸν
3843 5504 3936 5558 λέ-

2362 5633 2531 5681 γεται.
2583 5618 2637 5667 't)
2686 5617 2814 5682 γοῦν
2862 5617 3128 5686 χρησίμου
3156 5655 3168 5675 ,
3204 5607 3541 5682 ὲπιθυμητοῦ
3574 5605 3666 5658 καὶ
3699 5602 3939 5677 ἔρειο-ιώ
