4176 6308
165 357 282 412 305

664 354 748 410 ΟΕ
786 348 1114 412 οιΕιΕδτι
1146 356 1590 426 ΗΙΕΒΑΒΟΗΙΑ,
1638 359 1738 415 CA]

1847 362 1947 418 KV.
1984 395 2052 405 —
2083 363 2427 427 PARAPHR.
2461 369 2928 430 PACHYMERE.

3319 375 3423 432 Ἦ

165 467 463 551 meum
495 465 726 540 ἀὼφρων
759 467 826 522 ἂν
849 467 1079 538 λέγοιτο,
1115 472 1210 524 καὶ
1233 472 1354 526 ὅσον
1389 474 1505 526 ἐστὶ
1536 475 1596 526 τὸ
1629 475 1738 529 ὲπι-

1856 478 1934 533 rei
1967 479 2289 537 iracundia?
2322 485 2464 539 unde
2490 500 2612 540 cum
2657 491 2950 545 secundum
2993 505 3052 544 se
3089 492 3179 552 sit,
3212 495 3278 546 ad
3307 492 3420 548 for-

166 559 421 631 θυμητὸν
444 542 666 631 ὐψηλὸν,
689 560 940 615 τοσοῦτον
964 561 1162 634 μᾶλλον
1187 563 1415 637 σώφρων
1440 566 1664 630 ἐκεῖνος.
1683 569 1748 621 Τί

165 651 226 705 δὲ
261 651 360 704 τοῦ
397 651 540 706 θείου
584 641 784 724 ἔρωτος
818 653 1176 726 semesam;
1212 655 1382 720 οὕτως
1409 657 1627 728 εἴχομεν
1657 658 1746 711 λέ-

166 753 294 811 γειν
319 744 411 796 καὶ
434 743 563 814 περὶ
581 742 791 796 τούτου.
821 747 930 801 Καὶ
969 745 1154 810 ἁπλῶς
1187 734 1379 824 εἰπεῖν,
1414 749 1628 814 ἁπάσας
1648 749 1747 814 τὰς

167 837 460 909 αἰσθήσεις
499 854 559 889 τε
601 837 692 898 καὶ
724 835 1084 909 πολυμερείας
1111 837 1220 892 τῶν
1252 837 1458 907 ἀλόγων
1493 838 1644 903 ζώων
1666 838 1747 904 είς

165 928 272 992 τὰς
314 927 507 993 ἀύλους
538 928 792 999 δυνάμεις
833 915 1244 1000 μεταδιδάξειν,
1279 931 1372 984 καὶ
1413 916 1631 1001 ἀνάγειν
1667 932 1766 996 είς-

165 1018 230 1073 τὸ
266 1019 497 1084 ὲνοειδὲς
536 1021 631 1074 καὶ
663 1020 871 1076 ἁπλοῦν
905 1021 976 1075 τά
1013 1022 1273 1078 σύνθετα⁴
1303 1024 1415 1077 ἀλλ’
1442 1025 1601 1098 ἀρκεῖ
1635 1029 1748 1091 τοῖς

165 1112 462 1183 ὲχέφροσιν
484 1114 542 1166 οὐ
577 1111 750 1167 ταῦτα
785 1115 942 1185 μόνον
974 1114 1174 1186 (ταῦτα
1211 1114 1318 1187 γὰρ
1345 1113 1473 1180 ἴσως
1505 1103 1746 1189 πολλά)’,

167 1205 310 1260 ἀλλά
367 1209 459 1261 καὶ
503 1209 631 1279 μιᾶς
672 1191 877 1271 εἰκόνος
916 1206 1212 1281 ἀναγωγὴ,
1250 1211 1316 1282 ἦν
1341 1203 1503 1281 φησιν
1532 1211 1749 1265 ἀνακά-

168 1304 412 1369 θαρσιν,
435 1286 524 1377 Δὡς
563 1296 697 1373 πρὸς
719 1301 780 1354 τὸ
803 1285 1029 1377 ἐνοειδὲς
1048 1303 1411 1376 ἀναγομένην,
1438 1288 1531 1358 καί
1562 1304 1748 1374 νοητὸν

170 1393 231 1445 ὲν
273 1392 353 1463 τῷ
385 1374 485 1462 τῆς
518 1391 710 1464 ὑλικῆς
751 1374 1050 1463 ὲμερερείας
1082 1374 1542 1464 ἀποκαθαίρεται·
1592 1396 1750 1467 ἀρκεῖ

167 1482 305 1550 γοῦν
344 1478 438 1537 καὶ
471 1485 599 1554 μιᾶς
635 1483 839 1546 εἰκόνος
871 1478 1238 1555 ἀνακάθαρσις
1276 1485 1369 1538 καὶ
1401 1487 1481 1548 είς
1513 1484 1608 1556 τὴν
1639 1486 1748 1539 τῶν

164 1574 372 1630 λοιπῶν
405 1576 750 1646 διασάφησινδ
763 1629 775 1642 ,

1856 570 2141 626 titudinem
2177 566 2479 642 translata,
2527 586 2642 644 est,
2673 577 2817 650 Quod
2847 577 3080 637 sufﬁciat
3127 583 3312 638 virtuti
3362 583 3422 638 ut

1855 660 1922 714 ad
1949 659 2092 716 hanc
2137 664 2458 733 reducatur;
2490 671 2926 740 concupiscentia
2969 684 3148 729 autem
3183 677 3422 731 reiertur

1856 749 1921 803 ad
1955 748 2156 821 aliquid
2186 747 2444 835 amabile,
2475 761 2618 829 quod
2649 772 2705 817 et
2732 766 3022 834 appetibile
3049 757 3270 824 dicitur.
3316 767 3422 835 Qui

1855 843 2041 918 itaque
2069 842 2184 902 rem
2217 833 2427 917 utilem,
2461 833 2885 923 appetibilemret
2909 857 3192 914 amabilem
3221 833 3422 918 cancu-

1855 933 2047 1002 piscit,
2081 930 2392 1006 temperans
2429 941 2532 996 dici
2565 945 2778 1012 pessit;
2816 943 2871 1001 et
2909 958 3112 1016 quanto
3163 967 3251 1007 res
3297 948 3420 1022 qua:

1856 1030 2127 1097 appetitur
2149 1031 2437 1112 sublimior
2467 1032 2675 1101 existit,
2710 1046 2862 1094 tanto
2887 1034 3102 1111 quoque
3124 1034 3244 1114 ipse
3284 1056 3422 1101 tem-

1856 1123 2156 1190 perantior.
2211 1124 2352 1192 Quid
2405 1136 2585 1210 autem
2631 1131 2813 1211 divino
2862 1151 3047 1194 amore
3105 1139 3422 1196 sublimius?

1857 1215 1973 1269 haec
2004 1216 2189 1286 itaque
2218 1217 2283 1273 de
2315 1219 2399 1274 his
2427 1205 2684 1278 diximus.
2717 1207 2816 1291 Et,
2847 1228 3175 1298 simpliciter
3202 1230 3420 1301 loquen-

1857 1307 1960 1373 do,
1985 1314 2531 1381 possemusomnium
2571 1315 2928 1375 animantium
2975 1323 3202 1379 rationis
3228 1341 3419 1395 exper-

1858 1397 1996 1454 tium
2029 1411 2086 1456 et
2113 1403 2305 1458 Sensus
2331 1413 2386 1460 et
2414 1405 2584 1460 multa
2629 1408 2875 1464 membra
2910 1413 2978 1466 ad
3029 1413 3418 1474 immateriales

1855 1489 1977 1546 illas
2015 1493 2248 1550 virtutes
2278 1496 2616 1579 transferre,
2635 1509 2690 1557 et
2717 1517 2779 1557 ea
2815 1518 2935 1574 quae
2966 1511 3264 1578 composita
3293 1524 3420 1569 sunt

1857 1581 1924 1662 ad
1972 1581 2401 1644 uniformitatem
2440 1589 2954 1666 simplicitatemque
2982 1601 3296 1671 traducere;
3325 1607 3419 1661 sed

165 1669 534 1738 prudentibus
574 1684 677 1723 non
725 1658 843 1724 haec
886 1671 1058 1725 solum
1100 1669 1378 1741 (quoniam
1429 1672 1546 1726 haec
1585 1669 1728 1728 forte
1780 1658 1971 1760 multa)
2010 1679 2144 1735 satis
2170 1689 2320 1747 sunt,
2367 1658 2561 1739 verum
2609 1685 2772 1742 etiam
2811 1658 2895 1744 vel
2947 1692 3105 1750 unius
3165 1658 3418 1768 imaginis

164 1775 454 1832 anagege,
497 1776 658 1831 quam
708 1761 1108 1838 ἀνακάθαρσιν,
1161 1777 1254 1817 seu
1303 1761 1750 1848 eapulrgationem“
1772 1763 1994 1835 vocant,
2021 1779 2078 1824 ut
2109 1786 2231 1840 quae
2256 1771 2326 1826 ad
2357 1773 2783 1833 uniformitatem
2828 1782 3084 1848 adducat,
3143 1795 3199 1841 et
3256 1761 3418 1844 intel-i

170 1848 377 1919 ligendi
411 1849 806 1931 facultatem‘in
873 1850 1139 1906 materiali
1188 1842 1542 1906 similitudine
1595 1843 1879 1922 puriﬁcat;
1937 1860 2019 1914 vel
2058 1862 2220 1918 unius
2275 1861 2461 1933 itaque
2515 1864 2768 1938 imaginis
2813 1842 3113 1931 enucleatio
3141 1879 3210 1932 ad
3253 1874 3416 1936 caete-

168 1955 360 1996 rarum
398 1957 613 2012 quoque
643 1945 1060 2014 explicationem
1097 1945 1232 2000 satis
1263 1951 1365 2000 est.

244 2034 275 2106 §
318 2036 410 2087 1X.
465 2035 856 2090 Ἐπισκεπτέον
878 2037 935 2090 δὲ
963 2037 1057 2092 καὶ
1077 2035 1261 2118 τᾶλλα,
1296 2037 1422 2102 τοὺς
1453 2039 1738 2123 ποταμοὺς

1926 2037 1954 2109 §
1997 2038 2088 2092 1x.
2130 2041 2399 2099 Caeterum
2445 2045 2836 2106 consideranda
2869 2070 3082 2127 quoque
3125 2071 3254 2116 sunt
3291 2064 3418 2120 reli-

165 2129 263 2180 καὶ
295 2129 421 2192 τοὺς
449 2128 698 2199 τροχοὺς,
724 2129 816 2182 καὶ
853 2129 922 2183 τὰ
954 2129 1273 2202 συνημμένα
1307 2132 1427 2194 ταῖς
1465 2130 1742 2202 οὐρανίαις

165 2217 381 2279 οὐσίαις
413 2217 651 2289 ἅρματα.
693 2221 754 2272 Οἱ
804 2217 902 2292 μὲν
939 2205 1033 2274 οὖν
1066 2218 1326 2292 ἐμπύριοι
1368 2222 1601 2292 ποταμοὶ
1646 2211 1744 2286 τάς

161 2309 468 2380 θεαρχικάς
511 2311 848 2383 πλημμύρας
871 2314 1350 2398 ὑποσημαίνουσιν,
1381 2313 1610 2384 ἄφθονον
1651 2315 1744 2368 καὶ

162 2399 549 2464 ἀνεξάλειπτον
604 2405 869 2476 ὲπιρῤοὴν
916 2403 1284 2476 βραὸευούσας
1323 2407 1440 2468 ταῖς
1467 2405 1743 2477 οὐρανίαις

160 2492 483 2563 δυνάμεσιν.
530 2494 684 2549 Ἐπεὶ
718 2493 774 2548 δὲ
808 2496 1067 2560 ζωοποιὸν
1096 2497 1158 2550 τὸ
1188 2497 1299 2567 πῦρ
1333 2483 1502 2559 ἐστιν,
1534 2497 1594 2549 οὐ
1621 2496 1743 2550 καθ’

160 2583 190 2636 ὖ
239 2583 373 2656 πῦρ,
410 2584 545 2639 ἀλλά
590 2586 717 2640 καθ’
765 2588 794 2641 ὃ
823 2580 1047 2660 ’θερμὸν
1089 2573 1183 2650 καὶ
1236 2587 1523 2660 θρεπτικόν
1574 2590 1739 2652 ἐστιν,

160 2678 306 2731 εἰσὶν
337 2681 393 2731 αἱ
421 2680 663 2734 τοιαῦται
698 2680 836 2734 θεῖαι
878 2680 1203 2752 πλημμύραι
1237 2684 1329 2734 καὶ
1367 2679 1618 2744 ζωοποιοὶ
1649 2680 1742 2734 καὶ

161 2768 456 2840 θρεπτικαὶ
478 2773 579 2842 τῆς
600 2772 708 2825 τῶν
733 2773 977 2842 ἀγγέλων
1005 2774 1374 2846 γονιμότητος.
1412 2773 1492 2826 Τά
1521 2774 1734 2846 ἆρματα

159 2862 261 2932 τὴν
315 2856 575 2934 συζυγίαν
627 2867 719 2920 καὶ
773 2867 833 2920 τὸ
887 2848 1218 2921 κοινωνικόν.
1273 2868 1382 2920 Καὶ
1406 2867 1458 2920 τί
1506 2867 1614 2939 γάρ
1674 2867 1741 2921 ἂν

160 2954 311 3024 λέγοι
342 2973 426 3020 τις
462 2957 620 3011 τοῦτο
657 2959 744 3012 ἐπ’
782 2959 1012 3022 ἐκείνοις
1051 2961 1184 3013 ὅπου
1225 2960 1318 3013 καὶ
1355 2961 1411 3013 ἐν
1454 2961 1583 3030 ἡμῖν
1620 2959 1742 3030 φαί-

160 3064 350 3113 νεται;
397 3049 727 3120 Συμϐολικὸν
769 3046 920 3121 οἶμαι
952 3051 1045 3105 καὶ
1085 3052 1240 3105 τοῦτο
1278 3053 1377 3124 τῆς
1419 3052 1735 3118 κοινωνίας·

159 3138 254 3191 δύο
301 3142 488 3212 χεῖρας
522 3140 724 3211 ἔχουσι,
764 3144 855 3196 καὶ
890 3142 983 3196 δύο
1013 3143 1286 3215 ῥώθωνας,
1314 3144 1520 3197 καὶδύο
1545 3143 1740 3214 ὀφθαλ-

164 3232 302 3299 μοὺς
327 3271 341 3295 ,
375 3234 468 3285 και¹
513 3233 604 3286 δύο
651 3228 783 3299 ὦτα,
827 3236 919 3288 καὶ
957 3235 1049 3288 δύο
1076 3236 1272 3300 πόδας,
1307 3238 1396 3290 καὶ
1420 3238 1598 3310 διττὴν
1628 3238 1736 3291 τῶν

156 3323 387 3376 ὀδόντων
435 3327 528 3378 καὶ
560 3325 668 3380 τῶν
699 3327 919 3397 χειλέων
965 3329 1176 3393 πλάσιν,
1211 3330 1304 3383 καὶ
1326 3323 1514 3393 τᾶλλα,
1544 3331 1628 3384 ἵνα
1660 3335 1733 3403 μὴ

1851 2145 1979 2208 qua,
2013 2131 2143 2202 quid
2167 2135 2270 2191 sibi
2305 2138 2475 2192 velint
2511 2140 2758 2208 ﬂumina,
2795 2155 2944 2212 rotae,
2977 2160 3032 2204 et
3056 2165 3274 2219 currus,
3298 2171 3418 2226 quae

1848 2226 2164 2282 coelestibus
2194 2229 2448 2284 essentiis
2495 2229 2776 2302 conjuncta
2827 2241 3202 2306 perhibentur.
3252 2247 3411 2319 Ignea

1849 2313 2077 2383 proinde
2105 2317 2326 2374 ﬂumina
2372 2320 2593 2405 divinos
2633 2319 2779 2382 rivos
2811 2330 3113 2402 declaram,
3145 2313 3408 2405 quae'vlar-

1850 2421 1976 2475 gum
2028 2415 2430 2480 perennemque
2489 2399 2695 2468 ﬂuxum
2748 2419 3060 2479 cdelestibus
3098 2399 3415 2489 Vvirtutibus

1849 2498 2221 2567 suppeditant.
2272 2500 2406 2555 Cum
2451 2515 2633 2559 autem
2681 2507 2823 2575 ignis
2872 2513 2943 2567 sit
2983 2517 3269 2588 viviﬁcus,
3305 2539 3412 2579 non

1847 2589 2067 2678 quidem
2087 2588 2153 2678 in
2194 2603 2452 2662 quantum
2488 2595 2630 2667 ignis
2658 2610 2761 2668 est,
2801 2605 2894 2658 sed
2932 2607 2986 2660 in
3030 2621 3288 2678 quantum
3319 2630 3414 2670 ca-

1846 2676 1990 2735 lidus
2040 2676 2096 2737 et
2142 2683 2443 2742 nutritivus
2492 2688 2718 2758 existit,
2770 2680 2936 2752 divini
2989 2676 3206 2773 quoque
3247 2717 3413 2765 mstus

1847 2770 2156 2830 istiusmodi
2200 2787 2363 2846 atque
2404 2779 2792 2841 inundationes
2834 2770 3306 2852 viviﬁcantvsimul
3347 2818 3415 2857 ac

1847 2864 2095 2956 nutriunt
2136 2859 2525 2926 fecunditat'em
2574 2876 2908 2946 angelorum.
2955 2870 3161 2943 Currus
3204 2889 3411 2962 signiﬁ-

1845 2962 1976 3009 cant
2020 2960 2335 3013 eorumdem
2384 2961 2818 3030 coniunctionem
2855 2985 2921 3026 ac
2951 2960 3407 3040 communionem.

1843 3045 2230 3104 Verumtamen
2267 3048 2453 3121 Quidni
2487 3056 2553 3111 de
2597 3057 2708 3113 illis
2757 3063 3026 3131 quispiam
3082 3069 3135 3122 id
3187 3071 3406 3139 dixerit,

1843 3157 1965 3200 cum
2000 3150 2054 3196 et
2088 3142 2141 3196 iu
2178 3143 2334 3224 nobis
2375 3147 2476 3202 hoc
2510 3152 2807 3229 appareat?
2835 3153 2974 3222 Quin
3020 3167 3074 3212 et
3107 3143 3237 3217 illud
3271 3178 3410 3234 quo—

1843 3247 1950 3302 que
1995 3232 2296 3303 symbolum
2344 3241 2743 3298 communionis
2776 3247 3048 3316 existimo,
3084 3255 3228 3322 quod
3270 3232 3406 3312 duas

1846 3340 2039 3381 manus
2067 3327 2340 3398 habeant,
2385 3344 2439 3387 et
2472 3337 2607 3390 duas
2642 3354 2822 3405 nares,
2871 3351 2926 3398 et
2953 3340 3086 3400 duos
3110 3348 3312 3416 oculos,
3350 3363 3407 3407 et

156 3414 282 3467 καθ’
330 3415 557 3470 ἕκαστον
591 3417 970 3490 διατρίϐωμεν.
1014 3422 1074 3475 Oi
1115 3421 1170 3474 δὲ
1211 3424 1427 3494 τροχοὶ,
1474 3424 1595 3476 ἐπεὶ
1638 3401 1731 3476 καί

1847 3418 1966 3472 luas
2008 3416 2185 3487 aures,
2222 3425 2278 3476 et
2319 3424 2452 3481 duos
2471 3429 2665 3498 pedes,
2713 3401 2865 3503 151
2897 3445 2952 3490 et
2984 3401 3401 3508 duplicemntani

156 3509 466 3579 πτερωτοὶ,
498 3509 590 3562 καὶ
619 3511 711 3563 ἐπὶ
734 3509 803 3562 τὰ
831 3510 1136 3581 ἔμπροσθεν
1171 3511 1403 3576 ἀκλινῶς
1433 3509 1729 3584 πορευόμε-

157 3618 236 3653 νοι
257 3641 272 3664 ,
300 3601 398 3672 τὴν
420 3602 643 3672 δύναμιν
671 3602 915 3674 δηλοῦσι·
948 3604 1008 3656 τὺ
1041 3603 1148 3675 γὰρ
1179 3603 1292 3672 τὴν
1324 3606 1458 3676 πρὸς
1485 3606 1546 3658 τὸ
1574 3605 1727 3660 δύνα-

159 3710 252 3762 μιν
280 3693 591 3757 ἀποδοτέον,
624 3693 693 3748 τά
734 3694 779 3746 δ’
821 3693 954 3747 ἄλλα
983 3693 1072 3748 διὰ
1118 3695 1304 3766 μέσου.
1346 3696 1456 3768 Τὴν
1495 3697 1724 3774 δύναμιν

155 3785 335 3838 τοίνυν
365 3785 583 3856 δηλοῦσι
607 3786 708 3855 τῆς
735 3789 856 3840 κατ’
887 3786 1098 3840 εὐθεῖαν
1125 3787 1265 3850 ὁδοῦ,
1291 3789 1384 3841 καὶ
1422 3787 1600 3859 ὄρθιον
1631 3789 1729 3860 τῆς

159 3877 494 3945 impatienti];
542 3877 719 3930 αὐτῶν
759 3877 1055 3947 ἐνεργείας.
1098 3877 1224 3940 Πῶς
1270 3876 1325 3929 δὲ
1369 3877 1464 3930 καὶ
1496 3878 1728 3950 κυκλικὴ

156 3967 249 4019 καὶ
276 3969 398 4019 κατ’
429 3966 643 4020 εὐθεῖαν
669 3968 701 4038 ἡ
743 3967 891 4033 ὀδός;
936 3967 1184 4039 Κυκλικὴ
1204 4008 1218 4032 ,
1250 3969 1331 4022 ὅτι
1361 3968 1501 4022 κατά
1532 3969 1728 4022 κύκλον

155 4055 513 4130 ἐπορεύοντο·
557 4060 676 4112 κατ’
703 4059 914 4113 εὐθεῖαν
955 4059 1044 4124 δὲ,
1084 4061 1164 4113 ὅτι
1202 4061 1610 4133 ἀνεπιστρόφως
1637 4065 1730 4118 καὶ

154 4152 240 4204 ἀεὶ
284 4154 381 4206 ἐπὶ
421 4153 481 4206 τὸ
521 4153 846 4224 ἔμπροσθεν,
891 4155 982 4208 καὶ
1015 4155 1076 4206 οὐ
1114 4156 1243 4208 ποτὲ
1288 4156 1387 4226 μὲν
1424 4157 1728 4230 ἔμπροσθεν

156 4245 286 4296 ποτὲ
315 4245 372 4297 δὲ
393 4245 633 4308 ὄπισθεν,
668 4246 700 4316 ἢ
725 4246 819 4298 ἐπὶ
843 4245 991 4312 δεξιά
1016 4245 1051 4316 ἢ
1073 4248 1164 4300 ἐπὶ
1191 4247 1388 4318 θάτερα
1411 4265 1423 4278 ⁸
1457 4249 1542 4303 διὰ
1570 4249 1729 4302 τοῦτο

157 4333 248 4385 καὶ
284 4335 381 4385 ἐπὶ
405 4334 494 4386 τὸν
522 4335 684 4387 αὐτὸν
717 4335 811 4387 καὶ
838 4333 1091 4405 ίθύτομον
1113 4331 1265 4405 οἷμον
1296 4338 1330 4405 ὴ
1359 4338 1522 4406 νοτ-,τὴ
1548 4334 1724 4388 αὐτῶν

153 4427 347 4496 τροχιά
377 4427 758 4498 ὐπερκοσμίως
790 4425 1044 4480 ἰθύνεται.

157 4539 312 4587 sum,
371 4522 454 4575 vel
511 4523 854 4576 dextrorsum
909 4522 992 4576 vel
1039 4521 1413 4576 sinistrorsum

158 4625 366 4666 rectam
397 4615 729 4686 arduamque
763 4617 1274 4685 supermundialiter
1302 4620 1578 4688 dirigitur.

1838 3508 2077 3565 dentium
2102 3527 2263 3581 quam
2289 3515 2553 3573 labiorum
2577 3523 2844 3592 ordinem,
2877 3537 2931 3583 et
2956 3539 3172 3598 czetera,
3202 3548 3268 3588 ne
3287 3535 3403 3590 sin-

1838 3603 1976 3668 gulis
2000 3605 2373 3662 immoremur.
2401 3610 2550 3666 Βοιαὶ
2572 3626 2774 3682 autem,
2794 3634 2916 3674 cum
2941 3633 3188 3692 pennata
3217 3628 3328 3681 sint
3351 3639 3406 3681 et

1835 3697 1902 3751 ad
1955 3699 2226 3754 anteriora
2271 3701 2389 3757 sine
2425 3701 2714 3762 inﬂexione
2756 3714 3094 3782 procedant,
3146 3719 3401 3776 virtutem

1836 3789 2100 3846 denotant
2128 3810 2142 3845 :
2181 3809 2305 3850 nam
2347 3797 2611 3855 articulus
2643 3805 2744 3872 τήν
2779 3806 2844 3858 ad
2876 3807 3127 3863 virtutem
3159 3812 3403 3868 referen-

1837 3882 1936 3937 dus
1971 3894 2084 3950 est,
2140 3898 2337 3942 caetera
2386 3906 2515 3946 vero
2563 3895 2883 3950 intermedia
2930 3910 3075 3956 sunt.
3131 3901 3395 3959 Virtutem

1836 3974 2018 4046 itaque
2045 3978 2358 4047 signiﬁcant
2410 3984 2512 4037 viae
2555 3996 2742 4052 rectae,
2794 3999 2848 4043 et
2892 3993 3274 4048 rectitudinem
3307 4011 3399 4049 eo—

1834 4069 2076 4124 rumdem
2125 4075 2479 4140 operationis.
2527 4077 2807 4143 Quomodo
2850 4090 3029 4137 autem
3079 4101 3264 4140 eorum
3315 4088 3396 4142 via

1833 4159 2121 4216 circularis
2148 4173 2255 4230 est,
2287 4175 2341 4220 et
2367 4169 2551 4223 recta?
2578 4169 3006 4240 Circularis-est,
3039 4178 3296 4246 quoniam
3344 4181 3398 4235 in

1834 4251 2064 4307 circuitu
2090 4257 2478 4325 ambulabant;
2512 4275 2656 4316 recta
2689 4279 2840 4331 vero,
2879 4267 3004 4335 quia
3054 4270 3174 4325 sine
3223 4273 3400 4327 reditu

1833 4353 1887 4398 et
1910 4361 2128 4417 semper
2159 4351 2224 4404 ad
2266 4354 2542 4409 anteriora
2571 4359 2885 4427 pergebant,
2935 4376 3040 4416 non
3070 4371 3248 4418 autem
3297 4366 3398 4419 ali-

1831 4438 2054 4503 quando
2081 4441 2298 4507 quidem
2334 4456 2670 4516 antrorsum,
2701 4453 3023 4523 quandoque
3047 4470 3172 4511 vero
3196 4468 3396 4512 retror-

1464 4539 1477 4574 :
1522 4523 1725 4580 idcirco
1744 4527 2268 4590 etiamintellectilis
2322 4552 2507 4594 eorum
2537 4542 2797 4600 volutatio
2845 4547 2899 4600 in
2949 4551 3194 4604 eamdem
3252 4551 3391 4605 viam

227 4711 392 4762 Ἐστι
415 4711 470 4762 δὲ
496 4713 730 4764 καὶ’κατ’
757 4712 923 4783 ἀλλην
950 4715 1284 4785 ἀνακαθᾶραι
1314 4717 1600 4788 ἀναγωγὴν
1628 4720 1726 4788 τὴν

1898 4718 2046 4775 Licet
2076 4720 2238 4776 etiam
2279 4719 2381 4775 alio
2419 4737 2577 4778 sensu
2622 4729 2914 4797 anagogico
2954 4731 3250 4791 istiusmodi
3302 4757 3391 4794 ro-

155 4805 413 4874 τοιαύτην
464 4805 572 4857 τῶν
623 4807 831 4878 τροχῶν
880 4809 1079 4861 εἰκόνα.
1137 4810 1433 4881 Ἐπεκλήθη
1491 4813 1597 4883 γὰρ
1634 4815 1728 4865 αὐ-

155 4898 384 4960 τοῖς,ὡ;
413 4900 440 4949 ό
486 4901 769 4968 προφήτης
811 4901 965 4968 φησὶ,
1008 4902 1270 4969 Γελγνέλ·
1318 4903 1473 4955 τοῦτο
1518 4905 1574 4957 δὲ
1605 4905 1726 4957 καθ’

164 4989 416 5059 Ἐὃραῒδα
435 4991 838 5062 ἀνακυλισμοὺς
887 4994 979 5045 καὶ
1025 4995 1386 5063 ἀνακαλύψεις
1435 4997 1720 5066 σημαίνει·

157 5082 556 5152 ἁνακυλισμοὺς
582 5083 690 5154 γὰρ
718 5085 897 5154 ἔχουσι
923 5085 992 5137 τά
1019 5086 1242 5157 οὐράνια
1267 5090 1332 5157 τῇ
1360 5092 1484 5160 περὶ
1510 5091 1569 5142 τὸ
1597 5093 1725 5143 ταύ-

157 5176 246 5226 τὸν
283 5175 490 5240 ἀγαθὸν
525 5177 814 5247 ἀεικινήτῳ
843 5183 1138 5248 συστροφῇ,
1169 5181 1526 5250 ἀνακαλύψεις
1566 5183 1620 5236 δὲ
1652 5189 1717 5255 τῇ

156 5263 258 5316 τῶν
291 5267 541 5336 κρυφίων
581 5269 928 5340 ἐκφαντορίᾳ.
976 5271 1060 5321 Ἑν
1091 5265 1134 5337 ᾧ
1179 5271 1286 5342 γάρ
1329 5274 1377 5324 οἱ
1410 5278 1588 5344 τροχοὶ
1626 5294 1718 5328 κυ-

157 5354 391 5418 λίονται,
433 5356 501 5409 τά
540 5359 793 5413 ὑποκάτω
834 5361 1329 5427 ἁνακαλύπτονται,
1372 5367 1462 5417 καὶ
1502 5367 1575 5418 τά·
1607 5369 1716 5420 ἄνω

159 5449 302 5501 κάτω
346 5450 606 5516 γίνονται.
663 5453 970 5521 Ἀνάγονται
1004 5455 1177 5508 τοίνυν
1212 5458 1280 5510 τὰ
1314 5460 1598 5527 περιπέζια
1629 5464 1719 5513 καὶ

161 5541 226 5592 τὰ
248 5543 479 5613 δεύτερα
518 5544 658 5595 κατά
686 5545 782 5613 τὴν
816 5549 894 5609 είς
920 5548 978 5599 τὸ
1007 5548 1156 5600 Θεῖον
1189 5551 1309 5602 καθ’
1337 5553 1560 5604 ἕκαστον
1596 5554 1719 5606 τού-

160 5649 260 5685 των
301 5635 626 5706 ἀναγωγὴν,
675 5641 764 5691 καὶ
813 5644 866 5692 αἱ
919 5642 1119 5709 ὑψηλαὶ
1150 5643 1438 5713 ἐλλάμψεις
1489 5649 1566 5708 εἰς
1619 5649 1716 5716 τὴν

162 5724 451 5799 ἱφειμὲνην
473 5732 540 5797 τῇ
567 5733 788 5801 προνοίᾳ
815 5736 1271 5798 καταϐιὸἀζονται.

1831 4819 2006 4865 turum
2038 4811 2451 4880 descriptionem
2486 4815 2846 4884 interpretari.
2879 4821 3081 4876 Nomen
3121 4831 3260 4882 enim
3289 4833 3390 4897 eis,

1829 4911 1885 4952 ut
1924 4903 1997 4955 ait
2042 4902 2336 4970 propheta,
2368 4900 2542 4973 ϐρίθει
2582 4905 2886 4975 impositum
2948 4924 3050 4981 est,
3100 4922 3240 4987 quod
3284 4923 3390 4977 He-

1827 4996 2011 5049 hraico
2046 5010 2296 5050 sermone
2352 4999 2686 5054 revelationes
2715 5005 3046 5060 revelationes
3088 5025 3193 5079 que
3220 5014 3388 5085 signi-

1827 5087 1996 5138 licat:
2041 5085 2277 5140 cmlestia
2327 5089 2468 5142 enim
2521 5091 2884 5149 revelationes
2927 5112 3049 5152 suas
3092 5100 3290 5158 habent
3327 5122 3392 5161 eo

1829 5190 1997 5240 Inetu,
2026 5192 2133 5246 quo
2172 5179 2374 5232 circum
2403 5181 2600 5236 bonum
2645 5183 2817 5252 ipsum
2862 5201 3116 5258 perpetua
3162 5210 3366 5252 conver

1826 5269 1980 5323 sione
2026 5281 2350 5334 versantur.;
2411 5272 2763 5329 revelationes
2821 5291 2985 5344 vero,
3038 5283 3388 5338 obscurarum

1825 5379 2003 5417 rerum
2047 5363 2502 5418 manifestatione.
2546 5365 2600 5418 lu
2632 5378 2890 5435 quantum
2931 5373 3072 5426 enim
3104 5386 3234 5430 rotae
3273 5380 3387 5431 vol-

1826 5466 2042 5520 vuntur,
2077 5456 2337 5511 inferiora
2377 5460 2699 5523 revelantur,
2739 5470 2792 5514 et
2821 5465 3094 5532 superiora
3140 5470 3267 5522 liunt
3304 5471 3387 5522 in-

1824 5548 2042 5603 feriora.
2093 5548 2387 5603 Humiliora
2438 5552 2616 5620 itaque
2664 5565 2715 5606 et
2767 5556 3044 5624 inferiora,
3088 5563 3387 5615 secundum

1822 5643 2106 5710 cujuslibet
2147 5644 2336 5698 horum
2377 5644 2440 5696 ad
2474 5647 2711 5702 divinum
2741 5650 2944 5704 Numen
2984 5655 3381 5720 adduction'em,

1824 5737 2127 5803 eriguntur,
2159 5748 2215 5793 et
2235 5739 2491 5793 sublimes
2521 5740 2621 5793 illm
2662 5742 3043 5802 illustrationcs
3069 5761 3164 5818 per
3200 5751 3381 5818 prcril

1825 5830 2054 5882 dentiam
2099 5831 2396 5887 tenuissimi
2417 5833 2581 5900 gradu
2610 5835 2976 5890 demittuntur.
