4176 6308
761 378 864 433 367

837 493 1023 544 Restat
1054 487 1210 542 nobis
1254 483 1538 539 dicendum
1569 481 1632 534 de
1682 479 1897 549 gaudio,
1928 479 2079 546 juxta
2106 476 2244 543 quod
2280 476 2331 526 itt
2366 479 2406 530 Α

763 581 1065 650 Evangcltis
1099 579 1170 633 ait
1215 577 1508 631 Dominus:
1548 571 1790 626 Gaudent
1832 569 2006 636 angeli
2037 584 2190 630 super
2231 580 2333 616 uno

763 684 1031 745 peccatore
1061 670 1422 741 pmnitentiam
1448 674 1633 734 agente
1657 671 1705 717 γ.
1734 663 2016 728 Quodnam
2047 659 2230 726 itaque
2255 665 2337 709 est

766 768 1015 834 gaudium
1057 759 1408 833 angelormn?
1452 768 1626 823 neque
1666 753 1809 806 enim
1854 748 1973 818 quis
2017 748 2238 805 dixerit.
2283 746 2334 796 in

765 857 970 928 angelis
1009 858 1298 908 humanam
1327 863 1447 904 esse
1478 845 1790 916 passibilem
1825 842 2058 909 aliquam
2092 839 2336 906 volupta-

770 926 895 1007 tem,
943 942 1104 996 Veluti
1152 938 1435 993 aﬁ‘ectioue
1476 936 1616 988 circa
1657 947 1852 1001 corpus
1890 928 2046 982 facile
2090 926 2332 979 mutabili

766 1042 1125 1092 constantem,
1162 1030 1255 1084 sed
1283 1029 1390 1081 Deo
1415 1027 1667 1079 dicuntur
1689 1019 2030 1092 congaudere
2055 1019 2126 1071 ob
2148 1029 2333 1069 eorum

766 1128 855 1193 qui
898 1124 1170 1194 perierant
1215 1119 1602 1181 inventionem,
1636 1114 1816 1169 divina
1856 1111 2064 1166 scilicet
2102 1111 2335 1164 delecta-

768 1222 933 1283 tione,
956 1213 1407 1286 quemadmodum
1434 1212 1484 1265 in
1520 1207 1827 1277 Evangeliis
1857 1206 2185 1274 accepimus.
2207 1203 2340 1257 Pro.

769 1309 1137 1383 portioualiter
1167 1307 1348 1375 itaque
1370 1305 1436 1358 de
1464 1302 1668 1372 angelis
1694 1300 2015 1354 uomenboc
2058 1295 2336 1370 ῥᾳστώνης

767 1421 859 1460 seu
897 1400 1258 1457 oblectationis
1295 1395 1665 1464 accipiendum
1703 1403 1783 1445 est
1828 1408 1840 1443 :
1895 1389 2141 1461 ῥᾳστώνη
2195 1387 2338 1440 enim

767 1507 851 1551 est
892 1495 1151 1565 spiritalis
1201 1491 1448 1558 quaedam
1493 1487 1726 1540 facilitas
1771 1483 2242 1553 tranquillitasque
2287 1482 2337 1533 in

767 1590 946 1658 quiete
987 1585 1330 1655 passiouibus
1381 1591 1624 1636 vacante.
1675 1579 1898 1634 Ponitur
1943 1586 2121 1629 autem
2176 1574 2338 1628 etiam

768 1698 865 1752 pro
890 1681 952 1734 iis
979 1682 1066 1746 qui
1114 1678 1357 1731 laborare
1402 1675 1606 1741 nolunt,
1638 1673 1730 1726 scd
1763 1670 2130 1724 indifferenter
2157 1668 2342 1721 vivere

769 1776 995 1846 t'ligtttzl,
1026 1772 1408 1840 signiﬁcatque
1439 1768 1552 1822 haec
1591 1764 1754 1819 dictio
1786 1764 1834 1817 id
1866 1763 2006 1833 quod
2055 1761 2212 1814 facile
2257 1769 2341 1813 est

769 1879 824 1921 rt
857 1866 1077 1919 minimc
1124 1862 1484 1916 laboriosum:
1533 1859 1585 1912 in
1625 1859 1829 1928 angelis
1872 1864 2051 1910 autem
2104 1855 2336 1907 insinuat

771 1961 986 2012 beatum
1017 1965 1070 2008 ct
1101 1953 1353 2023 passione
1379 1950 1791 2018 turbationcque
1819 1964 2064 2001 vacuum.
2094 1946 2335 2015 Cnugau-

771 2052 899 2104 dent
914 2049 1094 2114 itaque
1114 2045 1360 2100 deil'ormi
1379 2043 1606 2112 quadam
1625 2041 1982 2094 oblectatione
2003 2037 2206 2107 angelis
2221 2053 2344 2089 cott-

771 2145 1042 2204 veniente,
1073 2139 1272 2215 idcirco
1314 2140 1478 2191 etiam
1517 2135 1654 2188 dixit
1679 2133 1925 2186 deifortni
1950 2149 1962 2184 :
1992 2131 2162 2198 angeli
2198 2132 2339 2183 enim

771 2255 892 2293 cum
927 2237 1035 2291 sint
1061 2235 1202 2288 inter
1234 2233 1392 2287 Deum
1427 2230 1782 2296 hominesque
1811 2226 1995 2291 medii,
2023 2229 2184 2280 rebus
2224 2226 2341 2292 qui-

773 2334 892 2386 dem
933 2326 1277 2383 inferioribus
1303 2325 1629 2394 clligiaulur,
1663 2321 2033 2390 superioribus
2064 2319 2219 2388 152
2244 2335 2341 2371 an-

775 2435 879 2477 tem
924 2420 1288 2473 insinuantur.
1330 2414 1794 2482 Quemadmodum
1832 2411 1996 2481 igitur
2041 2411 2204 2464 etiam
2239 2409 2341 2464 alia

777 2527 992 2568 terreno
1035 2512 1251 2582 quidem
1306 2525 1453 2564 more
1501 2507 1792 2568 dicuntur,
1853 2503 1948 2557 sed
2009 2501 2344 2556 deiformiter

775 2607 1135 2675 accipiuntur,
1169 2605 1238 2657 ita
1269 2603 1341 2658 sit
1370 2603 1532 2656 etiam
1561 2600 1611 2652 in
1651 2599 1753 2652 hoc
1799 2597 2015 2650 nomine
2061 2592 2343 2666 ῥᾳστώνης

778 2718 871 2752 μου
917 2697 1270 2750 oblectationis
1304 2718 1314 2749 :
1348 2704 1430 2750 est
1459 2695 1601 2748 enim
1628 2694 1732 2746 illis
1759 2691 2011 2759 gaudium
2039 2690 2343 2759 copiasum,

776 2795 1001 2848 t-tbono
1053 2792 1160 2844 lleo
1201 2789 1551 2850 conveniens,
1607 2791 1672 2840 de
1727 2784 1899 2838 salute
1950 2783 2227 2837 hominum
2280 2782 2344 2833 ad

779 2888 942 2940 [leum
972 2897 1380 2943 conversurum,
1413 2889 1464 2933 et
1496 2881 1561 2931 ad
1595 2878 1694 2930 hoc
1724 2893 1752 2928 ιι
1795 2876 1973 2929 divina
2005 2869 2346 2929 Providentia

779 2979 1150 3031 deductorum.
1201 2969 1575 3024 Couvertimini
1617 2967 1682 3018 ad
1736 2982 1836 3028 me,
1875 2962 2047 3033 inquit
2091 2962 2346 3015 Dominus

780 3069 846 3121 fis
876 3065 964 3134 qui
999 3065 1178 3117 adhuc
1204 3063 1303 3116 sub
1333 3069 1673 3130 peccatorum
1707 3055 1968 3109 servitute
2012 3052 2346 3114 detinentur,

779 3172 824 3214 ct
852 3166 1126 3213 convertar
1155 3156 1222 3207 ad
1249 3171 1332 3205 vos
1363 3163 1408 3205 κ.
1433 3151 1498 3204 Et
1521 3151 1621 3204 hoc
1646 3156 1727 3202 est
1748 3147 1889 3217 quod
1919 3160 1948 3197 a
1974 3158 2165 3211 magno
2184 3140 2348 3196 Paulo

780 3250 1137 3320 signiﬁcatur,
1168 3246 1441 3300 Christum
1477 3256 1571 3310 pro
1603 3241 1778 3309 nobis,
1804 3254 1924 3292 cum
1952 3237 2126 3290 adhuc
2158 3249 2351 3304 pecea-

784 3356 926 3398 tores
958 3356 1223 3405 essetuus,
1252 3347 1520 3392 mortuum
1563 3350 1701 3388 esse.
1743 3333 2048 3401 Gratiicque
2085 3329 2192 3384 sint
2231 3329 2350 3381 inti-

782 3438 907 3491 uitae
937 3434 1052 3502 ejus
1078 3428 1474 3500 longanimitati
1509 3439 1564 3481 et
1594 3427 1843 3488 bonitati,
1870 3423 2010 3495 quod
2042 3438 2145 3476 non
2176 3421 2347 3476 solum

786 3536 1060 3595 acceptam
1108 3523 1304 3577 habeat
1352 3517 1748 3588 ptI-uitctitiatn,
1782 3530 1963 3568 verum
2010 3513 2171 3566 etiam
2224 3527 2347 3576 pro-

786 3625 939 3669 vocet
963 3626 1015 3668 et
1045 3619 1325 3669 convertat
1357 3610 1423 3662 ad
1451 3605 1845 3677 pmnitentiam.
1878 3604 1989 3658 Etsi
2021 3603 2199 3670 itaque
2231 3616 2350 3669 pas-

786 3710 866 3761 sio
891 3722 994 3760 non
1020 3706 1088 3760 sit
1119 3705 1172 3758 in
1204 3701 1430 3772 angelis,
1460 3708 1542 3753 est
1572 3708 1751 3752 tamen
1781 3697 1831 3750 in
1861 3695 1928 3750 iis
1946 3695 2091 3749 bOua-
2115 3691 2347 3746 aﬁ'ectio.

787 3800 850 3853 Et
874 3798 1120 3868 quamvis
1152 3796 1252 3848 hoc
1279 3807 1470 3848 nomen
1503 3807 1531 3844 a
1566 3789 1722 3844 nobis
1751 3790 2089 3856 desumptutu
2118 3784 2210 3850 sit,
2237 3797 2351 3836 ma-

789 3893 896 3960 gis.
926 3901 1105 3942 tamen
1151 3896 1233 3940 cst
1272 3883 1548 3954 proprium
1598 3900 1611 3935 :
1667 3880 1940 3951 ἐμπάθειᾳ
1982 3878 2123 3932 enim
2173 3885 2353 3930 motus

788 3985 1006 4054 quidam
1045 3991 1133 4037 est
1154 3995 1275 4034 cum
1317 3977 1572 4047 pas:ione
1600 3975 1941 4042 conjunetus,
1974 3971 2067 4024 sed
2094 3967 2354 4021 εὐπάθεια

790 4049 1003 4128 habitus
1038 4081 1122 4125 e~t
1164 4068 1468 4124 atlectionis
1508 4068 1682 4119 boum.
1728 4063 1869 4117 Bene
1917 4049 2095 4128 itaque
2137 4057 2356 4112 aﬂ'ectos

791 4182 912 4220 esse
941 4164 1184 4233 angelo's,
1211 4162 1479 4230 signiﬁcat
1503 4173 1599 4212 eos
1632 4159 1770 4210 bene
1797 4169 1856 4208 se
1889 4154 2088 4207 habere
2115 4167 2210 4220 per
2235 4167 2356 4202 om-

799 4261 910 4322 nia,
931 4269 984 4312 et
1013 4256 1330 4310 incolumem
1351 4267 1536 4306 eorum
1561 4259 1760 4304 statum
1795 4247 2048 4300 existere.
2089 4243 2355 4298 Gaudium

797 4353 961 4420 igitur
991 4349 1240 4416 designat
1281 4342 1604 4396 im_:ﬁ'abilcm
1651 4337 1796 4391 illum
1844 4335 2092 4389 allectum
2135 4335 2353 4396 bonum,

795 4445 946 4509 cujus
969 4443 1129 4495 etiam
1155 4448 1520 4504 srepenumero
1548 4431 1840 4500 participes
1868 4429 2017 4481 fuere
2045 4426 2238 4490 sanc‘ti,
2264 4441 2358 4492 per

1927 364 1965 418 S
2021 360 2320 417 DIONYSII
2361 354 2827 412 AREOPAGITAF‘.

3924 360 4016 409 568

2508 473 2706 533 Λοιπος
2752 472 2881 540 ἡμῖν
2921 469 2948 519 ὀ
2988 465 3116 537 περὶ
3158 464 3257 534 τῆς
3301 465 3472 536 χαρᾶς
3521 463 3695 533 λόγος,
3737 465 3919 528 καθὼς
3969 474 4026 523 ἐν

2441 562 2788 630 Εὑαγγελίοις
2829 561 2990 630 φησιν
3025 561 3052 610 ὁ
3080 556 3310 629 Κύριος·
3339 557 3662 622 Χαίρουσιν
3696 560 3747 610 οἱ
3779 556 4022 625 ἄγγελοι

2438 656 2534 709 ἐπὶ
2567 655 2655 707 ἐνὶ
2703 650 3029 721 ἁμαρτωλῷ
3060 649 3472 719 μετανοοῦντι.
3521 647 3616 711 Τίς
3656 648 3784 717 γοῦν
3815 651 3846 718 ἡ
3877 650 4024 720 χαρὰ

2438 747 2548 800 τῶν
2603 744 2884 813 ἀγγέλων;
2935 743 2993 794 οὐ
3041 741 3148 814 γάρ
3177 740 3242 794 ἂν
3274 741 3416 793 εἴποι
3452 757 3534 804 τις
3571 740 3742 809 χαρὰν
3781 741 3878 793 ἐπὶ
3912 740 4023 792 τῶν

2439 838 2684 908 ἀγγέλων
2716 837 2853 889 εἶναι
2892 837 2988 905 τὴν
3029 833 3249 905 ἐμπαθῆ
3289 832 3514 905 ἡδονὴν,
3543 832 3639 904 τὴν
3674 832 4023 905 ἀνθρωπίνην

2438 930 2662 1001 ταύτην,
2698 932 2772 992 ὡς
2799 931 2864 999 τῇ
2905 926 3033 999 περὶ
3064 927 3222 994 σῶμα
3247 923 3585 995 εὐαλλοιώτῳ
3613 925 3878 998 εὐπαθείᾳ
3906 943 4024 979 συν-

2442 1023 2734 1095 ισταμένην
2756 1039 2768 1051 ο
2803 1019 2938 1075 ἀλλά
2968 1021 3281 1091 συγχαίρειν
3303 1019 3549 1088 λέγονται
3571 1019 3649 1089 τῷ
3673 1017 3790 1089 Θεῷ
3819 1023 3888 1092 τῇ
3910 1019 4024 1073 τῶν

2439 1115 2792 1170 ἀπολωλότων
2828 1115 3076 1186 εὑρέσει,
3107 1113 3289 1177 καθὼς
3319 1114 3378 1165 ὲν
3408 1112 3760 1186 Εὐαγγελίοις
3809 1113 4022 1183 μανθὰ-

2439 1227 2636 1280 νομεν,
2686 1207 2828 1260 κατά
2870 1206 2967 1276 τὴν
3012 1206 3217 1275 θεοειδῆ
3266 1203 3570 1276 ῥᾳστώνην.
3621 1204 3922 1273 Ἀναλόγως
3965 1205 4024 1258 δὲ

2441 1304 2532 1356 ἐπὶ
2567 1301 2809 1369 ἀγγέλων
2856 1299 3074 1369 νοητέον
3109 1299 3168 1350 τὸ
3213 1299 3310 1369 τῆς
3357 1295 3638 1368 ῥᾳστώνης
3668 1297 3836 1367 ὄνομα
3859 1314 3872 1326 ·
3920 1301 4021 1369 pg-

2442 1394 2615 1464 στώνη
2660 1394 2767 1465 γάρ
2799 1393 2945 1445 ἐστιν
2982 1394 3014 1462 ἡ
3044 1389 3250 1461 ψυχικὴ
3285 1389 3506 1441 εὐκολία
3540 1389 3634 1441 καί
3667 1389 3934 1460 εὐμάρεια
3961 1392 4024 1442 ἐν

2441 1487 2742 1540 ἀναπαύσει
2775 1482 2913 1555 μετά
2943 1482 3229 1545 ἀπαθείας.
3262 1480 3481 1534 Τίθεται
3506 1481 3560 1534 δὲ
3589 1481 3680 1533 ἐπὶ
3704 1479 3809 1532 τῶν
3841 1484 4023 1533 πονεῖν

2445 1581 2518 1650 μὴ
2565 1577 2923 1648 βουλομένων,
2965 1573 3079 1628 ἀλλ’
3126 1572 3434 1645 ἀδιαᾳόρως
3475 1572 3574 1644 ζῇν
3606 1572 3894 1644 ἑλομένων,
3926 1573 4024 1626 καὶ

2443 1673 2694 1742 σημαίνει
2740 1672 2772 1740 ἠ
2819 1669 2962 1736 λέξις
2997 1668 3057 1720 τὸ
3087 1666 3308 1737 εὐχερὲς
3345 1666 3436 1718 καὶ
3465 1666 3563 1717 οὐκ
3606 1664 3890 1716 ἐπίπονονο
3929 1657 4023 1716 ἐπί

2442 1763 2497 1816 δὲ
2530 1763 2639 1815 τῶν
2662 1762 2907 1830 ἀγγέλων
2946 1759 3009 1813 τὸ
3049 1759 3315 1830 μακάμον
3346 1758 3438 1810 καὶ
3468 1756 3676 1819 ἀπαθὲς
3706 1757 3796 1809 καὶ
3825 1755 4028 1826 ἀόχλη-

2443 1871 2531 1908 τον
2574 1856 2882 1925 ὑποφαίνει.
2926 1853 3287 1923 Συγχαίρόυσι
3333 1849 3463 1920 γοῦν
3504 1850 3645 1903 κατά
3672 1851 3770 1921 τὴν
3815 1849 4025 1919 θεοειδῆ

2447 1949 2725 2021 ῥᾳστώνην
2755 1950 2854 2018 τὴν
2875 1950 2985 2010 τοῖς
3014 1947 3263 2019 ἀγγέλοις
3297 1945 3673 2017 προσήκουσαν
3696 1984 3709 2007 ,
3753 1943 3838 1996 διὰ
3867 1941 4027 2001 τοῦτο

2444 2047 2536 2098 καὶ
2574 2043 2779 2114 θεοειδῆ
2810 2039 2928 2095 εἷπε
2953 2059 2964 2069 ⁸
3005 2041 3165 2113 μέσον
3193 2040 3302 2113 γὰρ
3343 2040 3478 2094 Θεοῦ
3519 2040 3612 2092 καὶ
3648 2038 3948 2109 ἀνθρώπων
3975 2038 4026 2089 οι

2445 2139 2574 2191 θεῖοι
2603 2135 2823 2202 ἄγγελοι
2852 2133 3022 2195 ὄντες,
3051 2134 3163 2194 τοῖς
3189 2130 3339 2183 κάτω
3373 2132 3471 2202 μὲν
3507 2130 3880 2193 εἰκονίζονται,
3912 2132 4031 2192 τοῖς-

2447 2233 2557 2284 ᾶνω
2598 2229 2652 2279 δὲ
2693 2226 3140 2296 ὑπεμφαίνονται.
3200 2223 3285 2284 Ὡς
3328 2222 3458 2291 γοῦν
3492 2222 3584 2275 καὶ
3621 2220 3786 2275 τᾶλλα
3821 2222 4027 2291 γηΐνως

2449 2321 2547 2390 μὲν
2597 2318 2875 2385 λέγονται,
2926 2313 3174 2377 θεοειδῶς
3229 2312 3284 2364 δὲ
3337 2311 3798 2382 ὲκλαμϐάνονται,
3855 2309 4026 2372 οὕτως

2446 2411 2585 2462 ἔστω
2616 2410 2708 2460 καὶ
2737 2408 2829 2460 ἐπὶ
2861 2406 2960 2475 τῆς
3002 2402 3319 2476 ῥᾳστώνης·
3360 2401 3474 2455 ἔστι
3515 2402 3623 2473 γὰρ
3665 2400 3894 2469 ἄφθονος
3936 2399 4026 2451 εὐ-

2447 2501 2689 2574 φροσύνη
2717 2497 2945 2561 τούτοις,
2974 2498 3067 2550 καὶ
3107 2495 3188 2565 τῷ
3231 2494 3417 2564 ἀγαθῷ
3452 2493 3571 2564 Θεῷ
3606 2493 3904 2564 πρέπουσα,
3933 2491 4026 2542 ἐπὶ

2446 2598 2512 2666 τῇ
2548 2592 2793 2664 σωτηρίᾳ
2827 2591 2935 2643 τῶν
2981 2590 3073 2641 ἐπὶ
3099 2587 3231 2640 θεὸν
3257 2585 3765 2656 ὲπιστρεφομένων,
3790 2585 3879 2637 καὶ
3901 2581 4026 2650 ὁδη-

2448 2686 2728 2756 γουμένων
2756 2683 2833 2744 είς
2861 2679 3020 2734 τοῦτο
3062 2677 3214 2751 παρὰ
3244 2678 3344 2748 τῆς
3379 2677 3525 2738 θείας
3560 2674 3834 2746 προνοίας.
3878 2673 4028 2726 Ἐπι-

2448 2777 2748 2846 στράφητε
2785 2773 2935 2842 πρὸς
2958 2770 3068 2841 μὲ,
3115 2770 3278 2840 φησὶν
3322 2769 3349 2820 ὁ
3394 2767 3594 2838 Κύριος
3629 2769 3741 2828 τοῖς
3780 2763 3858 2816 ἔτι
3904 2764 4026 2825 ταῖς

2446 2868 2741 2941 ἁμαρτίαις
2766 2863 3196 2934 δεδουλωμένοις,
3220 2861 3530 2927 καὶέπιστι
3549 2857 3852 2928 ags-nminat
3879 2857 4027 2922 πρὸς

2449 2961 2623 3032 ὑμᾶς.
2657 2962 2766 3013 Καὶ
2804 2957 2962 3011 τοῦτό
3002 2957 3119 3008 ἐστι
3162 2954 3222 3007 τὸ
3263 2953 3414 3024 παρά
3452 2951 3530 3022 τῷ
3568 2951 3786 3022 μεγάλῳ
3829 2947 4026 3016 Παύλῳ

2450 3053 2797 3126 δηλούμενον,
2835 3053 2915 3104 ὅτι
2942 3047 3176 3122 Χριστὸς
3219 3047 3358 3118 ὑπὲρ
3398 3045 3552 3116 ἡμῶν
3581 3042 3911 3114 ἁμαρτωλῶν
3943 3042 4024 3092 ἑτι

2377 3170 2416 3226 C
2451 3145 2621 3197 ὄντων
2664 3143 2922 3196 ἀπέθανε.
2959 3139 3064 3192 Καὶ
3101 3137 3258 3208 χάρις
3284 3138 3349 3206 τῇ
3388 3133 3548 3188 αὐτοῦ
3578 3133 3789 3203 ἀπείρῳ
3818 3146 4026 3200 μακροο

2453 3234 2621 3304 θυμίᾳ
2655 3233 2749 3285 καὶ
2786 3229 3117 3298 ἀγαθότητι,
3157 3226 3238 3277 ὅτι
3277 3224 3350 3296 μὴ
3393 3223 3552 3296 μόνον
3599 3221 3878 3291 προσίεται
3922 3216 4024 3287 τὴν

2456 3331 2760 3400 μετάνοιαν,
2806 3321 2940 3377 ἀλλὰ
2974 3323 3067 3374 καὶ
3105 3318 3528 3392 προσκαλεῖται,
3573 3313 3664 3365 καὶ
3710 3309 4026 3380 ἐπιστρέφει

2455 3422 2588 3493 πρὸς
2630 3421 2724 3491 τὴν
2775 3417 3080 3488 μετάνοιαν.
3132 3414 3194 3466 Εί
3241 3410 3368 3479 γοῦν
3402 3411 3495 3462 καὶ
3537 3409 3595 3460 τὸ
3644 3404 3884 3476 ἐμπαθὲς
3925 3401 4032 3454 οὑκ

2453 3514 2597 3566 ἔστιν
2650 3511 2743 3562 ἐπὶ
2787 3510 2893 3561 τῶν
2938 3507 3220 3576 ἀγγέλων,
3266 3503 3328 3555 τὸ
3362 3499 3595 3562 εὐπαθὲς
3629 3499 3795 3550 ἐστιν.
3839 3495 3899 3548 Εἰ
3934 3496 4030 3548 καὶ

2451 3607 2608 3659 τοῦτο
2633 3605 2696 3656 ὲκ
2725 3602 2832 3656 τῶν
2868 3601 2988 3654 καθ’
3024 3600 3188 3670 ἡμᾶς,
3215 3595 3327 3650 ἀλλ’
3352 3591 3444 3647 οὐν
3466 3592 3817 3657 οἱκειότ;ρον·
3853 3588 4031 3657 ἐμπά-

2455 3701 2572 3753 θεια
2615 3698 2723 3769 γάρ
2776 3698 2892 3748 ἐστι
2943 3693 3154 3762 κίνησις
3207 3682 3344 3760 μετά
3379 3686 3622 3749 πάθους,
3666 3681 3926 3736 εὐπάθεια
3974 3680 4032 3733 δὲ

2453 3794 2564 3859 ἕξις
2588 3787 2646 3845 εὖ
2683 3790 2899 3860 ἔχουσα.
2931 3785 3004 3839 Τὸ
3028 3780 3088 3838 εὖ
3117 3783 3306 3835 παθεῖν
3333 3780 3463 3848 γοῦν
3494 3779 3618 3840 τοὺς
3654 3774 3911 3843 ἀγγέλους
3937 3772 4033 3843 δη-

2455 3886 2535 3938 λοῖ
2556 3884 2617 3936 τὸ
2649 3877 2707 3934 εὑ
2734 3881 2878 3952 ἔχειν
2900 3875 2987 3931 διὰ
3021 3874 3242 3937 παντδς,
3274 3872 3368 3926 καὶ
3400 3870 3498 3940 τὴν
3527 3868 3784 3937 ἀπήμονα
3817 3864 4033 3932 ἐκείνην

2456 3974 2807 4028 κατάστασιν.
2835 3968 2998 4040 Δηλοῖ-
3015 3964 3144 4035 γοῦν
3175 3964 3209 4032 ἡ
3233 3961 3376 4032 χαρὰ
3411 3960 3504 4030 τὴν
3546 3959 3781 4029 ἄρρητον
3815 3953 4034 4024 ἐκείνην

2457 4065 2772 4127 εὐπάθειαν,
2817 4057 2884 4132 ἦς
2929 4061 2992 4112 ἐν’
3025 4057 3238 4129 μεθέξει
3273 4053 3531 4113 πολλάκις
3575 4055 3824 4117 γεγόνασι
3857 4045 3949 4097 καὶ
3981 4046 4030 4096 ot

2458 4159 2603 4226 ἅγιοι
2650 4155 2792 4209 κατά
2834 4153 2932 4216 τὰς
2977 4150 3127 4213 θείας
3174 4146 3546 4217 ὲπιφοιτήσεις
3580 4142 3686 4194 τῶν
3734 4138 3886 4192 θείων
3935 4140 4033 4190 καὶ

2459 4249 2612 4312 θεοὺς
2649 4239 3030 4319 ἐργαζομένων
3056 4239 3403 4310 ὲλλάμψεωψ
3443 4235 3564 4288 καθ’
3600 4233 3666 4302 ἢν
3693 4231 3901 4291 πάντως
3937 4228 4028 4280 εὕ-

2456 4339 2613 4408 λογὸν
2641 4341 2785 4391 ἐστιν
2813 4332 3175 4405 ἐκλαμϐάνειν
3199 4333 3295 4384 καὶ
3325 4330 3385 4382 τὸ
3409 4328 3553 4399 ἱερὸν
3577 4323 3670 4377 τοῦ
3698 4322 4034 4390 Εὑαγγελίου

2465 4433 2622 4505 ῥητόν
2647 4448 2658 4459 '
2705 4428 3046 4497 Ἐχάρησαν
3084 4426 3196 4479 οὖν
3241 4427 3294 4477 οἱ
3340 4418 3594 4492 μαθηταὶ
3616 4457 3629 4479 ,
3665 4415 3886 4479 ἰδόντες
3922 4413 4031 4466 τὸν

795 4536 1017 4601 illapsus
1045 4531 1258 4584 divinos
1307 4526 1614 4580 divinarum
1656 4521 2078 4587 deiﬁcaruutque
2123 4516 2329 4569 illustra

2452 4526 2679 4591 Κύριον
2699 4539 2711 4552 ο
2746 4521 2806 4573 οὐ
2823 4519 2932 4590 γὰρ
2958 4514 3093 4570 εἶδον
3118 4513 3322 4578 ἁπλῶς,
3346 4515 3420 4576 ὼς
3442 4512 3537 4565 καὶ
3567 4509 3752 4563 ἄλλοτε
3783 4507 4039 4571 ἔϐλεπον,

795 4631 998 4679 tiouum
1045 4644 1053 4675 :
1089 4638 1192 4690 quo
1220 4635 1380 4673 sensu
1418 4618 1579 4670 etiam
1613 4623 1760 4668 recte
1790 4612 1909 4678 capi
1945 4609 2112 4678 possit
2144 4623 2353 4662 sacrum

798 4719 924 4771 illud
967 4715 1170 4768 dictum
1218 4711 1488 4779 Evangelii
1527 4729 1536 4762 ε
1583 4706 1756 4761 (invisi
1795 4714 1915 4758 sunt
1961 4699 2226 4769 discipuli,
2250 4701 2357 4753 viso

800 4810 1021 4862 Domino
1052 4819 1097 4857 ει.
1147 4804 1258 4857 Non
1291 4807 1431 4854 enim
1465 4800 1691 4867 simplici
1741 4800 1949 4850 ratione
1992 4793 2242 4847 videbant
2273 4791 2354 4859 ip-

799 4919 916 4954 suzn
945 4900 1021 4949 uti
1046 4897 1198 4958 alias,
1218 4896 1309 4948 sed
1333 4903 1452 4960 post
1478 4900 1703 4944 mortem
1731 4893 1929 4951 vivum,
1957 4898 2012 4941 et
2039 4902 2103 4940 ei:
2134 4884 2360 4936 mortuis

798 5002 920 5060 post
969 4987 1324 5056 sel'tulturam,
1373 4992 1426 5035 et
1471 4997 1593 5033 cum
1645 4981 1876 5032 humano
1925 4979 2118 5031 decore
2166 4973 2364 5028 divinis

800 5097 1016 5150 quoque
1045 5080 1260 5132 dotibus
1297 5076 1581 5128 illustrem.
1617 5071 1847 5124 Pulchre
1887 5071 2006 5131 hoc,
2046 5069 2121 5120 uti
2164 5079 2220 5120 et
2261 5067 2364 5118 alia

802 5173 1077 5240 t-on'iplura
1108 5185 1138 5222 a
1173 5177 1362 5221 sancto
1391 5167 1493 5219 hoc
1524 5166 1640 5216 viro
1675 5177 1828 5215 sacro
1853 5177 1916 5212 ac
1955 5157 2165 5214 sublimi
2205 5159 2363 5211 modo

803 5264 1075 5330 disputata
1115 5269 1274 5323 sunt;
1323 5259 1463 5309 unde
1509 5255 1672 5308 etiam
1717 5251 2043 5306 concludens
2089 5263 2365 5303 sermones

804 5368 929 5405 suos
964 5353 1041 5403 ait
1089 5373 1101 5403 ;
1140 5349 1262 5400 Haec
1294 5348 1512 5414 quidem
1543 5347 1608 5398 de
1639 5344 1745 5409 his,
1780 5355 1897 5409 qua:
1935 5341 2057 5393 licet
2095 5342 2161 5393 ab
2205 5354 2364 5392 accu-

808 5454 923 5494 rata
951 5442 1275 5494 tractatione
1299 5437 1499 5500 absint,
1526 5445 1704 5488 tamen
1733 5434 1783 5486 id
1803 5432 2058 5494 cﬂicieut,
2083 5430 2157 5482 uti
2184 5445 2358 5497 spero,

808 5552 875 5588 ne
924 5535 1130 5602 abjccte
1181 5531 1318 5601 typis
1362 5531 1728 5589 immorentur,
1779 5521 1998 5594 quando
2047 5524 2114 5575 de
2162 5521 2366 5588 angelis

809 5627 1082 5694 quidpiam
1119 5623 1170 5674 in
1201 5623 1496 5690 Scripturis
1524 5619 1824 5674 audiemus.
1856 5614 2009 5682 Quod
2047 5615 2090 5668 si
2117 5614 2364 5684 obiicias,

915 5791 942 5829 7
967 5795 1099 5835 Luc.
1141 5799 1200 5835 ιι·
1228 5823 1241 5847 ,
1275 5783 1354 5835 ιι).
1438 5790 1456 5814 ι
1489 5780 1651 5833 Ζιζίι.
1684 5797 1734 5844 t,
1766 5779 1818 5831 ὖ.
1895 5791 1920 5818 ιι
1951 5777 2105 5833 Joan.
2141 5796 2236 5847 sx,
2261 5776 2350 5833 ‘30.

2467 4612 2601 4664 ἀλλὰ
2638 4610 2774 4682 μετά
2814 4609 3039 4663 θάνατον
3065 4605 3261 4671 ζῶντα,
3290 4604 3383 4658 καὶ
3425 4605 3490 4655 ὲκ
3524 4600 3732 4671 νεκρῶν
3767 4597 3898 4668 μετά
3931 4597 4032 4668 τὴν

2464 4707 2672 4776 ταφὴν,
2719 4707 2810 4758 καὶ
2839 4702 2976 4775 μετά
3010 4703 3077 4756 τὰ
3116 4696 3549 4772 ἀνθρωποπρεπῆ
3585 4694 3766 4745 ἐκεῖνα
3803 4690 3871 4743 τὰ
3909 4689 4030 4743 θεῖα

2465 4805 2560 4856 καὶ
2594 4804 2732 4873 ὑπὲρ
2763 4802 3044 4870 ἄνθρωπον
3083 4797 3288 4867 ἔχοντα.
3327 4791 3521 4852 Καλῶς
3558 4790 3620 4841 τὺ
3662 4784 3786 4849 καὶ,
3819 4786 3896 4838 ὅτι
3936 4785 4032 4840 καὶ

2466 4894 2600 4949 ἄλλα
2624 4891 2792 4946 πολλὰ
2819 4889 2975 4958 ἱερῶς
3009 4889 3102 4939 καὶ
3126 4883 3341 4956 ὑῂλῶς
3376 4880 3452 4951 τῷ
3476 4879 3616 4949 ἁγίῳ
3649 4876 4030 4946 πεφιλοσόφην-

2465 5003 2586 5037 ταιι
2625 4983 2745 5036 ὃθεν
2788 4981 2882 5034 καὶ
2923 4978 3258 5048 ἀποθέμενος
3292 4974 3416 5036 τοὺς
3457 4972 3648 5040 λόγους
3687 4969 3862 5037 λέγει·
3889 4969 4029 5021 Τοσ-

2467 5076 2608 5129 αῦτα
2630 5074 2722 5127 καὶ
2762 5074 2889 5144 περὶ
2921 5071 3121 5123 τούτων
3141 5108 3154 5131 ,
3179 5067 3277 5137 τῆς
3308 5066 3402 5136 μὲν
3436 5064 3718 5133 ἀκριϐείας
3743 5060 4030 5114 ἀπολειπό-

2473 5183 2627 5236 μενα,
2666 5161 3017 5215 συντελοῦντα
3048 5161 3136 5225 δὲ,
3163 5159 3237 5221 ὡς
3272 5153 3668 5225 ὑπολαμϐάνω,
3705 5151 3838 5222 πρὸς
3860 5149 3924 5210 τὸ
3959 5152 4030 5223 μὴ

2467 5255 2735 5318 ταπεινῶς
2773 5255 2920 5325 ἡμᾶς
2957 5251 3304 5322 ὲναπομένειν
3351 5250 3464 5312 τοῖς
3509 5246 3732 5309 τύποις,
3776 5246 3863 5297 ὅτε
3907 5243 4032 5313 περὶ

2463 5348 2572 5401 τῶν
2607 5345 2850 5414 ἀγγέλων
2875 5346 2932 5396 ἐν
2955 5345 3074 5406 ταῖς
3100 5344 3272 5412 ἱεραῖς
3299 5341 3540 5412 Γραφαῖς
3565 5337 3851 5407 ἀκούομεν.
3888 5336 3954 5388 El
3977 5337 4030 5390 δὲ

2468 5438 2641 5504 λέγεις
2662 5479 2674 5502 ,
2703 5431 2746 5489 ὦ
2778 5436 3028 5505 ἀγαπητὲ
3065 5432 3321 5503 Τιμόθεε,
3365 5432 3441 5494 ὡς
3481 5431 3540 5484 οὐ
3573 5428 3681 5482 τῶν
3709 5429 3952 5491 πάντων,
3996 5426 4029 5481 ἃ

2467 5531 2529 5600 δὴ
2569 5531 2625 5582 ὲν
2663 5533 2781 5590 ταῖς
2829 5530 2999 5599 ἱεραῖς
3033 5527 3273 5597 Γτιαιραῖς
3315 5524 3441 5596 περὶ
3484 5521 3727 5590 ἀγγέλων
3770 5519 4029 5589 λεγόμενα

2470 5620 2841 5690 εὑρίσκονται,
2895 5618 3080 5688 μνείαν
3123 5613 3526 5686 ἐποιησάμεθα·
3569 5611 3744 5665 ἐκείνὸ
3780 5627 3862 5664 στι
3895 5610 4028 5664 dm-
