4176 6308
771 372 860 429 171

1935 369 1987 423 8.
2025 368 2321 426 DIONYSII
2355 367 2815 424 AR‘EOPAGITAS

3919 359 4016 413 τρἶὲ

760 506 830 549 ex
879 488 1407 560 supermundialibus
1454 495 1508 542 et
1537 487 1923 543 sacratissimis
1973 490 2210 543 oraculis
2237 490 2330 541 de-

2456 489 2842 559 ῠπερκοσμίων
2886 487 2979 540 καὶ
3015 484 3320 557 ίερωτάτων
3351 484 3501 555 ἡμᾶς
3526 479 3797 544 ἀποδεῖξαι
3820 479 4016 546 λογίων

763 582 1177 639 monstrandum
1201 581 1358 636 nobis
1378 589 1461 635 est
1485 580 1572 649 iis,
1588 581 1677 651 qui
1702 595 1769 634 ex
1799 580 2151 638 hierarchicis
2174 582 2333 655 155

762 669 1040 743 mysteriis
1079 671 1575 739 traditionibusque
1617 685 1774 725 sacro
1803 681 1928 726 sunt
1971 672 2073 727 hoc
2111 690 2334 728 munere

764 761 983 818 initiati.
1025 761 1131 817 Sed
1181 763 1303 816 vide
1340 778 1409 817 ne
1447 761 1706 831 explodas
1752 763 1950 817 Sancta
1999 775 2330 829 sanctorum,

766 854 891 921 quin
926 854 1103 923 potius
1132 869 1332 908 arcana
1382 854 1471 908 Dei
1503 854 1855 915 revereberis.
1890 869 1954 908 ac
1995 855 2332 925 spiritalibus

767 944 1351 1014 lnaspectabilibusque
1377 943 1687 998 notionibus
1713 944 2031 1008 celebrabis,
2057 945 2333 1001 inaccessa

764 1035 980 1104 quidem
1032 1033 1276 1102 profanis
1322 1033 1406 1087 illa
1460 1043 1514 1090 et
1562 1036 1767 1090 intacta
1809 1037 2163 1099 reservando,
2206 1035 2337 1092 solis

765 1141 895 1185 vero
922 1129 1125 1183 sanctis
1153 1144 1277 1183 cum
1320 1141 1473 1183 sacra
1506 1128 1760 1194 quadam,
1794 1130 1871 1183 uti
1913 1130 1995 1185 fas
2035 1138 2139 1196 est,
2171 1130 2337 1185 clari-

768 1231 877 1274 tate
902 1235 992 1275 res
1022 1234 1208 1274 sacras
1238 1222 1711 1276 communicando.
1752 1221 1841 1276 Sic
1870 1222 2036 1287 enim,
2069 1222 2142 1275 uti
2186 1222 2339 1278 nobis

768 1311 962 1367 divinis
1012 1313 1527 1385 contemplatoribus
1570 1314 1793 1369 tradidit
1846 1313 2133 1384 theologia,
2175 1314 2339 1370 etiam

767 1401 993 1469 ipsemet
1017 1399 1174 1457 Jesus
1213 1403 1521 1472 (divinitate
1549 1402 1941 1457 transcendens
1983 1418 2046 1456 ac
2091 1416 2343 1472 superes-

766 1493 1009 1549 sentialis
1054 1510 1223 1559 mens,
1269 1496 1536 1554 universae
1575 1496 1941 1552 ordinationis
1986 1511 2176 1562 sacrae,
2216 1513 2344 1551 sau-

768 1586 1147 1657 ctimonizeque
1198 1602 1262 1642 ac
1312 1589 1507 1644 divina:
1554 1590 1853 1645 functionis
1909 1588 2233 1658 principium
2288 1600 2345 1644 et

768 1677 1027 1742 essentia,
1060 1680 1343 1749 virtusque
1398 1680 1760 1752 divinissima)
1796 1682 1971 1736 beatis
2012 1681 2129 1737 istis
2161 1682 2348 1737 nobis-

769 1786 875 1837 que
904 1770 1075 1827 multo
1095 1773 1565 1842 przestantioribus
1595 1777 1800 1839 naturis
1824 1774 2164 1837 manifestius
2183 1773 2346 1835 simul

2444 580 2549 649 Χρὴ
2600 582 2714 641 τοῖς
2755 578 2854 649 τῆς
2916 579 3066 649 ἱερᾶς
3114 575 3496 649 μυσταγωγίας
3539 574 3636 645 τὴν
3687 570 3903 641 τελετὴν
3959 568 4017 630 ἐξ

2445 672 2774 741 ἱεραρχικῶν
2801 669 3112 740 μυστηρίων
3128 669 3220 722 καὶ
3234 663 4011 738 παραδόσεωντιτελεσμένοις.

2452 764 2590 816 Ἀλλ’
2625 764 2726 835 ὅρα
2760 764 2905 825 ὅπως
2938 763 3037 814 οὐκ
3081 760 3348 832 ὲξορχήσῃ
3395 757 3464 811 τὰ
3495 758 3622 827 ἅγια
3659 756 3763 809 τῶν
3803 754 3975 822 ἁγίων
3997 769 4011 782 ·

2440 855 2791 928 εὐλαϐηθήσῃ
2817 854 2904 920 δὲ,
2945 856 3039 909 καὶ
3079 852 3149 907 τὰ
3180 852 3273 905 τοῦ
3308 851 3541 923 κρυφίου
3572 848 3705 902 Θεοῦ
3733 850 3849 911 ταῖς
3888 863 4014 899 νοε-

2442 950 2629 1020 ραὶ’ς“Η
2685 950 2778 1001 καὶ
2824 948 3073 1018 ἀοράτοις
3119 945 3352 1015 γνώσεσι
3416 943 3686 1013 τιμήσεις,
3736 935 4018 1012 ἀμέθεκτσ.

2444 1043 2542 1113 μὲν
2599 1041 2737 1095 αὐτὰ
2778 1043 2873 1095 καὶ
2926 1041 3175 1112 ἄχραντα·
3202 1041 3316 1102 τοίς
3363 1036 3667 1098 ἀτελέστοις
3706 1033 4016 1104 διατηρῶν·

2445 1136 2613 1207 ἱεροῖς
2653 1135 2709 1188 δὲ
2758 1135 2940 1205 μόνοις
2980 1131 3089 1185 τῶν
3144 1130 3305 1203 ἱερῶν
3352 1129 3469 1200 μεθ’
3516 1129 3665 1198 ἱερᾶς
3696 1126 4019 1196 ἐλλάμψεως

2445 1227 2786 1299 ἱεροπρεπῶς
2819 1226 3091 1279 κοινωνῶν
3132 1224 3290 1278 Οὕτω
3316 1222 3443 1293 γὰρ,
3464 1222 3539 1285 ὡς
3573 1223 3604 1292 ἠ
3631 1218 3863 1288 θεολογία
3898 1222 4021 1281 τοῖς

2444 1320 2733 1383 θιασώταις
2791 1322 2921 1390 ἡμῖν
2956 1317 3323 1389 παραδέδωκε,
3361 1318 3452 1369 καὶ
3485 1315 3646 1377 αὐτὸς
3686 1312 3886 1382 Ἰησοῦς
3909 1352 3926 1375 ,
3964 1313 4023 1379 (ὁ

2445 1411 2879 1483 θεαρχικώτατος
2904 1410 3027 1474 νοῦς
3060 1410 3152 1463 καὶ
3185 1410 3525 1479 ὑπερούσιος,
3562 1408 3594 1477 ἡ
3628 1406 3802 1476 πάσης
3836 1406 4025 1474 ίεραρ-

2447 1505 2588 1573 χίας,
2605 1503 2920 1570 ἁγιαστείας
2939 1519 2997 1553 τε
3023 1501 3113 1554 καὶ
3139 1499 3428 1569 θεουργίας
3450 1498 3589 1569 ἀρχὴ
3617 1498 3707 1559 κα),
3727 1496 3897 1556 ούσία,
3925 1495 4023 1546 καὶ

2449 1595 2859 1666 θεαρχικωτάτη
2894 1592 3167 1664 δύναμις,)
3192 1594 3311 1655 ταῖς
3332 1600 3392 1644 τε
3416 1590 3714 1662 μακαρίαις
3738 1590 3828 1651 καί
3854 1588 4018 1659 ἡμῶν

2448 1690 2748 1760 κρείττοσιν
2779 1688 2985 1751 οὐσίαις
3008 1687 3405 1758 ἐμφανέστερον
3430 1686 3545 1755 ἅμα
3578 1684 3670 1737 καὶ
3693 1681 4024 1755 νοερώτερον

2449 1782 2731 1852 ἐλλάμπει,
2766 1782 2860 1834 καὶ
2895 1781 3028 1852 πρὸς
3058 1781 3119 1832 τὸ
3164 1780 3364 1832 οίκεϊον
3397 1778 3565 1840 αὐτὰς
3596 1777 3840 1848 ἀφομοιοί
3872 1774 4024 1829 κατὰ

769 1875 825 1917 et
872 1865 1304 1935 intelligibilibus
1340 1866 1577 1935 aﬂ’ulget,
1610 1876 1667 1921 et
1716 1870 1784 1923 ad
1827 1868 2124 1938 propriam,
2162 1864 2345 1935 quoad

2451 1872 2674 1942 δύναμιν
2707 1871 2822 1942 φῶς
2841 1889 2855 1901 ·
2893 1870 3047 1940 ἡμῶν
3071 1887 3130 1925 τε
3157 1869 3233 1941 τῷ
3271 1870 3406 1941 πρὸς
3437 1868 3597 1922 αὑτὸν
3626 1864 4025 1935 ἀνατεινομένῳ

773 1956 888 2010 fieri
921 1966 1119 2027 potest.
1151 1973 1243 2012 eas
1275 1958 1447 2013 lucem
1475 1959 1731 2016 informat
1762 1984 1771 2017 :
1804 1961 1933 2030 quin
1970 1968 2023 2015 et
2055 1962 2261 2014 intento
2292 1960 2343 2014 in

770 2063 892 2104 eum
922 2050 1092 2103 amori
1124 2061 1329 2117 nostro,
1369 2061 1423 2106 et
1453 2053 1520 2107 ad
1566 2068 1653 2107 res
1695 2068 1794 2109 nos
1836 2053 2034 2123 probas
2074 2052 2344 2114 incitanti,

774 2142 1089 2211 frequentes
1121 2143 1386 2199 admiscet
1409 2147 1721 2210 varietates,
1746 2157 1910 2215 atque
1930 2146 1995 2199 ad
2020 2144 2345 2199 uniformetu

774 2239 836 2291 a‘e
857 2235 1093 2293 divinam
1122 2252 1219 2293 nos
1240 2238 1403 2292 vitam
1434 2238 1749 2307 instituens,
1767 2237 2139 2293 habitudinem
2160 2252 2347 2306 quant-

772 2330 919 2394 dam,
952 2339 1007 2386 et
1044 2346 1245 2395 rerum,
1280 2333 1355 2385 uti
1401 2348 1500 2401 par
1543 2343 1645 2397 est,
1692 2347 1973 2386 sacrarum
2017 2331 2345 2387 effectricem

773 2420 939 2475 diVini
963 2423 1253 2477 sacerdotii
1283 2422 1532 2477 virtutem
1557 2422 1888 2492 impertitur;
1909 2437 2014 2493 qua
2041 2424 2106 2478 ad
2133 2437 2345 2478 sacram

773 2512 1062 2567 sacerdotii
1114 2512 1445 2569 iunctionem
1503 2514 1863 2579 accedentes,
1916 2515 2134 2584 ipsimet
2183 2517 2345 2572 etiam

775 2606 1045 2674 supremis
1072 2606 1188 2662 istis
1212 2607 1514 2677 spiritibus,
1537 2608 1680 2662 sacri
1707 2608 1921 2663 illorum
1955 2618 2148 2673 status,
2176 2624 2347 2679 quan-

776 2706 888 2751 tum
915 2698 1062 2763 licet,
1093 2699 1354 2755 imitando
1379 2700 1739 2755 constantiam
1770 2716 1834 2755 ac
1862 2701 2197 2766 firmitatem,
2222 2718 2349 2771 pro-

775 2789 1089 2859 pinquiores
1143 2792 1479 2859 evadamus,
1524 2795 1767 2863 adeoque
1818 2793 1886 2848 ad
1942 2793 2072 2849 Jesu
2128 2809 2347 2864 quoque

779 2891 993 2937 beatam
1026 2882 1168 2937 illam
1203 2884 1550 2956 divinamque
1585 2886 1761 2942 lucem
1790 2886 2133 2958 aspicientes,
2164 2901 2343 2954 sacro,

777 2976 954 3041 quoad
999 2975 1196 3032 intueri
1236 2976 1320 3033 fas
1359 2988 1465 3045 est,
1516 2980 1621 3033 ritu
1669 2980 2034 3049 speculantes,
2076 2980 2345 3036 visionum

779 3066 967 3134 etiam,
993 3066 1148 3135 juxta
1196 3072 1477 3139 mysticam
1519 3072 1821 3137 scientiam,
1866 3073 2119 3127 illustrati
2162 3074 2348 3144 cogni-

783 3160 949 3227 tione,
997 3162 1299 3219 cousecrati
1351 3180 1415 3219 ac
1461 3174 1867 3229 consecrantes,
1920 3164 2231 3220 luciformes
2283 3181 2347 3222 ac

781 3253 982 3322 deiﬁci,
1020 3255 1245 3325 perfecti
1288 3270 1352 3311 ac
1384 3257 1717 3327 perfectores
1754 3258 1985 3315 evadere
2027 3261 2344 3329 poterimus.

2447 1967 2539 2018 καὶ
2570 1967 2715 2035 ἡμᾶς
2749 1966 3075 2018 ἀνατείνοντι
3110 1963 3219 2015 τῶν
3252 1962 3431 2015 καλῶν
3464 1960 3645 2032 ἔρωτι,
3683 1958 4022 2029 συμπτύσσει

2446 2059 2545 2121 τὰς
2580 2058 2776 2122 πολλὰς
2825 2057 3179 2128 ἑτερότητας,
3231 2057 3324 2109 καὶ
3368 2057 3446 2118 εἱς
3497 2053 3698 2123 ἐνοειδῆ
3734 2053 3821 2105 καὶ
3865 2050 4019 2105 θείαν

2448 2153 2845 2216 ἀποτελειώσας
2869 2153 3034 2224 ζωὴν,
3053 2152 3165 2218 ἕξιν
3188 2168 3247 2203 τε
3276 2152 3368 2215 καὶ
3401 2149 3698 2220 ἐνέργειαν,
3720 2146 4020 2219 ἱεροπρεπῆ

2445 2247 2697 2318 δωρεῖται
2738 2245 2835 2315 τῆς
2871 2244 3022 2307 θείας
3077 2242 3376 2314 ἱερωσύνης
3421 2242 3522 2312 τὴν
3567 2239 3820 2308 δύναμιν’
3857 2235 3919 2301 ἐξ
3952 2230 4021 2305 ἦς

2447 2341 2540 2392 ἐπὶ
2572 2340 2669 2409 τὴν
2703 2338 2864 2407 ἁγίαν
2909 2338 3190 2407 ἐρχόμενοι
3240 2336 3339 2404 τῆς
3395 2331 3663 2403 ἱερατείας
3704 2330 4021 2399 ἐνέργειαν,

2448 2442 2731 2512 ὲγγύτεροι
2762 2442 2862 2511 μὲν
2907 2439 3059 2494 αὐτοὶ
3086 2436 3400 2506 γινόμεθα⁷¹
3433 2435 3541 2488 τῶν
3585 2434 3724 2504 ὑπὲρ
3756 2435 3900 2503 ἡμᾶς
3928 2433 4023 2482 ού-

2450 2531 2579 2584 σιῶν
2612 2533 2677 2602 τῇ
2706 2529 2846 2583 κατὰ
2873 2529 3098 2599 δύναμιν
3119 2527 3449 2598 ὰφομοιώσει
3475 2525 3567 2578 τοῦ
3596 2526 3818 2595 μονίμου
3846 2540 3906 2575 τε
3931 2524 4023 2575 καὶ

2447 2622 2839 2686 ἀνεξαλλάκτου
2872 2622 2969 2691 τῆς
3002 2620 3177 2672 αὐτῶν
3211 2620 3361 2691 ἱερᾶς
3396 2617 3653 2689 ἱδρύσεως
3677 2656 3690 2680 ,
3727 2616 3819 2672 καὶ
3848 2614 4023 2670 ταύτῃ

2448 2716 2585 2785 πρὸς
2630 2714 2727 2784 τὴν
2774 2712 3048 2784 μακαρίαν
3094 2709 3267 2779 Ἰησοῦ
3312 2710 3408 2763 καὶ
3450 2708 3745 2778 θεαρχικὴν
3795 2705 4023 2775 αὐτὴν⁷³

2446 2803 2847 2872 ἀναϐλέψαντες
2869 2844 2883 2867 ,
2931 2804 3031 2857 ὅσα
3060 2814 3121 2855 τε
3158 2802 3284 2855 ἱδεῖν
3324 2801 3544 2871 ἐφικτὸν
3591 2798 4019 2858 ἐποπτεύσαντες

2452 2895 2610 2967 ἱερῶς
2632 2897 2698 2959 ⁷⁵,
2735 2897 2826 2949 καὶ
2864 2895 2962 2966 τῆς
3007 2894 3291 2965 θεαμάτων
3324 2892 3574 2962 γνώσεως
3608 2889 4025 2961 ἐλλαμφθέντες,

2446 2987 2543 3056 τὴν
2580 2987 2846 3058 μυστικὴν
2886 2988 3196 3057 ἐπιστήμην
3243 2982 3609 3055 ἁφιερωμένοι
3656 2981 3750 3035 καὶ
3782 2982 4023 3048 ἀφιερω-

2450 3081 2558 3143 ταὶ,
2595 3080 2903 3149 φωτοειδεῖς
2937 3079 3030 3133 καὶ
3058 3079 3366 3151 θεουργικοὶ.
3388 3078 3456 3142 ⁷⁸,
3508 3074 3880 3143 τετελεσμένοι
3932 3070 4025 3128 καὶ

2453 3172 2817 3244 τελεσιουργοὶ
2851 3171 3103 3241 γενέσθαι
3136 3168 3493 3241 δυνησόμεθα.

2329 3441 2356 3512 §
2395 3449 2457 3510 ll.

857 3582 1118 3650 Quisnam
1156 3587 1227 3638 sit
1261 3598 1392 3656 ergo
1438 3599 1595 3641 sacer
1620 3586 1937 3656 angelorum
1969 3594 2024 3641 et
2057 3587 2345 3655 archange-

2522 3586 2616 3649 Τίς
2658 3586 2756 3656 μὲν
2787 3580 2880 3639 οῦν
2927 3586 2959 3655 ή
2989 3584 3097 3637 τῶν
3130 3584 3518 3653 ἀγγέλωνρὲστὶ
3549 3584 3640 3636 καὶ
3676 3583 4030 3653 ἀρχαγγέλων

787 3677 961 3733 lorum
1008 3676 1165 3741 ordo,
1198 3691 1300 3732 nec
1350 3692 1456 3732 non
1518 3678 2032 3747 supermundialium
2085 3678 2358 3747 principa-

790 3776 939 3824 tuum
963 3781 1026 3825 ac
1050 3776 1398 3839 potestatum,
1426 3770 1793 3840 virtutumdue
1816 3786 1880 3825 ac
1902 3771 2354 3839 dominationum,

788 3871 843 3915 et
872 3863 1188 3921 tbronorum
1218 3862 1523 3920 divinorum
1556 3864 1953 3936 aequaliumque
2000 3866 2211 3921 thronis
2258 3883 2357 3921 na-

791 3964 1057 4018 turarum,
1087 3970 1223 4025 quas
1270 3958 1488 4012 assiduo
1512 3967 1885 4027 perpetuoque
1922 3959 2067 4013 circa
2104 3958 2272 4014 Deum
2301 3971 2361 4014 et

791 4060 916 4100 cum
963 4045 1073 4100 Deo
1112 4048 1317 4102 versari
1367 4049 1636 4121 theologia
1681 4051 1865 4113 tradit,
1907 4050 2192 4105 cherubim
2236 4051 2358 4105 illas

791 4138 1017 4194 Hebraeo
1056 4141 1321 4195 vocabulo
1368 4157 1431 4197 ac
1481 4142 1750 4212 seraphim
1791 4143 2091 4217 appellans,
2134 4158 2195 4198 ea
2238 4159 2361 4212 qua:

792 4232 859 4284 de
904 4230 1079 4286 sacris
1140 4229 1421 4287 beatarum
1468 4236 1698 4289 istarum
1756 4235 2016 4289 mentium
2077 4236 2359 4292 ordinibus

792 4337 857 4377 ac
906 4323 1346 4381 distinctionibus
1390 4342 1419 4380 a
1464 4329 1619 4382 nobis
1660 4329 1967 4398 conscripta
2012 4340 2157 4395 sunt,
2203 4330 2353 4385 evol-

792 4414 965 4469 vendo
994 4417 1322 4485 comperies;
1368 4418 1421 4471 in
1455 4418 1647 4487 quibus
1687 4419 1787 4472 etsi
1838 4434 1941 4474 non
1990 4435 2087 4488 pro
2142 4420 2350 4483 merito.

792 4523 891 4576 pro
932 4510 1073 4563 virili
1114 4520 1264 4565 certe
1302 4522 1506 4580 nostra,
1550 4523 1604 4567 et
1642 4514 1818 4582 quoad
1859 4516 2348 4571 sacratissimarum

796 4599 1058 4673 theologia
1109 4602 1515 4673 Scripturarum
1566 4604 1913 4673 explanavit,
1969 4621 2189 4661 sacrum
2244 4608 2356 4661 illa-

2463 3679 2734 3750 ἱεραρχία,
2762 3680 2851 3731 καὶ
2887 3677 2994 3731 τῶν
3029 3677 3413 3749 ὑπερκοσμίων
3447 3674 3630 3746 ἀρχῶν
3662 3691 3743 3737 τε,
3769 3675 3860 3726 καὶ
3881 3673 4027 3738 ἐξου-

2462 3770 2610 3835 σιῶν,
2645 3770 2739 3824 καὶ
2767 3769 3070 3839 δυνάμεων,
3096 3769 3188 3821 καὶ
3223 3768 3558 3839 κυριοτήτων
3583 3783 3665 3826 τε,
3692 3766 3783 3819 καὶ
3807 3764 3961 3818 θείων
3982 3765 4030 3795 ’⁵

2461 3862 2665 3935 θρόνων
2685 3902 2699 3925 ,
2735 3862 2766 3933 ἢ
2793 3862 2899 3915 τῶν
2931 3861 3216 3932 ὁμοταγῶν
3251 3862 3362 3923 τοῖς
3394 3859 3601 3929 θρόνοις
3634 3857 3832 3911 οὐσιῶν
3854 3898 3868 3921 ,
3900 3857 3962 3916 ἃς
3997 3859 4029 3925 ή

2462 3954 3021 4027 θεολογίαηπροσεχῶς
3060 3955 3155 4009 καὶ
3195 3955 3282 4007 ἀεὶ
3325 3954 3450 4024 περὶ
3481 3951 3610 4004 Θεόν
3640 3967 3701 4003 τε
3750 3946 3888 4003 εἶναι
3938 3952 4033 4006 καὶ

2466 4048 2604 4118 μετά
2642 4046 2775 4100 Θεοῦ
2826 4047 3192 4118 παραδίδωσι,
3245 4031 3521 4115 Χερουϐὶμ
3557 4040 3720 4104 αὑτὰς
3767 4040 4032 4110 Ἐϐραὶω)

2464 4143 2614 4213 φωνῇ
2649 4142 2742 4193 καὶ
2769 4137 3016 4210 Σεραφὶμ
3048 4135 3404 4207 όνομάξουσα,
3437 4130 3556 4198 ταῖς
3586 4135 3695 4187 τῶν
3723 4133 4033 4201 διακόσμων

2464 4233 2642 4287 αὐτῶν
2675 4235 2765 4290 καὶ
2797 4230 3086 4303 ἱεραρχιῶν
3127 4229 3308 4299 ἁγίαις
3350 4228 3537 4294 τάξεσι
3585 4227 3680 4281 καὶ
3732 4225 4031 4296 διαιρέσεσι

2463 4326 2891 4397 περιτυγχάνων,
2915 4324 3162 4394 εὑρήσεις
3178 4323 3235 4375 ἐν
3260 4321 3465 4384 τούτοις
3488 4320 3661 4390 ἡμῶν,
3685 4319 3783 4371 οὐκ
3798 4316 4032 4381 ἐπαξίως

2466 4421 2583 4490 μὲν,
2607 4419 2681 4481 ὼς
2702 4418 2921 4487 ἐφικτὸν
2943 4418 3020 4481 δὲ,
3043 4418 3137 4469 καὶ
3152 4416 3227 4479 ὡς
3252 4419 3285 4486 ἡ
3316 4413 3561 4481 θεολογία
3582 4412 3691 4465 τῶν
3728 4410 4032 4481 ἱερωτάτων

2462 4513 2691 4585 Γραφῶν
2749 4513 3099 4583 ὑφηγήσατο,
3157 4510 3257 4580 τὴν
3318 4509 3437 4562 κατ’
3492 4507 3687 4569 αὐτοὺς
3754 4503 4032 4575 ἱεραρχίαν

2464 4607 2864 4679 ὑμνηκότωνττ.
2909 4603 3174 4658 Τοσοῦτον
3217 4602 3273 4654 δὲ
3306 4603 3456 4672 ὅμως
3496 4600 3671 4652 εἰπεῖν
3716 4597 4030 4663 ἀναγκαῖον,

793 4705 915 4744 runt
941 4692 1189 4747 ordinem
1217 4690 1743 4749 concelebravimus.
1775 4694 1910 4749 Illud
1958 4706 2137 4751 tamen
2174 4696 2345 4754 dicere

2462 4701 2537 4765 ὡς
2562 4699 2745 4769 ἐκείνη
2767 4716 2848 4761 τε,
2884 4699 2977 4753 καὶ
3019 4699 3166 4749 πᾶσα
3181 4696 3227 4727 ⁷⁸
3259 4698 3291 4765 ἡ
3331 4692 3425 4749 νῦν
3459 4688 3773 4761 ὑμνουμένη
3807 4690 3933 4759 παρ’
3965 4688 4032 4756 ἡ-

794 4798 1017 4841 necesse
1045 4786 1433 4856 est,quomodo
1464 4802 1589 4842 cum
1612 4786 1727 4852 ille,
1752 4799 1861 4842 tum
1887 4792 2061 4843 omnis
2085 4794 2178 4861 qui
2206 4792 2345 4844 modt

2468 4792 2582 4863 μῶν
2605 4794 2648 4845 ἱε
2658 4790 2875 4863 ραρχία,
2899 4790 3024 4860 μίαν
3050 4787 3161 4858 ἔχει
3188 4786 3281 4840 καὶ
3302 4785 3399 4855 τὴν
3423 4782 3589 4854 αὐτὴν
3610 4781 3699 4835 διὰ
3732 4780 3909 4849 πάσης
3933 4778 4032 4847 τῆς

794 4891 825 4930 a
852 4880 1009 4935 nobis
1033 4880 1426 4947 depraedicntur
1447 4894 1601 4934 sacer
1616 4883 1775 4946 ordo,
1804 4897 1965 4935 unam
1995 4882 2189 4936 habeat
2215 4898 2345 4937 eam-

2470 4884 2785 4957 ἱεραρχικῆς
2820 4880 3199 4956 πραγματείας
3229 4879 3325 4949 τὴν
3359 4876 3602 4945 δύναμιν,
3648 4873 3811 4926 αὐτόν
3854 4888 3911 4924 τε
3943 4871 4033 4922 τὸν

799 4969 1028 5040 demque
1058 4971 1111 5027 in
1154 4972 1300 5033 omni
1337 4986 1493 5027 sacra
1539 4987 1641 5027 sua
1679 4973 1955 5029 functione
1999 4974 2277 5039 virtutem,
2305 4992 2336 5029 u

2471 4976 2748 5047 ἱεραρχην,
2772 4975 2845 5038 ὡς
2872 4978 2904 5045 ἡ
2938 4975 3057 5026 κατ’
3088 4970 3247 5035 αὐτον
3279 4970 3454 5025 οὐσία.
3485 4968 3581 5021 καὶ
3612 4964 3871 5031 ἀναλογία
3890 5004 3903 5025 ,
3943 4963 4034 5015 καὶ

795 5069 851 5117 et
876 5063 1101 5132 ipsemet
1132 5063 1275 5118 sacri
1298 5062 1508 5117 ordinis
1533 5064 1780 5129 antistes,
1814 5080 1910 5133 pro
1939 5065 2022 5120 sui
2050 5075 2244 5127 status.
2274 5067 2345 5120 di-

2468 5069 2619 5132 τάξις
2652 5068 2762 5137 ἔχει
2800 5065 3113 5136 τελεσθῆναι
3142 5063 3283 5119 κατὰ
3325 5066 3395 5115 τὰ
3420 5061 3571 5124 θεῖα,
3614 5059 3706 5113 καλ⁸
3738 5056 4031 5127 θεωθῆναι,

798 5155 1017 5225 gnitatis
1038 5155 1245 5211 ordinis
1265 5157 1496 5226 ratione,
1517 5156 1715 5214 divinis
1732 5157 1891 5229 155
1909 5158 2151 5214 initietur
2168 5174 2231 5213 ac
2253 5159 2345 5215 Der

2469 5162 2561 5213 καὶ
2587 5163 2696 5222 τοῖς
2721 5156 3079 5228 ὑποϐεϐηκόσι
3110 5153 3449 5227 μεταδοῦναι,
3471 5152 3590 5203 κατ’
3614 5148 3765 5215 ἀξίαν
3800 5146 4030 5216 ἑκάστῳ,

801 5246 1033 5312 uniatur,
1063 5249 1417 5320 subditosque
1444 5265 1591 5317 suos,
1623 5265 1721 5321 pro
1766 5250 2029 5321 cujusque
2069 5254 2345 5323 dignitate,

2471 5252 2569 5320 τῆς
2611 5250 2963 5321 ἐγγινομένης
2996 5247 3144 5318 αὐτῷ
3190 5246 3371 5302 θεόθεν
3418 5244 3567 5301 ἱερᾶς
3601 5239 3845 5301 θεώσεως
3866 5256 3877 5266 ”
3911 5239 4034 5299 τούς

2080 5453 2310 5508 VARUS
2350 5451 2752 5508 LECTIONES.

870 5612 912 5642 ⁷⁸
947 5615 1067 5674 ταῖς
1104 5613 1292 5685 ἱἱεκπιῗςο
1349 5613 1415 5685 _"
1450 5614 1859 5685 ἐγγυτέρω-μὲν
1890 5612 2041 5665 αὑτοὶ
2070 5611 2382 5681 γενοίμεθα,
2424 5614 2482 5667 D.
2516 5613 2615 5668 Ch.
2647 5611 2958 5685 γενῴμεθα,
2985 5607 3168 5685 M._S._
3191 5610 3250 5661 P.
3283 5608 3417 5685 Bnd.
3451 5606 3703 5685 corrigit.
3728 5600 4033 5685 γενῶμεθξι

878 5672 1103 5757 αρηίέίι
1256 5672 1448 5757 major,
1490 5672 1710 5757 ἀύγήν,
1736 5672 2035 5757 νεγιιιὶηοχ,
2084 5672 2303 5757 ἀρχήν.»
2366 5672 2409 5757 "if
2442 5701 2529 5754 γρ.
2582 5672 2853 5757 νιίιτμιριϐᾔῶςἒ
2920 5672 2968 5757 :5
3004 5682 3094 5757 καί
3137 5680 3412 5757 θεουργοί,
3569 5672 3764 5757 minor,
3800 5672 4030 5757 ACIL'i‘.

800 5754 878 5877 Eb
904 5750 1007 5880 hinc
1027 5743 1288 5884 ’ξὲίκὲρη
1326 5743 1521 5808 habent
1558 5743 1753 5811 D.'(ilt.
1785 5754 1843 5808 Ρ.
1874 5757 1929 5809 S.
1968 5743 2029 5810 Βξ
2108 5743 2305 5806 ﬁat-11‘
2342 5743 2527 5815 αύτᾶξ,
2570 5756 2628 5809 D.
2661 5743 2885 5811 Ριδζῐδι
2915 5753 3028 5813 δίς..
3051 5743 3452 5821 ἁνυμνηιὶότων.
3474 5747 3536 5801 V.
3562 5748 3740 5803 lllillm‘
3764 5754 3816 5801 ει
3842 5743 4033 5813 ωπὶοίύ
