4172 6304
273 402 391 458 διδ

1380 394 1464 448 DE
1486 392 1765 449 ECCLES.
1806 387 2200 454 HIERARCII.,
2236 387 2388 442 CAP.
2423 385 2458 439 1.
3434 385 3524 437 οη

274 535 340 571 τε
379 518 782 587 ὑποϐεϐηκὸτας
815 515 1043 568 ἕπεσθαι
1091 516 1188 585 μὲν
1220 514 1330 576 τοῖς
1363 513 1694 582 κρείττοσιν,
1728 511 1847 563 άνα-

1965 506 2156 560 alllatte
2190 506 2292 559 sibi
2335 503 2593 558 divinitus
2635 515 2805 555 sacrze
2844 497 3198 552 deilicationis
3235 496 3526 564 participes

274 609 478 662 τείνειν
513 609 569 661 δὲ
612 610 737 672 τοὺς
772 610 966 677 ἥττους
1003 609 1096 660 ἐπὶ
1131 605 1201 658 τά
1238 605 1450 675 πρόσω’
1498 604 1623 666 τοὺς
1662 602 1718 654 δὲ
1763 603 1854 654 καὶ

276 699 552 770 προϊέναι,
581 702 674 753 καὶ
703 701 776 762 ὡς
808 699 1031 753 δυνατὸν
1065 697 1270 769 ἑτέροις
1292 695 1540 766 ἡγεῖσθαι
1561 697 1629 758 ⁷⁸,
1654 694 1745 746 καὶ
1766 692 1856 746 διὰ

274 792 482 861 ταύτης
501 792 597 861 τῆς
623 789 804 842 ἐνθέου
836 791 929 842 καὶ
961 787 1281 858 ἱεραρχικῆς
1325 785 1589 857 ἁρμονίας
1643 785 1736 836 τοῦ
1771 784 1854 836 ὅν-

273 901 389 947 τως
421 884 570 946 ὄντος
604 881 767 935 καλοῦ
801 883 894 935 καὶ
929 879 1091 950 σοφοῦ
1137 881 1228 933 καὶ
1271 877 1473 947 άγαθοῦ
1521 876 1762 946 μετέχειν
1790 876 1856 946 ,ἓ-

276 993 352 1028 κα
364 993 480 1028 πον
515 976 614 1045 ὅση
648 974 889 1045 δύναμις.

363 1236 500 1290 Ἀλλ’
534 1241 587 1290 al
619 1238 716 1308 μὲν
750 1239 892 1308 ὑπὲρ
925 1238 1070 1307 ἡμᾶς
1096 1237 1274 1289 οὐσίαι
1304 1238 1398 1290 καὶ
1419 1237 1628 1301 τάξεις,
1653 1232 1728 1292 ῶν
1755 1239 1852 1309 ἤδη

279 1330 506 1400 μνήμην
553 1327 700 1398 ἱερὰν
736 1327 1112 1396 ἐποιησάμην,
1155 1325 1434 1396 ἀσώματοί
1486 1327 1544 1379 τέ
1592 1329 1731 1390 εἱσι,
1762 1330 1854 1382 καὶ⁸

274 1421 447 1490 νοητὴ
484 1423 574 1473 καὶ
600 1419 965 1491 ὑπερκόσμιός
993 1421 1138 1471 ἐστιν
1166 1421 1198 1489 ἡ
1229 1421 1348 1472 κατ’
1382 1420 1545 1483 αὐτὰς
1573 1421 1850 1491 ίεραρχία·

273 1515 383 1583 τὴν
416 1513 534 1565 καθ’
563 1515 708 1583 ἡμᾶς
735 1513 791 1564 δὲ
822 1511 1037 1582 ὁρῶμεν
1080 1511 1355 1580 ἀναλόγως
1400 1514 1529 1582 ἡμῖν
1562 1509 1742 1576 αὐτοῖς
1787 1517 1852 1584 τῇ

271 1604 390 1657 τῶν
447 1605 714 1675 αἰσθητῶν
767 1603 1047 1674 συμϐόλων
1100 1603 1341 1674 ποικιλίᾳ
1392 1604 1769 1674 πληθυομένην
1787 1605 1852 1668 ⁸ο,

275 1698 373 1767 ὑφ’
401 1691 474 1750 ὧν
509 1696 836 1768 ίεραρχικῶς
861 1696 956 1748 ἐπὶ
984 1695 1080 1766 τὴν
1104 1695 1303 1766 ένοειδῆ
1337 1695 1527 1749 θέωσιν
1552 1699 1607 1749 ὲν
1643 1714 1852 1767 συμμε-

272 1789 409 1860 τρίᾳ
431 1791 496 1859 τῇ
525 1787 645 1841 καθ’
675 1789 820 1858 ἡμᾶς
860 1786 1191 1862 ἁναγόμεθα,
1226 1787 1356 1840 Θεόν
1392 1806 1456 1841 τε
1486 1790 1577 1842 καὶ
1606 1789 1752 1842 θείαν
1795 1792 1854 1843 ὰ-

1957 602 2187 667 reddat;
2216 600 2294 654 sic
2319 609 2376 653 ut
2403 595 2600 652 subditi
2630 594 2935 663 superiores
2964 591 3177 660 quidem
3207 604 3523 658 sequantur,

1957 699 2032 753 ita
2064 706 2244 752 tamen
2275 705 2331 748 ut
2365 703 2422 749 et
2470 693 2570 762 ipsi
2620 688 2775 746 simul
2821 687 3105 742 inferiores
3146 685 3210 737 ad
3253 695 3524 738 anteriora

1960 794 2336 860 promoveant,
2368 785 2457 854 qni
2487 784 2598 855 jam
2632 782 2873 852 provecti
2907 780 3030 834 aliis
3058 779 3218 833 etiam
3253 791 3350 845 pro
3385 775 3526 828 νιτὶΙί

1956 880 2208 933 ducatum
2241 884 2522 946 praestent,
2551 886 2715 945 alque
2745 872 2845 926 liae
2872 870 3053 924 divina
3087 882 3353 938 sacraque
3384 869 3528 921 ordi.

1958 971 2043 1025 nis
2089 969 2488 1034 consensione,
2537 982 2632 1034 pro
2679 963 2898 1017 modulo
2948 963 3180 1031 quisque
3228 977 3356 1026 suo,
3399 975 3528 1014 vere

1957 1063 2197 1116 essentia
2247 1075 2342 1116 sua
2388 1058 2622 1129 pulchri,
2667 1057 2928 1127 sapientis
2974 1071 3036 1109 ae
3082 1053 3208 1108 boni
3257 1052 3528 1123 particeps

1956 1153 2174 1205 existat.

2027 1243 2297 1299 Caeterum
2350 1241 2698 1297 sublimiores
2729 1239 2862 1302 ,istre
2918 1249 3124 1292 naturae
3177 1235 3522 1303 ordinesque,

1957 1351 2186 1408 quarum
2230 1336 2598 1390 venerandam
2643 1347 2804 1400 supra
2836 1329 2937 1384 feci
2974 1329 3322 1387 mentionem,
3355 1336 3408 1380 et
3439 1327 3526 1379 in-

1958 1443 2233 1498 corporezc
2261 1436 2409 1491 sunt,
2431 1435 2485 1480 et
2511 1424 2775 1494 spiritalis
2800 1438 2863 1478 ac
2892 1420 3350 1492 superntundialis
3377 1434 3524 1474 sacer

1959 1521 2167 1575 illarum
2192 1519 2535 1590 magistratus
2560 1517 2776 1582 existit;
2814 1523 3056 1570 nostrum
3082 1527 3208 1584 vero
3233 1513 3526 1574 cernimus,

1958 1615 2166 1669 diversa
2195 1613 2264 1666 ab
2292 1613 2423 1680 ipsis
2448 1611 2678 1671 ratione,
2704 1607 3040 1663 sensibilium
3063 1607 3326 1664 varietate
3349 1607 3525 1677 signa.

1957 1720 2076 1758 rum
2110 1701 2480 1772 multiplicari,
2512 1700 2710 1767 quibus
2737 1706 3083 1753 sacros-mete
3109 1699 3173 1750 ad
3202 1698 3524 1751 nniformem

1957 1794 2371 1852 deiformitatem
2414 1808 2511 1862 pro
2547 1802 2707 1862 captu
2754 1801 2964 1854 nostro,
2996 1801 3050 1846 et
3095 1791 3160 1844 ad
3195 1790 3357 1845 Deum
3387 1792 3523 1844 divi-

276 1884 464 1954 ρετήν.
493 1882 557 1933 Al
588 1880 705 1951 μὲν,
742 1881 816 1943 ὼς
846 1881 984 1943 νόες,
1018 1880 1197 1934 νοοῦσι
1227 1881 1365 1934 κατὰ
1403 1882 1463 1933 τὸ
1491 1883 1677 1945 αὐταῖς
1711 1882 1847 1952 θεμι-

1964 1903 2196 1956 namque
2221 1887 2475 1941 virtutem
2507 1899 2910 1948 promovemur.
2940 1884 3057 1938 lstze
3079 1884 3318 1951 quidem,
3346 1890 3527 1950 utpote

272 1973 399 2025 τόψ
449 1975 606 2042 ἡμεῖς
643 1973 699 2026 δὲ
740 1973 1024 2052 αἰσθηταῖς
1062 1973 1266 2026 εἰκόσιν
1313 1975 1404 2026 ἐπὶ
1434 1974 1530 2039 τὰς
1572 1974 1753 2039 θείας,
1781 1976 1855 2039 ὡς

271 2063 523 2128 δυνατὸν,
571 2064 882 2134 άναγόμεθα
915 2065 1167 2137 θεωρίας.
1199 2066 1435 2138 Ἀληθῶς
1465 2085 1523 2119 τε
1570 2070 1762 2133 εἰπεῖν,
1800 2069 1857 2122 ἒν

277 2154 384 2226 μέν
425 2157 570 2208 ἐστιν
593 2197 606 2218 ,
635 2150 695 2208 οὗ
734 2157 934 2221 πάντες
965 2159 1014 2210 οἱ
1046 2157 1294 2222 θεοειδεῖς
1316 2159 1358 2189 ⁸³
1388 2161 1628 2228 ἐφίενται
1650 2202 1664 2226 ,
1700 2162 1857 2231 μετέ-

273 2265 436 2318 χουσι
470 2248 525 2300 δὲ
557 2250 655 2319 οὐχ
687 2251 904 2312 ἐνιαίως
933 2251 1129 2303 ταὺτοῦ
1162 2269 1219 2304 τε
1253 2253 1345 2306 καὶ
1377 2253 1495 2316 ἑνὸς
1535 2254 1705 2319 ὄντος,
1742 2256 1854 2308 ἀλλ’

272 2340 357 2403 ὡς
398 2341 612 2411 ἑκάστῳ
643 2342 712 2394 τὰ
754 2341 873 2396 θεῖα
919 2343 1059 2414 ζυγὰ
1107 2344 1355 2416 διανέμει
1394 2346 1514 2399 κατ’
1564 2347 1718 2410 ἀξίαν
1759 2348 1855 2418 τὴν

273 2432 493 2504 ἀποκλή
502 2449 684 2504 ρωσιν.

365 2701 520 2754 Ἀλλὰ
554 2704 724 2757 ταῦτα
760 2707 858 2776 μὲν
891 2710 1022 2779 ἡμῖν
1055 2709 1112 2760 ὲν
1153 2711 1217 2779 τῇ
1257 2710 1384 2780 περὶ
1414 2711 1616 2782 νοητῶν
1665 2729 1724 2764 τε
1763 2712 1854 2764 καὶ

270 2791 549 2860 αἰσθητῶν
574 2797 924 2868 πραγματείᾳ
951 2797 1385 2872 διεξοδικώτερον
1406 2801 1646 2872 εἴρηται·
1678 2803 1771 2856 νῦν
1797 2804 1853 2854 δὲ

269 2883 379 2953 τὴν
400 2882 676 2954 καθ’ήμᾶς
710 2888 1008 2957 ίεραρχίαν,
1035 2889 1210 2960 ἀρχήν
1239 2908 1297 2943 τε
1325 2892 1494 2963 αὐτῆς
1524 2894 1616 2945 καὶ
1647 2893 1850 2955 οὐσίαν,

267 2976 351 3037 ὡς
390 2970 498 3027 οἷόν
539 2994 628 3040 τε,
665 2979 840 3030 εἰπεῖν
877 2981 1236 3050 πειράσομαι,
1294 2983 1394 3052 τὴν
1443 2983 1629 3035 πασῶν
1671 2986 1854 3055 ίεραρ-

267 3065 408 3136 χιῶν
450 3068 620 3140 ἀρχήν
662 3087 719 3122 τε
765 3072 856 3124 καὶ
898 3072 1204 3136 τελείωσιν,
1261 3073 1466 3142 Ἰησοῦν
1524 3076 1851 3129 ἐπικαλεσά-

271 3172 455 3224 μενος.

1960 1990 2190 2045 mentes,
2224 1987 2386 2049 prout
2435 1977 2542 2031 illis
2572 1976 2652 2031 l‘as
2697 1986 2780 2032 est
2822 1978 3166 2048 intelligunt;
3207 1992 3305 2030 nos
3344 1990 3468 2030 vero
3498 1991 3517 2028 ε

1956 2085 2116 2127 sensu
2174 2071 2442 2142 perceptis
2491 2070 2819 2139 imaginibus
2872 2070 2938 2124 ad
2987 2070 3218 2132 divinas,
3264 2077 3523 2137 quantum

1957 2180 2265 2236 possumus,
2303 2163 2786 2234 contemplationes
2818 2161 3187 2216 sublevantur.
3219 2161 3288 2214 Et
3316 2169 3374 2213 ut
3405 2174 3524 2211 vere

1957 2261 2154 2324 dicam,
2189 2273 2358 2314 unum
2390 2257 2607 2327 quidem
2642 2264 2744 2318 est,
2785 2255 2928 2324 quod
2971 2268 3158 2308 omnes
3201 2251 3293 2321 qui
3328 2251 3525 2306 deiter-

1961 2364 2077 2403 mes
2104 2357 2230 2402 sunt
2260 2354 2537 2416 appetunt,
2567 2345 2684 2414 ejus
2708 2354 2911 2408 tamen,
2942 2345 3082 2413 quod
3115 2344 3336 2397 omnino
3365 2355 3525 2394 unum

1958 2447 2121 2510 atque
2169 2439 2308 2493 idem
2355 2446 2454 2501 est,
2488 2453 2592 2492 non
2645 2436 2898 2491 unimode
2941 2437 3228 2505 participes
3269 2437 3526 2498 existunt.

1957 2534 2050 2587 sed
2082 2544 2242 2603 prout
2264 2534 2482 2587 cuilibet
2509 2547 2606 2600 pro
2661 2533 2854 2587 merito
2884 2541 3083 2586 sortem
3116 2531 3299 2586 divina
3327 2529 3525 2583 trutina

1959 2622 2256 2676 distribuit.

2032 2712 2229 2766 Verum
2277 2714 2376 2768 ista
2419 2714 2470 2766 in
2509 2729 2672 2782 opere
2712 2715 2778 2768 de
2813 2713 2880 2767 iis
2905 2727 3026 2782 qua:
3055 2711 3156 2766 sub
3199 2711 3524 2766 intellec'um

1957 2816 2020 2855 ac
2058 2817 2278 2856 sensum
2321 2803 2543 2866 radunt,
2573 2803 2744 2857 fusius
2777 2818 2806 2855 a
2853 2803 3008 2856 nobis
3048 2801 3327 2856 enneleata
3371 2811 3523 2864 sunt;

1958 2894 2117 2946 modo
2161 2908 2290 2947 vero
2331 2907 2545 2946 sacrum
2590 2900 2833 2947 nostrum
2874 2893 3140 2954 ordinem,
3182 2893 3526 2961 ejusdemque

1955 2983 2221 3051 originem
2252 2991 2304 3036 et
2341 2983 2659 3046 essentiam,
2692 2983 2866 3050 quoad
2895 2981 3123 3035 facultas
3149 2981 3401 3050 suppetit,
3436 2996 3524 3034 ex-

1955 3089 2156 3143 ponere
2193 3075 2454 3139 conabor,
2488 3074 2734 3128 onmium
2765 3089 3048 3130 sacrorum
3088 3075 3339 3128 ordinum
3373 3074 3524 3144 prin-

1956 3167 2154 3235 cipium
2183 3182 2245 3222 ac
2271 3168 2797 3222 consummationem
2826 3167 3085 3221 invocans
3111 3164 3311 3220 Iesum.

1795 3330 1962 3402 §lll.

349 3463 502 3514 Ἐστι
535 3464 631 3533 μὲν
668 3467 917 3536 ίεραρχία
942 3468 1110 3532 πᾶσα,
1155 3465 1295 3520 κατὰ
1322 3467 1383 3519 τὸ
1415 3471 1611 3522 σεπτὸν
1652 3471 1748 3538 τῆς
1785 3473 1847 3540 ή-

2021 3470 2118 3524 Est
2151 3468 2455 3524 Inierarcliia
2506 3484 2598 3522 seu
2628 3470 2763 3524 ordo
2793 3484 2951 3525 sacer
2978 3470 3156 3526 omnis
3177 3471 3330 3540 juxta
3362 3484 3520 3526 vene-

270 3554 393 3625 μῶν
450 3555 790 3624 παραδόσεως
809 3557 872 3620 ⁸⁸,
925 3559 952 3609 6
986 3560 1093 3621 πᾶς
1129 3558 1237 3612 τῶν
1278 3561 1650 3630 ὑποκειμένων
1690 3562 1849 3632 ἱερῶν

265 3648 449 3713 λόγος,
485 3647 892 3718 καθολικωτάτη
911 3649 954 3680 ⁸³
980 3651 1088 3702 τῶν
1114 3651 1273 3722 τῆσδε
1301 3654 1460 3722 τυχὸν
1480 3653 1778 3724 ἱεραρχίας,
1815 3653 1846 3723 ἦ

263 3738 434 3806 τῆσδε
476 3738 635 3808 ἱερῶν
667 3739 1152 3808 συγκεφαλαίωσις.
1182 3742 1246 3793 Ἡ
1283 3742 1403 3794 καθ’
1441 3743 1587 3814 ἡμᾶς
1630 3738 1723 3794 οὖν
1773 3743 1846 3792 ἱε-

267 3831 473 3902 ραρχία
496 3830 708 3896 λέγεται
742 3832 836 3883 καὶ
879 3830 1024 3884 ἔστιν
1061 3835 1091 3903 ἡ
1138 3835 1455 3906 περιεκτικὴ
1481 3833 1588 3886 τῶν
1613 3834 1730 3891 κατ’
1755 3835 1848 3886 αὐ-

261 3921 368 3990 τὴν
403 3921 654 3974 ἁπάντων
681 3921 843 3993 ἱερῶν
869 3924 1218 3993 πραγματεία
1238 3964 1252 3990 ,
1290 3925 1409 3978 καθ’
1434 3927 1497 3996 ἢν
1525 3927 1553 3978 6
1585 3926 1725 3989 θεῖος
1770 3927 1844 3978 ls-

265 4012 482 4084 ράρχης
501 4013 841 4083 τελούμενος,
870 4015 1123 4067 ἁπάντων
1147 4014 1258 4081 ἕξει
1286 4017 1393 4070 τῶν
1423 4019 1540 4070 κατ’
1574 4019 1734 4071 αὑτὸν
1770 4020 1845 4071 ξε-

265 4105 527 4174 ρωτάτων
552 4105 651 4176 τὴν
691 4104 936 4176 μέθεξιν,
982 4105 1056 4169 ὡς
1094 4108 1372 4178 ίεραρχίας
1409 4109 1713 4182 ἐπώνυμος.
1760 4114 1845 4176 Ὠς

262 4195 376 4264 γὰρ
422 4197 700 4267 ἱεραρχίαν
745 4199 774 4249 6
814 4199 1008 4268 φήσας,
1059 4199 1312 4252 ἁπάντων
1368 4200 1502 4270 ὁμοῦ
1549 4201 1844 4274 συλλήϐδην

261 4287 373 4356 ἔφη
403 4286 499 4357 τὴν
529 4289 636 4341 τῶν
681 4288 840 4359 ίερῶν
876 4289 1262 4360 διακόσμησιψ
1298 4290 1469 4354 οὕτως
1516 4292 1779 4363 ἰεράρχην
1817 4295 1845 4346 6

261 4377 440 4444 λέγων
462 4379 610 4448 δηλοῖ
639 4381 728 4432 τὸν
761 4379 938 4432 ένθεόν
966 4398 1022 4434 τε
1049 4383 1140 4434 καὶ
1164 4381 1306 4434 θεῖον
1333 4381 1520 4452 ἄνδρα,
1539 4382 1629 4436 τὸν
1665 4385 1843 4456 πάσης

263 4473 420 4542 ιερᾶς
449 4473 785 4543 ἐπιστήμονα
810 4473 1079 4541 γνώσεως,
1103 4476 1162 4526 ὲν
1194 4468 1236 4544 ᾧ
1261 4477 1353 4530 καὶ
1381 4477 1636 4548 καθαρῶς
1663 4480 1694 4547 ἡ
1722 4478 1842 4531 κατ’

259 4565 426 4617 αὑτὸν
457 4566 709 4636 ιεραρχία
748 4569 896 4620 πάσα
929 4568 1162 4621 τελεῖται
1195 4571 1288 4623 καὶ
1315 4569 1662 4640 γινώσκεται.
1697 4573 1841 4626 Ταύ-

256 4673 364 4727 της
403 4657 543 4727 ἀρχὴ
576 4658 675 4728 τῆς
720 4659 1058 4731 ἱεραρχίαςή
1091 4662 1240 4733 πηγὴ
1277 4663 1376 4733 τῆς
1409 4661 1586 4733 ζωῆς,
1622 4666 1656 4739 ἡ
1687 4667 1840 4719 οὐσία

257 4749 364 4817 τῆς
390 4748 740 4819 άγαθότητος,
766 4750 797 4820 ή
825 4752 925 4821 μία
953 4752 1062 4804 τῶν
1089 4751 1258 4805 ὄντων
1292 4755 1442 4808 αἰτία
1465 4756 1660 4826 Τριὰς,
1689 4759 1748 4826 ἐξ
1774 4755 1839 4830 ἧς

1951 3565 2174 3614 randam
2203 3561 2360 3615 nobis
2384 3569 2789 3616 sacrosanctam
2808 3562 3181 3629 traditionem,
3203 3552 3521 3617 universalis

1951 3667 2134 3710 rerum
2157 3666 2436 3708 sacrarum
2467 3653 2548 3707 illi
2580 3655 2948 3724 subjectarum
2980 3653 3145 3720 ratio,
3175 3669 3269 3708 seu
3299 3669 3517 3720 genera-

1950 3743 2155 3799 lissima
2183 3759 2398 3811 eorum,
2430 3760 2549 3815 quae
2576 3745 2677 3801 sub
2708 3747 2953 3800 ordinem
2985 3745 3206 3809 cadunt,
3236 3746 3286 3799 id
3309 3753 3391 3798 est
3435 3759 3517 3796 sa-

1949 3851 2164 3891 crorum
2190 3851 2426 3894 summa.
2473 3837 2645 3893 Sacer
2673 3838 2837 3908 igitur
2861 3839 2993 3891 ordo
3021 3847 3208 3892 noster
3239 3837 3441 3890 dicitur
3467 3843 3517 3888 ct

1948 3936 2031 3982 est
2053 3927 2283 3993 functio,
2316 3934 2572 3984 universa
2610 3945 2766 3983 saera
2798 3930 2850 3982 in
2888 3944 2946 3983 se
2979 3929 3370 3997 complectens,
3411 3943 3519 3994 qua

1948 4019 2163 4076 divinus
2205 4021 2445 4089 pontifex
2498 4020 2761 4087 initiatus,
2803 4022 3045 4076 omnium
3094 4037 3191 4090 per
3236 4036 3294 4075 se
3341 4036 3516 4073 rerum

1946 4113 2438 4166 sacratissimarum
2484 4114 2752 4182 particeps
2790 4114 2993 4179 existit,
3040 4116 3090 4166 in
3146 4122 3405 4183 quantum
3431 4128 3514 4165 sa-

1946 4203 2138 4259 cerdos
2187 4219 2434 4259 summus
2463 4205 2785 4274 appellatur.
2824 4204 2975 4260 Sicut
3004 4209 3145 4260 enim
3178 4205 3267 4274 qui
3298 4220 3514 4258 sacrum

1945 4297 2191 4352 ordinem
2223 4299 2546 4363 nominavit,
2575 4299 2821 4351 omnium
2865 4296 3025 4351 simul
3071 4296 3386 4364 compendio
3426 4314 3512 4348 sa-

1945 4403 2162 4443 crorum
2194 4389 2334 4443 dixit
2375 4389 2867 4458 dispensationem;
2903 4389 2974 4440 ita
3008 4387 3097 4456 qui
3129 4402 3398 4440 sumnnnn
3431 4403 3511 4439 sa-

1943 4483 2218 4538 cerdotem
2259 4481 2515 4551 appellat,
2550 4481 2658 4536 Deo
2691 4482 2882 4536 intime
2929 4480 3140 4532 unitum
3173 4493 3238 4532 ac
3267 4479 3511 4530 divinum

1942 4575 2101 4646 plane
2133 4578 2306 4631 virum
2336 4577 2629 4646 signiﬁcat,
2656 4577 2802 4630 omni
2831 4591 2987 4630 sacra
3026 4574 3335 4644 cognitione
3386 4587 3511 4638 per-

1944 4667 2189 4737 politum,
2213 4669 2266 4720 in
2292 4683 2398 4737 quo
2424 4670 2625 4734 omnis,
2649 4682 2770 4736 qua:
2797 4667 2873 4721 illi
2903 4668 3061 4730 inest,
3091 4674 3327 4734 potestas
3356 4679 3510 4714 sacra

1941 4771 2349 4816 consummatur
2378 4771 2541 4830 atque
2567 4761 2932 4828 cognoscitur.
2973 4758 3138 4825 llujus
3183 4757 3334 4826 origo
3368 4756 3510 4808 sacri

259 4841 358 4896 καὶ
388 4841 450 4892 τὸ
481 4837 616 4894 εἶναι
652 4843 742 4895 καὶ
771 4845 829 4896 τὸ
857 4840 914 4898 εὖ
949 4840 1086 4898 εἶναι
1119 4849 1228 4910 τοῖς
1264 4842 1382 4900 οὖσι
1413 4848 1479 4901 δι’
1504 4851 1831 4924 άγαθότητα.

1952 4852 2275 4922 principatus
2317 4852 2439 4908 fons
2469 4865 2552 4909 eat
2581 4853 2723 4919 vitae,
2765 4851 2925 4923 156
2954 4851 3186 4906 essentia
3228 4849 3509 4912 bonitatis,

257 4934 448 5007 Ταύτῃ
479 4935 535 4988 δὲ
567 4939 633 5005 τῇ
670 4936 883 4989 πάντων
922 4938 1177 4993 ἐπέκεινα
1208 4939 1618 5016 θεαρχικωτάτῃ
1656 4962 1832 5014 μακα-

259 5025 490 5095 ριότητι,
512 5029 578 5097 τῇ
601 5031 794 5098 τρισσῇ
815 5030 880 5099 τῇ
916 5029 1100 5098 μονάδι
1129 5032 1194 5100 τῇ
1216 5030 1383 5094 ὅντως
1407 5031 1564 5103 often,
1601 5035 1740 5088 κατὰ
1771 5038 1833 5089 τὸ

255 5118 388 5186 ἡμῖν
422 5117 519 5185 μὲν
547 5119 849 5185 ἀνέφικτον,
884 5122 1022 5192 αὐτῇ
1055 5121 1111 5175 δὲ
1144 5124 1450 5192 ἐπιστητὸν,
1487 5123 1697 5196 θέλημα
1732 5129 1830 5196 μέν

253 5212 406 5261 ἐστιν
441 5210 471 5278 ἡ
503 5209 692 5281 λογικὴ
744 5213 982 5283 σωτηρία
1026 5215 1146 5272 καθ’
1190 5218 1334 5286 ἡμᾶς
1354 5217 1400 5247 ⁸⁸
1445 5235 1501 5269 τε
1551 5219 1642 5271 καὶ
1692 5221 1830 5292 ὑπὲρ

249 5301 406 5371 ἡμᾶς
430 5301 654 5354 οὐσιῶν·
693 5305 724 5373 ὴ
750 5304 805 5356 δὲ
841 5305 939 5375 οὐχ
967 5306 1168 5376 ἑτέρως
1200 5307 1451 5374 γενέσθαι
1479 5309 1718 5375 δύναται,
1752 5314 1824 5383 μὴ

1941 4959 2047 4998 una
2081 4959 2259 5000 rerum
2288 4945 2530 4999 omnium
2561 4959 2726 4999 causa
2755 4942 3016 5007 Trinitas,
3051 4956 3118 4998 ex
3150 4957 3254 5009 qua
3285 4956 3385 5011 per
3412 4941 3510 4995 bo-

1942 5039 2130 5093 nitatis
2174 5039 2589 5094 redundantiam
2629 5047 2683 5093 et
2717 5040 2896 5109 ipsum
2939 5053 3083 5104 esse,
3118 5054 3182 5093 ac
3216 5039 3354 5093 bene
3388 5052 3509 5091 esse

1940 5132 2120 5189 rebus.
2151 5131 2284 5186 lluic
2303 5142 2481 5188 autem
2505 5131 2686 5187 omnia
2715 5131 3120 5186 transcendenti
3152 5130 3508 5186 divinissima:

1938 5226 2280 5293 beatitudini,
2308 5229 2464 5282 trinae
2488 5228 2701 5292 unitati,
2729 5244 2855 5282 vere
2896 5227 3171 5292 existenti,
3201 5225 3358 5278 modo
3388 5239 3478 5291 qui

1936 5316 2058 5370 dem
2095 5315 2253 5370 nobis
2291 5316 2767 5388 incomprehenso,
2815 5318 2913 5386 ipsi
2960 5330 3142 5372 autem
3193 5314 3481 5370 notissimo

1563 5491 1793 5548 VARIAE
1835 5494 2229 5555 LECTIONES.

249 5709 443 5777 major,

597 5710 785 5792 Cll-2'".
947 5715 1100 5792 Sar.‘
1146 5717 1192 5746 δ’
1226 5717 1366 5792 κατὰ
1398 5721 1457 5771 τὸ
1478 5710 1702 5773 ’σεπτὸν
1754 5710 1850 5792 τῆς

327 5637 370 5719 ’ξ
401 5639 601 5762 stega);
647 5643 1000 5728 εἰσηγεῖσθαι,
1034 5643 1103 5699 Μ.
1141 5645 1198 5702 S.
1238 5646 1294 5699 Β.
1330 5652 1554 5718 corrigit
1595 5653 1821 5722 ἑτέροις.
1859 5655 1903 5686 ⁸⁰
1945 5656 2375 5726 πληθυνομένην,
2418 5658 2481 5711 ν.
2519 5659 2717 5723 minor,
2767 5657 2827 5712 D.
2874 5656 2974 5711 Ch.
3049 5655 3092 5687 ⁸¹
3128 5653 3393 5716 ἐνοειδεῖςν
3435 5654 3496 5706 νη

327 5721 443 5762 Itur.
539 5749 550 5759 .
597 5710 696 5762 Ch.
728 5713 785 5762 Ρ.
816 5713 901 5762 Sc.
947 5715 1072 5762 bar.
1146 5717 1192 5746 δ’
1226 5717 1366 5762 κατὰ
1398 5721 1457 5762 τὴ
1496 5723 1691 5762 «metu
1754 5724 1850 5762 ιι-ς-
1905 5725 2061 5762 sua...
2118 5729 2266 5762 τηεμ
2314 5728 2660 5762 summa...”
2739 5728 2868 5762 νιοη
2938 5726 3040 5762 .m:
3120 5728 3162 5762 ιι
3223 5725 3260 5762 ι)
3314 5725 3351 5762 ς
3403 5725 3471 5762 ς..

539 5749 562 5796 ;
597 5725 785 5796 ¹ι²ι¹ςιι¹ι
947 5725 1100 5796 ὅπα,
1146 5725 1192 5746 δ’
1226 5725 1366 5796 κιαξὰ
1398 5725 1457 5771 τὸ
1496 5725 1708 5796 gertz-6v
1754 5725 1850 5796 τῆς
1905 5725 2061 5795 ἡμῶν
2118 5729 2266 5796 ἱερᾶς
2314 5725 2680 5796 παραδόσεως,
2739 5728 2892 5782 Vien.
2938 5726 3062 5796 maj.
3120 5728 3181 5780 D.
3221 5725 3282 5778 P.
3314 5725 3371 5776 S.
3403 5725 3493 5778 Se.

249 5780 374 5867 ﬁ“;-
402 5783 612 5852 νοερᾶς,
653 5783 752 5836 (Ῑίι-
830 5784 872 5816 ⁸³
910 5783 1204 5857 ἱερωσύνης
1257 5787 1427 5855 λό’γος,
1485 5793 1515 5859 ἡ
1559 5792 1742 5846 καθολ.
1786 5780 1882 5850 Cll.
2026 5797 2117 5864 M.;
2161 5780 2300 5867 i596;
2340 5780 2495 5865 λό’γος
2555 5800 2610 5852 P.
2641 5780 2892 5853 Eam—3"
2923 5780 3040 5850 τῶν⁶
3075 5797 3196 5850 καθ’
3231 5796 3393 5865 ἡμᾶς,
3437 5797 3496 5848 υ.

249 5848 311 5906 l'.
342 5849 394 5905 S.
