4172 6304
233 389 337 445 581

802 381 886 440 DE
925 379 1203 438 ECCLES.
1240 378 1641 445 mensam,
1678 378 1833 435 CAP.
1869 337 1919 432 ι.’
1961 408 2031 418 -
2079 376 2425 432 manus.
2468 375 2927 433 meum“.

3380 377 3484 431 389

1285 491 1769 549 PARAPHRASIS
1806 493 2252 550 ΡΑΟΗΥΜΕΒΛΕ
2289 495 2422 553 (22).

309 723 467 779 Μετὰ
517 724 614 793 τὴν
669 721 924 794 οὐρανίαν
981 722 1258 792 ίεραρχίαν
1306 721 1662 792 διαλαμϐᾁνει
1725 723 1817 775 καὶ

1997 724 2127 789 Post
2146 724 2424 785 celestem
2441 721 2804 778 bierarcbiam
2827 728 3022 777 tractat
3035 720 3199 776 etiam
3222 721 3286 778 de
3303 729 3484 783 nostra

235 817 488 888 περὶτῆς
513 814 632 867 καθ’
665 813 813 886 ἡμᾶς
852 813 1154 884 ίεραρχίας,
1185 814 1250 883 ἢν
1296 813 1396 865 οὐκ
1436 809 1556 867 εἷπε
1601 815 1815 885 γηῖνην·

235 911 286 961 εί
320 909 427 979 γὰρ
469 909 561 960 καὶ
603 906 662 958 ἐν
695 909 764 976 γῇ
793 904 1148 969 πολιτεύεται,
1189 904 1301 972 ἀλλ’
1332 895 1359 956 ὁ
1403 905 1603 968 σκοπὸς
1633 907 1725 958 καὶ
1759 906 1821 959 τὸ

239 999 392 1062 τέλος
425 998 594 1066 αύτῆς
637 996 882 1068 οὐράνιός
921 979 1100 1059 ἐστιν,
1147 998 1225 1058 είς
1273 997 1502 1065 μίμησιν
1550 996 1641 1052 τοῦ
1683 996 1819 1050 Θεοῦ

233 1093 450 1161 ἄγουσα
496 1090 584 1142 τὸν
621 1088 924 1159 ἄνθρωπον,
969 1085 1148 1149 καθὼς
1179 1086 1360 1156 ἐκείνη
1399 1085 1499 1149 τὰς
1542 1085 1690 1150 θείας
1725 1087 1822 1142 καὶ

234 1182 521 1255 οὐρανίους
563 1180 837 1249 δυνάμειςο
884 1177 1305 1250 προηγουμένως
1353 1177 1459 1247 γὰρ
1495 1179 1586 1243 καὶ
1619 1180 1820 1250 κυρίως

235 1275 301 1327 τὸ
332 1272 631 1342 καθαίρειν,
653 1270 714 1320 τὸ
736 1268 1011 1336 φωτίζειν,
1034 1268 1094 1320 τὸ
1117 1267 1374 1330 τελειοῦν,
1401 1268 1492 1322 τοῦ
1516 1269 1650 1321 Θεοῦ
1678 1271 1812 1322 ἐστι’

237 1364 509 1435 δευτέρως
531 1361 585 1414 δὲ
612 1361 704 1422 καὶ
730 1357 838 1411 τῶν
879 1358 1145 1426 ἀγγέλων,
1185 1358 1326 1411 «κατὰ
1356 1359 1534 1430 τρίτον
1571 1360 1626 1412 δὲ
1663 1360 1820 1428 λόγον

241 1459 343 1510 καὶ
373 1455 550 1509 αὐτῶν
573 1454 682 1507 τῶν
710 1452 1030 1524 ἀνθρώπων
1064 1452 1236 1504 ταῦτα
1263 1453 1368 1524 γάρ
1400 1456 1504 1506 εἰσι
1527 1453 1594 1518 τὰ
1621 1454 1746 1524 τρία
1785 1456 1817 1524 ἡ

237 1549 343 1618 τῆς
369 1547 649 1618 ίεραρχίας
681 1545 946 1617 ἐνέργεια.
991 1543 1174 1598 Ταῦτα
1218 1544 1368 1616 παρὰ
1404 1545 1500 1615 μὲν
1546 1548 1666 1608 ταῖς
1707 1545 1819 1600 ἄνω

237 1640 454 1701 οὐσίαις
479 1637 798 1708 τελούμενα,
842 1639 889 1689 εί
929 1637 1023 1689 καὶ
1069 1621 1340 1707 μυστήριά
1369 1639 1526 1698 εἰσιν,
1565 1637 1639 1700 ὼς
1682 1636 1818 1688 Θεοῦ

239 1733 382 1804 ἔργα
410 1732 709 1804 ὑπέρτατα,
743 1730 857 1785 ἀλλ’
885 1727 980 1784 οὖν
1019 1732 1078 1792 ού
1125 1731 1396 1800 μυστήρια
1427 1731 1530 1780 είσι
1557 1729 1691 1799 πρὸς
1723 1730 1818 1781 ἀλ-

237 1803 431 1894 λήλας·
459 1803 627 1875 πᾶσαι
661 1821 767 1892 γὰρ
797 1821 946 1890 ἅγιαι
983 1822 1074 1875 καὶ
1116 1803 1462 1891 μεμυημέναι
1493 1820 1596 1872 είσὶ
1626 1824 1692 1890 τῇ
1725 1834 1822 1891 χά-

241 1933 355 1988 ριτι
379 1913 470 1984 τοῦ
496 1915 652 1976 θεοῦ,
675 1916 724 1968 εί
752 1914 844 1972 καὶ
869 1912 1000 1989 ἄλλη
1027 1912 1191 1982 ἄλλης
1228 1911 1445 1980 προέχει
1471 1911 1608 1963 κατὰ
1634 1912 1696 1963 τὸ
1725 1914 1820 1981 μὲ-

235 2025 370 2080 τρον
392 2009 491 2078 τῆς
528 2010 642 2060 ἐκεῖ
680 2005 788 2058 εἴτε
826 2004 1052 2077 τάξεως,
1094 2003 1202 2055 εἴτε
1251 2003 1352 2073 μὴν
1387 1989 1478 2055 καὶ
1513 2003 1815 2072 δυνάμεως·

1930 817 2274 880 liierarchia,
2316 831 2476 884 quam
2514 829 2619 868 non
2659 814 2793 872 dixit
2843 825 3148 878 terrenam;
3178 815 3328 881 quia,
3358 813 3485 867 licet

1923 909 1975 962 in
2009 916 2151 966 terra
2194 904 2598 961 administretur
2622 943 2637 970 ,
2673 918 2870 972 scapus
2904 912 3081 957 tamen
3113 911 3167 960 et
3202 902 3326 956 finis
3366 918 3484 972 eius

1920 1001 2163 1060 cmlestis
2190 1008 2296 1064 est,
2341 1014 2461 1053 cum
2499 1001 2564 1051 ad
2598 997 2917 1052 imitandum
2948 996 3116 1050 Deum
3147 996 3368 1050 inducat
3389 997 3484 1053 lio-

1923 1093 2146 1155 minem,
2169 1106 2273 1145 non
2308 1103 2465 1144 secus
2489 1103 2552 1143 ac
2584 1087 2669 1140 illa
2695 1089 2904 1143 divinas
2933 1086 3290 1155 caelestesque
3319 1088 3486 1141 virtu-

1926 1193 2027 1248 tes,
2059 1182 2327 1250 siquidem
2359 1179 2734 1249 principaliter
2763 1195 2824 1232 ac
2865 1180 3106 1249 proprie,
3138 1179 3381 1248 expiare,
3419 1177 3484 1231 il-

1922 1275 2212 1338 luminare,
2287 1272 2566 1342 perficere,
2619 1270 2713 1330 Dei
2766 1272 2882 1336 est;
2930 1271 3254 1327 secundario
3307 1279 3485 1323 autem

1922 1366 2088 1422 etiam
2120 1363 2453 1432 angelorum,
2483 1362 2777 1416 secundum
2817 1375 2945 1415 vero
2968 1363 3179 1421 tertiam
3216 1360 3481 1416 rationem

1922 1456 2086 1511 etiam
2124 1456 2364 1524 ipsorum
2418 1454 2731 1516 hominum,
2765 1454 3021 1523 quoniam
3060 1452 3172 1508 hac
3222 1453 3323 1505 tria
3360 1461 3489 1510 sunt

1923 1560 2120 1609 munus
2152 1543 2495 1599 bierarcbiaa.
2530 1543 2656 1597 limo
2693 1545 2819 1597 dum
2873 1544 2924 1597 in
2974 1543 3226 1612 supernis
3269 1541 3484 1611 quidem

1922 1637 2172 1696 essentiis
2201 1635 2574 1703 perficiuntur,
2603 1635 2814 1689 tametsi
2836 1635 2944 1696 sint
2977 1635 3254 1704 mysteria,
3289 1634 3488 1705 quippe

1924 1729 2018 1784 Dei
2063 1742 2229 1796 opera
2274 1727 2688 1792 sublitnissima,
2731 1737 3103 1781 verumtamen
3149 1725 3326 1794 quoad
3371 1723 3488 1778 illas

1923 1836 2030 1875 non
2064 1831 2194 1875 sunt
2223 1821 2512 1891 mysteria;
2548 1819 2802 1887 quoniam
2835 1833 3024 1880 omnes
3055 1825 3255 1876 sanctae
3282 1825 3407 1872 sunt
3435 1825 3491 1870 et

1925 1911 2236 1981 gratiaDei
2289 1920 2647 1974 consecratae,
2691 1910 2939 1977 quamvis
2991 1908 3160 1963 altera
3206 1908 3278 1962 sit
3319 1907 3488 1965 altera

1924 2002 2296 2072 praestantior,
2326 2001 2620 2055 secundum
2658 2001 2925 2054 rationem
2953 2016 3071 2073 quae
3100 2000 3208 2053 illic
3236 2009 3342 2063 est,
3372 1999 3489 2058 sive

239 2077 374 2172 παρ’
407 2077 534 2170 ἡμῖν
571 2099 626 2150 δὲ
667 2097 984 2166 τελούμενα,
1013 2096 1290 2166 μυστήρια
1319 2081 1562 2161 λέγονται
1581 2132 1594 2155 ,
1625 2096 1682 2145 ού
1716 2093 1822 2164 γὰρ

1929 2077 2132 2152 ordinis
2157 2093 2274 2146 sive
2304 2093 2555 2158 virtutis;
2590 2107 2718 2161 qua)
2743 2107 2869 2147 vero
2893 2092 3033 2160 apud
3066 2107 3164 2146 nos
3191 2090 3485 2160 perficiun—

237 2194 444 2261 πᾴντες
488 2191 749 2266 καθαροὶ,
797 2187 922 2242 οὔτε
975 2189 1090 2258 μὴν
1130 2189 1490 2256 μεμυημένοι.
1535 2186 1693 2239 Ὅθεν
1733 2187 1826 2238 καὶ

237 2285 374 2355 παρ’
403 2283 635 2345 ἐκείναις
667 2281 766 2352 μὲν
807 2281 1046 2341 ἁπάσαις
1075 2278 1246 2331 ταῦτά
1291 2282 1448 2341 εἰσιν,
1494 2278 1541 2330 εί
1587 2279 1681 2329 καὶ
1723 2277 1827 2330 ἀνὰ

243 2378 410 2448 μέρος
440 2377 531 2444 καὶ
558 2375 931 2445 καθαίρονται,
962 2373 1052 2423 καὶ
1079 2370 1420 2439 φωτίζονται,
1449 2371 1541 2422 καὶ
1564 2368 1826 2421 τελειοῦν-

236 2487 364 2526 ται·
400 2471 528 2539 παρ’
555 2469 686 2538 ἡμῖν
721 2467 777 2519 δὲ
821 2465 880 2518 οὑ
911 2466 1094 2525 πᾶσιν,
1124 2463 1260 2515 ἀλλά.
1284 2479 1415 2523 τισι,
1458 2461 1636 2525 καθὼς
1678 2462 1772 2522 καὶ
1798 2464 1825 2514 ὁ

238 2563 376 2626 Θεὸς
411 2561 495 2615 διὰ
535 2561 628 2614 τοῦ
671 2562 949 2630 προφήτου
994 2559 1160 2624 λέγει’
1214 2558 1280 2611 Τὸ
1329 2557 1667 2626 μυστήριόν
1707 2573 1824 2624 μου

238 2655 372 2723 ἐμοὶ
396 2653 491 2706 καὶ
520 2651 832 2720 τοῖςέμοῖς·
862 2650 1046 2720 ἐμοὺς
1072 2649 1244 2717 λέγων
1274 2650 1489 2712 πάντως
1511 2650 1636 2710 τοὺς
1662 2649 1824 2718 ἱερεῖς

239 2746 275 2816 ἢ
331 2746 456 2806 τοὺς
503 2742 902 2814 μεμυημένους.
953 2742 1062 2812 Τὴν
1119 2739 1248 2808 γοῦν
1299 2739 1406 2791 τῶν
1454 2739 1825 2808 προκειμένων

242 2833 555 2902 κεφαλαίων
579 2832 922 2908 διδασκαλίαν
961 2830 1102 2899 κατὰ
1125 2832 1298 2892 διττὸν
1335 2831 1566 2896 ποιεῖται
1603 2829 1820 2900 τρόπον.

242 2927 466 2999 Πρῶτον
495 2928 601 2998 γᾴρ
625 2926 891 2991 ἐκτίθεται
920 2925 1002 2989 τὸ,
1040 2924 1154 2987 πῶς
1178 2923 1411 2978 τελεῖται
1436 2921 1497 2974 τὸ
1532 2921 1824 2996 μυστήριον

238 3040 340 3094 τοῦ
366 3039 681 3109 κεφαλαίουθ
709 3040 802 3097 καὶ
830 3037 1127 3108 μετέπειτα
1153 3035 1354 3106 θεωρία
1391 3033 1497 3085 τινί
1532 3031 1690 3089 τοῦτο
1718 3048 1822 3082 πα-

245 3131 550 3203 ραδίδωσιν.
617 3125 772 3194 Οἷον,
841 3129 1138 3201 μυστηρίου
1208 3126 1555 3195 φωτίσματος
1613 3122 1823 3183 ἕκθεσις

243 3219 481 3291 πρῶτον,
525 3213 643 3282 εἶτα
682 3218 906 3289 δευτέρα
943 3221 976 3289 ὴ
1007 3218 1207 3287 θεωρία
1253 3214 1438 3268 αὑτοῦ·
1486 3212 1669 3266 πάλιν.
1721 3229 1824 3282 μυ-

243 3311 470 3382 στηρίου
515 3311 785 3382 συνάξεως
835 3309 1083 3372 ἔκθεσις,
1129 3303 1246 3360 εἶτα
1301 3307 1334 3376 ἡ
1385 3304 1585 3375 θεωρία
1639 3301 1821 3366 αὑτοῦ.

255 3401 412 3454 Ἐπεὶ
441 3400 549 3471 γὰρ
585 3400 761 3453 διπλοῖ
795 3401 961 3470 ἐσμεν
997 3400 1088 3450 καὶ
1127 3400 1323 3468 ἡμεῖς,
1366 3396 1552 3466 ὁρατοὶ
1592 3393 1732 3446 κατὰ
1765 3393 1824 3444 τὸ

243 3489 428 3560 σῶμα,
465 3491 560 3542 καὶ
601 3489 879 3560 νοούμενοι
916 3489 1059 3552 κατὰ
1086 3487 1282 3558 ψυχὴν,
1328 3486 1488 3554 διπλῆ
1514 3486 1608 3537 καὶ
1633 3485 1667 3554 ή
1705 3483 1824 3537 καθ’

241 3584 393 3654 ἡμᾶς
421 3584 668 3653 ίεραρχία
686 3622 700 3645 ,
729 3581 958 3652 αίσοητὴ
983 3580 1088 3647 διὰ
1116 3579 1222 3632 τῶν
1250 3579 1657 3650 ἐνεργουμένων
1692 3595 1827 3647 συμ-

243 3672 449 3736 ϐόλων,
487 3674 687 3744 νοητὴ,
729 3671 818 3724 διὰ
854 3670 952 3742 τῆς
1016 3670 1264 3741 θεωρίας.
1313 3671 1523 3740 Θεωρία
1578 3668 1634 3720 δέ.
1682 3670 1827 3720 ἐστιν

241 3761 470 3833 ἐπιϐολὴ
499 3763 617 3826 νοὸς
651 3762 851 3832 ἄμεσος
877 3761 970 3828 καὶ
990 3760 1116 3836 ψιλὴ
1145 3760 1252 3812 τῶν
1276 3760 1576 3830 αἰσθήσεων
1600 3757 1735 3830 πρὸς
1759 3757 1828 3810 τὰ

243 3852 603 3923 ὑποκείμενα.
649 3854 760 3922 Τῆς
810 3851 942 3920 γοῦν
983 3851 1238 3921 τοιαύτης
1289 3850 1572 3922 ἱεραρχίας
1621 3850 1715 3902 καὶ
1757 3851 1828 3902 τὰ

244 3943 495 4014 σύμϐολα
524 3944 797 4015 μυστήρια
820 3944 925 3994 είσι
953 3944 1087 4020 πρὸς
1110 3945 1237 4014 τοὺς
1259 3941 1443 4008 ξένους
1468 3942 1565 4012 τῆς
1601 3941 1827 4010 Ἐκκλη-

244 4035 372 4102 qia;
398 4037 489 4088 καὶ
523 4037 818 4106 ἀμυήτους
847 4031 982 4086 ἀλλὰ
1011 4035 1102 4086 καὶ
1133 4036 1167 4105 η
1193 4034 1415 4104 θεωρία,
1446 4034 1521 4097 ὡς
1546 4033 1824 4104 ὑπερτάτη

245 4127 469 4206 γνῶσις,
507 4129 600 4180 καὶ
633 4127 861 4197 δεομένη
888 4127 1141 4191 πίστεως,
1179 4129 1471 4198 μυστήριον
1516 4127 1709 4195 λέγοιτ’
1739 4128 1822 4191 ἂν,

246 4217 429 4286 καθὼς
477 4221 570 4272 καὶ
606 4220 634 4271 ὁ
683 4213 996 4283 ’Ἀπόστολος
1032 4219 1179 4287 λέγει
1207 4236 1222 4250 ·
1262 4217 1610 4286 Μυστήριον
1670 4217 1827 4286 λέγω

244 4311 410 4380 ὑμῖν*
452 4311 676 4379 πάντες
719 4312 830 4378 μὲν
868 4315 939 4366 οὐ
978 4311 1475 4380 κοιμηθησόμεθα,
1511 4309 1730 4375 πάντες
1759 4311 1826 4363 δὲ

245 4403 733 4471 ἀλλαγησόμεθα.
779 4403 916 4455 Ἀλλ’
944 4404 1092 4473 ὅμως
1115 4401 1186 4454 τὰ
1228 4400 1468 4471 σύμϐολα
1499 4401 1656 4470 μόνον
1678 4399 1825 4468 λέγει

248 4491 523 4563 μυστήρια
572 4493 706 4563 πρὸς
750 4494 876 4557 τοῦς
919 4493 1215 4563 ἀμυήτους,
1249 4492 1322 4554 ὡς
1362 4490 1597 4570 εἴρηταιο
1632 4489 1730 4552 τὰς
1769 4489 1824 4541 δὲ

246 4584 538 4654 ἀναγωγὰς
567 4584 746 4638 αὐτῶν
793 4585 1024 4658 θεωρίας
1051 4584 1232 4655 φησὶν,
1261 4582 1334 4645 ὼς
1360 4582 1450 4634 τὸν
1489 4580 1611 4634 νοῦν
1647 4581 1825 4632 αὐτῶν

246 4679 557 4750 ἀναγούσας
597 4680 666 4734 τὰ
701 4683 873 4742 οίκεῖα
902 4678 1343 4753 θεωρεῖνκαθὼς
1374 4678 1609 4752 ἔχουσιν,
1646 4679 1692 4743 εί
1733 4679 1826 4730 καὶ

1929 2197 2040 2252 tur,
2082 2185 2337 2256 my‘steria
2363 2199 2455 2239 seu
2506 2196 2844 2242 sacramenta
2884 2184 3158 2247 dicuntur,
3209 2196 3314 2239 non
3344 2184 3487 2242 enim

1926 2292 2118 2332 omnes
2139 2277 2259 2346 puri
2292 2285 2442 2342 sunt,
2472 2293 2649 2346 neque
2676 2276 2835 2330 etiam
2864 2276 3084 2330 initiati.
3119 2274 3270 2330 Unde
3308 2277 3359 2328 in
3386 2273 3491 2338 illis

1926 2371 2180 2432 omnibus
2210 2370 2309 2423 ista
2345 2379 2493 2433 sunt,
2526 2369 2624 2424 etsi
2655 2384 2752 2438 per
2773 2378 2954 2438 partes
2982 2370 3144 2422 etiam
3178 2367 3485 2436 expientur,

1926 2473 1981 2522 et
2001 2464 2374 2518 illuminentur
2401 2473 2562 2530 atque
2595 2461 2978 2529 perficiantur;
3004 2460 3144 2527 apud
3177 2474 3275 2512 nos
3306 2467 3486 2511 autem

1928 2572 2034 2611 non
2058 2559 2112 2611 in
2142 2558 2414 2619 omnibus,
2446 2557 2542 2609 sed
2572 2555 2623 2607 in
2643 2553 2989 2623 quibusdam,
3035 2553 3486 2622 quemadmodum:

1926 2651 2090 2703 etiam
2121 2648 2258 2704 Deus
2290 2661 2382 2717 per
2407 2647 2724 2717 prophetam
2765 2647 2881 2711 ait,
2915 2645 3252 2717 mysterium,
3284 2659 3378 2698 seu
3406 2659 3490 2699 se-

1927 2752 2122 2796 cretum
2156 2757 2325 2795 meum
2361 2741 2484 2793 mihi
2517 2741 2543 2781 δ
2573 2751 2619 2794 ct
2669 2741 2826 2803 meis;
2859 2754 2998 2794 meo:
3039 2738 3246 2800 dicens,
3303 2735 3489 2804 utique

1928 2833 2238 2889 sacerd0tes
2265 2833 2349 2886 vel
2385 2833 2653 2886 initiatos.
2683 2831 3086 2900 Propositorum
3129 2831 3312 2898 itaque
3336 2828 3479 2897 capi-

1929 2923 2166 2988 tulorum
2219 2922 2522 2983 doctrinam
2572 2921 2768 2992 duplici
2818 2922 2977 2976 modo
3021 2920 3204 2982 tradit.
3252 2919 3488 2973 Primum

1925 3016 2075 3075 enim
2121 3014 2446 3084 exponitur,
2497 3015 2765 3083 quomodo
2805 3012 3119 3083 mysterium
3160 3025 3254 3066 seu
3304 3024 3486 3065 sacra-

1931 3118 2172 3162 mentum
2203 3108 2311 3169 isto
2341 3106 2520 3175 capite
2566 3105 2906 3175 propositum
2955 3110 3379 3165 consummetur,
3426 3116 3491 3154 ac

1927 3197 2121 3252 deinde
2148 3213 2246 3266 per
2277 3196 2787 3267 contemplationem
2819 3195 3106 3264 quamdam
3152 3193 3282 3255 illud
3313 3193 3490 3264 expli-

1927 3299 2035 3346 cat.
2070 3288 2230 3350 Verbi
2270 3289 2445 3360 gratia
2469 3296 2618 3354 ,εει
2660 3287 2926 3356 expositio
2952 3285 3355 3360 [illustratio’nis
3396 3300 3490 3339 seu

1927 3382 2291 3451 baptismatis,
2323 3381 2516 3436 deinde
2538 3380 2888 3450 subsequitur
2916 3378 3033 3447 ejus
3069 3379 3489 3447 contemplatio;

1883 3469 1899 3521 ἶ
1931 3472 2187 3526 similiter
2230 3473 2499 3542 expositio
2543 3469 2873 3531 sacramenti
2909 3483 3178 3538 synaxeos
3215 3483 3310 3526 seu
3337 3483 3490 3521 com-

1930 3563 2231 3627 munionis,
2257 3563 2451 3626 deinde
2477 3560 2862 3630 contemplatio
2877 3560 3145 3628 ejusdem-
3169 3559 3302 3613 Cum
3332 3557 3488 3633 16].

1927 3656 2072 3720 enim
2088 3666 2143 3710 et
2157 3669 2253 3716 nos
2266 3655 2459 3724 duplici
2477 3663 2627 3721 parte
2644 3651 3175 3726 οοηειεηιιιεμξίεἰὺίιί
3194 3653 3491 3706 secundum

1928 3760 2147 3815 corpus,
2192 3755 2247 3799 et
2288 3735 2590 3803 intellectili
2639 3731 2932 3803 secundum
2983 3744 3261 3808 animam,
3295 3741 3491 3811 duplex

1927 3847 2012 3893 est
2058 3837 2221 3893 etiam
2267 3838 2408 3906 apud
2457 3851 2554 3890 nos
2597 3837 2926 3901 bierarcbia,
2960 3831 3176 3891 sensilis
3210 3835 3491 3895 nimirum,

1928 3937 2148 3997 propter
2188 3927 2431 3998 symbola
2473 3942 2593 3995 qum
2633 3926 2986 3989 exhibentur;
3034 3932 3088 3977 et
3134 3923 3489 3988 intellectilis,

1928 4028 2147 4088 pmpter
2175 4019 2708 4088 contemplationem.
2740 4016 3139 4085 Contemplatio
3190 4025 3369 4070 autem
3410 4027 3492 4068 εει

1930 4111 2239 4171 immediata
2289 4113 2484 4173 mentis
2524 4122 2578 4166 et
2625 4111 2784 4166 exilis
2813 4126 3069 4166 sensuum
3099 4110 3388 4181 applicatio
3425 4111 3490 4162 ad

1928 4217 1991 4257 ea
2029 4217 2149 4278 quae
2179 4212 2575 4273 proponuntur.
2621 4199 2927 4256 Istiusmodi
2956 4200 3141 4271 igitur
3173 4199 3493 4261 bierarcliige

1928 4295 2197 4365 symbola,
2227 4295 2468 4364 profanis
2493 4305 2544 4348 et
2567 4295 2635 4350 ab
2665 4295 2904 4349 Ecclesia
2934 4294 3204 4347 extraneis
3236 4293 3491 4362 mysteria

1929 4402 2144 4457 quoque
2173 4397 2301 4441 sunt
2333 4404 2348 4438 :
2379 4395 2747 4442 verumtamen
2779 4385 3192 4454 contemplatio,
3235 4394 3489 4452 tauquam

1927 4495 2177 4547 suprema
2203 4479 2460 4549 cognitio,
2490 4493 2715 4548 quaeque
2743 4477 2846 4532 fide
2876 4491 3008 4545 opus
3041 4475 3259 4536 habeat,
3295 4484 3493 4536 myste-

1929 4572 2070 4624 rium
2121 4571 2444 4640 appellatur,
2495 4571 2647 4638 juxta
2707 4569 2848 4637 quod
2897 4578 2953 4622 et
2999 4566 3287 4636 Apostolus
3340 4564 3417 4617 ait
3475 4579 3486 4613 :

1930 4659 2246 4730 Mysterium
2293 4662 2435 4713 vobis
2478 4661 2765 4712 dico:non
2818 4674 2992 4711 omnes
3039 4655 3250 4726 quidem
3296 4655 3490 4712 obdor-

244 4770 422 4835 ἄλλως
461 4771 550 4824 διὰ
595 4771 875 4842 συμϐόλων
913 4751 1282 4843 ὲμςραίνόνται.
1332 4769 1389 4822 Ὀ
1429 4751 1538 4839 γὰρ
1595 4768 1822 4838 μυηθεὶς

1932 4758 2174 4819 ηιὶειιιιω,
2204 4755 2292 4812 sed
2322 4770 2497 4807 omnes
2542 4753 2940 4806 immutabimur
2974 4751 3020 4803 ί.
3049 4752 3299 4804 Attamen
3344 4762 3493 4816 syni-

247 4862 345 4915 καὶ
382 4862 529 4925 ἐντὸς
556 4863 844 4934 γενόμενος
869 4863 969 4932 τῆς
995 4861 1155 4930 ἁγίας
1195 4861 1420 4931 σκηνῆς,
1450 4857 1828 4926 ἀνακεκαλυμ-

1933 4847 2052 4902 bola
2081 4855 2288 4904 tantum
2319 4855 2476 4899 vocat
2502 4844 2782 4913 mysteria,
2812 4842 2990 4910 quoad
3027 4855 3121 4893 eos
3159 4838 3368 4898 scilicet
3401 4836 3492 4906 qui

249 4953 399 5026 μένῳ
424 4952 695 5025 προσώπῳ
725 4953 925 5024 ὀφείλει
948 4953 1172 5026 θεωρεῖν
1199 4950 1269 5006 τὰ
1303 4952 1402 5022 τῆς
1428 4950 1664 5012 πίστεως
1693 4949 1822 5018 μετὰ

1930 4940 2158 4995 necdum
2191 4939 2386 4996 initiati
2421 4946 2567 5003 ειιιιι,
2602 4936 2678 4990 uti
2708 4936 2915 4998 dictum
2945 4941 3029 4988 est
3053 4948 3070 4985 :
3097 4947 3283 4989 eorum
3310 4940 3491 4988 autem

248 5042 508 5107 πίστεως.

1929 5050 2200 5106 anagogas
2223 5073 2238 5095 ,
2289 5030 2523 5101 appellat
2576 5028 3055 5098 contemplationes
3077 5065 3094 5090 ,
3132 5025 3329 5096 quippe
3361 5035 3494 5094 quae

247 5145 488 5206 mentem
526 5136 740 5206 erigant
773 5137 841 5191 ad
880 5152 1062 5191 rerum
1095 5137 1362 5205 ipsarum,
1395 5141 1454 5187 ut
1510 5132 1564 5186 in
1605 5145 1664 5186 se
1733 5140 1880 5196 sunt,
1921 5125 2461 5195 cuiuemplationem,
2494 5124 2622 5177 licet
2667 5121 2826 5175 aliter
2877 5117 3044 5178 etiam
3094 5134 3190 5187 per
3227 5114 3492 5197 .symbola

251 5229 616 5302 insiuuentur.
649 5230 748 5297 Qui
781 5230 925 5296 enim
957 5229 1202 5284 initiatus
1231 5237 1315 5282 est
1375 5236 1433 5282 et
1463 5226 1601 5282 intra
1631 5239 1848 5280 sacrum
1912 5222 2088 5277 velunt
2114 5221 2434 5290 ingressus,
2467 5216 2697 5272 revelata
2737 5214 2881 5271 facie
2917 5226 3067 5270 curn-
3094 5210 3199 5266 fide
3251 5216 3492 5265 contem-

247 5323 392 5394 plari
422 5325 578 5380 debet
609 5338 672 5382 ea
703 5341 824 5397 qua:
857 5334 984 5379 sunt
1011 5323 1156 5378 fidei.

305 5416 333 5488 ί
357 5418 400 5472 Ι.
427 5418 548 5470 Ὅτι
572 5416 673 5488 μὲν
691 5418 727 5486 ἡ
747 5417 868 5484 καθ’
890 5418 1034 5487 ἡμᾶς
1051 5413 1320 5486 ίεραρχία,
1343 5413 1390 5466 εί
1415 5413 1509 5465 καὶ
1529 5412 1649 5467 καθ’
1677 5413 1821 5482 ἡμᾶς

248 5507 487 5577 λέγεται,
514 5508 629 5562 ἀλλ’
652 5504 744 5572 οὖν
769 5508 864 5561 καὶ
893 5507 1032 5577 αὐτὴ
1057 5507 1152 5559 καὶ
1176 5505 1296 5559 θεία
1324 5505 1440 5557 ἐστι
1478 5503 1597 5557 καθ’
1629 5503 1818 5574 αὐτὴν,

2007 5406 2034 5477 §
2077 5409 2118 5461 Ι.
2167 5403 2538 5460 Hierarcbiam
2585 5409 2846 5461 nostram,
2881 5397 3006 5453 licet
3041 5403 3218 5458 nostra
3259 5392 3491 5455 dicatur,

1925 5509 2161 5553 attamen
2185 5506 2240 5551 et
2264 5495 2431 5565 ipsam
2467 5509 2562 5565 per
2589 5507 2646 5549 se
2669 5489 2908 5547 divinam
2947 5501 3088 5554 esse,
3118 5499 3222 5544 nou
3251 5497 3410 5544 secus
3429 5495 3490 5536 ac

337 5640 387 5705 7h
414 5664 514 5718 lsa.
550 5676 700 5726 xxiv,
737 5661 834 5724 16.
868 5666 979 5716 s‘cc.
1006 5659 1260 5731 Septuag.
1293 5658 1344 5712 in
1373 5656 1578 5728 aliquot
1609 5655 1764 5711 codd.

1922 5651 1925 5703 ζ
1955 5652 2079 5707 Cor.
2111 5664 2199 5716 xv,
2233 5647 2322 5706 51.

326 5824 438 5888 [iii
486 5821 615 5882 \‘idc
662 5819 877 5884 SJmlia
922 5815 978 5876 S.
1023 5817 1240 5882 Maximi
1303 5827 1430 5876 tom.
1475 5816 1544 5884 ll,
1595 5832 1712 5890 cap.
1765 5815 1783 5869 l
1858 5812 2054 5871 Eccles.
2094 5808 2245 5864 Hier.
