4176 6308
157 376 270 433 385

698 372 785 427 DE
817 370 1097 425 ECCLES.
1129 366 1528 432 ΗιΕιιΑιιειιη
1564 365 1718 422 CAP.

1842 398 1912 407 —
1951 362 2301 422 PARAPHR.
2347 362 2813 420 PACHYMEILE.

3312 359 3416 417 388

154 495 344 567 τέροις
370 490 811 551 κατακολουθεῖν,
845 489 904 541 ὲν
935 486 1014 557 τῷ
1048 485 1185 553 Περί
1213 483 1324 552 τῆς
1348 482 1630 552 οὐρανίας
1669 484 1739 536 le-

1851 480 2109 536 omnibus
2137 480 2470 549 propositum
2501 481 2572 534 sit
2605 480 2757 536 nobis
2790 481 3130 552 antiquiores
3150 483 3319 554 sequi,
3357 477 3415 536 in

147 586 410 655 ραρχίας
436 583 663 654 εἴπομεν
688 576 808 634 κατ’
835 578 1077 640 ἐκείνους
1101 577 1199 647 τὴν
1221 575 1329 628 τῶν
1361 575 1566 647 θρόνων
1589 573 1739 638 τάξιν

154 676 498 749 ὑψηλοτέραν
537 675 646 727 τῶν
680 671 873 726 ἄλλων.
907 669 1213 740 Σκοπητέον
1244 669 1300 722 δὲ
1336 669 1398 720 ἐκ
1441 667 1664 729 τούτων,
1689 667 1739 719 εἰ

156 767 344 832 καλῶς
394 766 628 836 ταύτην,
683 765 776 818 καί
811 764 871 816 ού
920 761 1014 833 τὴν
1051 760 1160 812 τῶν
1201 759 1466 832 σεραφίμ’
1509 756 1740 811 ἐνταῦθα

155 859 270 932 γὰρ
299 859 403 913 ἀπὸ
439 857 546 911 τῶν
579 856 823 926 ἐσχάτων
855 851 1164 922 διακόσμων
1199 851 1535 922 ἀρξάμενος,
1579 849 1738 921 μέχρι

155 953 254 1005 καὶ
277 950 384 1004 τῶν
412 950 652 1021 σεραφίμ
677 944 957 1016 κατέληξε.
989 944 1135 1016 Πλὴν
1175 943 1288 996 ἀλλ’
1319 943 1466 1007 ὅπως
1500 941 1566 998 ἂν
1604 942 1736 1012 ἔχοι,

155 1042 365 1096 νικάτω
404 1041 463 1093 τὸ
520 1038 895 1110 ἀρχαιότερον.
939 1035 1204 1089 Τοσοῦτον
1239 1036 1296 1088 δὲ
1334 1037 1483 1106 ὅμως
1521 1036 1548 1088 ό
1587 1035 1739 1104 ἅγιος

153 1133 325 1202 λέγει,
350 1133 412 1185 τὸ
436 1132 611 1186 κοινὸν
634 1129 852 1200 ἀπάσης
879 1128 1155 1201 ἰεραρχίας
1181 1127 1452 1191 συνιστὰς,
1480 1118 1562 1180 ὅτε
1589 1128 1739 1180 πᾶσα

155 1225 408 1296 ίεραρχία
433 1225 559 1295 μίαν
596 1222 707 1293 ἔχει
748 1221 856 1292 τὴν
883 1220 1132 1293 δύναμιν.
1170 1221 1242 1273 Τὸ
1273 1221 1451 1274 τοίνυν
1479 1220 1640 1273 αὐτόν
1680 1235 1736 1271 τε

152 1318 246 1370 τὸν
276 1318 536 1388 ἰεράρχην
561 1313 702 1368 κατά
730 1315 832 1384 τὴν
869 1309 1001 1368 ἰδίαν
1033 1304 1218 1367 οὐσίαν
1239 1330 1252 1342 ·
1289 1313 1419 1386 ἄλλη
1445 1313 1552 1384 γὰρ
1577 1313 1742 1382 ἀγγέ-

152 1409 248 1463 λου
281 1409 574 1480 τελειότης,
613 1408 705 1461 καὶ
750 1406 883 1477 ἄλλη
921 1407 1239 1478 ἀνθρώπουο
1285 1408 1378 1460 καὶ
1405 1403 1560 1470 αὖθις
1601 1406 1743 1461 κατὰ

152 1504 254 1574 τὴν
290 1503 494 1556 οἰκείαν
524 1503 811 1573 ἀναλογίαν
848 1505 942 1557 καὶ
978 1500 1131 1568 τάξιν
1151 1519 1163 1531 ·
1191 1502 1283 1555 ἐπὶ
1305 1501 1412 1577 γὰρ
1437 1505 1549 1564 τοῖς
1577 1501 1742 1570 οὐρα-

154 1598 290 1662 νίοις
317 1597 451 1669 ἄλλη
486 1599 585 1670 τῆς
620 1597 1080 1669 ὑπερϐεϐηκυίας,
1115 1586 1210 1649 καί
1241 1594 1375 1666 ἄλλη
1409 1594 1510 1665 τῆς
1541 1593 1740 1647 ὑποϐε-

155 1691 390 1762 ϐηκυίας
435 1691 642 1755 τάξεως
682 1694 714 1762 ἡ
761 1689 1083 1762 λαμπρότης
1107 1706 1118 1718 ’
1161 1688 1253 1742 ἐπὶ
1283 1688 1340 1741 δὲ
1381 1680 1495 1750 τοῖς
1535 1687 1742 1757 γηῖνοις

153 1783 290 1856 ἄλλη
321 1785 430 1840 τῶν
459 1787 798 1849 ἐπισκόπων,
836 1785 931 1838 καὶ
969 1766 1106 1855 ἄλλη
1140 1785 1247 1838 τῶν
1285 1782 1667 1854 πρεσϐυτέρων
1707 1782 1740 1852 ὴ

1845 572 1984 627 libro
2003 570 2078 626 De
2096 569 2304 651 Caleni
2329 570 2377 624 Η
2384 573 2644 625 ierarchia
2670 571 2930 640 diximus,
2957 575 3100 630 inter
3121 575 3241 630 illos
3267 577 3417 630 thro-

1845 679 2038 720 norutu
2084 665 2334 720 ordinem
2371 665 2586 722 creteris
2617 679 2736 721 esse
2779 667 3174 724 sublimiorem.
3211 671 3414 726 Verum

1842 772 1907 811 ex
1939 758 2025 812 his
2052 756 2521 828 perpendendum,
2560 774 2687 813 num
2714 759 2862 816 illum
2899 771 3067 828 recte,
3097 774 3152 819 et
3191 781 3296 820 non
3324 780 3414 822 se-

1843 850 2091 918 rapliitn,
2135 847 2512 904 sublimiorem
2569 849 2815 906 ordinem
2862 867 3111 909 asserere
3162 855 3417 912 debueri-

1844 956 1961 994 mus
2005 957 2020 994 :
2077 939 2166 994 bic
2214 943 2359 996 enim
2405 941 2477 996 ab
2523 940 2731 996 ultimis
2782 943 3228 1015 dispositionibus
3281 947 3417 1002 inci-

1843 1036 2016 1105 piens,
2051 1037 2266 1088 tandem
2299 1035 2354 1090 in
2382 1035 2656 1105 seraphim
2689 1036 2900 1090 desivit.
2933 1037 3230 1104 Cmterum,
3260 1041 3418 1110 quid-

1840 1127 1971 1195 quid
2009 1127 2111 1182 liac
2162 1125 2229 1182 de
2276 1142 2336 1181 re
2381 1128 2473 1192 sit,
2509 1127 2693 1185 vincat
2735 1127 2786 1182 id
2819 1130 2960 1198 quod
3003 1130 3281 1200 antiquius
3309 1141 3413 1186 est.

1842 1218 1975 1272 Illud
2019 1228 2170 1273 certe
2225 1227 2454 1274 sanctus
2509 1219 2595 1274 hic
2642 1219 2905 1286 aﬂirmat,
2955 1236 3244 1277 commune
3293 1226 3420 1278 esse

1839 1312 1984 1367 omni
2008 1311 2328 1368 hierarchiae
2344 1312 2488 1381 quod
2504 1313 2682 1368 omnis
2704 1313 3010 1368 hierarebia
3033 1329 3195 1368 unam
3214 1315 3417 1369 habeat

1841 1406 2117 1460 virtutem.
2150 1403 2349 1459 Delituit
2386 1406 2570 1474 itaque
2602 1406 2963 1461 liierarcliiam
3017 1405 3174 1476 163
3220 1407 3417 1476 partim

1843 1499 2142 1553 secundum
2180 1499 2464 1569 prOpriam
2496 1507 2770 1566 naturam,
2799 1499 3054 1567 quoniam
3079 1499 3186 1552 alia
3215 1512 3297 1554 est
3321 1515 3417 1553 an-

1845 1590 1974 1659 geli,
2004 1599 2059 1644 et
2092 1588 2197 1644 alia
2227 1589 2464 1645 hominis
2492 1587 2775 1662 perfectio,
2807 1590 3007 1659 partim
3041 1590 3202 1644 etiam
3233 1606 3418 1644 secun-

1845 1683 1971 1736 dum
2015 1682 2421 1753 proportionem
2473 1691 2529 1736 et
2577 1680 2824 1736 ordinem
2872 1680 3068 1751 cuique
3102 1682 3410 1750 proprium:

1844 1775 2103 1843 quoniam
2149 1775 2204 1829 in
2257 1772 2572 1828 caelestibus
2604 1772 2709 1826 alia
2751 1783 2834 1827 est
2879 1771 3200 1841 superioris,
3231 1782 3284 1826 et
3310 1773 3415 1825 alia

151 1879 330 1945 τάξις.
373 1879 446 1932 Τὸ
482 1878 760 1947 ἀναλόγως
799 1874 932 1946 γοῦν
980 1875 1296 1946 τελεσθῆναι
1334 1874 1426 1927 τδν
1466 1873 1739 1944 ἰεράρχην,

1852 1855 2142 1914 inferioris
2183 1859 2391 1914 ordinis
2442 1858 2740 1923 claritudo;
2789 1857 2841 1911 in
2895 1858 3248 1913 terrestribus
3289 1871 3415 1912 vero

152 1971 250 2023 καὶ
294 1973 408 2034 τοῖς
461 1970 828 2041 ὑποϐεϐηκόσι
879 1967 1213 2039 μεταδιδόναι
1251 1968 1348 2038 τῆς
1387 1965 1742 2035 ἐγγινομένης

152 2062 304 2134 αὐτῷ
345 2063 527 2116 θεόθεν
554 2061 892 2132 ὲλλὰμψεως,
924 2060 1016 2112 καὶ
1043 2058 1202 2113 πάλιν
1239 2059 1366 2122 τοὺς
1407 2056 1742 2128 ὑποϐεϐηκόσ

150 2173 248 2219 τας
279 2157 392 2218 τοῖς
419 2155 691 2227 κρείττοσι
719 2155 815 2226 μὲν
839 2153 1086 2216 ἕπεσθαι,
1122 2150 1228 2204 τῶν
1252 2149 1307 2203 δε
1335 2149 1569 2220 ἡττόνων
1595 2149 1742 2219 ἡγεῖ-

155 2248 299 2313 σθαι,
337 2248 495 2302 τοῦτό
520 2251 664 2300 ἐστιν
755 2247 907 2319 κοινὴ
945 2247 1042 2318 τῆς
1084 2243 1365 2316 ἱεραρχίας
1403 2243 1620 2312 ἀπάσης
1647 2243 1736 2295 δύ-

152 2360 338 2414 ναμις.
382 2343 454 2394 Οὐ
487 2341 593 2412 μὴν
615 2340 692 2403 δὲ,
733 2340 851 2420 ἀλλ’
875 2338 1006 2392 ίδιόν
1029 2339 1173 2390 ἐστιν
1198 2337 1432 2408 ἑκατέρᾳ
1467 2337 1738 2409 ἰεραρχίᾳ,

151 2436 232 2486 ὅτι
260 2437 294 2505 ἡ
331 2434 431 2504 μὲν
473 2433 697 2504 οὐρανία
735 2421 1042 2504 ἀσωμάτων
1081 2429 1198 2482 ἐστὶ
1231 2431 1325 2482 καὶ
1362 2427 1565 2498 νοητῶν
1605 2430 1740 2501 πρὸς

152 2529 300 2597 ἡμᾶς
342 2527 625 2596 (κάκεῖναι
651 2524 758 2596 γὰρ
787 2525 923 2596 πρὸς
951 2524 1042 2577 τὸν
1076 2523 1207 2575 Θεὸν
1230 2522 1411 2592 νοεραί
1457 2520 1620 2591 εἰσι),
1648 2523 1741 2575 καί

151 2617 236 2671 διὰ
261 2617 424 2670 τοῦτο
452 2619 545 2669 καὶ
581 2616 834 2688 ἱεράρχία
853 2616 1032 2669 αὐτῶν
1059 2615 1223 2686 νοητὴ
1250 2615 1343 2667 καὶ
1375 2613 1740 2684 ὑπερκόσμιός

152 2712 300 2762 ἐστιν
323 2727 336 2740 ο
385 2711 419 2780 ή
469 2709 594 2762 καθ’
625 2710 772 2780 ἡμᾶς
809 2697 866 2761 δὲ
902 2708 969 2761 δι’
997 2705 1269 2777 αἰσθητῶν
1301 2705 1601 2776 συμϐόλων,
1641 2705 1738 2776 δη-

152 2801 327 2854 λονότι
365 2801 737 2871 βαπτίσματος
764 2841 776 2864 ,
814 2799 1112 2867 συνάξεως,
1155 2797 1470 2862 κοινωνίας,
1504 2797 1596 2850 καί
1632 2797 1739 2851 τῶν

152 2891 356 2945 λοιπῶν
390 2890 776 2963 ποικιλλομένη
801 2890 1152 2961 πληθύνεται.
1191 2891 1341 2960 "Ocni
1369 2889 1478 2961 γάρ
1500 2906 1582 2953 τις
1612 2889 1740 2942 ἀνά-

153 3001 308 3052 γεται
337 2987 420 3048 εἰς
454 2983 514 3036 τὸ
554 2985 774 3048 ὲνιαῖον,
817 2982 1007 3052 φθάνει
1044 2982 1146 3064 τῆς.
1181 2983 1418 3052 νοήσεως
1445 2998 1459 3012 ⁸
1501 2982 1596 3034 καὶ
1632 2981 1740 3052 ὅσῳ

152 3075 263 3136 τοῖς
302 3072 582 3144 αἰσθητοῖς
616 3074 927 3144 προχωρεῖ,
969 3071 1297 3142 πληθύνεται
1326 3073 1437 3134 τοῖς
1466 3070 1738 3142 αἰσθητοῖς

151 3154 224 3214 ὧν
255 3161 592 3216 αἰσθάνεται.
654 3162 846 3232 Ἑτέρα
896 3157 1051 3224 αὖθις
1089 3159 1198 3214 τῶν
1239 3161 1332 3214 δύο
1372 3161 1624 3234 διάφορα,
1658 3161 1739 3214 ὅτι

1843 1953 1980 2006 alius
2004 1962 2088 2009 e'St
2114 1952 2353 2021 episcopi
2382 1963 2436 2005 et
2466 1952 2605 2005 alius
2631 1953 2766 2005 ordo
2795 1952 3261 2023 presbyterorum.
3290 1951 3415 2005 Ilie-

1845 2045 2117 2099 rareliiam
2166 2045 2350 2112 itaque
2386 2043 2612 2109 initiari,
2653 2052 2708 2097 et
2753 2043 3105 2097 inferioribus
3129 2045 3241 2098 suis
3275 2045 3414 2105 iusi-

1845 2148 1951 2191 tam
2003 2136 2110 2192 sibi
2168 2137 2430 2192 divinitus
2479 2135 2901 2189 illustrationem
2958 2136 3408 2200 communicare,

1841 2240 2006 2299 atque
2040 2230 2206 2283 etiam
2248 2228 2537 2285 inferiores
2587 2228 2964 2298 superioribus
3008 2227 3223 2297 quidem
3253 2230 3412 2284 obse-

1842 2323 1954 2393 qui.
1992 2331 2046 2376 et
2083 2322 2402 2376 inferiorum
2431 2337 2651 2376 suorum
2687 2320 2851 2374 duces
2877 2321 3133 2387 existere,
3163 2320 3276 2375 lucc
3308 2322 3417 2373 vir-

1844 2426 1932 2470 tus
1985 2414 2232 2483 quaedam
2287 2423 2367 2468 est
2429 2411 2651 2467 cuilibet
2705 2411 3027 2468 bierarcbim
3089 2412 3410 2466 communis.

1842 2506 2109 2561 Caeterum
2144 2518 2250 2558 non
2278 2517 2588 2567 commune,
2616 2503 2708 2558 sed
2736 2504 3014 2572 prOprium
3041 2503 3267 2558 cuilibet
3299 2503 3416 2556 bie-

1843 2596 2077 2652 rarcliia:
2111 2605 2219 2660 est,
2252 2595 2395 2664 quod
2424 2593 2664 2649 cmlestis
2717 2592 2813 2646 illa
2856 2602 3103 2663 reSpectu
3135 2593 3307 2648 nostri
3344 2591 3415 2647 sit

1844 2701 2027 2742 rerum
2066 2687 2519 2757 incorporearum
2565 2695 2620 2740 et
2665 2685 3097 2756 intelligibilium
3133 2690 3282 2760 (nam
3332 2707 3416 2747 re-

1839 2790 2031 2848 Spectu
2084 2778 2179 2832 Dei
2229 2787 2284 2835 et
2344 2777 2445 2833 illae
2493 2788 2621 2834 sunt
2668 2778 3100 2850 intelligentes);
3157 2783 3413 2851 quocirca

1841 2871 2006 2926 etiam
2044 2886 2232 2926 earum
2265 2870 2577 2928 hierarcliia
2609 2870 2971 2940 intelligibilis
2998 2888 3062 2929 ac
3086 2888 3416 2944 supramun-

1845 2966 2008 3021 dialis
2034 2967 2222 3023 existit
2255 2985 2268 3021 ε
2306 2966 2494 3024 nostra
2531 2975 2714 3024 autem
2753 2982 2849 3038 per
2889 2969 3138 3039 symbola
3172 2972 3412 3036 sensilia,

1839 3059 2047 3115 scilicet
2077 3059 2445 3127 baptismatis,
2480 3073 2770 3130 synaxeos,
2793 3061 3226 3125 communionis,
3255 3071 3415 3118 caete-

1843 3154 2030 3223 risque
2063 3153 2342 3223 variegata
2370 3151 2784 3222 multiplicatur.
2815 3151 3088 3220 Quantum
3123 3155 3267 3209 enim
3292 3157 3423 3223 quis

153 3255 242 3308 τὸν
280 3255 416 3308 Θεὸν
446 3256 537 3309 καὶ
573 3256 672 3327 τὴν
712 3254 858 3308 θείαν
898 3254 1097 3326 ἀρετὴν
1128 3256 1325 3307 ἐκεῖνοι
1373 3253 1470 3325 μὲν
1507 3254 1583 3319 ὡς
1622 3255 1739 3320 νόες

1844 3246 2135 3300 adducitur
2166 3247 2233 3299 ad
2260 3260 2423 3300 unum
2457 3245 2586 3301 illud
2608 3244 2928 3314 singulare,
2965 3256 3173 3301 tantum
3203 3250 3416 3304 accedit

153 3350 386 3414 νοοῦσιν,
413 3349 549 3402 ἀλλὰ
570 3350 690 3402 καθ’
707 3350 828 3401 ὅσον
851 3348 1137 3411 κάκείνους
1157 3349 1295 3400 νοεῖν
1321 3348 1466 3400 ἐστιν
1490 3349 1735 3416 ἐφικτόν·

154 3444 312 3513 ἡμεῖς
337 3443 396 3495 δὲ
431 3441 489 3507 ἐξ
529 3440 804 3510 αἰσθητῶν
840 3438 1088 3503 εἰκόνων,
1121 3438 1231 3490 τῶν
1255 3439 1312 3490 ὲν
1337 3440 1402 3508 τῇ
1446 3438 1738 3510 Ἐκκλησία

153 3536 499 3607 τελουμένων
528 3537 689 3607 φημὶ,
721 3534 814 3587 ὲπί
841 3533 932 3586 τὸν
964 3532 1098 3586 Θεὸν
1123 3532 1453 3603 ἀναγόμεθα.
1503 3533 1743 3604 Ἀληθῶς

153 3644 210 3680 τε
242 3631 442 3690 εἰπεῖν,
471 3627 531 3680 ἓν
563 3628 662 3698 μέν
691 3629 840 3679 ἐστιν
879 3622 940 3679 οῦ
980 3626 1179 3688 πάντες
1207 3625 1485 3693 ἐφίενται·
1521 3625 1658 3688 τέως
1683 3625 1745 3678 δὲ·

156 3719 390 3774 ἐνταῦθα
418 3719 554 3790 πρὸς
583 3718 672 3771 τὸν
705 3718 904 3772 σκοπὸν
943 3715 1050 3768 τῶν
1089 3715 1181 3768 δύο
1222 3705 1534 3786 ίεραρχιῶν,
1567 3717 1739 3771 ᾶπαν-

154 3827 243 3872 τες
274 3811 323 3862 οἰ
355 3809 606 3872 ὲνοειδεῖς
643 3808 918 3880 δηλονότι,
960 3807 1008 3858 οἰ
1049 3804 1190 3860 κατὰ
1230 3805 1426 3877 νοεράν
1458 3805 1742 3878 ἐνάργειαν

157 3903 477 3972 ἑνιζόμενοι.
545 3902 631 3964 Ὠς
683 3898 792 3971 γὰρ
843 3901 1004 3970 ἡμεῖς
1044 3897 1332 3968 ἐνιξὸμεθα
1380 3899 1737 3970 ἀναγόμενοι,

159 3996 295 4048 οὕτω
343 3995 440 4048 καὶ
489 3994 538 4045 οί
584 3992 718 4045 θεῖοι
767 3991 984 4061 ἄγγελοι
1037 3991 1116 4044 ἔτι
1161 3991 1425 4056 ἐνίζονται
1471 3993 1605 4064 πρὸς
1639 3993 1740 4058 τὰς

159 4088 305 4150 θείας
345 4088 561 4157 νοήσεις
590 4083 934 4155 ἀναγόμενοι.
981 4083 1129 4147 Ἐνὸς
1156 4083 1262 4154 γὰρ
1288 4084 1438 4147 ὄντος
1480 4083 1574 4136 τοῦ
1615 4085 1731 4154 ἐφεο

159 4178 269 4244 τοῦ,
293 4180 392 4244 οὐχ
414 4176 632 4240 ὲνιαίως
655 4176 750 4229 καί
778 4175 901 4230 καθ’
929 4175 1024 4229 ἕνα
1052 4175 1256 4229 καὶτὸν
1279 4175 1440 4228 αὐτὸν
1459 4176 1658 4247 τρόπον
1690 4179 1738 4230 οἰ

161 4273 433 4342 ἐφιέμενοι
449 4269 712 4339 ἐφίενται,
735 4267 870 4322 ἀλλά
890 4267 1032 4321 κατὰ
1050 4268 1148 4338 τὴν
1167 4267 1298 4320 ἰδίαν
1318 4267 1471 4334 ἀξίαν
1491 4269 1737 4333 ἕκαστος.

172 4364 326 4418 Ἀλλά
356 4361 531 4416 ταῦτα
557 4363 653 4434 μὲν
678 4362 735 4414 ὲν
758 4359 936 4424 ἄλλοις
966 4357 1177 4431 εἴρηται
1199 4377 1212 4390 ο
1256 4358 1351 4412 νῦν
1387 4359 1444 4412 δὲ
1481 4361 1579 4431 τὴν
1618 4359 1739 4413 καθ’

162 4457 300 4526 ἡμᾶς
350 4453 657 4526 ἰεραρχίαν,
701 4452 794 4505 καὶ
844 4451 944 4523 τὴν
985 4451 1163 4504 αἰτίαν
1199 4450 1294 4504 καὶ
1344 4451 1529 4506 οὐσίαν
1572 4453 1744 4524 αὐτῆς

163 4548 332 4618 (αῦτη
353 4547 412 4600 δέ
440 4547 588 4600 ἐστιν
611 4546 644 4616 ἡ
667 4543 1076 4614 θεαρχικωτάτη
1098 4542 1394 4613 δύναμις),
1428 4544 1600 4597 εἰπεῖν
1623 4561 1741 4596 πει-

166 4641 417 4710 ράσομαι,
452 4638 545 4697 τον
567 4637 794 4708 Σωτῆρα
819 4634 1280 4706 ἐπικαλεσάμενος
1322 4635 1547 4707 Ἰησοῦν.

1843 3338 1908 3393 ad
1935 3339 2364 3395 intcllectionem
2393 3355 2408 3394 :
2439 3348 2702 3411 quantum
2733 3354 2864 3395 vero
2889 3340 2954 3394 ab
2987 3355 3051 3395 co
3082 3340 3332 3406 discedit,
3359 3342 3411 3395 in

1843 3442 2052 3489 tantum
2090 3433 2607 3504 multiplicatur-seu
2645 3433 2972 3487 distrahitur
2996 3433 3156 3489 rebus
3180 3433 3412 3490 sensibi-

1842 3526 2005 3591 libus,
2041 3540 2181 3593 quas
2222 3525 2408 3580 sentit.
2439 3523 2557 3578 Alia
2595 3524 2792 3578 iterum
2831 3532 2916 3579 est
2955 3523 3150 3579 borum
3181 3525 3415 3581 duorum

1842 3614 2179 3680 differentia,
2216 3615 2358 3684 quod
2397 3614 2474 3670 illi
2518 3615 2760 3684 quidem,
2798 3623 2857 3670 ut
2897 3625 3130 3682 mentes,
3162 3617 3329 3672 Deum
3357 3630 3414 3672 et

1842 3708 2080 3764 divinam
2104 3708 2360 3763 virtutem
2384 3706 2712 3777 intelligant,
2731 3707 2782 3762 in
2809 3718 3069 3778 quantum
3101 3709 3311 3765 scilicet
3345 3712 3414 3765 iis

1841 3799 1926 3855 fas
1973 3800 2314 3871 intelligere;
2370 3814 2468 3855 nos
2498 3810 2680 3854 autem
2724 3816 2788 3855 ex
2835 3800 3186 3857 scusibilibus
3221 3804 3416 3874 signis,

1841 3908 1985 3963 qum,
2028 3893 2278 3963 inquam,
2307 3892 2360 3945 in
2393 3889 2636 3946 Ecclesia
2681 3904 3093 3961 consecrantur,
3143 3895 3209 3948 ad
3243 3895 3409 3951 Deum

1842 3986 2199 4041 adducamur.
2246 3985 2402 4040 Etut
2446 3998 2573 4039 vere
2604 3985 2818 4051 dicam,
2867 4001 3033 4039 unutn
3067 3986 3282 4056 quidem
3328 3999 3412 4044 est

1842 4079 1985 4144 quod
2008 4090 2198 4130 omnes
2214 4083 2497 4144 appetunt,
2517 4076 2724 4131 scilicet
2740 4077 2914 4146 quoad
2938 4091 3156 4147 scopum
3182 4080 3408 4134 duarum

1844 4169 2279 4224 bierarcbiarum
2307 4210 2323 4236 ,
2358 4171 2423 4226 de
2457 4185 2565 4241 quo
2599 4169 2867 4224 haerentis
2898 4170 3046 4241 agit,
3077 4185 3266 4226 omnes
3292 4175 3411 4228 uni~

1844 4262 2047 4316 lormes
2075 4271 2202 4316 sunt
2228 4261 2319 4331 qui
2346 4277 2442 4332 per
2470 4261 2770 4333 spiritalem
2815 4263 3088 4319 actionem
3126 4265 3414 4322 uuiuntur.-

1845 4353 2001 4408 Sicut
2045 4353 2191 4408 enitn
2241 4369 2340 4409 nos
2393 4353 2629 4418 unimur,
2678 4369 2801 4409 cum
2855 4355 3196 4421 adducimur,
3240 4358 3320 4412 sic
3354 4365 3418 4414 et‘

1843 4443 2019 4515 angeli
2073 4443 2241 4500 divini
2289 4444 2576 4510 uniuntur,
2613 4459 2737 4500 cum
2788 4446 2856 4501 ad
2903 4447 3116 4502 divinas
3165 4449 3418 4505 notiones

1845 4537 2208 4594 adducuntur.
2249 4537 2384 4592 Cum
2418 4538 2564 4593 enim
2610 4552 2776 4592 unum
2819 4538 2892 4593 sit
2924 4542 3066 4609 quod
3111 4543 3406 4612 appetitur,

1772 4622 1815 4677 Ι)
1846 4650 1950 4690 non
2005 4643 2184 4690 tamen
2241 4633 2495 4689 unimode
2530 4648 2628 4688 seu
2673 4633 2980 4689 secundum
3029 4651 3196 4690 unum
3248 4651 3406 4691 eum-

165 4734 392 4804 demque
438 4733 684 4796 modum,
725 4731 820 4800 qui
859 4729 913 4784 id
955 4738 1256 4800 appetunt,
1292 4727 1621 4796 abiciuntur,
1687 4732 1787 4786 sed
1845 4729 2073 4800 quilibet
2127 4730 2421 4785 secundum
2481 4730 2753 4800 propriam
2807 4729 3145 4799 dignitatem.
3209 4731 3412 4788 Verum‘

168 4829 276 4883 lucc
301 4827 432 4883 alibi
460 4826 603 4881 dicta
627 4835 757 4879 sunt
787 4840 802 4877 :
839 4825 1004 4879 modo
1031 4835 1212 4882 autem
1243 4837 1484 4882 nostram
1517 4826 1912 4892 bierarcliiam,
1973 4835 2031 4881 et
2058 4824 2178 4895 ejus
2201 4841 2422 4882 causam
2457 4841 2521 4881 ac
2572 4828 2869 4882 essentiam
2921 4830 3064 4900 (qua:
3114 4839 3198 4884 est
3236 4831 3418 4893 virtus

169 4919 255 4974 illa
300 4919 667 4988 divinissima)
703 4931 978 4986 exponere
1023 4920 1286 4982 conabor,
1335 4920 1586 4974 invocato
1615 4917 1903 4976 Salvatore
1930 4919 2083 4975 Jesu.

212 5013 352 5085 ςΙΙΙ.
370 5013 649 5084 Ἱεραρχία
669 5012 803 5076 ἐστὶ,
823 5011 1006 5076 καθὼς
1023 5013 1057 5084 ἡ
1081 5013 1250 5085 σεπτὴ
1272 5013 1427 5084 ἡμῶν
1443 5013 1738 5084 παράδοσις

168 5105 496 5177 παρίστησι,
542 5103 613 5157 τὰ
649 5103 953 5167 καθολικῶς
998 5104 1345 5177 θεωρούμενα
1395 5105 1428 5177 ἦ
1474 5105 1741 5177 λεγόμενα

169 5197 290 5267 περί
311 5195 422 5249 τῶν
447 5194 824 5266 ὑποκειμένων
861 5194 1023 5266 ἰερῶν
1061 5198 1419 5268 πραγμάτων.
1461 5198 1740 5268 Συγκεφα-

169 5281 382 5342 ὶαίωσιν
415 5287 528 5360 γὰρ
551 5287 652 5360 τὴν
692 5285 787 5340 τοῦ
833 5286 956 5340 ὅλου
987 5288 1277 5360 περίληψιν
1322 5288 1509 5358 λέγει,
1552 5275 1740 5364 ὥσπερ

171 5380 634 5454 ἀνακεφαλαίωσιν
664 5380 894 5451 λέγομεν
927 5381 990 5434 τὸ
1026 5381 1317 5435 ἀναλαϐεῖν
1348 5385 1406 5436 ὲν
1435 5382 1634 5452 ὀλίγοις
1671 5386 1741 5438 τὰ

174 5475 560 5545 προλεχθένταο
593 5472 843 5527 ἁπάντων
881 5471 989 5544 γὰρ
1027 5473 1136 5540 ἔξει
1166 5473 1274 5528 τῶν
1304 5474 1425 5527 κατ“
1455 5475 1614 5529 αὑτὸν
1639 5476 1739 5549 τὴν

174 5567 492 5637 επιστήμην,
519 5564 742 5618 καὶτῶν
766 5563 1170 5636 πρεσϐυτέριον,
1197 5565 1290 5618 καὶ
1318 5567 1424 5619 τῶν
1453 5567 1736 5635 διακόνων,

175 5657 262 5709 καὶ
292 5656 397 5711 τῶν
444 5654 671 5720 λοιπῶν,
699 5654 787 5710 διὰ
805 5653 964 5708 τοῦτο
1003 5654 1111 5727 γάρ
1131 5658 1227 5711 καί
1263 5658 1522 5731 ίεράρχης
1552 5662 1740 5715 ἐπονο-

177 5749 422 5818 μάζεται,
448 5749 547 5803 καὶ
572 5749 868 5822 σκοπητέον
893 5749 952 5816 se
981 5749 1270 5818 ἀναλογίας
1296 5750 1404 5804 ἀπὸ
1429 5753 1528 5824 τῆς
1556 5754 1739 5826 ίεραρ-

176 5842 305 5907 χίας.
347 5843 430 5907 Ὠς
457 5839 592 5912 γοῦν
624 5840 760 5912 αῦτη
787 5842 854 5894 δι’
880 5841 1000 5896 ὅλου
1035 5842 1125 5896 καί
1154 5841 1245 5896 ἐπὶ
1270 5845 1402 5898 πᾶσι
1430 5847 1542 5910 τοῖς
1573 5846 1739 5918 ίεροῖς

1921 5013 2066 5086 ςιιι.
2106 5014 2202 5069 Est
2235 5014 2562 5076 bierarcbia.
2593 5015 3051 5084 quemadmodum
3098 5018 3414 5073 Veneranda

1843 5117 2028 5162 nostra
2056 5109 2277 5163 traditio
2307 5108 2578 5180 proponit,
2600 5123 2662 5163 ea
2687 5122 2806 5177 qua:
2829 5109 3124 5164 universim
3151 5111 3409 5167 videntur

1841 5210 1934 5254 aut
1973 5200 2226 5256 dicuntur
2253 5200 2319 5256 de
2346 5201 2639 5271 propositis
2674 5199 2850 5255 sacris
2897 5203 3080 5256 rebus.
3123 5201 3405 5260 Summam

1841 5292 1998 5348 enim‘
2014 5282 2110 5348 seu
2134 5292 2516 5358 summarium,
2542 5301 2701 5348 vocat
2731 5293 2898 5348 totius
2933 5294 3369 5363 complexionem
3389 5339 3404 5360 ,

1841 5387 1984 5442 sicut
2021 5387 2530 5458 recapitulationem
2558 5386 2812 5446 dicimus.
2842 5403 2964 5442 cum
2991 5389 3181 5457 paucis
3201 5404 3262 5442 ea
3289 5406 3406 5458 qua:

1842 5488 1973 5533 ante
2002 5479 2146 5533 dicta
2170 5488 2298 5533 sunt
2327 5486 2675 5550 repetuntur;
2710 5478 2963 5548 quoniam
2995 5479 3232 5534 omnium
3267 5481 3317 5534 in
3347 5497 3406 5535 se

1843 5570 2128 5626 scientiam
2181 5570 2435 5635 babebit;
2489 5585 2613 5626 cum
2646 5569 3112 5642 presbyterorum,
3145 5581 3254 5627 tum
3292 5574 3406 5626 dia-

1841 5677 2100 5718 conorum
2151 5661 2309 5735 165
2358 5663 2986 5732 caeteroruntque,unde
3012 5665 3267 5720 nimirum
3291 5666 3407 5721 Inice

1841 5757 2040 5812 rarcba
2081 5758 2416 5825 nominatur,
2467 5757 2543 5812 uti
2577 5759 2835 5830 colligere
2879 5759 3007 5814 licet
3049 5773 3117 5814 ex
3154 5759 3408 5830 analogia

1842 5849 2078 5906 nominis
2102 5847 2440 5907 hierarcbim.
2473 5848 2939 5918 Quemadmodum
2967 5849 3134 5921 igitur
3167 5852 3268 5907 hoc
3301 5859 3410 5908 Boii
